1839 3053
142 72 215 101 1787

140 177 303 212 deratiquisli
329 178 363 211 ",
391 184 421 207 ut
451 180 542 207 florem
568 180 646 215 quasi
677 181 722 215 qui
756 181 856 216 colligit
883 182 933 208 tti-

139 225 231 258 pulam
255 226 282 252 in
300 234 402 259 mene,
429 233 452 254 et
480 228 548 254 sicut
568 228 614 262 qui
632 227 731 262 colligit
759 235 874 254 racemos
903 228 929 254 in

140 270 284 302 vindemia.
315 279 375 298 cum
405 280 456 299 non
486 273 520 300 sit
549 273 634 299 botrio
662 272 697 299 ad
719 273 930 300 manducandum

139 316 271 350 primitiva
295 318 336 343 ³⁷7
364 317 395 345 Et
416 318 473 345 haec
493 318 564 349 dico,
590 319 654 353 quia
681 319 759 353 periit
789 320 929 347 timaram:

138 369 154 387 ιι
170 366 250 395 terra,
271 367 296 389 et
318 363 363 397 qui
389 364 506 398 corrigat
532 364 600 390 inter
623 364 739 391 hornines
761 373 811 391 non
836 369 874 392 est
895 365 928 392 ".

139 406 216 448 Unde
230 416 283 435 non
300 409 439 436 existimes
456 409 577 437 humano
600 417 676 437 more
690 409 858 438 Salvatorem
877 411 927 438 ista

136 453 238 480 dixisse
259 458 368 488 propter
390 454 573 482 calamitatem
602 463 663 490 qua:
687 456 929 490 comprehenderat

135 505 196 525 eum
227 498 253 524 in
285 506 376 527 cruce.
403 499 432 527 Si
458 500 530 528 enim
558 500 594 528 ita
622 501 769 534 acceperis,
792 509 846 528 non
871 502 926 530 eris

135 545 249 572 audiens
267 552 393 580 magnam
419 553 513 573 vocem
540 546 567 573 in
592 554 646 581 qua
666 547 717 574 ista
742 547 849 575 locutus
873 551 924 581 est,

135 597 184 617 nec
209 590 292 625 digna
325 598 393 619 voce
416 591 509 618 divina
542 592 674 627 requires.
704 592 774 628 Ergo
809 594 926 622 tenebra:

133 635 242 670 quidem
258 644 273 663 a
295 641 370 663 sexta
386 636 452 663 hora
475 637 553 665 factae
565 643 631 665 sunt
649 645 731 673 super
744 646 852 666 omnem
870 643 925 666 ter-

132 688 190 707 ram
217 688 304 716 usque
328 681 361 708 ad
387 689 487 709 nonam
510 691 517 709 :
541 683 618 716 prius
641 687 732 710 autem
755 691 838 718 quam
863 684 923 710 lini-

132 729 207 752 retur
229 733 311 757 nona,
327 725 454 754 clamavit
468 726 602 755 Dominus
615 728 686 755 circa
703 735 763 754 eam
781 736 847 756 voce
868 737 922 756 ma-

131 778 195 804 gna,
209 771 303 799 dicens
321 779 382 806 qua:
401 773 502 807 scripta
524 778 599 806 sunt,
624 774 703 808 quasi
725 774 867 808 postulans
893 780 922 802 ut

130 816 235 844 oriatur
248 817 289 844 θοι
305 822 396 850 ωιτη,
410 818 518 846 solvens
532 818 559 845 in
576 826 608 845 ea
626 819 751 846 tenebras
768 819 849 846 ιτίυη,
871 820 921 848 ιιο..
939 818 958 845 Β
972 816 1118 843 acerbitate
1131 822 1158 843 et
1174 817 1366 851 amaritudine,
1382 818 1477 845 vinum
1494 819 1569 854 quod
1583 820 1711 847 ltttil‘rcat
1731 828 1767 848 cur

129 869 234 895 rarum,
251 863 400 890 secundum
417 864 489 899 quod
506 864 668 892 tradidimus
684 873 778 899 supra.

164 908 225 936 156.
239 908 354 941 Quidam
373 914 460 936 autent
476 910 533 937 illic
548 915 661 941 stantes.
672 916 698 938 et
717 911 862 941 audientes.
879 911 920 937 di-

128 952 230 986 cebant,
249 954 313 987 quia
333 952 421 980 Etiam
443 959 517 981 vocat
537 959 597 982 iste.
621 955 717 982 theri
742 960 830 982 autent
849 956 917 982 dice-

128 997 209 1023 bant:
232 997 296 1025 Sine
313 999 446 1026 videamus
469 1000 493 1026 si
511 1001 579 1027 venit
598 1000 682 1032 Elius,
702 1006 726 1028 et
749 1001 840 1028 liberet
860 1010 919 1028 eum

127 1043 158 1069 ⁹⁹.
181 1043 321 1079 Tanquam
348 1045 371 1072 si
396 1046 539 1073 audissent
560 1047 690 1081 quoniam
719 1046 802 1074 Deum
827 1053 917 1080 vocat,

127 1089 222 1124 utique
235 1090 326 1117 mirati
341 1090 458 1118 fuissent
471 1092 623 1120 orationem
639 1092 700 1127 ejus
715 1093 743 1120 in
762 1101 845 1122 cruce
858 1101 917 1121 ma-

123 1135 211 1168 jorem
227 1143 310 1170 quam
327 1135 378 1162 fuit
395 1137 483 1164 oratio
500 1136 577 1164 Iona:
590 1138 694 1165 orantis
712 1138 738 1164 in
759 1143 836 1166 utero
853 1139 916 1170 ceti.

125 1185 153 1206 et
167 1180 321 1214 prodificati
336 1181 462 1215 fuissent,
476 1187 505 1209 ut
524 1183 606 1209 etiam
624 1183 652 1210 in
665 1184 794 1212 extremis
807 1185 917 1211 calami-

125 1226 225 1253 tatibus
239 1226 379 1254 constituti
393 1235 473 1254 orare
497 1236 550 1255 non
567 1229 694 1256 desinant
710 1229 805 1257 Deum.
831 1229 914 1264 Majo-

125 1277 180 1297 rem
195 1274 285 1297 autem
305 1271 367 1298 dico
380 1273 531 1300 orationem
545 1272 646 1300 Christi
663 1273 759 1305 fuisse,
774 1282 854 1308 quam
869 1274 915 1301 Jo-

125 1323 166 1342 nas
179 1316 205 1343 in
220 1321 298 1344 utero
317 1317 380 1348 ceti,
393 1322 503 1353 propter
519 1319 734 1354 magnitudinem
753 1327 842 1347 rerum
855 1329 915 1355 qum

124 1362 350 1389 demonstrantur
364 1371 398 1390 cx
415 1371 457 1394 ea,
471 1369 497 1390 et
510 1369 619 1399 propter
637 1373 765 1400 magnum
785 1365 912 1393 all‘ectum

125 1407 283 1434 voluntariae
295 1408 431 1442 passionis
447 1409 517 1443 ejus.

158 1452 220 1480 i37.
240 1453 276 1480 Et
290 1455 414 1481 continuo
435 1463 575 1483 occurrens
597 1464 664 1482 unus
686 1465 718 1484 ex
739 1458 786 1489 eis,
807 1463 912 1492 accepta

123 1499 231 1533 spongia
250 1499 367 1534 implevit
383 1505 467 1532 aceto,
483 1506 507 1528 et
525 1502 651 1536 imposuit
677 1503 812 1537 arundim,
827 1510 849 1531 et

1038 1506 1051 1525 a
1074 1499 1239 1526 clamaverat
1260 1500 1373 1528 dicens:
1392 1500 1473 1534 Deus,
1491 1501 1561 1528 Deus
1578 1510 1654 1528 meus
1672 1503 1693 1528 ⁵.
1717 1502 1764 1529 ΒΜ

122 1543 166 1570 bat
180 1545 205 1570 ai
219 1544 303 1571 bibere
318 1545 336 1571 ί.
353 1546 384 1572 Et
405 1545 526 1580 implevit
547 1547 716 1581 prophetiam
732 1548 758 1574 in
777 1557 806 1576 se
822 1550 914 1576 dicen-

122 1593 176 1615 tem
193 1589 226 1616 de
238 1597 267 1616 se
281 1590 290 1604 '
304 1599 312 1616 :
328 1589 361 1615 Et
379 1591 508 1618 dederunt
529 1592 556 1618 in
574 1600 660 1619 escam
675 1601 759 1620 meam
775 1594 821 1628 fel,
839 1600 863 1621 et
886 1596 913 1622 in

122 1634 166 1660 siti
181 1642 238 1661 utea
263 1641 417 1670 potauerunt
441 1645 481 1664 me
507 1642 590 1664 aceto.
619 1638 682 1666 Ideo
709 1643 737 1666 et
760 1640 911 1667 secundum

121 1679 254 1707 Joannem
271 1689 334 1708 cum
357 1682 503 1717 accepisset
519 1682 599 1711 Jesus
624 1689 730 1711 acetum
753 1693 815 1712 cum
840 1685 911 1719 felle,

120 1725 208 1753 dixit:
228 1726 446 1754 Consummatum
464 1733 502 1754 est
518 1728 528 1743 '
543 1729 624 1756 etiam
649 1729 701 1756 hoc
724 1730 797 1764 quod
815 1731 848 1757 dc
869 1739 912 1758 me

121 1772 258 1807 Scriptura
283 1773 457 1807 praedixerat.
484 1773 609 1802 Jucunde
630 1781 719 1802 autem
743 1776 804 1810 quis
825 1780 912 1810 potest

120 1818 158 1844 uti
176 1818 228 1845 hoc
239 1822 312 1845 textu
330 1819 463 1847 adversus
475 1827 522 1847 eos
537 1820 584 1854 qui
600 1820 717 1855 maligna
733 1821 774 1848 vel
791 1821 911 1856 scripse-

120 1867 184 1890 runt
200 1863 241 1890 vel
258 1864 383 1891 scribunt
395 1865 525 1892 adversus
541 1865 692 1898 Christum,
706 1866 739 1892 de
752 1857 852 1900 quibus
869 1867 911 1893 di-

120 1909 158 1936 cit
180 1909 262 1936 Isaias
281 1911 309 1937 ‘1
337 1909 382 1937 Vw
401 1911 446 1945 qui
467 1911 585 1938 scribunt
609 1911 736 1946 maligna.
762 1911 910 1939 Srribcntes

118 1955 188 1980 enim
201 1955 318 1990 maligna
333 1957 460 1983 scribunt.
474 1955 540 1983 Dico
552 1961 644 1983 autem
663 1957 696 1984 de
712 1957 765 1984 illis
781 1957 826 1992 qui
842 1966 910 1985 con-

121 2001 285 2035 scriptiones
305 2001 411 2036 aliquas
435 2002 609 2034 dimiserunt,
629 2002 798 2037 iniquitatem
813 2003 840 2029 in
864 2012 911 2030 ex-

119 2046 221 2072 celsum
241 2046 391 2081 loquentes.
411 2047 443 2074 Et
468 2051 557 2074 utetur
571 2048 632 2082 quis
661 2048 712 2075 hoc
727 2052 799 2076 textu
816 2049 910 2077 videns

118 2098 166 2118 eos
176 2099 209 2118 ex
223 2092 385 2126 quibusdam
398 2092 583 2120 auditionibus
599 2093 655 2120 sive
666 2094 838 2121 ethnicorum
851 2103 910 2122 ver-

120 2136 229 2170 borum,
242 2137 298 2164 sive
309 2137 513 2165 barbaricorum
530 2146 686 2166 sermonum
701 2144 908 2174 congregantes,

117 2187 144 2210 et
160 2182 288 2210 facientes
301 2184 484 2211 narrationem
498 2184 577 2219 quasi
593 2185 735 2219 spongiam
749 2185 906 2219 quamdam,

118 2227 297 2261 adimplentes
312 2236 372 2254 eam
388 2236 441 2255 non
457 2228 490 2255 de
504 2228 586 2255 verbo
603 2228 724 2262 potabili,
742 2236 828 2263 neque
845 2229 908 2256 vino

119 2272 271 2299 lastificante
287 2279 335 2300 cor
353 2273 482 2307 hominis,
502 2282 588 2308 lioque
602 2273 635 2300 de
653 2282 722 2310 aqua
739 2274 906 2308 refectionis,

117 2318 164 2345 scd
179 2317 213 2345 de
235 2318 327 2352 aliquo
347 2319 495 2352 contrario,
512 2324 539 2346 et
552 2319 659 2351 nocivo,
678 2324 704 2347 et
730 2327 783 2346 non
803 2320 914 2355 potabili

117 2368 194 2391 aceto
210 2363 389 2398 intelligibili;
406 2368 432 2391 et
457 2364 527 2391 hanc
543 2356 684 2400 spongiam
703 2364 849 2399 imponunt
865 2373 913 2393 ca-

122 2410 194 2436 lamo
216 2409 358 2444 scriptqu
380 2418 446 2443 suae,
471 2414 498 2437 et
519 2415 651 2444 quantum
671 2410 703 2437 ad
727 2418 767 2444 se,
790 2411 914 2439 lzesiones

118 2454 239 2482 inferunt
250 2454 314 2483 Jesu
326 2464 359 2483 ex
374 2456 530 2491 bujusmodi
546 2461 619 2490 potu.
633 2455 665 2483 Et
678 2457 788 2491 quidam
802 2457 913 2491 quidem

115 2501 181 2528 dant
194 2500 258 2528 Jesu
277 2501 369 2529 bibere
386 2502 479 2528 vinum
495 2510 555 2528 cum
571 2501 631 2529 felle
648 2502 821 2536 permistum,
837 2503 910 2538 quod

115 2553 170 2574 non
192 2547 251 2574 vult
273 2547 365 2575 bibere
380 2546 466 2582 [Jesus
488 2546 573 2575 Filius
592 2547 658 2580 Dei;
680 2548 724 2575 alii
748 2553 838 2576 autem
856 2557 910 2576 non

119 2593 223 2626 vinum,
246 2593 292 2620 sed
314 2598 433 2620 acetum.
455 2592 487 2621 Et
509 2592 624 2621 forsitan
640 2594 845 2629 quanticunque
868 2602 911 2622 sc-

119 2639 239 2666 cundum
256 2639 408 2667 doctrinam
431 2639 540 2675 quidem
563 2640 777 2667 ecclesiasticam
793 2640 911 2675 sapiunt,

522 2720 544 2736 ⁸⁷
563 2719 644 2748 Mich.
662 2729 697 2747 vn
711 2741 717 2752 ,
736 2721 758 2747 Ι.

539 2756 583 2782 50.
636 2756 646 2771 ⁸
663 2755 714 2782 lsa.
731 2764 747 2782 Χ
763 2775 769 2782 ι
787 2756 798 2782 1

675 2764 812 2784 sa.x.1.

663 2775 714 2784 η...
734 2775 747 2782 ..
763 2775 769 2787 ,
789 2775 812 2782 ..

598 2791 704 2820 "Joan.
718 2801 771 2826 xu,
785 2793 828 2821 50.

155 2721 178 2736 ’⁸
192 2720 276 2748 Matth
307 2728 392 2750 XXVII,
409 2720 454 2747 46.

122 2763 207 2783 uvm
223 2775 230 2785 ι
243 2755 288 2783 ‘22.
341 2756 350 2771 ³
365 2755 444 2782 Jonn.
464 2764 522 2784 xxx.
539 2756 583 2783 50.

122 2791 138 2818 ³,
150 2790 215 2815 ῖὶιίιί.
230 2791 274 2816 46.
313 2792 322 2806 ⁸
339 2790 403 2816 Luc.
421 2799 496 2818 χχιιι.
517 2791 556 2817 i6.

741 75 904 105 ORIGENIS
923 75 958 104 IN
977 75 1188 105 ΜΔΤΤΗΔΕΙΙΜ

139 140 206 159 num
233 140 282 167 pro
309 133 410 168 quibus
434 134 596 169 patiebatur,
625 134 733 162 dicebat
750 144 757 162 :
782 135 872 167 Quare
893 143 933 161 me
950 137 970 165 Α
984 134 1078 162 vivunt
1091 139 1181 162 autem
1198 134 1277 168 male,
1294 135 1361 163 dant
1377 137 1401 163 ei
1420 137 1516 164 vinum
1532 136 1631 164 bibere
1652 137 1709 164 felle
1720 147 1762 173 per-

829 2720 850 2736 ”
867 2720 933 2760 ibid.
950 2719 977 2760 ξ’..
1033 2719 1055 2735 ’⁸
1069 2718 1163 2760 Matth.
1175 2727 1270 2760 ‘xx‘vn:
1292 2717 1336 2751 i7,
1356 2717 1399 2760 ἄρ.
1445 2715 1596 2760 tabidi-J8.

866 2755 875 2770 ⁸
889 2753 982 2782 Matth.
1001 2763 1064 2789 xxv,
1077 2755 1122 2782 55.

1717 83 1761 110 ms

1818 108 1834 123 ’γ

1813 111 1817 127 Ι

1811 171 1832 196 a

1789 173 1800 309 ἱ

988 179 1117 212 mistum;
1140 179 1186 214 qui
1209 185 1298 207 autem
1325 181 1429 208 alienas
1453 189 1468 208 a
1493 182 1614 209 veritate
1638 183 1762 217 sapientia;

987 225 1121 259 applicant
1134 225 1254 258 Christo,
1269 225 1348 260 quasi
1364 234 1397 253 eo
1413 234 1445 253 ea
1462 227 1579 260 dicenti,
1595 227 1623 253 bi
1643 229 1762 262 spongiam
1790 224 1839 262 1⁸³ίῆ

986 269 1128 304 implentes
1142 275 1218 298 aceto
1240 271 1382 306 imponunt
1397 273 1519 305 calamo,
1538 277 1568 300 et
1591 278 1689 308 potant
1708 283 1763 301 eum.

985 360 1033 393 bit,
1053 360 1171 389 offerunt
1192 362 1234 389 ori
1246 362 1320 397 ejus;
1336 368 1364 390 et
1383 362 1498 390 forsitan
1521 363 1570 398 qui
1595 365 1766 399 sapinuttan-

983 407 1123 434 tummodo
1139 407 1222 443 926
1243 408 1322 441 male.
1343 408 1484 444 spongiam
1509 409 1629 444 implent
1654 414 1767 442 aceto,et

982 451 1126 486 imponunt
1150 453 1256 480 calamo
1281 453 1423 488 scriptum
1444 461 1512 486 suas,
1533 459 1562 480 et
1582 459 1682 489 potant
1699 464 1767 483 eum:

980 497 1027 531 qui
1054 501 1145 524 autem
1170 502 1197 525 et
1228 498 1337 533 sapiunt
1364 499 1498 526 malede
1524 499 1767 534 dispensationibos

980 542 1094 574 Christi.
1110 547 1138 570 et
1154 543 1248 570 vivunt
1263 544 1396 579 nequiter,
1412 544 1440 571 hi
1458 546 1604 581 spongiam
1625 547 1729 580 plenam
1742 556 1767 574 ex

979 593 1055 615 aceto
1070 596 1130 616 cum
1149 588 1210 616 felle
1225 595 1252 616 et
1269 589 1386 625 byssopo
1400 590 1574 625 imponentes
1585 592 1697 619 calamo
1710 592 1768 620 Scri-

978 638 1073 669 pturae,
1095 634 1212 662 oﬂ‘erunt
1229 635 1271 662 ori
1292 636 1362 676 ejus.
1376 635 1429 669 Qui
1450 641 1542 664 autem
1565 645 1659 672 neque
1682 639 1764 666 vinum

978 680 1038 714 ejus
1053 680 1145 708 bibere
1159 681 1215 708 vult
1232 687 1342 716 propter
1354 682 1426 710 fellis
1441 683 1680 716 commistionem.
1695 686 1768 712 multo

978 725 1064 760 magis
1084 734 1137 752 non
1155 725 1229 753 bibet
1247 731 1367 761 acetum,
1390 735 1478 763 neque
1502 734 1615 756 acetum
1637 729 1701 756 felle
1716 738 1766 764 per-

978 771 1099 808 mistum.
1124 771 1267 806 Propterea
1290 780 1340 800 nos
1361 773 1455 800 vinum
1478 774 1617 801 mundum
1642 775 1679 801 ab
1701 776 1767 802 omni

978 816 1118 843 acerbitate
1131 822 1158 843 et
1174 817 1366 851 amaritudine,
1382 818 1477 845 vinum
1494 819 1569 854 quod
1583 820 1711 847 ltttil‘rcat
1731 828 1767 848 cur

978 862 1104 895 hominis,
1126 868 1152 889 et
1167 871 1214 890 cor
1229 863 1316 898 ipsius
1337 863 1398 891 Filii
1417 864 1477 898 Dei,
1496 866 1669 900 accipientes
1686 874 1721 893 ex
1742 873 1769 894 eo

985 314 1056 342 Sunt
1070 319 1160 343 autem
1173 317 1220 351 qui
1234 322 1261 344 et
1271 322 1377 344 acetum
1393 323 1419 344 et
1431 317 1478 350 fel,
1491 318 1565 345 sicut
1577 317 1701 347 Joannes
1712 321 1765 347 scri-
1814 317 1836 334 *5“:

985 360 1033 393 bit,
1053 360 1171 389 offerunt
1192 362 1234 389 ori
1246 362 1320 397 ejus;
1336 368 1364 390 et
1383 362 1498 390 forsitan
1521 363 1570 398 qui
1595 365 1766 399 sapinuttan-
1813 363 1836 381 5“

985 407 1123 434 tummodo
1139 407 1222 443 926
1243 408 1322 441 male.
1343 408 1484 444 spongiam
1509 409 1629 444 implent
1654 414 1767 442 aceto,et
1813 408 1836 427 3“

985 451 1126 486 imponunt
1150 453 1256 480 calamo
1281 453 1423 488 scriptum
1444 461 1512 486 suas,
1533 459 1562 480 et
1582 459 1682 489 potant
1699 464 1767 483 eum:
1814 453 1835 470 ⁵⁵³

985 497 1027 531 qui
1054 501 1145 524 autem
1170 502 1197 525 et
1228 498 1337 533 sapiunt
1364 499 1498 526 malede
1524 499 1767 534 dispensationibos

985 542 1094 574 Christi.
1110 547 1138 570 et
1154 543 1248 570 vivunt
1263 544 1396 579 nequiter,
1412 544 1440 571 hi
1458 546 1604 581 spongiam
1625 547 1729 580 plenam
1742 556 1767 574 ex

985 593 1055 608 u-Nn
1070 596 1130 608 mum
1150 588 1209 608 τμη»
1225 595 1250 608 nt
1269 589 1386 608 Ιινααησυι
1401 590 1572 608 ἰηιηηηηηιορ
1586 592 1697 608 Λ-ιΙΔπτ-ιι
1710 592 1767 608 ει..ζὴ
1815 590 1836 608 Μ

976 680 1038 714 ejus
1053 680 1145 708 bibere
1159 681 1215 708 vult
1232 687 1342 716 propter
1354 682 1426 710 fellis
1441 683 1680 716 commistionem.
1695 686 1768 712 multo

977 725 1064 760 magis
1084 734 1137 752 non
1155 725 1229 753 bibet
1247 731 1367 761 acetum,
1390 735 1478 763 neque
1502 734 1615 756 acetum
1637 729 1701 756 felle
1716 738 1766 764 per-

977 771 1099 808 mistum.
1124 771 1267 806 Propterea
1290 780 1340 800 nos
1361 773 1455 800 vinum
1478 774 1617 801 mundum
1642 775 1679 801 ab
1701 776 1767 802 omni

974 862 1104 895 hominis,
1126 868 1152 889 et
1167 871 1214 890 cor
1229 863 1316 898 ipsius
1337 863 1398 891 Filii
1417 864 1477 898 Dei,
1496 866 1669 900 accipientes
1686 874 1721 893 ex
1742 873 1769 894 eo

974 907 1031 940 ipso
1049 908 1189 936 Salvatore
1201 914 1293 937 nostro
1309 909 1385 942 Jesn.
1403 911 1451 946 qui
1465 916 1509 938 est
1523 911 1588 939 vitis
1605 920 1684 945 vera,
1701 917 1769 947 pote-

973 960 1034 980 mus
1048 960 1111 980 eum
1126 958 1153 980 et
1168 953 1316 988 discipulos
1328 955 1398 988 ejus,
1416 959 1446 982 ut
1459 955 1536 982 dicat
1549 955 1584 983 de
1607 957 1690 984 nobis
1709 958 1770 984 bule

972 998 1128 1032 potantibus
1143 1006 1204 1026 eum
1220 1003 1248 1025 ct
1261 999 1412 1034 discipulos
1425 1000 1485 1035 ejus
1499 1009 1506 1027 :
1522 1000 1600 1034 Silii,
1615 1007 1640 1028 et
1661 1002 1768 1029 dedistis

972 1043 1035 1069 milii
1049 1048 1139 1077 potum
1155 1045 1176 1070 ³.
1189 1044 1361 1078 Accipiamus
1374 1050 1400 1072 et
1413 1053 1512 1080 aquam
1527 1046 1692 1074 refectionis
1708 1055 1765 1074 cum

971 1097 1024 1123 qua
1038 1089 1122 1116 nutrit
1141 1090 1231 1124 justos
1251 1089 1348 1118 Pastor
1372 1091 1471 1124 bonus,
1495 1096 1525 1118 ut
1548 1092 1597 1126 qui
1622 1099 1768 1126 pasr-untur

970 1134 1004 1160 ab
1030 1142 1063 1160 eo
1092 1134 1205 1163 dicant:
1232 1135 1317 1170 Super
1344 1145 1440 1171 aquam
1469 1137 1625 1170 rcfeetionis
1652 1138 1769 1165 educarit

970 1187 1021 1206 nos
1038 1179 1060 1206 ⁸.

1005 1225 1066 1252 138.
1083 1224 1161 1252 Iesus
1174 1231 1261 1253 autent
1276 1226 1371 1253 iterum
1383 1226 1501 1253 clamans
1514 1236 1575 1254 τοδε
1588 1237 1702 1263 magna,
1714 1229 1769 1255 mti-

1831 314 1839 387 ᾗ

1831 510 1839 599 έ

1831 602 1839 678 i

1832 689 1839 813 u

1834 989 1839 1027 i

1838 1262 1839 1305 i

967 1271 1002 1297 sit
1018 1271 1178 1305 spiritum".
1204 1272 1340 1304 Quantum
1361 1273 1394 1299 ad
1420 1272 1579 1300 Matthaeum
1597 1275 1712 1309 quidem
1732 1274 1769 1301 di-

967 1321 1087 1350 centem,
1117 1317 1214 1344 iterum
1239 1317 1374 1345 clamasse
1399 1317 1493 1346 Jesum
1520 1327 1588 1346 voce
1614 1328 1718 1355 magna
1742 1326 1765 1346 et

966 1362 1090 1390 emisisse
1107 1362 1243 1396 spiritum,
1261 1371 1315 1390 non
1339 1369 1430 1390 autem
1454 1364 1681 1392 manifestantem
1705 1373 1763 1399 qu:

966 1407 1048 1436 fuerit
1063 1417 1115 1436 vox
1129 1409 1174 1436 illa
1192 1417 1287 1445 magna
1305 1418 1359 1444 qua
1372 1411 1501 1437 clamavit
1522 1411 1635 1443 iterum.
1650 1411 1763 1439 eratdi-

966 1460 1026 1480 cere
1039 1454 1167 1487 quoniam
1183 1455 1305 1481 eamdem
1320 1463 1411 1482 vocem
1425 1456 1554 1483 clamavit
1569 1458 1672 1483 iterum
1687 1464 1763 1491 quam

967 1544 1029 1579 quia
1047 1543 1136 1571 Lucas
1150 1544 1293 1572 manifeste
1313 1546 1407 1573 scribit
1426 1554 1507 1581 quam
1523 1555 1619 1574 vocem
1637 1548 1767 1575 clamavit

966 1597 1028 1617 cum
1052 1590 1188 1617 emitteret
1207 1590 1345 1624 spiritum,
1371 1591 1465 1619 dicens
1487 1601 1494 1618 :

966 1635 1118 1662 commendo
1141 1636 1264 1670 spiritum
1289 1644 1375 1663 meum
1398 1637 1426 1669 ';
1450 1642 1492 1664 cst
1514 1636 1672 1672 intelligere
1691 1644 1719 1666 et
1742 1640 1769 1665 in

966 1682 1020 1710 isto
1038 1683 1099 1710 loco
1115 1682 1189 1717 quod
1204 1690 1255 1709 vox
1267 1682 1312 1709 illa
1325 1690 1407 1717 quam
1427 1682 1527 1710 iterum
1541 1684 1673 1711 clamavit
1685 1684 1769 1710 entit-

966 1731 1026 1754 tens
1050 1728 1187 1762 spiritum,
1205 1727 1255 1754 fuit
1276 1727 1327 1755 ista
1343 1737 1350 1754 :
1369 1727 1399 1754 In
1419 1735 1515 1754 manus
1537 1733 1598 1756 tua;
1612 1729 1774 1755 continenda

964 1774 1089 1809 spiritum
1103 1781 1199 1800 meum.
1214 1772 1241 1800 Si
1257 1780 1322 1807 ergo
1335 1773 1459 1800 emittere
1472 1774 1612 1808 spiritum,
1629 1780 1693 1805 aut.
1712 1775 1772 1801 sic-

965 1825 993 1848 ut
1025 1819 1144 1847 Joannes
1174 1819 1269 1846 scribit
1290 1819 1322 1851 ”,
1344 1818 1452 1845 tradere
1477 1820 1616 1854 spiritum,
1647 1821 1774 1855 idipsun:

964 1870 1022 1893 erat
1042 1865 1116 1900 quod
1139 1869 1180 1892 est
1196 1865 1275 1897 mori,
1298 1864 1460 1899 simpliciter
1477 1869 1537 1891 erat
1557 1865 1773 1900 intelligendum

964 1911 1036 1946 quod
1058 1911 1158 1938 dicitur
1180 1911 1206 1937 in
1229 1911 1281 1937 hoc
1307 1910 1380 1938 loco.
1408 1909 1507 1936 Emisit
1529 1911 1671 1944 spiritum.
1689 1909 1775 1937 Nunc

963 1945 1065 1990 autem,
1077 1945 1141 1984 cum
1163 1961 1277 1983 mortem
1298 1955 1366 1982 nihil
1389 1956 1463 1982 aliud
1485 1964 1547 1983 esse
1573 1957 1709 1983 definiant
1727 1964 1776 1983 sa—

964 2002 1067 2038 pientes
1086 2002 1136 2029 nisi
1156 2001 1354 2036 separationem
1380 2001 1478 2028 anima:
1492 2009 1508 2028 a
1526 2009 1657 2036 corpore,
1676 2001 1775 2028 videa-

964 2055 1025 2074 mus
1037 2055 1070 2074 ne
1084 2046 1154 2075 forte
1166 2046 1238 2073 aliud
1253 2051 1295 2074 est
1306 2047 1468 2082 simpliciter
1482 2047 1563 2079 mori,
1578 2047 1656 2073 aliud
1672 2051 1777 2073 autem

963 2099 1029 2119 voce
1058 2089 1156 2127 magna
1180 2091 1307 2123 clamare,
1333 2096 1359 2118 et
1381 2093 1507 2119 emittere
1525 2092 1667 2126 spiritum,
1692 2091 1778 2118 sicut

965 2144 1086 2172 praesens
1102 2138 1214 2172 exponit
1233 2137 1391 2170 Matthzeus;
1411 2142 1458 2164 aut
1473 2138 1500 2163 in
1514 2145 1614 2164 manus
1629 2138 1674 2164 Dei
1685 2145 1779 2164 εδει-

964 2183 1093 2210 mendare
1111 2183 1248 2217 spiritum,
1259 2187 1286 2209 et
1300 2183 1436 2209 dimittere
1453 2183 1593 2217 spiritum,
1606 2182 1778 2210 secundum

961 2229 1033 2263 quod
1057 2228 1123 2255 dicit
1141 2228 1243 2261 Lucas;
1266 2232 1314 2255 aut
1338 2227 1469 2255 inclinare
1490 2232 1583 2262 caput,
1604 2234 1634 2254 et
1656 2229 1786 2254 tradere

961 2273 1099 2308 spiritum,
1123 2274 1194 2301 sicut
1213 2273 1332 2300 Joannes
1357 2274 1481 2308 exponit.
1500 2273 1533 2300 Et
1555 2273 1626 2300 mori
1651 2274 1785 2307 quidem

962 2320 1084 2347 omnium
1108 2320 1250 2347 hominum
1274 2324 1326 2351 est,
1346 2319 1427 2346 etiam
1450 2319 1605 2349 malorum,
1631 2319 1789 2353 quoniam

961 2364 1084 2392 omnium
1098 2365 1196 2392 animae
1209 2368 1371 2398 separantur
1383 2371 1398 2390 a
1412 2371 1537 2398 corpore,
1553 2363 1636 2390 etiam
1652 2363 1790 2397 iniquo-

963 2419 1035 2444 rum,
1059 2411 1106 2446 qui
1130 2410 1221 2437 dicere
1241 2417 1296 2436 non
1319 2413 1435 2444 possunt
1457 2417 1518 2444 quae
1541 2409 1611 2435 dixit
1634 2407 1792 2436 Christus

962 2457 1056 2484 exiens
1076 2457 1109 2484 de
1126 2463 1241 2490 corpore
1263 2462 1323 2483 suo.
1341 2454 1466 2489 Magnam
1482 2459 1573 2482 autem
1588 2461 1701 2480 vocem
1724 2457 1791 2482 da-

964 2510 1050 2534 mare,
1067 2507 1094 2529 et
1112 2501 1152 2529 sic
1168 2502 1291 2529 emittere
1305 2501 1443 2536 spiritum,
1459 2501 1531 2536 quod
1555 2506 1596 2527 est
1618 2501 1646 2527 in
1665 2509 1795 2530 manus

965 2549 1073 2576 Domini
1088 2547 1280 2576 commendare
1300 2547 1438 2582 spiritum,
1454 2552 1481 2574 et
1498 2547 1538 2575 sic
1552 2547 1709 2575 dimittere
1730 2550 1798 2583 spi-

966 2595 1064 2625 ritum;
1077 2599 1125 2620 aut
1139 2593 1270 2620 inclinare
1282 2595 1372 2626 caput,
1384 2596 1412 2619 et
1426 2591 1533 2619 tradere
1547 2591 1705 2625 spirituru,
1732 2603 1797 2621 mm

965 2644 1009 2667 est
1024 2639 1076 2667 nisi
1088 2643 1192 2666 tantum
1207 2642 1364 2666 sanctorum
1376 2637 1423 2672 qui
1435 2637 1518 2665 bonis
1529 2637 1667 2672 operibus
1689 2637 1797 2666 Deum

1666 2719 1683 2733 ²
1708 2720 1793 2748 P551.

1451 2753 1460 2768 ⁷
1473 2751 1568 2779 Matth.
1596 2759 1708 2784 xxvu.
1747 2757 1794 2784 Si

1175 2754 1184 2769 '
1200 2753 1271 2781 Psal.
1285 2761 1353 2785 xxtr,
1370 2752 1396 2780 Ξ.

1523 1591 1556 1618 In
1583 1601 1681 1619 manus
1709 1599 1769 1620 tua:
1799 1589 1835 1620 ΙΡ

1831 2206 1839 2265 i
