1839 3053
9 135 15 161 ⁵
541 144 867 173 COMMENTAlthRUM
888 146 1022 175 SERIES.

1535 154 1544 180 Ι
1551 153 1603 182 790

26 204 278 233 praeparaverunt
302 201 374 230 sicut
397 208 424 231 et
449 204 586 239 Christus,
606 211 635 234 ut
662 207 766 242 possint
781 209 801 237 Α
817 208 915 243 aliquis
926 209 973 243 qui
995 217 1048 236 non
1065 209 1231 244 negligenter
1254 209 1378 245 intelligit
1396 210 1558 245 Scripturas,
1576 218 1602 240 et

9 251 96 273 intes
118 247 158 275 de
173 250 273 278 mundo
293 251 454 280 liducialitrr
469 254 495 281 in
511 263 609 283 manus
625 255 670 284 Dei
691 264 766 284 com—

9 291 94 319 «ιω-ε
116 294 164 320 vel
183 295 288 323 tradere
308 298 434 332 spiritum
452 307 542 327 suum.
561 299 589 327 Si
604 309 669 337 ergo
686 302 766 329 intel-

10 345 77 363 nus
106 339 180 373 quid
200 345 241 368 est
263 349 387 377 magnam
411 351 502 372 vocem
527 346 656 380 clamare,
679 352 704 374 et
727 348 767 375 sic

11 387 83 410 tere
97 385 245 419 spiritum,
261 387 287 415 id
298 394 339 416 est
349 389 377 416 in
388 398 486 419 manus
497 391 543 419 Dei
558 394 763 420 commendare:

9 428 86 456 :nim
111 431 295 465 exposuimus
312 441 393 469 supra
421 435 588 470 proferentes
613 439 764 473 expositio-

25 475 225 509 evangelislze
240 477 320 505 Lucae
334 488 339 505 :
357 480 379 506 si
394 480 578 511 intelleximus
592 484 656 518 quid
673 490 713 511 est
727 485 765 512 in-

9 526 56 545 ire
69 524 178 554 caput,
192 526 218 549 et
234 523 338 552 tradere
350 526 486 560 spiritum,
504 528 664 557 festinemus
680 531 762 558 vitam

9 570 80 589 ram
99 571 228 597 servare,
245 571 274 593 ut
288 568 314 594 in
326 569 398 596 exitu
416 575 510 599 nostro
525 573 663 607 possimus
674 578 700 602 et
713 582 763 602 nos

10 615 87 635 nam
110 617 210 637 vocem
226 610 354 646 clamare,
371 619 398 642 et
420 616 460 643 sic
481 616 604 645 emittere
620 618 760 653 spiritum;

9 653 166 682 inclinare
181 659 274 690 caput,
288 662 314 684 et
330 659 435 687 tradere
447 661 583 696 spiritum,
598 663 669 690 sicut
682 663 761 691 .Iesus

9 698 172 727 inclinavit
184 706 275 736 caput,
289 707 317 730 et
331 705 409 738 quasi
425 713 507 740 supra
524 707 613 736 Patris
627 710 759 744 gremium

29 750 201 778 repausans
218 746 294 780 exiit,
314 748 360 782 qui
377 754 482 784 poterat
497 752 561 779 illud
580 753 607 780 in
630 754 690 780 sinu
709 762 759 782 suo

9 795 54 820 re,
69 792 102 815 et
117 790 288 823 confortare.
305 792 382 825 Quod
397 794 420 821 si
443 795 483 823 vis
498 797 593 824 audire
607 798 672 832 quid
696 806 759 833 pro-

9 832 142 860 Christo
158 843 283 870 magnam
306 846 399 866 vocem
420 841 562 874 clamasse,
580 847 605 869 et
627 844 667 871 sic
691 844 759 871 emi-

9 885 17 904 :
43 879 200 913 spiritum,
215 882 241 908 id
262 888 304 910 est
321 884 348 910 in
368 893 467 913 manus
489 886 594 914 Domini
616 896 756 917 commen-

9 931 29 950 re
53 924 206 958 spiritum,
222 931 249 954 et
265 929 305 956 sie
321 930 460 964 emisisse;
481 938 528 959 aut
550 933 695 961 inclinasse
709 944 751 962 ea-

11 975 106 1003 super
131 972 264 1013 gremium
287 973 386 1005 Patris,
402 980 429 1002 et
450 977 594 1006 tradidisse
615 980 752 1014 spiritum,

27 1016 111 1049 quod
127 1016 193 1044 dicit
213 1017 346 1052 Propheta
364 1022 383 1036 “
398 1030 404 1047 :
422 1022 534 1056 Propter
549 1024 596 1050 ltoc
609 1025 680 1052 enim
701 1034 753 1053 non

9 1058 97 1093 liquit
125 1061 242 1088 animant
260 1062 320 1097 ejus
341 1065 367 1090 in
383 1066 497 1099 inferno,
520 1076 565 1095 nec
591 1070 661 1096 dedit
689 1079 750 1098 cum

9 1112 36 1130 re
58 1107 275 1139 corruptionem.
294 1108 321 1136 Si
338 1118 403 1145 ergo
418 1116 443 1138 et
465 1120 515 1140 nos
538 1114 572 1141 ita
594 1123 644 1142 nos
661 1124 752 1150 gesse-

12 1157 49 1180 IS,
72 1154 108 1176 ut
133 1152 272 1184 possimus
294 1156 486 1183 commendare
507 1158 619 1191 spiritus
641 1165 750 1188 nostros

12 1203 102 1222 ianus
126 1195 184 1228 Dei,
201 1202 248 1225 aut
270 1198 401 1226 inclinare
415 1206 496 1236 caput
515 1211 597 1237 super
616 1206 749 1239 gremium

21 1245 51 1267 et
70 1241 116 1269 sic
139 1243 246 1271 tradere
265 1245 401 1279 spiritum,
419 1248 478 1275 sine
495 1249 577 1277 dubio
595 1259 682 1286 neque
699 1260 749 1281 no-

9 1294 20 1312 s
36 1289 153 1315 animas
169 1289 337 1325 derelinquet
352 1292 379 1318 in
396 1292 514 1326 inferno,
533 1303 582 1323 nec
606 1296 681 1324 dabit
698 1306 748 1326 nos

9 1334 181 1368 orruptione
198 1335 223 1361 in
243 1342 401 1371 perpetuum
419 1347 530 1368 manere
550 1350 556 1368 :
579 1342 625 1369 sed
649 1344 693 1378 qui
714 1344 747 1371 il-

30 1384 97 1412 post
112 1380 186 1407 diem
202 1383 310 1410 tertium
326 1385 463 1412 revocavit
481 1387 515 1413 ab
532 1387 637 1421 inferis,
654 1393 682 1416 et
698 1397 747 1418 nos

9 1424 91 1452 >cabit
107 1426 137 1453 in
152 1431 273 1462 tempore
289 1435 463 1464 opportuno:
479 1437 505 1459 et
522 1434 568 1468 qui
583 1434 619 1461 illi
636 1435 747 1463 donavit

9 1478 49 1496 lOll
64 1470 159 1498 videat
171 1480 235 1500 caro
250 1473 309 1508 ejus
326 1477 540 1512 corruptionem,
560 1481 639 1509 nobis
659 1483 744 1510 dona-

817 253 915 288 aspieit
926 254 979 281 duo
988 262 1048 281 esse
1057 255 1125 286 vela,
1136 263 1217 282 unum
1231 255 1340 290 quidem
1356 256 1469 283 interius
1478 258 1549 291 quod
1562 266 1603 285 re-

818 299 941 334 |at927
953 299 1052 326 Sancta
1063 305 1229 334 sanctorum,
1244 302 1358 328 alterum
1373 307 1463 328 autem
1472 303 1600 335 exterius,

817 345 874 372 sive
902 345 1083 377 tabernaculi,
1109 345 1166 374 sive
1190 346 1299 380 templi,
1325 354 1386 380 qua:
1410 347 1503 380 ﬁgura:
1523 353 1602 375 erant

816 389 981 416 tabernaculi
995 389 1092 421 sancti,
1109 390 1180 424 quod
1197 391 1357 425 prrcparavit
1372 391 1406 418 ab
1422 391 1500 419 initio
1510 391 1600 421 Pater.

815 433 936 467 Quorum
955 435 1074 462 velorum
1091 436 1181 469 templi
1200 444 1282 462 unum
1299 437 1416 464 scissum
1435 442 1475 464 est
1490 438 1516 464 in
1531 438 1600 466 duas

814 485 905 514 partes
919 489 933 507 a
948 488 1055 508 summo
1074 488 1160 515 usque
1176 481 1314 513 deorsum,
1332 482 1441 516 quando
1456 490 1521 509 VOCC
1539 491 1598 510 ma-

813 531 864 559 gna
879 524 1001 552 clamans
1014 524 1093 553 Jesus
1106 526 1197 553 emisit
1212 526 1337 561 spiritum
1353 537 1358 554 :
1371 527 1423 554 hoc
1440 529 1596 560 ostendens,

813 570 884 596 sicut
904 574 984 604 puto,
1008 571 1182 605 mysterium,
1200 573 1328 606 quoniam
1354 574 1380 600 in
1398 575 1526 608 passione
1544 575 1598 603 Do—

813 615 880 642 mini
895 615 1044 643 Salvatoris
1059 617 1147 644 velum
1167 617 1240 652 quod
1263 623 1322 646 erat
1345 627 1359 646 a
1381 618 1457 653 foris,
1476 621 1597 649 conscis-

812 668 871 688 sum
895 665 936 688 est
962 669 978 689 a
996 670 1103 690 summo
1128 671 1215 698 usque
1238 664 1384 696 deorsum,
1411 669 1440 692 ut
1461 665 1496 692 ab
1517 666 1596 693 initio

811 706 905 733 mundi
927 715 1013 741 usque
1031 708 1064 734 ad
1086 708 1226 741 deorsum,
1246 709 1272 736 id
1295 714 1336 737 est
1356 717 1441 744 usque
1459 711 1492 737 ad
1513 710 1595 738 linem

810 751 879 785 ejus,
905 752 1046 779 conscisse
1080 752 1214 780 velamine
1253 754 1381 789 mysteria
1410 755 1593 790 publicentur,

809 804 869 830 quae
885 804 970 831 usque
990 798 1022 824 ad
1040 798 1141 825 Christi
1157 799 1302 826 adventum
1323 800 1521 828 rationabiliter
1536 802 1594 829 fue-

809 847 870 869 rant
886 843 1000 870 occulta.
1028 843 1059 871 Et
1081 844 1133 871 nisi
1155 853 1187 872 ex
1202 850 1278 879 parte
1291 853 1529 881 cognosceremus,
1545 848 1592 875 sed

775 874 793 901 Β
804 888 860 923 jam
875 897 946 915 nunc
962 889 1200 918 manifestarentur
1214 892 1317 925 omnia,
1333 893 1422 920 adhuc
1435 894 1462 920 in
1478 901 1593 929 corpore

806 934 962 962 constitutis
990 935 1095 963 dilectis
1117 936 1218 962 Christi
1245 936 1407 971 discipulis,
1445 944 1592 974 utrumque

805 981 892 1006 velum
921 979 1010 1006 fuerat
1037 981 1280 1014 conscindemlum,
1299 982 1323 1009 id
1345 989 1385 1010 est
1401 985 1472 1018 quod
1491 993 1505 1011 a
1524 985 1591 1015 foris

803 1030 844 1052 est
860 1030 886 1052 et
899 1024 1024 1053 interius.
1040 1025 1117 1053 Nunc
1137 1032 1225 1054 autem
1242 1028 1373 1063 quoniam
1395 1030 1429 1056 ad
1446 1031 1590 1059 scientiam

803 1077 893 1097 rerum
921 1079 1051 1099 novarum
1078 1072 1264 1106 producimur.
1289 1073 1349 1101 ideo
1374 1075 1448 1109 quod
1479 1084 1494 1103 a
1521 1077 1588 1106 foris

801 1115 909 1150 quidem
932 1115 1020 1143 fuerat
1043 1117 1142 1150 velum,
1161 1117 1268 1145 interim
1293 1120 1480 1148 conscinditur
1496 1129 1512 1149 a
1527 1131 1588 1150 sur-

801 1168 861 1188 sum
882 1169 969 1196 usque
988 1161 1128 1194 deorsum,
1147 1167 1177 1189 ut
1190 1163 1301 1197 quando
1316 1165 1418 1191 venerit
1432 1166 1504 1200 quod
1525 1174 1587 1201 per-

804 1205 905 1233 fectum
930 1212 982 1241 est,
998 1211 1026 1234 et
1039 1208 1156 1235 revelata
1181 1207 1280 1235 fuerint
1302 1215 1397 1237 caetera
1419 1218 1480 1245 qua:
1498 1217 1586 1239 resta-

801 1252 876 1285 bant,
900 1257 965 1280 tunc
991 1253 1129 1281 auferatur
1157 1255 1238 1282 etiam
1263 1256 1412 1283 secundum
1437 1257 1537 1289 velum,
1556 1262 1587 1285 ut

799 1298 940 1326 videamus
969 1300 1050 1326 etiam
1065 1307 1126 1334 qua:
1147 1300 1215 1327 intra
1246 1301 1396 1328 secundum
1412 1305 1501 1329 velum
1520 1308 1584 1331 sunt

798 1344 944 1376 occultata,
970 1352 1061 1371 veram
1089 1353 1179 1372 arcam
1206 1347 1370 1380 testamenti,
1393 1352 1420 1374 et
1434 1348 1504 1375 sicut
1524 1349 1582 1384 ipsa

798 1395 827 1416 se
839 1388 921 1415 habet
935 1393 1047 1420 natura,
1062 1389 1202 1417 videamus
1213 1391 1364 1424 cherubim,
1377 1396 1403 1418 et
1422 1393 1580 1427 propitiato-

799 1435 869 1462 rium
901 1441 1013 1466 verum,
1039 1439 1066 1462 et
1089 1436 1280 1469 repositionem
1306 1445 1413 1464 manuue
1441 1438 1468 1464 in
1496 1445 1581 1466 aureo

796 1487 875 1511 vase,
895 1484 924 1507 et
943 1479 1034 1506 omnia
1055 1479 1197 1508 manifeSIa
1218 1486 1300 1516 atque
1318 1483 1419 1518 majora
1442 1483 1506 1516 illis,
1520 1492 1581 1517 quae

15 1523 71 1543 non
86 1518 200 1552 quidem
217 1524 247 1546 ut
261 1528 315 1547 non
327 1522 417 1549 videat
433 1531 497 1551 caro
517 1531 609 1554 nostra
632 1536 744 1564 corrup-

17 1569 50 1573 ...Α
83 1570 110 1573 κν»
124 1563 130 1573 Ι
147 1567 174 1573 nl
198 1564 223 1573 "I
284 1570 288 1573 -
488 1570 494 1573 ⁸

820 1533 843 1552 ar
860 1525 945 1560 legem
967 1525 1067 1561 Moysis
1083 1526 1190 1553 fuerant
1211 1527 1413 1561 demonstrata,
1436 1529 1463 1555 in
1481 1529 1580 1563 quibus

9 1569 64 1594 em,
81 1563 131 1589 sed
147 1567 177 1590 ut
197 1564 326 1593 liberetur
341 1574 356 1594 a
374 1570 547 1604 corruptione
562 1576 681 1607 tempore
694 1563 745 1611 op-

9 1614 87 1634 uno:
107 1609 238 1643 quoniam
254 1611 298 1638 ille
314 1612 422 1646 quidem
442 1620 581 1649 peccatum
598 1627 652 1646 non
671 1609 743 1656 fecit,

9 1659 39 1678 ue
54 1652 137 1681 dolus
159 1653 284 1683 inventus
306 1662 348 1683 est
368 1658 395 1685 in
420 1667 468 1687 ore
489 1661 566 1695 ejus:
590 1671 640 1691 nos
653 1652 743 1695 autem

9 1695 14 1721 i
29 1696 148 1730 erimus,
165 1699 189 1725 si
202 1700 243 1727 vel
260 1701 407 1735 aliquando
422 1711 438 1730 a
458 1707 576 1739 peccatis
599 1712 744 1739 recesseri-

9 1748 22 1766 ι.
46 1740 152 1769 Deinde
176 1748 265 1771 autem
286 1747 414 1780 quoniam
437 1749 534 1777 iterum
561 1760 625 1780 voce
646 1762 742 1791 magna

9 1794 75 1814 nans
86 1792 115 1815 et
126 1788 219 1820 dicens
232 1799 238 1806 ’
254 1790 346 1824 Pater,
359 1793 386 1820 in
405 1802 499 1822 manus
512 1801 571 1824 tuas
591 1788 742 1829 conuuetido

9 1831 74 1858 itum
90 1841 189 1866 meum,
215 1836 305 1863 emisit
321 1838 457 1872 spiritum,
478 1840 537 1868 ideo
560 1850 592 1870 eo
615 1844 740 1878 Spiritum

9 1880 92 1905 ttente
109 1879 187 1914 signa
207 1881 276 1908 facta
296 1887 360 1910 sunt
382 1892 463 1919 super
482 1893 555 1919 eum,
576 1892 603 1914 ct
618 1890 740 1925 prodigia

9 1922 122 1952 dicantia
145 1925 302 1959 dignitatem
321 1927 381 1962 ejus
399 1929 451 1956 hoc
465 1930 562 1958 modo:
580 1931 611 1958 Et
619 1922 681 1960 ecce
695 1922 739 1961 ὗε-

19 1971 109 2005 templi
123 1972 234 1998 scissum
248 1979 286 2000 est
298 1975 402 2002 induas
416 1981 504 2009 partes
517 1986 533 2003 α
545 1986 645 2006 summa
660 1988 739 2015 usque

9 2023 71 2042 'sum
87 2017 121 2044 “.
147 2017 272 2050 Quandiu
288 2020 397 2054 quidem
412 2021 492 2050 Jesus
513 2031 566 2051 non
582 2032 738 2060 suscrperat

19 2060 175 2089 hominibus
197 2068 323 2098 mortem,
348 2065 405 2100 ipse
428 2070 593 2102 exspectatio
617 2072 736 2104 gentium

9 2104 126 2138 stitutus,
142 2106 231 2134 velum
248 2109 339 2143 templi
358 2110 487 2139 interiora
505 2114 596 2148 templi
610 2116 734 2144 velabat:

9 2150 90 2178 rtebat
113 2152 186 2179 enim
204 2160 235 2179 ea
258 2154 352 2188 velari,
368 2155 455 2184 donec
476 2158 520 2185 ille
542 2160 589 2193 qui
608 2161 682 2189 solus
704 2170 734 2190 ea

796 1571 864 1598 dixit
882 1570 954 1599 Deus
975 1572 1009 1598 ad
1028 1580 1112 1599 eum:
1132 1572 1231 1600 Facias
1255 1574 1343 1600 omnia
1364 1575 1506 1601 secundum
1522 1576 1579 1610 [or-

795 1625 865 1643 mam
894 1625 1002 1650 eorum,
1022 1626 1080 1653 qua
1098 1624 1203 1646 ostensa
1221 1623 1281 1646 sunt
1303 1621 1330 1646 in
1352 1625 1437 1646 monte
1450 1620 1482 1646 ¹³.
1507 1620 1580 1648 Nihil

794 1669 858 1697 ergo
880 1666 922 1690 est
944 1663 1056 1695 mirum,
1079 1664 1152 1697 quod
1177 1664 1264 1691 velum
1291 1665 1382 1700 templi
1409 1667 1578 1694 conscissum

793 1711 847 1740 est,
863 1706 936 1742 quod
947 1707 1076 1735 interiora
1093 1708 1199 1735 velabat
1214 1711 1351 1744 mysteria,
1370 1716 1399 1737 ut
1413 1711 1520 1739 videant
1535 1712 1578 1739 di-

793 1753 888 1788 scipuli
913 1753 1035 1785 Christi,
1059 1754 1223 1789 accipientes
1255 1756 1349 1783 oculos
1373 1757 1519 1791 spiritales,
1545 1765 1576 1784 ea

792 1806 853 1833 qua:
872 1798 937 1825 nulli
956 1803 1019 1826 ante
1032 1798 1125 1826 Jesum
1140 1800 1246 1827 fuerant
1266 1801 1463 1829 demonstrata.
1492 1801 1576 1829 Nemo

792 1844 864 1871 enim
881 1844 932 1871 nisi
955 1844 1030 1872 solus
1043 1846 1169 1880 princeps
1191 1848 1372 1880 sacerdotum,
1389 1856 1450 1882 qua:
1469 1848 1576 1874 fuerant

791 1894 854 1916 ante
878 1890 967 1917 velum
994 1891 1145 1918 secundum
1169 1892 1248 1920 videt.
1277 1893 1329 1920 Sed
1344 1893 1434 1920 Aaron
1454 1894 1574 1928 quidem,

789 1940 816 1963 et
830 1936 876 1969 qui
891 1944 923 1962 ex
940 1944 973 1963 eo
987 1941 1073 1971 erant,
1091 1945 1178 1972 neque
1196 1939 1338 1972 virtutem,
1355 1948 1441 1975 neque
1456 1940 1568 1975 dignita-
1610 1977 1611 1980 η

790 1985 842 2008 tem
857 1981 993 2009 habebant
1008 1984 1130 2010 revelare
1144 1991 1205 2018 qua:
1227 1984 1278 2019 ipsi
1292 1985 1419 2012 videbant
1436 1986 1516 2013 alicui
1534 1987 1574 2013 al-

789 2027 837 2054 teri
856 2035 864 2054 :
884 2027 958 2054 solus
975 2032 1063 2055 autem
1079 2030 1125 2063 qui
1147 2037 1208 2056 cum
1229 2031 1407 2066 jurejurando
1430 2031 1516 2059 factus
1532 2036 1573 2059 est

788 2072 913 2107 princeps
937 2073 1108 2100 sacerdotum
1132 2074 1158 2101 in
1179 2080 1310 2102 attentum
1332 2077 1479 2103 secundum
1500 2077 1572 2104 ordi-

787 2124 848 2143 nem
863 2116 1051 2150 Melchisedec,
1066 2119 1153 2152 potuit
1169 2127 1216 2153 per
1229 2120 1458 2155 dispensationem
1476 2121 1571 2149 mortis

787 2169 844 2188 sua:
866 2162 1043 2189 eonscindcre
1070 2163 1157 2190 relum
1187 2165 1277 2199 templi
1302 2166 1329 2192 in
1354 2167 1422 2193 duas
1450 2173 1538 2201 partes
1554 2174 1570 2193 a

9 2200 53 2222 :rat
73 2197 204 2230 revelare,
220 2199 363 2227 manifesta
377 2201 476 2229 faceret
490 2210 520 2230 ea
537 2204 627 2233 videre
641 2207 734 2234 volen-
751 2206 772 2234 D
789 2215 898 2235 sursum
916 2216 1002 2242 usque
1026 2209 1164 2242 deorsum,
1180 2216 1210 2237 ut
1223 2212 1365 2238 videantur
1381 2221 1440 2247 qua:
1462 2212 1571 2240 fuerant

12 2246 33 2270 s,
50 2245 78 2267 ut
99 2249 148 2276 per
167 2247 280 2270 mortem
301 2244 400 2273 Christi
416 2246 479 2274 Jesu
498 2249 662 2279 destruentis
677 2260 736 2280 cre-

9 2284 68 2312 tium
84 2293 209 2319 mortem,
224 2289 270 2323 qui
290 2290 394 2319 liberati
415 2292 514 2320 fuerint
532 2302 547 2321 a
565 2300 660 2329 morte,
673 2305 736 2331 pos-

26 2331 146 2365 aspicere
169 2341 229 2368 qua:
251 2340 314 2362 sunt
338 2335 408 2364 intra
434 2338 534 2366 velum.
554 2339 620 2372 Quae
643 2346 733 2369 autem

9 2374 49 2402 int
67 2377 111 2405 illa
126 2386 180 2406 non
199 2384 241 2407 est
256 2382 387 2415 temporis
404 2382 485 2417 hujus
500 2391 646 2419 exponere,
668 2395 735 2422 quo-

9 2427 24 2446 n
46 2424 156 2451 multam
183 2430 210 2452 et
234 2425 368 2454 dillieilem
392 2428 642 2464 interpretationem
669 2436 733 2460 sunt

9 2468 83 2495 entia.
101 2469 288 2505 Opportunius
303 2478 393 2501 autem
410 2477 534 2504 convenit
549 2485 579 2505 ea
596 2486 732 2513 exponere

9 2512 68 2540 erlio
79 2514 148 2542 libro
163 2515 329 2551 Regnorum,
343 2524 369 2545 et
380 2519 406 2547 in
421 2522 541 2549 secundo
554 2523 622 2551 libro
632 2512 733 2552 i‘arali-

9 2563 92 2593 lenon,
101 2561 127 2587 in
138 2562 237 2596 quibus
249 2564 379 2598 scriptum
392 2566 476 2594 estde
489 2569 633 2603 templo,et
644 2570 676 2597 de
688 2570 730 2598 his

9 2606 103 2636 iposita
114 2612 178 2635 sunt
191 2608 262 2636 intra
278 2610 366 2637 velum
378 2619 384 2636 :
400 2612 444 2640 hic
455 2618 545 2641 autem
560 2614 610 2642 huc
624 2620 729 2643 tantum

10 2654 76 2681 Ptum
88 2658 138 2685 est,
158 2655 223 2689 quia
241 2655 331 2683 velum
348 2658 440 2693 templi
454 2661 625 2688 conscissum
642 2667 684 2689 est
700 2663 728 2690 in

9 2702 21 2720 5
29 2702 121 2732 partes,
131 2707 144 2726 3
157 2707 266 2729 sursum
276 2709 362 2737 usque
374 2703 512 2733 deorsum.
521 2705 627 2739 QUIBI'CI
637 2713 727 2736 autem

9 2794 26 2833 ξ¹
40 2796 104 2827 l‘sal.
117 2809 159 2833 xv,
175 2803 214 2830 l0.

9 2804 26 2841 ξ·
41 2804 104 2841 t'sal.
117 2804 215 2841 κνηιθΖ
232 2840 236 2841 ν
274 2804 295 2819 ¹²
311 2805 403 2835 Matth.
421 2817 505 2840 xxv”,
524 2809 568 2838 51.

16 2833 58 2859 sal.
72 2843 145 2870 Lxm,
162 2838 189 2869 9,
206 2838 248 2865 10.

625 2811 644 2828 ¹³
659 2811 740 2841 llebr.
756 2821 814 2848 Vill,
830 2814 866 2848 5;
888 2814 972 2844 Exod.
987 2824 1038 2844 xxv
1049 2836 1056 2849 ,
1079 2816 1124 2843 40.

784 2254 857 2280 intus
874 2253 961 2280 oculis
977 2253 1024 2287 qui
1040 2254 1101 2280 talia
1120 2260 1235 2289 possunt
1250 2257 1352 2284 videre.

820 2298 880 2325 159.
911 2298 945 2325 Et
969 2303 1039 2325 terra
1062 2304 1132 2326 mota
1156 2306 1206 2332 est,
1230 2306 1254 2327 et
1278 2307 1359 2335 pett-te
1384 2304 1473 2330 scissa:
1496 2309 1568 2335 sunt,

782 2349 808 2370 et
822 2349 990 2371 monumenta
1006 2351 1098 2380 aperta
1112 2351 1183 2378 sunt,
1199 2351 1224 2372 et
1238 2347 1321 2374 multa
1336 2357 1447 2382 corpora
1463 2355 1568 2377 sancto-

784 2398 841 2416 rum
857 2389 1044 2418 dormientium
1064 2397 1273 2424 resurremerunt,
1287 2397 1311 2418 et
1327 2400 1447 2422 exeuntes
1465 2397 1496 2422 de
1510 2405 1567 2422 mo-

783 2436 916 2462 numentis
937 2441 995 2470 post
1019 2437 1234 2463 resurrectionem
1257 2438 1341 2472 ipsius
1361 2439 1517 2467 introierunt
1541 2443 1568 2468 in

782 2485 901 2507 sanctam
916 2481 1057 2513 ciuitatem,
1070 2487 1094 2508 et
1108 2483 1286 2516 apparuerunt
1299 2483 1388 2510 multis
1402 2485 1433 2511 ".
1448 2485 1481 2512 Et
1496 2492 1567 2515 terra

783 2531 855 2552 mota
877 2530 933 2558 est,
956 2526 983 2553 id
1000 2531 1042 2554 est
1057 2528 1146 2555 omnis
1163 2536 1228 2556 caro
1250 2537 1319 2556 novo
1333 2530 1424 2563 Verbo,
1441 2535 1469 2558 et
1489 2533 1566 2560 noris

782 2570 864 2598 rebus
893 2571 1043 2598 secundum
1078 2581 1177 2600 novum
1212 2579 1423 2606 testamentum,
1445 2581 1473 2602 et
1495 2583 1566 2604 novo

782 2617 899 2649 cantico,
913 2623 938 2645 et
952 2618 1029 2646 novis
1044 2619 1180 2653 omnibus,
1193 2625 1273 2655 atque
1286 2620 1442 2648 caelestibus
1456 2623 1566 2649 venien-

783 2663 855 2690 tibus
876 2671 958 2698 super
981 2671 1090 2698 terram,
1108 2666 1178 2693 sicut
1197 2671 1225 2694 et
1237 2666 1370 2701 Propheta
1389 2667 1423 2694 de
1438 2669 1489 2695 hoc
1505 2668 1566 2702 ipso

783 2709 810 2736 in
828 2710 920 2745 aliquo
938 2711 1004 2738 dicit
1024 2711 1084 2739 loco
1097 2712 1117 2728 "
1132 2720 1139 2738 :
1153 2711 1308 2739 Conturbati
1325 2717 1385 2740 sunt
1405 2720 1504 2746 unum,
1519 2714 1564 2748 qui

1183 2817 1202 2833 "
1219 2816 1313 2845 Matth.
1332 2825 1422 2851 sxvn,
1438 2818 1469 2845 5|
1487 2826 1562 2857 seqq.
