1839 3053
258 126 321 152 I79!

851 113 1014 143 ()RIGENIS

1098 110 1293 140 dATTllJEUM
1770 109 1807 134 ιτπ

256 180 375 207 νίάυὺαιιι
397 187 451 208 eos.
477 177 501 204 id
525 180 567 203 est
588 174 736 209 discipulos
761 171 873 202 Christi,
901 174 926 196 et
953 168 1039 195 timuit
1056 170 1075 196 Α
1089 167 1172 202 928
1194 165 1288 200 Magna
1311 172 1375 199 ergo
1397 168 1458 190 sunt
1482 162 1552 189 facta
1574 169 1603 188 ex
1627 168 1657 188 eo
1678 162 1738 196 quod
1751 171 1807 197 nega

255 227 339 254 omnis
359 226 445 252 homo.
464 223 527 250 Item
547 230 593 257 per
608 221 721 248 alterum
737 218 897 254 prophetam
909 216 1039 243 Dominus

257 272 324 299 dicit
337 271 358 287 “
373 280 380 298 :
393 270 483 297 Adhuc
499 267 588 299 sental,
604 272 627 293 et
643 274 688 300 rgo
708 265 813 291 "tenebo
830 263 932 295 (telum,
948 266 971 288 et
988 267 1039 287 ter-

256 327 324 350 ram,
345 322 369 344 et
384 324 466 343 mare.
481 320 504 341 rt
516 314 632 340 aridum.
656 312 780 339 Dicrntcs
796 315 885 337 autem
904 315 989 343 pauca
1007 307 1040 334 de

257 367 333 390 motu
360 367 448 393 terrm,
472 367 525 386 non
554 357 685 384 inutiliter
709 356 831 383 dicamus
856 358 882 380 et
903 353 936 380 de
958 351 1040 387 petris

257 407 352 435 scissis
374 406 400 431 in
418 404 544 439 passione
561 402 666 429 Domini
683 399 844 432 Salvator-is,
864 406 924 432 quae
938 401 1039 432 myste-

257 453 327 480 rium
344 451 463 482 fuerunt,
480 449 551 477 sicut
569 448 696 476 arbitror.
718 447 908 481 prophetatum
925 452 930 469 :
954 443 1041 470 mani-

258 495 362 521 festata:
385 498 449 520 sunt
473 492 545 519 enim
572 492 598 518 in
614 491 714 518 Christi
739 491 853 517 adventu
875 490 916 516 lex
938 492 964 514 et
979 495 1041 522 pro—
1065 519 1068 526 ι

257 541 364 574 plietat:
386 542 495 573 propter
510 537 582 572 quod
606 536 638 563 ad
655 536 798 563 Dominum
822 533 1042 562 convcrtentibus

257 593 318 613 cum
342 584 438 619 legitur
452 583 568 618 Moyses,
584 582 706 608 velamen
724 581 797 616 quod
817 580 933 615 positum
955 578 1042 605 fuerat

258 639 340 665 super
354 638 401 658 cor
413 636 519 660 eorum,
535 628 651 661 tollitur,
665 633 691 654 et
704 627 775 662 quod
792 626 818 653 in
833 626 948 653 lectione
964 624 1042 650 Vete-

259 676 297 702 ris
313 675 477 702 Testamenti
506 674 622 708 positum
650 676 709 700 erat
731 672 864 703 velamen,
888 671 914 697 in
934 670 1043 697 Christo

259 721 394 747 aboletur.
412 719 516 754 Aperta:
537 723 600 746 sunt
621 725 686 753 ergo
710 725 782 750 nunc
802 721 894 751 petrae,
907 719 934 742 et
951 714 1043 742 seissze

259 770 333 795 sunt.
354 770 382 792 ut
405 765 431 791 in
453 764 595 799 profundis
611 770 704 790 eorum
727 762 814 796 posita
831 759 962 795 spiritalia
986 767 1044 795 my-

261 810 343 837 steria
360 808 510 836 videamus.
530 807 679 834 Probamus
695 810 783 832 autem
802 806 903 832 scissas
922 808 986 830 tunc
999 810 1044 837 pe-

260 859 326 886 tras,
344 861 404 881 esse
418 853 583 888 prophetas:
601 851 717 886 primum
735 850 843 884 quidem
871 857 903 875 ex
922 856 955 875 eo
971 846 1043 882 quod
1060 838 1080 867 Β

261 900 386 928 Christus
410 899 510 926 dicitur
535 901 611 932 petra
641 896 791 931 spiritalis.
816 899 843 922 et
866 894 979 921 rationis
1004 896 1045 919 est

261 953 356 972 omnes
370 945 520 971 imitatores
533 942 635 970 Christi
649 942 702 969 dici
719 941 843 968 similiter
857 944 957 974 petras,
975 938 1046 966 sicut

261 994 289 1016 et
313 990 358 1016 lux
384 988 477 1015 mundi
502 988 631 1014 dicuntur
646 993 679 1013 ex
696 992 729 1013 eo
748 985 819 1019 quod
840 984 897 1018 ipse
915 983 1046 1010 Dominus

262 1042 357 1061 eorum
384 1035 430 1061 lux
458 1038 499 1060 est
523 1032 617 1059 mundi
633 1031 749 1058 :deinde
769 1030 851 1057 etiam
873 1037 906 1056 ex
923 1037 955 1056 eo
972 1028 1045 1063 quod

263 1080 322 1114 ipse
336 1079 433 1106 Petrus
460 1087 474 1105 a
491 1078 606 1104 Domino
633 1083 708 1111 petra
733 1080 775 1103 est
797 1075 958 1109 appellatus,
983 1081 1046 1101 cum

264 1125 364 1151 dicitur
377 1124 401 1151 ei
417 1124 458 1150 "2
479 1123 518 1150 Tu
544 1132 570 1150 es
585 1121 691 1155 Petrus,
713 1125 737 1148 et
761 1129 839 1154 super
858 1120 925 1146 hanc
945 1124 1047 1154 petram

263 1170 400 1204 mdiﬁcabo
418 1169 565 1196 Ecclesium
582 1176 677 1200 meam,
691 1172 717 1194 et
730 1171 814 1201 porta:
831 1166 974 1199 inferorum
996 1173 1047 1192 non

262 1215 440 1251 priet-alebant
456 1214 614 1241 eiJlaxime
627 1218 716 1240 autem
731 1212 783 1240 hoc
797 1211 998 1239 demonstratur
1014 1218 1047 1238 ex

264 1269 297 1288 «ιο
312 1259 384 1295 (ιιιοά
397 1267 492 1286 omnes
507 1259 608 1294 quibus
622 1266 676 1285 non
691 1257 837 1292 praevalent
853 1260 936 1292 porta:
951 1255 1048 1282 infero-

265 1313 337 1337 rum,
352 1305 400 1340 qui
421 1312 492 1339 opus
509 1303 629 1331 nominis
644 1307 727 1337 petrae
742 1302 843 1329 habent
864 1301 891 1328 in
906 1308 946 1333 se,
963 1299 988 1326 id
1008 1304 1050 1327 est

263 1351 377 1386 apostoli
401 1355 427 1377 et
446 1349 599 1385 propheta,
618 1354 699 1384 petrae
723 1352 788 1375 sunt
809 1353 835 1375 et
861 1347 924 1381 ipsi,
939 1350 965 1373 et
986 1349 1050 1373 sunt

264 1397 442 1424 fuitndamenta
460 1403 554 1423 eorum
578 1395 625 1430 qui
649 1401 730 1429 super
750 1401 797 1421 eos
812 1392 988 1424 aediﬁcantur,
1005 1398 1049 1418 se-

265 1442 384 1470 cundum
401 1441 473 1476 quod
491 1441 529 1467 ait
540 1439 686 1476 Apostolus
698 1439 720 1455 ¹⁸
732 1448 739 1466 :
750 1438 960 1474 Superwdi/icati
973 1443 1051 1470 super

266 1487 468 1521 fuitdomentum
501 1485 681 1520 apostolorum
713 1489 738 1511 et
768 1484 963 1518 prophetarum,
993 1483 1050 1517 ipso

266 1541 368 1560 utmmo
384 1531 508 1566 angulari
522 1531 609 1565 lapide
622 1529 686 1557 Iesu
700 1529 805 1557 Christo
822 1528 933 1555 Domino
948 1534 1049 1555 nostra.

268 1577 525 1611 Superzedilicantur
538 1580 630 1602 autem
648 1574 779 1609 apostolis
795 1578 822 1600 et
836 1573 976 1608 prophetis
994 1581 1051 1600 ma—

267 1623 339 1649 xime
353 1622 399 1656 qui
416 1626 479 1647 sunt
493 1621 525 1647 de
537 1620 657 1647 Ecclesia
677 1619 861 1651 immaculata,
875 1623 902 1646 et
914 1619 1051 1653 apostolos

268 1667 369 1694 Christi
396 1666 546 1697 imitantur,
567 1670 593 1693 et
607 1665 753 1700 prophetas
776 1672 830 1691 non
846 1669 988 1698 spernunt,
1006 1665 1051 1692 sed

267 1716 424 1739 scrutantur
451 1712 530 1739 etiam
555 1719 649 1738 eorum
673 1711 838 1745 Scripturas.
868 1709 946 1737 Nune
968 1714 994 1737 et
1019 1710 1052 1737 de

268 1757 450 1784 monumentis
477 1757 578 1792 apertis
605 1756 739 1783 dicamus.
773 1755 847 1782 Venit
870 1760 960 1782 autem
985 1756 1051 1781 liora

269 1803 418 1829 secundum
438 1802 510 1837 quod
526 1802 687 1837 promiserat
702 1801 838 1831 Christus,
852 1804 880 1826 ut
895 1800 940 1834 qui
956 1800 982 1825 ἱη
998 1808 1053 1826 ma—

268 1849 399 1874 numentis
422 1852 499 1880 sunt,
524 1847 635 1873 audiant
658 1854 744 1873 vocem
770 1845 848 1873 Filii.
877 1851 899 1872 et
923 1845 1052 1872 vivant".

268 1891 411 1926 Propterea
435 1892 608 1919 audientibus
629 1891 669 1918 eis
688 1898 781 1918 vocem
803 1890 864 1917 Filii
881 1889 938 1922 Dei,
958 1897 1055 1916 monu~

269 1942 359 1963 menta
384 1941 448 1964 sunt
473 1941 585 1970 aperta,
610 1943 670 1970 qua:
692 1935 785 1963 clausa
811 1935 918 1969 quidem
945 1933 1054 1961 fuerunt

269 1982 390 2016 quandiu
408 1983 510 2009 mortui
531 1986 608 2009 erant
628 1981 656 2008 in
678 1981 738 2008 eis:
754 1985 846 2016 aperta
869 1983 933 2008 sunt
953 1984 1053 2013 autem,

269 2032 299 2055 ut
318 2028 365 2063 qui
388 2031 594 2056 resurrexeraut
619 2027 792 2063 egrediantur
808 2035 841 2055 ex
857 2026 1054 2059 monumentis,

270 2081 323 2100 non
350 2077 414 2101 ante
434 2073 658 2101 resurrectionem
676 2072 850 2108 Primogcniti
877 2080 911 2100 ex
927 2072 1054 2104 mortuis,

270 2116 317 2143 sed
336 2121 396 2150 post
409 2117 637 2145 resurrectionem
661 2118 757 2152 ipsius,
774 2121 801 2144 et
815 2121 985 2151 resurgentes
1005 2117 1055 2144 de-

271 2159 426 2194 relinquant
441 2161 548 2196 quidem
562 2166 749 2193 monumenta,
762 2161 948 2196 ingrediantur
962 2165 1052 2188 autem

271 2205 299 2232 in
313 2205 447 2233 civitatem
460 2211 593 2238 sanetam,
607 2211 634 2234 et
648 2211 796 2241 appareant
810 2211 837 2234 et
847 2206 1056 2234 manifestentur

272 2251 364 2279 multis
379 2252 531 2280 volentibus
547 2255 576 2279 et
588 2253 744 2287 potentibus
773 2256 896 2280 sanetam
914 2252 1050 2279 civitatem

275 2298 319 2326 Dei
333 2298 442 2331 videre,
459 2302 486 2326 et
500 2307 560 2333 qua:
583 2298 610 2326 in
627 2306 658 2326 ea
674 2299 834 2327 resuscitata
855 2304 919 2326 sunt
940 2306 1055 2333 corpora

274 2347 443 2372 sanctorum.
477 2343 651 2371 Monumcnta
683 2343 755 2370 enim
787 2343 915 2371 dicuntur
941 2351 1056 2378 corpora

277 2387 459 2422 peceatricum
485 2387 660 2420 animarum,
684 2387 711 2414 id
733 2391 775 2414 est
797 2392 967 2414 mortuarum
990 2386 1057 2414 Deo.

273 2431 341 2459 Cum
358 2435 447 2458 autem
462 2439 509 2466 per
521 2431 634 2467 gratiam
652 2431 698 2459 Dei
714 2431 812 2458 animae
827 2431 983 2465 hujnsmodi
1000 2430 1058 2457 fite-

275 2477 329 2504 rint
350 2477 488 2504 suscitaue
507 2477 540 2504 ad
561 2477 640 2504 tidem
661 2467 775 2510 ctirpora
799 2483 892 2503 earum
917 2483 977 2510 quae
1003 2475 1060 2502 ine-

276 2527 338 2555 rant
349 2523 425 2558 prius
441 2529 617 2550 monumenta
639 2527 808 2550 mortuarum
829 2523 994 2553 animarum,
1009 2522 1061 2549 elli-

278 2568 389 2596 ciuntur
405 2576 520 2604 corpora
535 2573 708 2599 sanctarum,
729 2572 756 2595 et
785 2567 911 2595 videntur
932 2575 948 2594 a
964 2567 1060 2602 seipsis

275 2614 350 2641 exire
374 2622 435 2641 cum
458 2614 589 2642 desierint
611 2621 672 2641 esse
696 2618 870 2640 monumenta
890 2617 1060 2640 mortuarum

277 2659 448 2693 animarum,
476 2663 503 2687 et
522 2663 655 2694 coeperint
673 2666 787 2694 corpora
809 2666 869 2686 esse
887 2664 1056 2687 sanctarum.

1091 221 1156 240 voce
1170 211 1297 240 clamavit
1307 209 1397 240 Iesus,
1412 213 1439 236 et
1454 208 1545 235 emisit
1563 207 1692 242 spiritum,
1709 212 1731 234 et
1744 216 1807 242 sempr

1090 260 1147 286 haec
1161 258 1253 285 eadem
1269 263 1364 291 magna
1381 255 1501 290 quotidie
1517 255 1593 280 llunt.
1609 252 1696 280 Velum
1707 254 1761 280 enim
1772 259 1810 279 ta:-

1091 304 1126 339 pli
1144 303 1175 330 ad
1191 303 1332 330 revelanda
1352 310 1413 337 qua:
1434 300 1507 327 intus
1523 299 1663 331 habentur,
1679 299 1766 332 quando
1781 307 1807 325 is:

1091 349 1224 376 scinditur
1246 348 1348 375 sanctis
1367 355 1382 373 a
1400 353 1510 373 sursum
1540 351 1627 378 usque
1646 344 1762 376 deorsum,
1775 350 1808 370 et:

1091 393 1226 428 principio
1241 399 1328 426 usque
1344 391 1376 418 ad
1394 389 1494 417 linem?
1514 388 1624 423 quando
1636 391 1660 414 et
1674 392 1734 414 terra
1748 387 1777 413 eis
1787 396 1810 418 qr

1091 441 1178 467 salute
1201 443 1264 466 sunt
1288 438 1372 472 digni,
1399 444 1453 463 non
1480 431 1615 465 movetur,
1638 438 1662 460 et
1682 433 1763 461 tremit.
1779 441 1811 466 (ιῑὲ

1091 491 1153 512 ante
1175 484 1275 512 Christi
1303 488 1417 509 mortem
1447 479 1596 508 immobilis
1618 478 1688 505 erat?
1707 479 1811 513 quando»:

1090 536 1182 566 petrm,
1197 529 1344 557 secundum
1363 526 1434 562 quod
1454 525 1627 554 tradidimus,
1645 531 1692 550 non
1706 524 1811 550 ﬁndunm"

1092 575 1137 602 Sic
1164 582 1270 609 semper
1293 577 1321 600 et
1344 574 1522 599 monumenta
1548 569 1708 604 aperiuntur,
1728 569 1811 594 etmu‘u

1091 629 1206 655 cei-pora
1225 624 1381 647 sanctorqu
1396 616 1506 652 quidem
1531 613 1711 642 dormientium
1732 619 1811 645 surgat,

1091 672 1117 694 et
1130 666 1302 698 egrediuntur
1315 665 1347 691 de
1360 661 1557 692 monumentis,
1572 665 1631 694 post
1644 658 1811 686 resurrectiom

1093 717 1182 739 tamen
1202 710 1262 745 eius
1285 709 1311 736 in
1333 708 1373 736 eis
1394 707 1440 742 qui
1463 710 1590 733 mortuus
1609 708 1649 731 est
1666 711 1709 738 pro
1728 702 1812 729 nobis»,

1093 760 1243 791 sequuntur
1268 762 1329 782 eum
1354 754 1400 788 qui
1427 754 1645 780 resurrexerunt,
1665 749 1726 776 etin
1742 749 1814 774 novitati:

1094 801 1155 828 vitm
1168 800 1308 827 ambulant
1322 805 1383 825 cum
1398 804 1440 824 eo.
1456 796 1502 823 Sic
1515 800 1542 822 et
1556 795 1602 830 qui
1616 793 1683 828 digni
1696 792 1814 820 summa

1095 845 1327 874 conversationem
1353 843 1379 869 in
1403 841 1491 872 caelis.
1506 841 1646 867 dicentes:
1666 837 1753 864 Nostra
1766 843 1814 861 αιιίη

1094 897 1131 918 est
1147 890 1307 918 conversatio
1327 890 1352 915 in
1369 888 1439 915 mli;
1453 887 1488 920 ¹⁰,
1505 885 1687 920 ingrediuntur
1702 883 1725 909 in
1740 887 1814 908 sanam;

1095 939 1229 965 civitatem
1256 944 1302 971 per
1329 934 1436 969 singula
1465 938 1605 966 tempera,
1626 934 1651 957 et
1674 929 1814 956 lumenremt

1096 983 1167 1010 lucet
1182 989 1272 1009 coram
1286 980 1454 1011 hominibus,
1470 983 1497 1005 et
1510 976 1605 1004 multis
1619 977 1736 1009 apparent
1745 973 1814 997 τὶειιτὲ-

1096 1028 1147 1055 bus
1162 1032 1189 1054 et
1202 1026 1414 1061 intelligentibus
1433 1031 1514 1059 opera
1534 1023 1605 1049 bona
1625 1021 1742 1056 ipsorum.
1754 1024 1773 1045 et
1782 1026 1814 1051 1w

1097 1079 1189 1110 pterea
1214 1073 1428 1109 glorificantihus
1444 1071 1552 1098 Patrem
1577 1071 1690 1105 ipsorum
1710 1067 1746 1102 qui
1764 1071 1790 1092 est
1804 1072 1814 1090 ω

1097 1120 1182 1147 οιιιιὶε.
1207 1119 1260 1146 Sed
1285 1123 1312 1146 et
1334 1118 1424 1145 dicere
1443 1117 1575 1144 debemus
1596 1115 1628 1142 de
1643 1115 1707 1142 istis.
1721 1117 1814 1145 etsap'ta

1097 1164 1227 1200 quoniam
1243 1163 1334 1191 omnis
1349 1163 1458 1198 quidem
1482 1162 1572 1188 littera
1587 1158 1715 1193 Evangelii
1729 1157 1784 1192 quasi
1795 1157 1814 1179 tu

1099 1214 1155 1237 tera
1179 1209 1298 1236 vivilinat
1323 1207 1510 1243 evangelicos,
1539 1212 1570 1233 ut
1595 1206 1631 1232 ita
1661 1212 1705 1232 eos
1726 1202 1814 1237 apprl‘ra

1101 1254 1232 1282 Scribas:
1251 1253 1364 1288 spiritus
1380 1257 1482 1284 autem,
1497 1252 1543 1286 qui
1561 1249 1748 1285 supergreditur
1758 1247 1814 1273 littm-

1099 1309 1159 1328 rum
1176 1303 1313 1331 naturam,
1327 1298 1507 1326 divinioribus
1522 1297 1640 1324 motibus
1654 1294 1730 1329 magis
1742 1300 1775 1320 eos
1785 1291 1814 1315 ilii-

1100 1347 1185 1374 minat
1203 1346 1302 1381 quibus
1316 1344 1491 1379 Evangelium
1511 1350 1564 1370 non
1579 1346 1620 1369 est
1634 1341 1739 1368 velatum
1750 1347 1755 1365 :
1768 1335 1814 1364 nari

1100 1392 1172 1420 enim
1195 1395 1278 1426 agunt
1293 1395 1322 1417 ut
1339 1390 1448 1416 videant
1467 1396 1529 1424 qua:
1548 1388 1576 1414 in
1595 1387 1682 1415 anima
1701 1393 1742 1412 sua
1757 1390 1814 1418 per

1101 1437 1297 1465 surrectionem
1320 1435 1421 1463 Christi
1447 1434 1515 1460 fiunt
1540 1432 1676 1468 mysteria.
1701 1428 1814 1456 Proditus“

1101 1481 1173 1509 enim
1190 1481 1305 1515 quadam
1323 1478 1530 1514 prodilieatione
1547 1482 1575 1504 et
1596 1476 1641 1511 qui
1659 1474 1737 1502 credit
1747 1472 1814 1503 Scriptr

1102 1528 1151 1560 ris,
1168 1526 1266 1561 majori
1284 1529 1374 1552 autem
1397 1524 1515 1558 repletur
1534 1521 1646 1550 scientia
1661 1520 1706 1556 qui
1717 1519 1771 1545 ridet
1780 1513 1814 1549 Μ

1101 1572 1288 1601 conscinditur
1302 1571 1391 1598 velum
1403 1569 1552 1605 Scriptura?
1564 1576 1579 1595 a
1592 1575 1696 1596 sursum
1706 1563 1814 1598 usquetlor

1101 1626 1173 1650 sum,
1193 1622 1220 1645 et
1239 1616 1313 1644 videt
1334 1622 1396 1650 quae
1417 1619 1481 1642 sunt
1505 1614 1576 1641 intra
1601 1613 1697 1647 ipsum.
1719 1609 1789 1635 Beatus
1806 1611 1814 1629 ει

1102 1665 1191 1688 autem
1218 1664 1245 1687 et
1269 1659 1313 1686 cui
1338 1663 1409 1686 terra
1432 1663 1459 1685 et
1483 1657 1576 1684 omnia
1601 1661 1702 1683 terrena
1720 1657 1814 1680 mow‘Jtl

1103 1710 1243 1741 propterea
1260 1704 1332 1732 enim
1349 1707 1377 1730 et
1395 1710 1410 1730 a
1425 1703 1536 1729 Christo
1553 1706 1618 1729 sunt
1639 1704 1721 1730 mota;
1742 1705 1777 1724 nec
1792 1703 1814 1719 κίε

1103 1753 1237 1779 vehuntur
1258 1751 1340 1786 pedes
1361 1749 1430 1783 ejus,
1455 1756 1506 1775 nec
1522 1748 1594 1775 dicet
1615 1755 1622 1772 :
1647 1746 1697 1772 Mei
1715 1750 1779 1770 auum
1789 1746 1814 1773 rw

1103 1798 1169 1824 moti
1191 1801 1252 1824 sunt
1266 1796 1343 1831 pedes
1358 1795 1391 1822 ¹¹.
1421 1793 1530 1827 Quanto
1550 1798 1638 1820 autem
1660 1790 1752 1818 beatior
1764 1793 1814 1818 citati

1103 1843 1177 1870 videt
1201 1843 1289 1870 oculis
1310 1841 1407 1868 anima:
1431 1840 1534 1867 scissas
1556 1843 1654 1874 petras,
1678 1843 1748 1871 quam
1763 1832 1787 1859 illi
1797 1837 1814 1863 li

1103 1894 1168 1917 tunc
1184 1888 1361 1923 corporaliter
1377 1887 1434 1914 ﬁeri
1452 1887 1504 1913 ista
1519 1883 1662 1912 viderunt?
1677 1881 1702 1909 Si
1717 1886 1814 1910 autc-mp1

1103 1936 1198 1963 videns
1225 1940 1251 1962 et
1276 1938 1451 1961 monumenta
1476 1937 1588 1966 aperta,
1614 1935 1641 1957 et
1664 1935 1758 1963 corpora
1775 1925 1814 1950 msh

1103 1980 1296 2009 dormientium
1327 1983 1483 2007 sanctorum
1527 1975 1662 2011 surgentia
1686 1973 1753 2002 etde
1768 1978 1814 1997 mm

1105 2027 1203 2054 mentis
1227 2024 1403 2061 egredientia,
1427 2029 1489 2058 post
1515 2021 1732 2049 resurrectionem
1749 2020 1814 2048 certost

1105 2070 1217 2103 Christi,
1239 2060 1351 2097 omnino
1364 2068 1471 2095 alienus
1487 2067 1602 2094 efficitur
1624 2075 1639 2094 a
1654 2060 1798 2092 monumentir‘.
1808 2061 1814 2080 'l

1105 2116 1271 2144 domesticus
1286 2114 1401 2142 eﬂieitur
1415 2112 1534 2139 civitatis
1547 2112 1595 2139 Dei
1618 2111 1742 2145 ingressus
1757 2107 1773 2133 in
1783 2110 1814 2128 ’θεη

1072 2176 1095 2205 υ
1108 2165 1210 2196 quanto
1226 2160 1311 2195 magis
1326 2157 1531 2194 prodiﬁcabitur
1555 2156 1670 2191 amplius
1685 2155 1714 2182 iis
1725 2152 1759 2188 qui
1769 2155 1814 2205 alii:

1109 2207 1201 2235 raliter
1225 2206 1347 2242 prodigia
1371 2205 1421 2232 ista
1445 2203 1589 2230 viderunt?
1615 2202 1685 2228 Satis
1707 2204 1772 2227 autem
1787 2197 1814 2226 tu

1108 2254 1209 2282 distare
1226 2253 1299 2280 hunc
1316 2252 1362 2286 qui
1380 2250 1533 2287 ingreditur
1557 2249 1584 2276 in
1605 2248 1730 2276 civitatem
1743 2247 1814 2270 53W“

1105 2304 1132 2327 et
1146 2303 1258 2333 apparet
1274 2297 1366 2325 multis
1380 2297 1443 2332 quia
1458 2300 1500 2324 est
1522 2296 1548 2323 in
1563 2296 1606 2325 ea;
1622 2294 1656 2320 ab
1673 2293 1713 2319 illo
1725 2289 1758 2324 qui

1107 2345 1171 2372 dum
1196 2343 1337 2371 historiam
1356 2341 1443 2369 credit
1463 2346 1491 2369 et
1507 2348 1561 2368 non
1583 2339 1699 2368 ascendit
1717 2334 1774 2363 aliis
1786 2338 1814 2357 μῦ·

1109 2390 1170 2425 pliei
1191 2389 1222 2416 ad
1239 2389 1335 2416 altiora
1352 2387 1493 2423 mysteria.

1146 2434 1206 2461 MO.
1228 2434 1352 2461 Centurio
1369 2439 1468 2465 autem,
1486 2437 1512 2459 et
1525 2433 1570 2467 qui
1586 2439 1644 2458 cum
1663 2438 1690 2457 ea
1703 2430 1760 2455 erant
1774 2427 1814 2448 flii"

1109 2480 1207 2505 dientes
1219 2477 1322 2510 Iesum,
1342 2478 1397 2504 viso
1418 2481 1495 2503 terra
1515 2481 1604 2509 motu,
1621 2481 1645 2503 et
1658 2475 1694 2501 his
1705 2479 1750 2507 qu
1760 2467 1814 2502 ﬁ?”

1110 2525 1253 2550 timuerunt
1281 2523 1366 2554 valde,
1391 2523 1507 2550 dicentes
1529 2530 1538 2549 :
1567 2521 1629 2548 Vere
1653 2520 1727 2546 Filius
1745 2514 1775 2541 1ιεὶ
1791 2510 1814 2534 "il

1110 2570 1158 2596 iste
1171 2570 1205 2595 ".
1220 2568 1328 2596 Marcus
1345 2568 1367 2583 “
1383 2571 1472 2595 autem
1495 2567 1535 2595 sic
1557 2566 1669 2594 scribit:
1686 2563 1759 2590 Vidn:
1771 2560 1814 2582 5'15"

1110 2616 1150 2642 rio
1176 2615 1220 2647 qui
1254 2614 1360 2641 astabat
1383 2613 1419 2640 ibi
1444 2613 1570 2648 quoniam
1596 2613 1705 2638 clamans
1727 2605 1814 2637 utri“

1110 2659 1178 2686 dixit
1191 2666 1201 2686 :
1225 2657 1286 2686 Vere
1310 2658 1352 2685 hic
1369 2658 1445 2685 Immo
1467 2655 1556 2684 Filius
1579 2661 1633 2684 erat
1654 2655 1706 2682 Dei.
1721 2652 1779 2679 LII“s
1792 2652 1814 2667 "

314 2775 335 2789 ”
351 2774 416 2808 Agg.
434 2782 464 2805 lt,
478 2774 503 2800 7.
553 2774 573 2789 "
588 2773 683 2800 Matth.
713 2780 767 2804 va,
786 2772 827 2798 18.
868 2773 888 2787 ¹“
904 2772 1003 2806 Ephos.

1102 2795 1107 2800 -
1148 2771 1446 2806 "Jun-Lustrales.
1494 2771 1518 2787 η
1533 2769 1629 2804 Philip.
1644 2762 1730 2797 Iu,‘.’0.
1756 2753 1811 2781 "tu"

279 2815 350 2835 tun
363 2828 370 2840 ,
384 2810 410 2837 2.
449 2810 471 2825 "
488 2808 582 2837 Matth.
601 2816 689 2841 xxvii,
709 2809 752 2836 5.5.
791 2809 812 2824 “
825 2808 906 2836 Marc.
919 2809 1016 2842 “,59.
