1839 3053
8 134 40 160 93
538 130 833 159 COMMENTARIORU
840 130 861 157 Μ
884 130 1014 158 SEnlES.

1530 132 1600 160 1796

9 199 24 215 ιι
42 189 66 204 ’⁵
81 199 88 216 :
115 188 211 215 Videtis
229 189 345 215 centurio
357 196 415 223 qua:
429 189 501 223 facta
519 193 590 220 διιιιι,
605 187 762 223 glori/ienuit
780 189 801 217 Α
816 186 868 214 lius
886 187 1006 222 pendens
1021 187 1048 213 in
1071 194 1152 214 cruce
1169 187 1286 222 amplius
1302 188 1471 216 cruciaretur
1482 210 1488 219 .
1511 199 1600 226 neque

11 243 69 266 um,
87 235 204 261 dicens:
224 234 287 261 Vere
305 234 347 260 lu'c
369 235 444 260 homo
462 234 551 268 justus
572 238 640 260 erat.
660 233 763 259 Secun-

9 289 35 307 m
63 279 189 308 Marcum
211 280 333 314 quidem,
359 281 493 312 centurio,
519 287 571 306 non
596 280 659 313 quia
675 279 763 305 velum

8 326 66 360 upli
83 325 176 353 fuerat
191 326 309 353 scissum
331 333 347 352 a
370 332 480 352 sursum
511 332 597 358 usque
623 325 762 354 deorsum,

8 379 23 397 c
44 371 114 405 quia
141 371 194 398 alia
222 370 292 398 facta
319 374 383 398 sunt
404 370 492 404 signa,
517 369 666 396 secundum
691 369 763 403 quod

8 414 59 441 fert
85 415 242 448 Malthteus,
271 415 297 442 id
323 419 366 442 est
388 415 452 449 quia
480 418 552 440 mota
575 417 618 440 est
641 418 724 446 terra,
738 418 765 439 et

11 458 36 485 ia
61 464 150 493 petra:
170 463 235 486 sunt
258 458 363 490 scissae,
391 463 438 486 aut
463 462 554 493 aperta
580 463 643 485 sunt
668 466 765 484 mouu-

8 509 76 535 mla,
92 510 136 532 est
149 504 298 532 admirans.
326 503 443 539 Dignum
459 508 502 531 est
513 511 579 539 ergo
596 504 686 530 videre
699 503 763 538 quid

9 554 67 576 stea
95 549 198 577 factum
220 555 262 577 est
285 557 366 584 super
392 549 456 576 illud
472 549 544 584 quod
567 549 699 584 scriptum
723 553 765 576 est

9 597 43 622 ud
63 595 200 628 Marcum,
217 601 245 622 ιιι
263 596 408 622 miraretur
424 594 548 622 centurio
562 594 675 622 dicens:
701 594 765 621 Vere

8 651 13 657 -
29 642 122 669 Filius
143 647 200 669 erat
214 642 272 668 Dei.
297 640 329 668 Et
345 641 405 668 vide
421 642 443 668 si
460 641 549 668 dicere
564 642 766 675 possumusse-

10 688 96 715 udum
117 696 201 715 unum
220 687 328 722 quidem
357 686 480 719 modum,
498 686 628 721 quoniam
650 687 765 714 miratus

8 740 12 760 ι
30 734 56 760 in
75 734 120 760 his
135 741 196 768 qua:
217 733 287 760 dicta
312 732 419 760 fuerant
442 732 477 759 ab
499 739 532 759 eo
548 733 581 759 ad
595 731 679 758 Deum
702 739 764 758 cum

8 786 95 806 rmore
119 784 147 805 et
165 777 352 813 magnitudine
371 785 512 808 sensuum,
528 776 677 804 secundum
693 777 764 811 quod

8 825 100 858 piebat
125 823 287 858 intelligere,
315 822 459 856 suspicans
483 821 633 848 admiratus
658 826 709 855 est,
738 827 764 849 et

8 870 59 896 tit:
85 868 155 896 Vere
178 869 220 895 hic
240 868 316 895 homo
340 872 396 894 erat
415 866 504 893 Filius
524 867 580 894 Dei.
609 866 763 894 Secundqu

8 922 89 940 .erum
124 918 214 941 autem
241 913 364 945 modum,
388 912 517 947 quoniam
544 911 613 939 forte
637 916 765 946 praestare

10 959 68 986 lens
83 959 190 986 Pilatus
205 959 305 994 populo
321 958 450 985 universo
465 957 512 992 qui
530 957 637 984 dixerat
650 966 656 984 :
671 957 765 984 Cruci-

8 1014 38 1035 ie,
57 1005 186 1040 cruciﬁge
197 1013 256 1032 eum
269 1006 303 1037 ’⁵,
318 1004 451 1032 ettimens
464 1004 554 1039 populi
569 1004 652 1031 totius
664 1004 765 1031 tumul-

8 1059 43 1082 ιιι.
62 1059 118 1078 non
138 1051 230 1085 jussit,
249 1050 399 1077 secundum
421 1049 646 1077 consuetudinem
663 1049 764 1076 Roma-

8 1104 72 1122 irum
95 1096 131 1123 de
153 1095 196 1123 his
215 1095 261 1130 qui
285 1096 492 1131 cruciﬁguntur,
509 1095 613 1130 percuti
640 1095 691 1122 sub
708 1095 765 1122 alas

12 1142 102 1175 rporis
128 1140 191 1168 Jesu
206 1151 212 1167 :
228 1141 301 1176 quod
329 1141 432 1168 iaciunt
456 1140 604 1175 aliquando
627 1140 673 1175 qui
701 1148 765 1167 con-

11 1190 106 1212 mnant
127 1194 174 1213 eos
190 1186 235 1220 qui
253 1186 279 1213 in
302 1185 450 1220 majoribus
473 1185 621 1212 sceleribus
641 1188 704 1212 sunt
722 1184 763 1211 in-

12 1231 60 1258 uti.
77 1231 214 1265 Quoniam
236 1239 302 1267 ergo
315 1232 446 1266 majorem
463 1231 597 1258 sustinent
613 1231 765 1258 cruciatum

8 1278 22 1303 ii
50 1285 104 1304 non
131 1277 319 1312 percutiuntur
342 1281 402 1311 post
426 1275 572 1309 ﬁxiouem,
599 1275 647 1304 sed
673 1276 766 1303 vivunt

8 1330 39 1348 im
66 1323 187 1357 plurimo
212 1322 346 1356 cruciatu,
373 1322 521 1357 aliquando
545 1327 635 1350 autem
659 1327 686 1350 et
710 1326 766 1350 tota

8 1372 66 1399 κιρ,
81 1371 110 1394 ει
125 1367 215 1394 adhuc
228 1372 289 1402 post
303 1375 361 1394 eam
383 1371 438 1395 tota
455 1367 508 1394 die.
525 1366 605 1395 Jcsus
624 1375 688 1403 ergo
703 1375 765 1394 cum

8 1420 31 1438 in
48 1412 147 1439 fuisset
161 1420 317 1447 percussus,
331 1417 358 1440 et
372 1417 528 1447 speraretur
540 1413 586 1440 diu
602 1413 722 1448 pendens
738 1412 765 1439 in

8 1465 60 1484 ‘uce
88 1457 193 1492 majora
217 1457 271 1492 pati
301 1461 448 1489 tormenta,
476 1458 564 1485 oravit
591 1457 710 1490 Patrem,
739 1462 767 1485 et

815 232 984 263 interfectus.
1001 235 1089 266 neque
1103 232 1266 266 depositus?
1280 233 1382 260 Tamen
1401 236 1537 268 centu-io,
1555 245 1598 264 se-

814 278 932 304 cundum
947 277 1115 309 Mattliwum,
1130 284 1183 304 non
1196 282 1300 305 tantum
1313 279 1382 306 dixit
1396 280 1429 306 de
1438 279 1502 308 Ji-su
1514 291 1520 308 ε
1538 281 1600 309 Vere

814 323 903 350 Filius
924 323 972 350 Dei
986 328 1044 350 erat
1061 324 1122 356 iste,
1138 323 1185 351 sed
1199 328 1226 351 ct
1241 324 1330 350 timuit
1343 332 1417 356 eum,
1432 330 1510 353 terra:
1526 333 1601 354 motu

814 376 877 397 eum
891 369 918 396 in
932 369 1056 396 timorem
1074 369 1207 397 mittente.
1226 369 1352 397 Forsitan
1370 375 1460 397 autem
1481 377 1505 398 (ιι
1520 380 1602 407 expe-

814 415 931 442 rimento
948 414 1050 442 sciebat
1065 422 1148 449 super
1166 419 1244 442 terrae
1265 420 1355 442 motus
1370 416 1417 450 qui
1433 416 1459 443 iu
1477 419 1603 452 gentibus

815 461 892 494 ﬁunt,
909 467 972 487 eum
998 465 1076 487 teme
1093 465 1196 487 motum
1221 460 1322 493 fuisse,
1346 465 1374 488 et
1390 461 1416 488 in
1435 463 1486 490 hoc
1499 465 1604 498 stupuit

815 506 919 534 videns.
933 505 966 532 Et
978 506 1092 533 observa
1105 505 1234 540 quoniam
1250 507 1321 541 apud
1336 506 1467 540 Marcum,
1480 508 1525 535 tibi
1540 517 1604 535 ceu-

815 553 887 579 turio
904 552 1008 579 nullum
1024 551 1185 578 miraculum
1203 552 1304 579 vidisse
1320 552 1447 586 refertur,
1465 553 1602 581 hominem

814 596 979 624 dicitJesum
991 596 1089 623 Filium
1105 596 1165 624 Dei:
1178 597 1223 632 qui
1237 602 1326 624 autem
1339 598 1527 625 conscissione
1539 599 1601 631 veli,

815 643 855 670 vel
869 650 884 669 a
900 647 979 669 terra:
991 646 1065 669 motu
1079 643 1193 677 stupuit,
1205 643 1343 670 hominem
1362 643 1435 670 illum
1452 643 1536 671 fuisse
1547 651 1602 671 non

814 687 897 720 dicit,
926 688 973 715 sed
996 687 1094 714 Filium
1122 687 1178 715 Dei.
1201 687 1342 714 Couseutit
1366 692 1455 716 autem
1477 689 1556 716 nobis
1569 689 1602 716 ad

816 737 961 759 tractatum
979 740 1060 767 quem
1078 732 1191 759 fecimus
1209 733 1242 760 de
1257 732 1396 767 Scriptura
1414 733 1507 765 Marci,
1521 734 1603 761 etiam

815 786 905 805 sermo
926 777 1136 812 conscriptiouis
1165 777 1260 808 Luem,
1283 778 1413 812 quoniam
1437 783 1463 805 et
1487 779 1545 813 ipsc
1561 780 1601 807 sie

816 823 910 851 scribit
922 824 964 850 ‘7:
987 823 1051 850 Vere
1069 823 1111 850 hic
1127 824 1202 849 homo
1221 823 1311 857 justus
1332 828 1407 855 erat;
1432 825 1502 859 apud
1523 833 1603 860 quem

817 869 885 896 nihil
900 869 971 896 aliud
985 869 1098 900 dicitur,
1115 868 1166 895 nisi
1179 869 1211 895 de
1226 869 1295 895 velo.
1316 868 1422 900 Vident,
1436 869 1532 904 inquit,
1547 878 1604 905 qua

815 915 887 949 facta
900 920 972 947 sunt,
989 914 1108 940 centurio
1123 913 1281 948 glariﬁcavit
1300 914 1394 944 Deum.
1408 915 1516 941 dicens:
1541 914 1605 941 Vere

811 961 900 995 justus
914 966 970 988 erat
987 961 1029 987 hic
1050 961 1136 986 homo.
1156 959 1290 992 Quoniam
1308 965 1398 987 autern
1424 961 1477 988 ta‘le
1501 960 1604 995 aliquid

816 1006 917 1034 factum
940 1010 982 1033 est
1001 1006 1027 1032 in
1043 1010 1165 1040 tempore
1181 1005 1419 1032 condcmnationis
1436 1005 1556 1038 Christi,
1579 1011 1606 1032 et

819 1059 872 1079 non
887 1051 972 1086 jussit
986 1050 1092 1078 Pilatus
1105 1050 1329 1078 consuetudinem
1343 1058 1451 1078 servare
1464 1055 1494 1078 ut
1508 1058 1607 1085 pereu-

817 1097 901 1123 tiatur
915 1104 1014 1130 corpus
1029 1095 1142 1126 Christi,
1158 1094 1313 1122 manili-stat
1326 1095 1407 1122 etiam
1421 1094 1541 1122 Joannes
1555 1096 1605 1121 huc

816 1142 898 1168 modo
924 1141 1065 1172 scribens,
1091 1142 1220 1176 quoniam
1248 1145 1404 1176 rogaverunt
1432 1140 1551 1168 Pilatum
1577 1145 1605 1167 ut

816 1187 1003 1221 frangerentur
1017 1194 1095 1212 crura
1109 1195 1199 1213 eorum
1215 1191 1239 1213 et
1256 1186 1411 1212 tollerentur
1424 1185 1456 1211 ’⁸.
1472 1184 1542 1218 Quid
1557 1193 1603 1212 au-

817 1235 870 1258 tem
887 1232 1071 1259 necessarium
1089 1231 1177 1258 fuerat
1191 1239 1287 1267 rogare
1302 1236 1328 1259 et
1346 1239 1439 1266 preces
1462 1231 1558 1258 oll'erre
1572 1232 1605 1258 de

816 1277 868 1305 hoc
881 1299 888 1311 ,
905 1278 927 1305 si
943 1277 1092 1305 secundum
1109 1277 1333 1305 consuetudinem
1360 1276 1461 1303 factum
1482 1275 1579 1303 fuisset
1594 1276 1605 1302 ?

816 1323 918 1351 Miserti
932 1329 995 1351 sunt
1006 1331 1071 1358 ergo
1080 1322 1164 1350 Judzei
1175 1328 1235 1357 post
1246 1323 1382 1350 crudelem
1393 1322 1585 1349 condemnatio
1594 1337 1602 1342 -

817 1378 878 1398 nem
887 1378 993 1403 corum,
1007 1370 1053 1405 qui
1069 1374 1200 1404 quantum
1213 1369 1246 1396 ad
1261 1370 1489 1397 existimationem
1505 1377 1602 1397 corum

817 1416 943 1444 vivebant
968 1415 995 1442 in
1018 1415 1139 1442 cruciatu
1162 1415 1285 1442 terribili.
1312 1414 1343 1442 Et.
1369 1416 1468 1450 prioris
1492 1415 1602 1451 quidem

818 1471 898 1491 crura
915 1462 1063 1496 fregerunt,
1082 1461 1208 1489 similiter
1225 1465 1252 1488 et
1268 1461 1378 1488 secundi
1394 1470 1400 1488 :
1417 1460 1495 1489 Jesus
1513 1466 1604 1488 autent

8 1503 124 1529 auditus
149 1507 200 1536 est,
226 1507 253 1530 et
275 1503 366 1531 statim
389 1507 419 1530 ut
443 1503 570 1530 clamavit
597 1503 629 1530 ad
645 1503 734 1531 Pati-ei

894 1516 963 1543 opus
981 1507 1076 1535 habuit
1100 1506 1342 1534 intercessionibus
1367 1514 1461 1534 eorum
1484 1511 1531 1534 aut
1545 1515 1599 1542 pre—

11 1550 104 1579 ceptus
127 1550 170 1573 est
194 1555 201 1573 :
227 1550 275 1573 aut
297 1546 368 1574 sicut
391 1547 438 1582 qui
461 1552 621 1582 potestatem
648 1548 765 1576 habebat

9 1593 96 1620 "tendi
117 1593 236 1620 animam
254 1601 343 1627 suam,
367 1594 458 1629 posuit
479 1602 539 1622 eam
556 1594 665 1630 quando
681 1594 766 1622 voluit

10 1649 52 1673 se;
70 1642 142 1676 quod
164 1642 317 1677 prodigium
339 1643 442 1677 stupuit
461 1643 585 1669 centurio
605 1642 719 1673 factum,
739 1647 765 1669 et

10 1685 45 1712 xit
64 1695 70 1713 :
93 1686 156 1713 Vere
177 1687 219 1713 hie
237 1686 313 1713 homo
329 1686 417 1714 Filius
442 1692 498 1713 erat
524 1687 580 1714 Dei.
603 1686 763 1714 Miraculqu

9 1731 50 1758 iim
73 1736 133 1759 erat
154 1733 284 1767 quoniam
305 1738 368 1768 post
390 1737 445 1760 tres
469 1733 550 1759 horas
573 1736 696 1767 receptus
712 1737 764 1763 est,

9 1777 24 1802 ii
43 1777 113 1804 forte
128 1778 241 1805 biduum
259 1779 379 1806 victurus
396 1782 455 1805 erat
475 1778 502 1804 in
518 1785 599 1805 cruce
615 1778 765 1805 secundum

9 1824 205 1851 msuetudinem
229 1832 323 1851 eorum
344 1824 391 1859 qui
416 1824 620 1858 suspenduntur
645 1823 764 1858 quidem,

9 1875 32 1894 in
55 1875 146 1896 autem
170 1870 359 1904 percutiuntur
377 1878 383 1896 :
403 1873 432 1896 ut
446 1868 581 1896 videretur
603 1867 764 1895 beuelicium

9 1914 26 1940 si
47 1914 134 1942 fuisse
157 1915 229 1950 quod
251 1914 409 1949 exspiravit,
433 1919 460 1941 et
482 1914 607 1941 meritum
633 1913 766 1940 orationis

9 1966 36 1985 us
50 1960 137 1995 magis
154 1967 236 1994 quam
252 1960 379 1987 violentia
396 1959 497 1986 crucis.
512 1958 578 1985 lllud
595 1958 676 1985 etiam
693 1958 765 1993 quod

34 2005 214 2040 sequentibus
239 2006 351 2040 exponit
375 2005 494 2037 Marcus,
521 2003 696 2038 cumJoseph
722 2003 765 2030 in-

9 2056 77 2078 asset
96 2050 130 2078 ad
151 2050 281 2084 Pilatum,
305 2056 333 2079 et
354 2051 476 2086 peliisset
499 2057 599 2084 corpus
613 2048 688 2082 Jesu,
715 2049 766 2077 hoc

9 2102 66 2122 sum
87 2096 236 2131 signiﬁcat.
261 2096 306 2124 Sic
328 2097 400 2124 enim
421 2096 497 2129 dicit,
519 2096 646 2130 quoniam
664 2094 766 2122 Pilatus

10 2139 93 2168 iratus
111 2141 189 2168 estsi
207 2141 264 2175 jam
279 2145 402 2168 mortuus
415 2144 497 2172 esset,
514 2144 540 2166 et
556 2146 657 2166 vocans
671 2143 766 2166 centu-

817 1554 894 1582 eibus
910 1561 978 1588 quas
993 1552 1151 1580 obtulerunt
1163 1551 1248 1579 Pilato
1263 1560 1270 1579 :
1285 1557 1395 1587 propter
1409 1552 1481 1586 quod
1495 1552 1602 1579 venien-

817 1603 857 1626 tes
873 1599 905 1626 ad
926 1597 1037 1631 Jesum,
1053 1597 1183 1633 quoniam
1199 1598 1255 1632 jam
1278 1601 1403 1624 mortuus
1424 1602 1501 1629 erat,
1525 1604 1605 1624 crura

818 1644 878 1679 ejus
900 1651 953 1670 non
970 1643 1118 1678 fregerunt.
1137 1642 1192 1670 Aut
1207 1642 1275 1670 forte
1292 1650 1345 1669 non
1364 1647 1473 1677 propter
1497 1641 1607 1670 miseri-

815 1690 935 1716 cordiam
951 1689 1003 1716 hoc
1021 1688 1143 1716 fecerunt
1156 1687 1258 1720 Judaei,
1277 1687 1322 1714 sed
1339 1686 1524 1722 principaliter
1538 1694 1604 1722 pro-

816 1739 875 1770 pter
900 1734 1066 1766 Sabbalum,
1094 1738 1124 1760 ut
1149 1741 1201 1760 non
1226 1737 1354 1760 maneant
1377 1740 1490 1767 corpora
1518 1740 1600 1767 super

816 1786 924 1807 crucem
948 1779 974 1806 iu
998 1778 1126 1806 Sabbato.
1152 1778 1216 1805 Erat
1237 1778 1309 1805 enim
1337 1785 1451 1812 magnus
1475 1777 1533 1804 dies
1557 1777 1602 1804 ille

817 1824 941 1852 Salibati.
958 1824 1021 1851 lltec
1033 1823 1212 1851 tractavimus
1227 1826 1369 1858 propterea
1382 1822 1454 1856 quod
1471 1822 1602 1856 scriptum

815 1873 867 1901 est,
883 1868 955 1902 qttod
972 1868 1101 1901 centurio,
1117 1873 1142 1894 et
1153 1868 1198 1902 qui
1217 1875 1275 1894 cum
1294 1874 1323 1893 eo
1342 1865 1480 1893 servabant
1495 1865 1586 1892 Iesum
1597 1886 1605 1897 ,

816 1918 843 1940 et
855 1918 961 1944 caetera,
978 1913 1092 1939 videntes
1109 1918 1186 1939 terrte
1201 1918 1317 1943 motum,
1339 1916 1363 1938 et
1382 1919 1541 1946 qua'cunque
1559 1912 1606 1946 ﬁe-

817 1959 877 1985 bant
888 1977 895 1989 ,
922 1958 1074 1984 timuerunt.
1088 1955 1241 1984 Verisimile
1255 1961 1297 1984 est
1309 1956 1381 1991 quod
1397 1956 1523 1983 viderunt
1537 1964 1605 1991 quo.

817 2004 898 2031 modo
911 2004 999 2030 velum
1016 2003 1111 2037 templi
1119 2007 1177 2029 erat
1187 2002 1357 2029 conscissum
1370 2008 1455 2036 usque
1463 2001 1604 2032 deorsum.

817 2055 843 2077 et
860 2053 957 2076 caetera
974 2048 1132 2083 mysterium
1149 2047 1319 2074 ostendentia
1337 2054 1431 2075 eorum
1446 2054 1507 2081 qua:
1523 2053 1604 2081 supra

818 2093 994 2124 tradidimus,
1009 2097 1035 2118 et
1049 2092 1198 2118 timuerunt
1211 2091 1306 2118 valde:
1320 2090 1371 2118 hoc
1384 2091 1455 2118 enim
1471 2091 1606 2126 signiﬁcat

818 2138 890 2173 quod
901 2137 1010 2170 dicitur,
1021 2135 1106 2162 valde.
1117 2134 1183 2162 Vide
1197 2139 1287 2161 autem
1301 2143 1334 2162 ne
1343 2135 1413 2162 lortu
1434 2140 1461 2163 et
1474 2135 1602 2162 moralem

9 2192 82 2213 ouem
104 2187 283 2221 interrogavit
299 2194 361 2213 eum
383 2187 405 2214 si
419 2186 475 2221 jam
494 2189 617 2212 mortuus
633 2189 721 2217 esset;
739 2189 766 2212 et
782 2178 803 2204 ι)
818 2181 1016 2217 expOsitionem
1038 2179 1150 2214 suscipit
1175 2186 1265 2206 sermo
1281 2179 1333 2206 hoc
1352 2179 1452 2206 modo:
1475 2179 1604 2214 quoniam

9 2238 41 2256 im
60 2232 185 2259 audisset
208 2240 222 2259 ει
246 2232 424 2263 centurione,
448 2230 559 2258 donavit
584 2237 683 2264 corpus
707 2230 766 2264 ejus

9 2277 88 2311 tSCpl].
119 2277 148 2304 Si
175 2277 247 2304 enim
273 2277 440 2305 consuetudo
463 2284 523 2311 quae
545 2275 614 2311 apud
632 2275 767 2303 [tertianos

11 2327 66 2350 erat
98 2323 132 2350 de
160 2323 297 2350 cruciﬁxis
320 2327 401 2357 atque
429 2321 582 2357 percussis,
611 2321 638 2348 in
659 2321 767 2348 Christo

13 2373 84 2395 rvala
104 2367 215 2401 fuisset,
229 2368 367 2403 quomodo
387 2368 501 2395 miratus
515 2367 611 2394 luisset
624 2366 726 2393 Pilatus
742 2366 765 2393 si

10 2420 33 2438 in
55 2418 182 2440 mortuus
202 2414 266 2441 est?
295 2412 362 2440 Vide
385 2421 450 2448 ergo
467 2413 519 2440 nisi
535 2420 635 2439 novum
653 2411 766 2438 demon-

10 2461 48 2484 rat
75 2458 239 2485 miraculum
260 2458 332 2494 quod
349 2458 404 2492 jam
421 2462 546 2485 mortuus
567 2461 637 2489 erat,
652 2461 679 2484 et
692 2456 765 2491 quod

10 2504 87 2530 icavit
99 2503 288 2531 centurionem
304 2502 419 2535 Pilatus,
438 2506 465 2529 et
481 2501 661 2535 interrogavit
677 2501 698 2528 si
709 2500 764 2535 jam

13 2554 107 2576 ortuus
122 2553 173 2576 est.
199 2548 264 2576 Vide
288 2552 378 2575 autem
406 2547 458 2575 nisi
485 2547 642 2582 bujusmodi
663 2547 767 2573 crucia-

10 2602 39 2620 uu
55 2595 140 2623 fuisse
151 2595 252 2622 Christi
263 2595 345 2621 etiam
357 2593 498 2620 Mattheus
515 2592 643 2625 ostendit,
656 2591 766 2618 dicens:

10 2640 64 2675 t29
87 2640 214 2668 Centurio
240 2645 265 2668 et
291 2640 335 2675 qui
363 2648 422 2666 cum
447 2647 476 2665 eo
502 2643 598 2671 erant,
628 2637 766 2664 servabant

10 2695 73 2713 erant
87 2688 120 2714 ἐ.
137 2687 226 2720 Quare
245 2691 335 2714 autem
353 2694 414 2713 eum
429 2685 582 2717 servabant,
597 2684 647 2711 nisi
664 2688 692 2710 ut
704 2683 765 2709 diu-

19 2815 170 2850 l.ur.xvut,
182 2816 251 2843 πει
269 2817 323 2844 ibid
338 2817 383 2843 21.
423 2816 446 2832 ’⁸
461 2815 554 2843 Matth.
573 2822 657 2846 xxvn,
676 2813 720 2840 Eii.

759 2813 781 2828 "
797 2820 874 2845 xxui,
892 2811 936 2838 47.

819 2232 883 2254 sunt
903 2226 1014 2261 quidam
1034 2224 1080 2260 qui
1097 2223 1249 2258 suscipiunt
1265 2222 1403 2250 Christum
1427 2228 1454 2251 et
1475 2228 1603 2252 servant:

820 2272 899 2308 quasi
916 2271 1026 2307 quando
1046 2269 1162 2298 viderint
1181 2268 1330 2296 secundum
1353 2269 1425 2302 quod
1444 2270 1604 2297 tradidimus

821 2320 910 2347 velum
926 2317 1013 2346 scindi
1024 2338 1031 2350 ,
1048 2321 1075 2344 et
1090 2320 1181 2351 petras
1203 2315 1274 2343 sicut
1292 2314 1469 2348 exposuimus
1486 2315 1559 2347 llndi,
1578 2320 1605 2343 ct

823 2369 1000 2392 monumenta
1024 2363 1174 2390 secundum
1193 2359 1268 2396 quod
1285 2359 1461 2394 exposuimus
1485 2362 1603 2395 aperiri,

817 2416 845 2440 et
859 2417 975 2445 corpora
992 2412 1162 2436 mortuorum
1177 2411 1333 2434 sanctorum
1349 2405 1475 2431 exeuntia
1497 2406 1530 2433 de
1544 2414 1604 2433 mu-

818 2456 956 2484 numentis
967 2475 974 2487 ,
989 2459 1016 2482 et
1031 2452 1195 2481 introcuntia
1212 2452 1239 2479 in
1263 2451 1398 2478 civitatem
1417 2454 1537 2477 sanctam
1549 2471 1556 2483 ,
1578 2452 1603 2478 id

817 2507 859 2530 est
873 2501 1034 2533 Ecclesiam,
1048 2500 1221 2532 adducuntur
1235 2498 1262 2525 in
1277 2498 1399 2524 timorem
1417 2495 1474 2528 Dei,
1487 2500 1514 2523 et
1528 2497 1604 2523 testi-

818 2547 940 2575 monium
953 2545 1095 2582 perhibent
1108 2544 1237 2580 quoniam
1255 2543 1340 2570 Filius
1355 2541 1400 2569 Dei
1416 2546 1457 2569 est
1473 2542 1520 2576 qui
1537 2543 1603 2569 talia

819 2601 916 2630 passus
933 2597 982 2620 est.
1003 2591 1036 2619 Et
1053 2599 1107 2618 non
1121 2591 1172 2618 erit
1189 2590 1287 2617 mirum
1313 2589 1335 2616 si
1353 2587 1495 2616 confessus
1517 2587 1605 2616 fuerat

820 2638 920 2673 aliquis
936 2636 1035 2664 Filium
1055 2635 1100 2663 Dei
1112 2656 1119 2669 ,
1133 2634 1252 2662 Verbum
1262 2655 1269 2666 ,
1285 2639 1311 2661 et
1331 2633 1502 2668 sapientiam,
1517 2638 1544 2660 et
1557 2641 1604 2659 ve-

821 2683 941 2715 ritatem,
956 2687 983 2710 et
998 2681 1090 2709 omnia
1106 2687 1274 2716 quaecunque
1286 2679 1385 2707 dicitur
1399 2678 1485 2706 Filius
1499 2677 1557 2706 Dei.
1573 2678 1605 2706 I-lt

975 2811 997 2828 ’³
1011 2811 1088 2838 .loau.
1099 2818 1156 2841 xu,
1171 2810 1215 2838 5|.
