  <div class='ocr_page' id='page_1' title='image "/cluster/home/n/w/nwhite01/storage/ocr_20150623/13/njp.32101077772430/1107.png"; bbox 0 0 1839 3053; ppageno 0'>
   <div class='ocr_carea' id='block_1_1' title="bbox 229 141 299 169">
    <p class='ocr_par' dir='ltr' id='par_1_1' title="bbox 229 141 299 169">
     <span class='ocr_line' id='line_1_1' title="bbox 229 141 299 169; baseline 0 0"><span class='ocrx_word' id='word_1_1' title='bbox 229 141 299 169; x_wconf 64' lang='grc'><strong>1795</strong></span> 
     </span>
    </p>
   </div>
   <div class='ocr_carea' id='block_1_2' title="bbox 819 137 1832 167">
    <p class='ocr_par' dir='ltr' id='par_1_2' title="bbox 819 137 1832 167">
     <span class='ocr_line' id='line_1_2' title="bbox 819 137 1832 167; baseline -0.005 0"><span class='ocrx_word' id='word_1_2' title='bbox 819 138 982 167; x_wconf 81' lang='lat' dir='ltr'><strong>OIIIGENIS</strong></span> <span class='ocrx_word' id='word_1_3' title='bbox 1003 138 1035 166; x_wconf 85' lang='lat' dir='ltr'><strong>IN</strong></span> <span class='ocrx_word' id='word_1_4' title='bbox 1056 138 1263 166; x_wconf 69' lang='lat' dir='ltr'><strong>MAT&#39;I&#39;IIAEUM</strong></span> <span class='ocrx_word' id='word_1_5' title='bbox 1796 137 1832 163; x_wconf 59' lang='lat' dir='ltr'><strong>l7!</strong></span> 
     </span>
    </p>
   </div>
   <div class='ocr_carea' id='block_1_3' title="bbox 229 191 1834 232">
    <p class='ocr_par' dir='ltr' id='par_1_3' title="bbox 229 191 1834 232">
     <span class='ocr_line' id='line_1_3' title="bbox 229 191 1834 232; baseline -0.004 -7"><span class='ocrx_word' id='word_1_6' title='bbox 229 197 374 225; x_wconf 90' lang='lat' dir='ltr'><strong>laudabilis</strong></span> <span class='ocrx_word' id='word_1_7' title='bbox 390 201 433 225; x_wconf 84' lang='lat' dir='ltr'><strong>est</strong></span> <span class='ocrx_word' id='word_1_8' title='bbox 447 197 493 232; x_wconf 93' lang='lat' dir='ltr'><strong>qul</strong></span> <span class='ocrx_word' id='word_1_9' title='bbox 511 204 567 224; x_wconf 83' lang='lat' dir='ltr'><strong>non</strong></span> <span class='ocrx_word' id='word_1_10' title='bbox 590 197 771 223; x_wconf 73' lang='lat' dir='ltr'><strong>conturbatur</strong></span> <span class='ocrx_word' id='word_1_11' title='bbox 789 197 816 224; x_wconf 86' lang='lat' dir='ltr'><strong>in</strong></span> <span class='ocrx_word' id='word_1_12' title='bbox 835 198 878 224; x_wconf 86' lang='lat' dir='ltr'><strong>his</strong></span> <span class='ocrx_word' id='word_1_13' title='bbox 894 205 955 232; x_wconf 75' lang='lat' dir='ltr'><strong>quur.</strong></span> <span class='ocrx_word' id='word_1_14' title='bbox 977 197 1019 224; x_wconf 75' lang='lat' dir='ltr'><strong>vi-</strong></span> <span class='ocrx_word' id='word_1_15' title='bbox 1037 201 1056 228; x_wconf 79' lang='grc' dir='ltr'><strong>Α</strong></span> <span class='ocrx_word' id='word_1_16' title='bbox 1073 197 1121 224; x_wconf 87' lang='lat' dir='ltr'><strong>lilii</strong></span> <span class='ocrx_word' id='word_1_17' title='bbox 1135 196 1258 224; x_wconf 90' lang='lat' dir='ltr'><strong>tonitrui.</strong></span> <span class='ocrx_word' id='word_1_18' title='bbox 1276 195 1360 225; x_wconf 90' lang='lat' dir='ltr'><strong>Erant</strong></span> <span class='ocrx_word' id='word_1_19' title='bbox 1376 196 1453 223; x_wconf 89' lang='lat' dir='ltr'><strong>enim</strong></span> <span class='ocrx_word' id='word_1_20' title='bbox 1469 193 1521 222; x_wconf 83' lang='lat' dir='ltr'><strong>lilii</strong></span> <span class='ocrx_word' id='word_1_21' title='bbox 1540 193 1610 228; x_wconf 73' lang='lat' dir='ltr'><strong>ejus</strong></span> <span class='ocrx_word' id='word_1_22' title='bbox 1625 191 1746 219; x_wconf 80' lang='lat' dir='ltr'><strong>Joannes</strong></span> <span class='ocrx_word' id='word_1_23' title='bbox 1759 192 1834 219; x_wconf 66' lang='grc' dir='ltr'>(1]κιι-</span> 
     </span>
    </p>
   </div>
   <div class='ocr_carea' id='block_1_4' title="bbox 227 242 1021 278">
    <p class='ocr_par' dir='ltr' id='par_1_4' title="bbox 227 242 1021 278">
     <span class='ocr_line' id='line_1_4' title="bbox 227 242 1021 278; baseline 0 -9"><span class='ocrx_word' id='word_1_24' title='bbox 227 243 328 270; x_wconf 86' lang='lat' dir='ltr'><strong>dentur</strong></span> <span class='ocrx_word' id='word_1_25' title='bbox 351 243 499 278; x_wconf 80' lang='lat' dir='ltr'><strong>contigisse</strong></span> <span class='ocrx_word' id='word_1_26' title='bbox 521 243 545 269; x_wconf 76' lang='lat' dir='ltr'><strong>ei</strong></span> <span class='ocrx_word' id='word_1_27' title='bbox 571 250 647 269; x_wconf 89' lang='lat' dir='ltr'><strong>more</strong></span> <span class='ocrx_word' id='word_1_28' title='bbox 671 242 809 275; x_wconf 78' lang='lat' dir='ltr'><strong>humano,</strong></span> <span class='ocrx_word' id='word_1_29' title='bbox 823 248 850 269; x_wconf 90' lang='lat' dir='ltr'><strong>ct</strong></span> <span class='ocrx_word' id='word_1_30' title='bbox 875 243 1021 270; x_wconf 80' lang='lat' dir='ltr'><strong>conﬁtetur</strong></span> 
     </span>
    </p>
   </div>
   <div class='ocr_carea' id='block_1_5' title="bbox 228 289 538 325">
    <p class='ocr_par' dir='ltr' id='par_1_5' title="bbox 228 289 538 325">
     <span class='ocr_line' id='line_1_5' title="bbox 228 289 538 325; baseline -0.006 -8"><span class='ocrx_word' id='word_1_31' title='bbox 228 291 291 325; x_wconf 87' lang='lat' dir='ltr'><strong>quia</strong></span> <span class='ocrx_word' id='word_1_32' title='bbox 309 289 394 316; x_wconf 78' lang='lat' dir='ltr'><strong>Filius</strong></span> <span class='ocrx_word' id='word_1_33' title='bbox 409 293 467 316; x_wconf 87' lang='lat' dir='ltr'><strong>erat</strong></span> <span class='ocrx_word' id='word_1_34' title='bbox 481 289 538 316; x_wconf 86' lang='lat' dir='ltr'><strong>Dei.</strong></span> 
     </span>
    </p>
   </div>
   <div class='ocr_carea' id='block_1_6' title="bbox 266 333 1018 370">
    <p class='ocr_par' dir='ltr' id='par_1_6' title="bbox 266 333 1018 370">
     <span class='ocr_line' id='line_1_6' title="bbox 266 333 1018 370; baseline -0.001 -9"><span class='ocrx_word' id='word_1_35' title='bbox 266 335 326 362; x_wconf 82' lang='lat' dir='ltr'><strong>Ml.</strong></span> <span class='ocrx_word' id='word_1_36' title='bbox 345 334 428 361; x_wconf 82' lang='lat' dir='ltr'><strong>Erant</strong></span> <span class='ocrx_word' id='word_1_37' title='bbox 445 340 532 360; x_wconf 75' lang='lat' dir='ltr'><strong>anteiit</strong></span> <span class='ocrx_word' id='word_1_38' title='bbox 557 333 594 360; x_wconf 84' lang='lat' dir='ltr'><strong>ibi</strong></span> <span class='ocrx_word' id='word_1_39' title='bbox 612 333 734 360; x_wconf 79' lang='lat' dir='ltr'><strong>mulieres</strong></span> <span class='ocrx_word' id='word_1_40' title='bbox 751 342 766 360; x_wconf 90' lang='lat' dir='ltr'><strong>a</strong></span> <span class='ocrx_word' id='word_1_41' title='bbox 788 334 864 370; x_wconf 84' lang='lat' dir='ltr'><strong>longe</strong></span> <span class='ocrx_word' id='word_1_42' title='bbox 883 335 1018 367; x_wconf 77' lang='lat' dir='ltr'><strong>videntes,</strong></span> 
     </span>
    </p>
   </div>
   <div class='ocr_carea' id='block_1_7' title="bbox 228 379 1019 414">
    <p class='ocr_par' dir='ltr' id='par_1_7' title="bbox 228 379 1019 414">
     <span class='ocr_line' id='line_1_7' title="bbox 228 379 1019 414; baseline 0.003 -8"><span class='ocrx_word' id='word_1_43' title='bbox 228 389 286 414; x_wconf 63' lang='lat' dir='ltr'><strong>qua</strong></span> <span class='ocrx_word' id='word_1_44' title='bbox 302 386 399 408; x_wconf 65' lang='lat' dir='ltr'><strong>secutae</strong></span> <span class='ocrx_word' id='word_1_45' title='bbox 417 381 522 414; x_wconf 79' lang='lat' dir='ltr'><strong>fuerunt</strong></span> <span class='ocrx_word' id='word_1_46' title='bbox 534 379 628 406; x_wconf 74' lang='lat' dir='ltr'><strong>Iesum</strong></span> <span class='ocrx_word' id='word_1_47' title='bbox 649 388 665 406; x_wconf 77' lang='grc' dir='ltr'><em>α</em></span> <span class='ocrx_word' id='word_1_48' title='bbox 687 380 801 407; x_wconf 73' lang='grc' dir='ltr'>ϐιιιίιιειι</span> <span class='ocrx_word' id='word_1_49' title='bbox 812 401 819 413; x_wconf 87' lang='lat'><strong>,</strong></span> <span class='ocrx_word' id='word_1_50' title='bbox 834 381 1019 408; x_wconf 76' lang='lat' dir='ltr'><strong>ministrantes</strong></span> 
     </span>
    </p>
   </div>
   <div class='ocr_carea' id='block_1_8' title="bbox 227 425 1019 461">
    <p class='ocr_par' dir='ltr' id='par_1_8' title="bbox 227 425 1019 461">
     <span class='ocr_line' id='line_1_8' title="bbox 227 425 1019 461; baseline 0.003 -9"><span class='ocrx_word' id='word_1_51' title='bbox 227 427 251 453; x_wconf 78' lang='lat' dir='ltr'><strong>ei</strong></span> <span class='ocrx_word' id='word_1_52' title='bbox 262 433 271 458; x_wconf 81' lang='lat'><strong>,&#39;</strong></span> <span class='ocrx_word' id='word_1_53' title='bbox 284 426 352 452; x_wconf 86' lang='lat' dir='ltr'><strong>inter</strong></span> <span class='ocrx_word' id='word_1_54' title='bbox 362 433 426 460; x_wconf 72' lang='lat' dir='ltr'><strong>quas</strong></span> <span class='ocrx_word' id='word_1_55' title='bbox 437 430 494 452; x_wconf 83' lang='lat' dir='ltr'><strong>erat</strong></span> <span class='ocrx_word' id='word_1_56' title='bbox 507 425 595 452; x_wconf 83' lang='lat' dir='ltr'><strong>Maria</strong></span> <span class='ocrx_word' id='word_1_57' title='bbox 608 425 775 461; x_wconf 77' lang='lat' dir='ltr'><strong>Magdalette,</strong></span> <span class='ocrx_word' id='word_1_58' title='bbox 789 430 814 453; x_wconf 83' lang='lat' dir='ltr'><strong>et</strong></span> <span class='ocrx_word' id='word_1_59' title='bbox 824 425 912 453; x_wconf 81' lang='lat' dir='ltr'><strong>Maria</strong></span> <span class='ocrx_word' id='word_1_60' title='bbox 924 427 1019 454; x_wconf 80' lang='lat' dir='ltr'><strong>Jacobi</strong></span> 
     </span>
    </p>
   </div>
   <div class='ocr_carea' id='block_1_9' title="bbox 227 469 1019 504">
    <p class='ocr_par' dir='ltr' id='par_1_9' title="bbox 227 469 1019 504">
     <span class='ocr_line' id='line_1_9' title="bbox 227 469 1019 504; baseline 0.003 -7"><span class='ocrx_word' id='word_1_61' title='bbox 227 476 251 497; x_wconf 86' lang='lat' dir='ltr'><strong>et</strong></span> <span class='ocrx_word' id='word_1_62' title='bbox 269 469 365 504; x_wconf 72' lang='lat' dir='ltr'><strong>Ioseph</strong></span> <span class='ocrx_word' id='word_1_63' title='bbox 382 475 481 501; x_wconf 77' lang='lat' dir='ltr'><strong>mater.</strong></span> <span class='ocrx_word' id='word_1_64' title='bbox 501 476 525 498; x_wconf 83' lang='lat' dir='ltr'><strong>et</strong></span> <span class='ocrx_word' id='word_1_65' title='bbox 549 476 635 498; x_wconf 84' lang='lat' dir='ltr'><strong>muter</strong></span> <span class='ocrx_word' id='word_1_66' title='bbox 653 471 770 504; x_wconf 82' lang='lat' dir='ltr'><strong>filiorum</strong></span> <span class='ocrx_word' id='word_1_67' title='bbox 794 469 956 499; x_wconf 75' lang='lat' dir='ltr'><strong>Zebedtri&quot;.</strong></span> <span class='ocrx_word' id='word_1_68' title='bbox 981 472 1019 500; x_wconf 89' lang='lat' dir='ltr'><strong>De</strong></span> 
     </span>
    </p>
   </div>
   <div class='ocr_carea' id='block_1_10' title="bbox 228 516 1019 552">
    <p class='ocr_par' dir='ltr' id='par_1_10' title="bbox 228 516 1019 552">
     <span class='ocr_line' id='line_1_10' title="bbox 228 516 1019 552; baseline 0.004 -9"><span class='ocrx_word' id='word_1_69' title='bbox 228 517 288 543; x_wconf 82' lang='lat' dir='ltr'><strong>istis</strong></span> <span class='ocrx_word' id='word_1_70' title='bbox 304 516 464 544; x_wconf 81' lang='lat' dir='ltr'><strong>mulieribus</strong></span> <span class='ocrx_word' id='word_1_71' title='bbox 479 517 656 552; x_wconf 85' lang='lat' dir='ltr'><strong>proplietasse</strong></span> <span class='ocrx_word' id='word_1_72' title='bbox 673 517 795 546; x_wconf 82' lang='lat' dir='ltr'><strong>referunt</strong></span> <span class='ocrx_word' id='word_1_73' title='bbox 812 518 908 546; x_wconf 90' lang='lat' dir='ltr'><strong>Isaiam</strong></span> <span class='ocrx_word' id='word_1_74' title='bbox 926 519 1019 546; x_wconf 89' lang='lat' dir='ltr'><strong>dicen-</strong></span> 
     </span>
    </p>
   </div>
   <div class='ocr_carea' id='block_1_11' title="bbox 228 562 1018 600">
    <p class='ocr_par' dir='ltr' id='par_1_11' title="bbox 228 562 1018 600">
     <span class='ocr_line' id='line_1_11' title="bbox 228 562 1018 600; baseline 0.004 -12"><span class='ocrx_word' id='word_1_75' title='bbox 228 567 280 589; x_wconf 92' lang='lat' dir='ltr'><strong>tem</strong></span> <span class='ocrx_word' id='word_1_76' title='bbox 298 562 336 589; x_wconf 75' lang='lat'><strong>&quot;:</strong></span> <span class='ocrx_word' id='word_1_77' title='bbox 367 562 491 590; x_wconf 76' lang='lat' dir='ltr'><strong>Mulieres</strong></span> <span class='ocrx_word' id='word_1_78' title='bbox 515 564 642 592; x_wconf 79' lang='lat' dir='ltr'><strong>venientes</strong></span> <span class='ocrx_word' id='word_1_79' title='bbox 661 565 696 592; x_wconf 82' lang='lat' dir='ltr'><strong>ad</strong></span> <span class='ocrx_word' id='word_1_80' title='bbox 714 565 893 600; x_wconf 72' lang='lat' dir='ltr'><strong>spectaculum</strong></span> <span class='ocrx_word' id='word_1_81' title='bbox 917 566 1018 592; x_wconf 74' lang='lat' dir='ltr'><strong>venite:</strong></span> 
     </span>
    </p>
   </div>
   <div class='ocr_carea' id='block_1_12' title="bbox 226 608 1019 644">
    <p class='ocr_par' dir='ltr' id='par_1_12' title="bbox 226 608 1019 644">
     <span class='ocr_line' id='line_1_12' title="bbox 226 608 1019 644; baseline 0.005 -11"><span class='ocrx_word' id='word_1_82' title='bbox 226 616 275 634; x_wconf 78' lang='lat' dir='ltr'><strong>non</strong></span> <span class='ocrx_word' id='word_1_83' title='bbox 306 608 375 634; x_wconf 85' lang='lat' dir='ltr'><strong>enim</strong></span> <span class='ocrx_word' id='word_1_84' title='bbox 403 613 441 634; x_wconf 72' lang='lat' dir='ltr'><strong>est</strong></span> <span class='ocrx_word' id='word_1_85' title='bbox 469 609 581 643; x_wconf 81' lang='lat' dir='ltr'><strong>populus</strong></span> <span class='ocrx_word' id='word_1_86' title='bbox 608 609 705 636; x_wconf 83' lang='lat' dir='ltr'><strong>habens</strong></span> <span class='ocrx_word' id='word_1_87' title='bbox 735 610 903 644; x_wconf 78' lang='lat' dir='ltr'><strong>sapientiam.</strong></span> <span class='ocrx_word' id='word_1_88' title='bbox 934 609 1019 638; x_wconf 82' lang='lat' dir='ltr'><strong>Vocat</strong></span> 
     </span>
    </p>
   </div>
   <div class='ocr_carea' id='block_1_13' title="bbox 224 654 1018 691">
    <p class='ocr_par' dir='ltr' id='par_1_13' title="bbox 224 654 1018 691">
     <span class='ocr_line' id='line_1_13' title="bbox 224 654 1018 691; baseline 0.005 -12"><span class='ocrx_word' id='word_1_89' title='bbox 224 654 297 680; x_wconf 88' lang='lat' dir='ltr'><strong>enim</strong></span> <span class='ocrx_word' id='word_1_90' title='bbox 317 654 445 681; x_wconf 58' lang='lat' dir='ltr'><strong>mulir-res</strong></span> <span class='ocrx_word' id='word_1_91' title='bbox 467 662 528 688; x_wconf 78' lang='lat' dir='ltr'><strong>qua:</strong></span> <span class='ocrx_word' id='word_1_92' title='bbox 546 654 653 682; x_wconf 80' lang='lat' dir='ltr'><strong>fuerant</strong></span> <span class='ocrx_word' id='word_1_93' title='bbox 675 655 709 682; x_wconf 89' lang='lat' dir='ltr'><strong>de</strong></span> <span class='ocrx_word' id='word_1_94' title='bbox 726 655 822 691; x_wconf 79' lang='lat' dir='ltr'><strong>longe,</strong></span> <span class='ocrx_word' id='word_1_95' title='bbox 839 661 866 683; x_wconf 87' lang='lat' dir='ltr'><strong>et</strong></span> <span class='ocrx_word' id='word_1_96' title='bbox 889 656 922 683; x_wconf 89' lang='lat' dir='ltr'><strong>de</strong></span> <span class='ocrx_word' id='word_1_97' title='bbox 940 656 1018 690; x_wconf 79' lang='lat' dir='ltr'><strong>longe</strong></span> 
     </span>
    </p>
   </div>
   <div class='ocr_carea' id='block_1_14' title="bbox 225 699 1019 735">
    <p class='ocr_par' dir='ltr' id='par_1_14' title="bbox 225 699 1019 735">
     <span class='ocr_line' id='line_1_14' title="bbox 225 699 1019 735; baseline 0.003 -9"><span class='ocrx_word' id='word_1_98' title='bbox 225 700 352 726; x_wconf 90' lang='lat' dir='ltr'><strong>videbant</strong></span> <span class='ocrx_word' id='word_1_99' title='bbox 367 699 472 732; x_wconf 82' lang='lat' dir='ltr'><strong>Jcsum,</strong></span> <span class='ocrx_word' id='word_1_100' title='bbox 492 705 570 727; x_wconf 83' lang='lat' dir='ltr'><strong>vocat</strong></span> <span class='ocrx_word' id='word_1_101' title='bbox 589 708 637 728; x_wconf 90' lang='lat' dir='ltr'><strong>cas</strong></span> <span class='ocrx_word' id='word_1_102' title='bbox 656 701 689 728; x_wconf 89' lang='lat' dir='ltr'><strong>ad</strong></span> <span class='ocrx_word' id='word_1_103' title='bbox 710 702 822 728; x_wconf 83' lang='lat' dir='ltr'><strong>verbum</strong></span> <span class='ocrx_word' id='word_1_104' title='bbox 833 723 840 735; x_wconf 88' lang='lat'><strong>,</strong></span> <span class='ocrx_word' id='word_1_105' title='bbox 855 705 884 728; x_wconf 92' lang='lat' dir='ltr'><strong>ut</strong></span> <span class='ocrx_word' id='word_1_106' title='bbox 901 702 1019 728; x_wconf 66' lang='grc' dir='ltr'><strong>(Ιργε-Ιίη-</strong></span> 
     </span>
    </p>
   </div>
   <div class='ocr_carea' id='block_1_15' title="bbox 224 744 1016 779">
    <p class='ocr_par' dir='ltr' id='par_1_15' title="bbox 224 744 1016 779">
     <span class='ocr_line' id='line_1_15' title="bbox 224 744 1016 779; baseline 0.005 -10"><span class='ocrx_word' id='word_1_107' title='bbox 224 750 308 779; x_wconf 78' lang='lat' dir='ltr'><strong>quam</strong></span> <span class='ocrx_word' id='word_1_108' title='bbox 326 744 435 778; x_wconf 83' lang='lat' dir='ltr'><strong>quidem</strong></span> <span class='ocrx_word' id='word_1_109' title='bbox 454 745 584 779; x_wconf 84' lang='lat' dir='ltr'><strong>populum</strong></span> <span class='ocrx_word' id='word_1_110' title='bbox 602 746 770 772; x_wconf 89' lang='lat' dir='ltr'><strong>insensatum</strong></span> <span class='ocrx_word' id='word_1_111' title='bbox 791 750 819 773; x_wconf 88' lang='lat' dir='ltr'><strong>et</strong></span> <span class='ocrx_word' id='word_1_112' title='bbox 838 746 996 773; x_wconf 86' lang='lat' dir='ltr'><strong>derelictum</strong></span> <span class='ocrx_word' id='word_1_113' title='bbox 1008 767 1016 779; x_wconf 91' lang='lat'><strong>,</strong></span> 
     </span>
    </p>
   </div>
   <div class='ocr_carea' id='block_1_16' title="bbox 223 791 1016 819">
    <p class='ocr_par' dir='ltr' id='par_1_16' title="bbox 223 791 1016 819">
     <span class='ocr_line' id='line_1_16' title="bbox 223 791 1016 819; baseline 0.004 -3"><span class='ocrx_word' id='word_1_114' title='bbox 223 795 248 815; x_wconf 87' lang='lat' dir='ltr'><strong>el</strong></span> <span class='ocrx_word' id='word_1_115' title='bbox 268 791 399 818; x_wconf 74' lang='lat' dir='ltr'><strong>accedant</strong></span> <span class='ocrx_word' id='word_1_116' title='bbox 420 791 452 818; x_wconf 91' lang='lat' dir='ltr'><strong>ad</strong></span> <span class='ocrx_word' id='word_1_117' title='bbox 471 799 570 818; x_wconf 88' lang='lat' dir='ltr'><strong>novum</strong></span> <span class='ocrx_word' id='word_1_118' title='bbox 589 795 792 818; x_wconf 91' lang='lat' dir='ltr'><strong>testamentum.</strong></span> <span class='ocrx_word' id='word_1_119' title='bbox 814 791 911 819; x_wconf 87' lang='lat' dir='ltr'><strong>Beatas</strong></span> <span class='ocrx_word' id='word_1_120' title='bbox 925 796 1016 819; x_wconf 88' lang='lat' dir='ltr'><strong>autem</strong></span> 
     </span>
    </p>
   </div>
   <div class='ocr_carea' id='block_1_17' title="bbox 225 835 1017 871">
    <p class='ocr_par' dir='ltr' id='par_1_17' title="bbox 225 835 1017 871">
     <span class='ocr_line' id='line_1_17' title="bbox 225 835 1017 871; baseline 0.004 -9"><span class='ocrx_word' id='word_1_121' title='bbox 225 835 344 862; x_wconf 82' lang='lat' dir='ltr'><strong>arbitror</strong></span> <span class='ocrx_word' id='word_1_122' title='bbox 358 843 419 863; x_wconf 85' lang='lat' dir='ltr'><strong>esse</strong></span> <span class='ocrx_word' id='word_1_123' title='bbox 443 836 573 863; x_wconf 86' lang='lat' dir='ltr'><strong>mulieres</strong></span> <span class='ocrx_word' id='word_1_124' title='bbox 590 844 650 871; x_wconf 70' lang='lat' dir='ltr'><strong>qua:</strong></span> <span class='ocrx_word' id='word_1_125' title='bbox 667 837 835 864; x_wconf 75' lang='lat' dir='ltr'><strong>:edillcantur</strong></span> <span class='ocrx_word' id='word_1_126' title='bbox 851 837 885 864; x_wconf 86' lang='lat' dir='ltr'><strong>ad</strong></span> <span class='ocrx_word' id='word_1_127' title='bbox 901 838 1017 865; x_wconf 83' lang='lat' dir='ltr'><strong>beatitu-</strong></span> 
     </span>
    </p>
   </div>
   <div class='ocr_carea' id='block_1_18' title="bbox 224 878 1053 917">
    <p class='ocr_par' dir='ltr' id='par_1_18' title="bbox 224 878 1053 917">
     <span class='ocr_line' id='line_1_18' title="bbox 224 878 1053 917; baseline 0.004 -10"><span class='ocrx_word' id='word_1_128' title='bbox 224 880 316 908; x_wconf 87' lang='lat' dir='ltr'><strong>dinem</strong></span> <span class='ocrx_word' id='word_1_129' title='bbox 334 889 348 907; x_wconf 85' lang='lat' dir='ltr'><strong>a</strong></span> <span class='ocrx_word' id='word_1_130' title='bbox 363 882 519 915; x_wconf 88' lang='lat' dir='ltr'><strong>spectaculo</strong></span> <span class='ocrx_word' id='word_1_131' title='bbox 533 881 625 913; x_wconf 82' lang='lat' dir='ltr'><strong>Verbi,</strong></span> <span class='ocrx_word' id='word_1_132' title='bbox 639 885 665 908; x_wconf 88' lang='lat' dir='ltr'><strong>et</strong></span> <span class='ocrx_word' id='word_1_133' title='bbox 678 889 693 908; x_wconf 91' lang='lat' dir='ltr'><strong>a</strong></span> <span class='ocrx_word' id='word_1_134' title='bbox 707 886 795 909; x_wconf 88' lang='lat' dir='ltr'><strong>morte</strong></span> <span class='ocrx_word' id='word_1_135' title='bbox 806 883 930 917; x_wconf 88' lang='lat' dir='ltr'><strong>corporis</strong></span> <span class='ocrx_word' id='word_1_136' title='bbox 940 883 1015 910; x_wconf 88' lang='lat' dir='ltr'><strong>Jesu.</strong></span> <span class='ocrx_word' id='word_1_137' title='bbox 1034 878 1053 905; x_wconf 73' lang='grc' dir='ltr'><strong>Β</strong></span> 
     </span>
    </p>
   </div>
   <div class='ocr_carea' id='block_1_19' title="bbox 224 926 1014 962">
    <p class='ocr_par' dir='ltr' id='par_1_19' title="bbox 224 926 1014 962">
     <span class='ocr_line' id='line_1_19' title="bbox 224 926 1014 962; baseline 0.004 -9"><span class='ocrx_word' id='word_1_138' title='bbox 224 926 311 954; x_wconf 85' lang='lat' dir='ltr'><strong>Omne</strong></span> <span class='ocrx_word' id='word_1_139' title='bbox 324 927 397 954; x_wconf 92' lang='lat' dir='ltr'><strong>enim</strong></span> <span class='ocrx_word' id='word_1_140' title='bbox 411 927 483 962; x_wconf 90' lang='lat' dir='ltr'><strong>quod</strong></span> <span class='ocrx_word' id='word_1_141' title='bbox 500 933 542 954; x_wconf 87' lang='lat' dir='ltr'><strong>est</strong></span> <span class='ocrx_word' id='word_1_142' title='bbox 558 928 584 954; x_wconf 93' lang='lat' dir='ltr'><strong>in</strong></span> <span class='ocrx_word' id='word_1_143' title='bbox 602 927 734 961; x_wconf 79' lang='lat' dir='ltr'><strong>Christo,</strong></span> <span class='ocrx_word' id='word_1_144' title='bbox 752 928 774 955; x_wconf 86' lang='lat' dir='ltr'><strong>si</strong></span> <span class='ocrx_word' id='word_1_145' title='bbox 794 936 856 956; x_wconf 88' lang='lat' dir='ltr'><strong>vere</strong></span> <span class='ocrx_word' id='word_1_146' title='bbox 872 929 1014 961; x_wconf 76' lang='lat' dir='ltr'><strong>videatur,</strong></span> 
     </span>
    </p>
   </div>
   <div class='ocr_carea' id='block_1_20' title="bbox 225 973 1016 1009">
    <p class='ocr_par' dir='ltr' id='par_1_20' title="bbox 225 973 1016 1009">
     <span class='ocr_line' id='line_1_20' title="bbox 225 973 1016 1009; baseline 0.003 -10"><span class='ocrx_word' id='word_1_147' title='bbox 225 973 334 999; x_wconf 86' lang='lat' dir='ltr'><strong>beatum</strong></span> <span class='ocrx_word' id='word_1_148' title='bbox 350 973 415 1000; x_wconf 81' lang='lat' dir='ltr'><strong>facit</strong></span> <span class='ocrx_word' id='word_1_149' title='bbox 428 973 576 1000; x_wconf 83' lang='lat' dir='ltr'><strong>videntem.</strong></span> <span class='ocrx_word' id='word_1_150' title='bbox 591 973 735 1008; x_wconf 84' lang='lat' dir='ltr'><strong>Aspiciunt</strong></span> <span class='ocrx_word' id='word_1_151' title='bbox 749 981 814 1009; x_wconf 78' lang='lat' dir='ltr'><strong>ergo</strong></span> <span class='ocrx_word' id='word_1_152' title='bbox 828 974 1016 1001; x_wconf 79' lang='lat' dir='ltr'><strong>mortiﬁcatio-</strong></span> 
     </span>
    </p>
   </div>
   <div class='ocr_carea' id='block_1_21' title="bbox 225 1018 1016 1054">
    <p class='ocr_par' dir='ltr' id='par_1_21' title="bbox 225 1018 1016 1054">
     <span class='ocr_line' id='line_1_21' title="bbox 225 1018 1016 1054; baseline 0.003 -10"><span class='ocrx_word' id='word_1_153' title='bbox 225 1026 285 1045; x_wconf 86' lang='lat' dir='ltr'><strong>nem</strong></span> <span class='ocrx_word' id='word_1_154' title='bbox 310 1019 434 1053; x_wconf 89' lang='lat' dir='ltr'><strong>corporis</strong></span> <span class='ocrx_word' id='word_1_155' title='bbox 450 1018 513 1046; x_wconf 87' lang='lat' dir='ltr'><strong>Jesu</strong></span> <span class='ocrx_word' id='word_1_156' title='bbox 539 1024 566 1046; x_wconf 89' lang='lat' dir='ltr'><strong>et</strong></span> <span class='ocrx_word' id='word_1_157' title='bbox 589 1019 699 1046; x_wconf 89' lang='lat' dir='ltr'><strong>modum</strong></span> <span class='ocrx_word' id='word_1_158' title='bbox 727 1027 782 1054; x_wconf 91' lang='lat' dir='ltr'><strong>quo</strong></span> <span class='ocrx_word' id='word_1_159' title='bbox 799 1027 862 1046; x_wconf 92' lang='lat' dir='ltr'><strong>eum</strong></span> <span class='ocrx_word' id='word_1_160' title='bbox 888 1019 1016 1054; x_wconf 78' lang='lat' dir='ltr'><strong>precibus</strong></span> 
     </span>
    </p>
   </div>
   <div class='ocr_carea' id='block_1_22' title="bbox 223 1064 1014 1100">
    <p class='ocr_par' dir='ltr' id='par_1_22' title="bbox 223 1064 1014 1100">
     <span class='ocr_line' id='line_1_22' title="bbox 223 1064 1014 1100; baseline 0.001 -9"><span class='ocrx_word' id='word_1_161' title='bbox 223 1064 351 1098; x_wconf 85' lang='lat' dir='ltr'><strong>spiritum</strong></span> <span class='ocrx_word' id='word_1_162' title='bbox 379 1072 459 1092; x_wconf 88' lang='lat' dir='ltr'><strong>suum</strong></span> <span class='ocrx_word' id='word_1_163' title='bbox 483 1064 686 1092; x_wconf 79' lang='lat' dir='ltr'><strong>commendavit</strong></span> <span class='ocrx_word' id='word_1_164' title='bbox 710 1065 793 1092; x_wconf 82' lang='lat' dir='ltr'><strong>Patri.</strong></span> <span class='ocrx_word' id='word_1_165' title='bbox 824 1065 870 1092; x_wconf 72' lang='lat' dir='ltr'><strong>Ilm</strong></span> <span class='ocrx_word' id='word_1_166' title='bbox 896 1066 1014 1100; x_wconf 90' lang='lat' dir='ltr'><strong>primum</strong></span> 
     </span>
    </p>
   </div>
   <div class='ocr_carea' id='block_1_23' title="bbox 223 1109 1016 1142">
    <p class='ocr_par' dir='ltr' id='par_1_23' title="bbox 223 1109 1016 1142">
     <span class='ocr_line' id='line_1_23' title="bbox 223 1109 1016 1142; baseline -0.001 -4"><span class='ocrx_word' id='word_1_167' title='bbox 223 1115 324 1138; x_wconf 68' lang='lat' dir='ltr'><strong>secutae</strong></span> <span class='ocrx_word' id='word_1_168' title='bbox 348 1114 412 1136; x_wconf 87' lang='lat' dir='ltr'><strong>sunt</strong></span> <span class='ocrx_word' id='word_1_169' title='bbox 429 1117 444 1136; x_wconf 93' lang='lat' dir='ltr'><strong>a</strong></span> <span class='ocrx_word' id='word_1_170' title='bbox 468 1109 578 1137; x_wconf 64' lang='lat' dir='ltr'><strong>Galilaea</strong></span> <span class='ocrx_word' id='word_1_171' title='bbox 591 1131 598 1142; x_wconf 87' lang='lat'><strong>,</strong></span> <span class='ocrx_word' id='word_1_172' title='bbox 614 1115 641 1137; x_wconf 84' lang='lat' dir='ltr'><strong>et</strong></span> <span class='ocrx_word' id='word_1_173' title='bbox 657 1115 687 1137; x_wconf 95' lang='lat' dir='ltr'><strong>nt</strong></span> <span class='ocrx_word' id='word_1_174' title='bbox 703 1111 807 1138; x_wconf 81' lang='lat' dir='ltr'><strong>audens</strong></span> <span class='ocrx_word' id='word_1_175' title='bbox 823 1111 912 1138; x_wconf 85' lang='lat' dir='ltr'><strong>dicam</strong></span> <span class='ocrx_word' id='word_1_176' title='bbox 937 1115 1016 1137; x_wconf 91' lang='lat' dir='ltr'><strong>utens</strong></span> 
     </span>
    </p>
   </div>
   <div class='ocr_carea' id='block_1_24' title="bbox 222 1155 1016 1191">
    <p class='ocr_par' dir='ltr' id='par_1_24' title="bbox 222 1155 1016 1191">
     <span class='ocr_line' id='line_1_24' title="bbox 222 1155 1016 1191; baseline 0 -7"><span class='ocrx_word' id='word_1_177' title='bbox 222 1155 385 1184; x_wconf 73' lang='lat' dir='ltr'><strong>auctoritate</strong></span> <span class='ocrx_word' id='word_1_178' title='bbox 397 1155 545 1190; x_wconf 76' lang='lat' dir='ltr'><strong>Scriptura:</strong></span> <span class='ocrx_word' id='word_1_179' title='bbox 553 1156 670 1183; x_wconf 89' lang='lat' dir='ltr'><strong>dicentis</strong></span> <span class='ocrx_word' id='word_1_180' title='bbox 682 1156 703 1172; x_wconf 84' lang='grc'><strong>⁸¹</strong></span> <span class='ocrx_word' id='word_1_181' title='bbox 719 1166 725 1184; x_wconf 93' lang='lat'><strong>:</strong></span> <span class='ocrx_word' id='word_1_182' title='bbox 740 1165 755 1184; x_wconf 84' lang='lat' dir='ltr'><strong>a</strong></span> <span class='ocrx_word' id='word_1_183' title='bbox 768 1157 877 1184; x_wconf 61' lang='lat' dir='ltr'><strong>Galilaaa</strong></span> <span class='ocrx_word' id='word_1_184' title='bbox 895 1157 1016 1191; x_wconf 82' lang='lat' dir='ltr'><strong>gentium</strong></span> 
     </span>
    </p>
   </div>
   <div class='ocr_carea' id='block_1_25' title="bbox 223 1201 1016 1236">
    <p class='ocr_par' dir='ltr' id='par_1_25' title="bbox 223 1201 1016 1236">
     <span class='ocr_line' id='line_1_25' title="bbox 223 1201 1016 1236; baseline -0.001 -8"><span class='ocrx_word' id='word_1_185' title='bbox 223 1206 323 1228; x_wconf 72' lang='lat' dir='ltr'><strong>secutae</strong></span> <span class='ocrx_word' id='word_1_186' title='bbox 337 1205 416 1232; x_wconf 82' lang='lat' dir='ltr'><strong>sunt,</strong></span> <span class='ocrx_word' id='word_1_187' title='bbox 435 1209 488 1228; x_wconf 90' lang='lat' dir='ltr'><strong>non</strong></span> <span class='ocrx_word' id='word_1_188' title='bbox 507 1209 522 1227; x_wconf 88' lang='lat' dir='ltr'><strong>a</strong></span> <span class='ocrx_word' id='word_1_189' title='bbox 539 1206 611 1228; x_wconf 82' lang='lat' dir='ltr'><strong>recta</strong></span> <span class='ocrx_word' id='word_1_190' title='bbox 624 1221 632 1232; x_wconf 84' lang='lat'><strong>,</strong></span> <span class='ocrx_word' id='word_1_191' title='bbox 651 1209 738 1236; x_wconf 77' lang='lat' dir='ltr'><strong>neque</strong></span> <span class='ocrx_word' id='word_1_192' title='bbox 754 1209 768 1228; x_wconf 93' lang='lat' dir='ltr'><strong>a</strong></span> <span class='ocrx_word' id='word_1_193' title='bbox 787 1201 883 1234; x_wconf 87' lang='lat' dir='ltr'><strong>tlrma,</strong></span> <span class='ocrx_word' id='word_1_194' title='bbox 899 1201 946 1228; x_wconf 80' lang='lat' dir='ltr'><strong>sed</strong></span> <span class='ocrx_word' id='word_1_195' title='bbox 961 1201 1016 1228; x_wconf 85' lang='lat' dir='ltr'><strong>cir-</strong></span> 
     </span>
    </p>
   </div>
   <div class='ocr_carea' id='block_1_26' title="bbox 222 1247 1017 1283">
    <p class='ocr_par' dir='ltr' id='par_1_26' title="bbox 222 1247 1017 1283">
     <span class='ocr_line' id='line_1_26' title="bbox 222 1247 1017 1283; baseline 0 -9"><span class='ocrx_word' id='word_1_196' title='bbox 222 1247 327 1274; x_wconf 88' lang='lat' dir='ltr'><strong>cuitum</strong></span> <span class='ocrx_word' id='word_1_197' title='bbox 352 1248 497 1282; x_wconf 83' lang='lat' dir='ltr'><strong>quemdam</strong></span> <span class='ocrx_word' id='word_1_198' title='bbox 522 1247 657 1274; x_wconf 84' lang='lat' dir='ltr'><strong>habente:</strong></span> <span class='ocrx_word' id='word_1_199' title='bbox 681 1248 733 1275; x_wconf 85' lang='lat' dir='ltr'><strong>hoc</strong></span> <span class='ocrx_word' id='word_1_200' title='bbox 756 1249 829 1275; x_wconf 83' lang='lat' dir='ltr'><strong>enim</strong></span> <span class='ocrx_word' id='word_1_201' title='bbox 857 1247 1017 1283; x_wconf 78' lang='lat' dir='ltr'><strong>intelligitur</strong></span> 
     </span>
    </p>
   </div>
   <div class='ocr_carea' id='block_1_27' title="bbox 222 1291 1016 1329">
    <p class='ocr_par' dir='ltr' id='par_1_27' title="bbox 222 1291 1016 1329">
     <span class='ocr_line' id='line_1_27' title="bbox 222 1291 1016 1329; baseline 0 -9"><span class='ocrx_word' id='word_1_202' title='bbox 222 1291 344 1325; x_wconf 67' lang='lat' dir='ltr'><strong>Galilzea,</strong></span> <span class='ocrx_word' id='word_1_203' title='bbox 358 1293 383 1320; x_wconf 91' lang='lat' dir='ltr'><strong>id</strong></span> <span class='ocrx_word' id='word_1_204' title='bbox 397 1298 439 1320; x_wconf 90' lang='lat' dir='ltr'><strong>est</strong></span> <span class='ocrx_word' id='word_1_205' title='bbox 451 1293 579 1320; x_wconf 78' lang='lat' dir='ltr'><strong>volutatio</strong></span> <span class='ocrx_word' id='word_1_206' title='bbox 592 1293 633 1320; x_wconf 89' lang='lat' dir='ltr'><strong>vel</strong></span> <span class='ocrx_word' id='word_1_207' title='bbox 644 1294 754 1329; x_wconf 69' lang='lat' dir='ltr'><strong>vertigo,</strong></span> <span class='ocrx_word' id='word_1_208' title='bbox 764 1302 846 1329; x_wconf 87' lang='lat' dir='ltr'><strong>quam</strong></span> <span class='ocrx_word' id='word_1_209' title='bbox 861 1294 1016 1329; x_wconf 86' lang='lat' dir='ltr'><strong>relinquen-</strong></span> 
     </span>
    </p>
   </div>
   <div class='ocr_carea' id='block_1_28' title="bbox 223 1338 1017 1371">
    <p class='ocr_par' dir='ltr' id='par_1_28' title="bbox 223 1338 1017 1371">
     <span class='ocr_line' id='line_1_28' title="bbox 223 1338 1017 1371; baseline 0.001 -5"><span class='ocrx_word' id='word_1_210' title='bbox 223 1343 264 1366; x_wconf 73' lang='lat' dir='ltr'><strong>tes</strong></span> <span class='ocrx_word' id='word_1_211' title='bbox 280 1345 381 1366; x_wconf 67' lang='lat' dir='ltr'><strong>secuta:</strong></span> <span class='ocrx_word' id='word_1_212' title='bbox 405 1343 469 1366; x_wconf 87' lang='lat' dir='ltr'><strong>sunt</strong></span> <span class='ocrx_word' id='word_1_213' title='bbox 483 1338 576 1366; x_wconf 86' lang='lat' dir='ltr'><strong>Jesum</strong></span> <span class='ocrx_word' id='word_1_214' title='bbox 589 1361 596 1371; x_wconf 85' lang='grc'>,</span> <span class='ocrx_word' id='word_1_215' title='bbox 610 1347 663 1366; x_wconf 92' lang='lat' dir='ltr'><strong>non</strong></span> <span class='ocrx_word' id='word_1_216' title='bbox 686 1340 799 1370; x_wconf 64' lang='lat' dir='ltr'><strong>otiosa),</strong></span> <span class='ocrx_word' id='word_1_217' title='bbox 817 1341 863 1368; x_wconf 88' lang='lat' dir='ltr'><strong>sed</strong></span> <span class='ocrx_word' id='word_1_218' title='bbox 886 1339 1017 1367; x_wconf 76' lang='lat' dir='ltr'><strong>iacientes</strong></span> 
     </span>
    </p>
   </div>
   <div class='ocr_carea' id='block_1_29' title="bbox 223 1385 1016 1420">
    <p class='ocr_par' dir='ltr' id='par_1_29' title="bbox 223 1385 1016 1420">
     <span class='ocr_line' id='line_1_29' title="bbox 223 1385 1016 1420; baseline 0 -9"><span class='ocrx_word' id='word_1_219' title='bbox 223 1393 284 1420; x_wconf 64' lang='lat' dir='ltr'><strong>quae</strong></span> <span class='ocrx_word' id='word_1_220' title='bbox 302 1385 502 1412; x_wconf 78' lang='lat' dir='ltr'><strong>mandabantur</strong></span> <span class='ocrx_word' id='word_1_221' title='bbox 518 1385 553 1412; x_wconf 89' lang='lat' dir='ltr'><strong>ab</strong></span> <span class='ocrx_word' id='word_1_222' title='bbox 569 1393 618 1419; x_wconf 77' lang='lat' dir='ltr'><strong>eo,</strong></span> <span class='ocrx_word' id='word_1_223' title='bbox 633 1391 660 1413; x_wconf 89' lang='lat' dir='ltr'><strong>et</strong></span> <span class='ocrx_word' id='word_1_224' title='bbox 673 1386 844 1413; x_wconf 84' lang='lat' dir='ltr'><strong>delectabant</strong></span> <span class='ocrx_word' id='word_1_225' title='bbox 859 1393 922 1413; x_wconf 93' lang='lat' dir='ltr'><strong>eum</strong></span> <span class='ocrx_word' id='word_1_226' title='bbox 938 1393 945 1413; x_wconf 93' lang='lat'>:</span> <span class='ocrx_word' id='word_1_227' title='bbox 962 1385 1016 1412; x_wconf 92' lang='lat' dir='ltr'><strong>mi-</strong></span> 
     </span>
    </p>
   </div>
   <div class='ocr_carea' id='block_1_30' title="bbox 224 1430 1015 1464">
    <p class='ocr_par' dir='ltr' id='par_1_30' title="bbox 224 1430 1015 1464">
     <span class='ocr_line' id='line_1_30' title="bbox 224 1430 1015 1464; baseline 0 -7"><span class='ocrx_word' id='word_1_228' title='bbox 224 1430 373 1458; x_wconf 86' lang='lat' dir='ltr'><strong>nistrantes</strong></span> <span class='ocrx_word' id='word_1_229' title='bbox 399 1430 472 1456; x_wconf 88' lang='lat' dir='ltr'><strong>enim</strong></span> <span class='ocrx_word' id='word_1_230' title='bbox 497 1430 681 1464; x_wconf 87' lang='lat' dir='ltr'><strong>sequebantur</strong></span> <span class='ocrx_word' id='word_1_231' title='bbox 705 1438 778 1458; x_wconf 87' lang='lat' dir='ltr'><strong>eum.</strong></span> <span class='ocrx_word' id='word_1_232' title='bbox 803 1430 899 1458; x_wconf 90' lang='lat' dir='ltr'><strong>Omnis</strong></span> <span class='ocrx_word' id='word_1_233' title='bbox 925 1435 1015 1457; x_wconf 85' lang='lat' dir='ltr'><strong>autem</strong></span> 
     </span>
    </p>
   </div>
   <div class='ocr_carea' id='block_1_31' title="bbox 224 1476 1016 1512">
    <p class='ocr_par' dir='ltr' id='par_1_31' title="bbox 224 1476 1016 1512">
     <span class='ocr_line' id='line_1_31' title="bbox 224 1476 1016 1512; baseline 0 -8"><span class='ocrx_word' id='word_1_234' title='bbox 224 1477 314 1504; x_wconf 84' lang='lat' dir='ltr'><strong>anima</strong></span> <span class='ocrx_word' id='word_1_235' title='bbox 332 1476 495 1504; x_wconf 85' lang='lat' dir='ltr'><strong>divisionem</strong></span> <span class='ocrx_word' id='word_1_236' title='bbox 510 1477 629 1512; x_wconf 79' lang='lat' dir='ltr'><strong>aliquam</strong></span> <span class='ocrx_word' id='word_1_237' title='bbox 645 1477 793 1511; x_wconf 79' lang='lat' dir='ltr'><strong>gratiarum</strong></span> <span class='ocrx_word' id='word_1_238' title='bbox 809 1481 837 1504; x_wconf 88' lang='lat' dir='ltr'><strong>et</strong></span> <span class='ocrx_word' id='word_1_239' title='bbox 852 1477 941 1511; x_wconf 90' lang='lat' dir='ltr'><strong>ipsum</strong></span> <span class='ocrx_word' id='word_1_240' title='bbox 961 1476 1016 1504; x_wconf 85' lang='lat' dir='ltr'><strong>Do-</strong></span> 
     </span>
    </p>
   </div>
   <div class='ocr_carea' id='block_1_32' title="bbox 223 1522 1051 1572">
    <p class='ocr_par' dir='ltr' id='par_1_32' title="bbox 223 1522 1051 1572">
     <span class='ocr_line' id='line_1_32' title="bbox 223 1522 1051 1572; baseline 0 -23"><span class='ocrx_word' id='word_1_241' title='bbox 223 1525 328 1550; x_wconf 90' lang='lat' dir='ltr'><strong>minum</strong></span> <span class='ocrx_word' id='word_1_242' title='bbox 345 1523 513 1558; x_wconf 82' lang='lat' dir='ltr'><strong>participans</strong></span> <span class='ocrx_word' id='word_1_243' title='bbox 524 1542 531 1554; x_wconf 90' lang='lat'><strong>,</strong></span> <span class='ocrx_word' id='word_1_244' title='bbox 548 1523 685 1550; x_wconf 76' lang='lat' dir='ltr'><strong>ministrat</strong></span> <span class='ocrx_word' id='word_1_245' title='bbox 697 1522 762 1550; x_wconf 84' lang='lat' dir='ltr'><strong>Jesu</strong></span> <span class='ocrx_word' id='word_1_246' title='bbox 777 1523 959 1550; x_wconf 90' lang='lat' dir='ltr'><strong>ministerium</strong></span> <span class='ocrx_word' id='word_1_247' title='bbox 977 1522 1015 1550; x_wconf 92' lang='lat' dir='ltr'><strong>si-</strong></span> <span class='ocrx_word' id='word_1_248' title='bbox 1030 1543 1051 1572; x_wconf 79' lang='lat' dir='ltr'>c</span> 
     </span>
    </p>
   </div>
   <div class='ocr_carea' id='block_1_33' title="bbox 223 1569 1015 1604">
    <p class='ocr_par' dir='ltr' id='par_1_33' title="bbox 223 1569 1015 1604">
     <span class='ocr_line' id='line_1_33' title="bbox 223 1569 1015 1604; baseline -0.001 -8"><span class='ocrx_word' id='word_1_249' title='bbox 223 1570 288 1596; x_wconf 86' lang='lat' dir='ltr'><strong>tnile</strong></span> <span class='ocrx_word' id='word_1_250' title='bbox 315 1570 475 1596; x_wconf 84' lang='lat' dir='ltr'><strong>ministeriis</strong></span> <span class='ocrx_word' id='word_1_251' title='bbox 499 1569 670 1604; x_wconf 78' lang='lat' dir='ltr'><strong>angelorum,</strong></span> <span class='ocrx_word' id='word_1_252' title='bbox 697 1569 730 1596; x_wconf 88' lang='lat' dir='ltr'><strong>de</strong></span> <span class='ocrx_word' id='word_1_253' title='bbox 757 1569 857 1603; x_wconf 89' lang='lat' dir='ltr'><strong>quibus</strong></span> <span class='ocrx_word' id='word_1_254' title='bbox 883 1569 1015 1604; x_wconf 87' lang='lat' dir='ltr'><strong>scriptum</strong></span> 
     </span>
    </p>
   </div>
   <div class='ocr_carea' id='block_1_34' title="bbox 224 1614 1015 1649">
    <p class='ocr_par' dir='ltr' id='par_1_34' title="bbox 224 1614 1015 1649">
     <span class='ocr_line' id='line_1_34' title="bbox 224 1614 1015 1649; baseline 0 -8"><span class='ocrx_word' id='word_1_255' title='bbox 224 1619 265 1641; x_wconf 83' lang='lat' dir='ltr'><strong>est</strong></span> <span class='ocrx_word' id='word_1_256' title='bbox 279 1614 313 1648; x_wconf 79' lang='grc'><strong>³’,</strong></span> <span class='ocrx_word' id='word_1_257' title='bbox 331 1615 461 1648; x_wconf 88' lang='lat' dir='ltr'><strong>quoniam</strong></span> <span class='ocrx_word' id='word_1_258' title='bbox 479 1615 638 1641; x_wconf 86' lang='lat' dir='ltr'><strong>accedentes</strong></span> <span class='ocrx_word' id='word_1_259' title='bbox 656 1614 743 1649; x_wconf 77' lang='lat' dir='ltr'><strong>angeli</strong></span> <span class='ocrx_word' id='word_1_260' title='bbox 767 1614 960 1641; x_wconf 84' lang='lat' dir='ltr'><strong>ministrabant</strong></span> <span class='ocrx_word' id='word_1_261' title='bbox 979 1615 1015 1642; x_wconf 85' lang='lat' dir='ltr'><strong>ei.</strong></span> 
     </span>
    </p>
   </div>
   <div class='ocr_carea' id='block_1_35' title="bbox 225 1659 1016 1695">
    <p class='ocr_par' dir='ltr' id='par_1_35' title="bbox 225 1659 1016 1695">
     <span class='ocr_line' id='line_1_35' title="bbox 225 1659 1016 1695; baseline 0 -8"><span class='ocrx_word' id='word_1_262' title='bbox 225 1660 317 1687; x_wconf 70' lang='lat' dir='ltr'><strong>Multa:</strong></span> <span class='ocrx_word' id='word_1_263' title='bbox 331 1667 396 1695; x_wconf 74' lang='lat' dir='ltr'><strong>ergo</strong></span> <span class='ocrx_word' id='word_1_264' title='bbox 412 1664 490 1686; x_wconf 88' lang='lat' dir='ltr'><strong>erant</strong></span> <span class='ocrx_word' id='word_1_265' title='bbox 506 1664 696 1694; x_wconf 80' lang='lat' dir='ltr'><strong>exspectantes</strong></span> <span class='ocrx_word' id='word_1_266' title='bbox 710 1664 775 1687; x_wconf 88' lang='lat' dir='ltr'><strong>tunc</strong></span> <span class='ocrx_word' id='word_1_267' title='bbox 788 1659 882 1687; x_wconf 87' lang='lat' dir='ltr'><strong>Jesnm</strong></span> <span class='ocrx_word' id='word_1_268' title='bbox 896 1669 903 1686; x_wconf 85' lang='lat'><strong>:</strong></span> <span class='ocrx_word' id='word_1_269' title='bbox 922 1660 1016 1695; x_wconf 64' lang='lat' dir='ltr'><strong>prmci-</strong></span> 
     </span>
    </p>
   </div>
   <div class='ocr_carea' id='block_1_36' title="bbox 223 1704 1017 1741">
    <p class='ocr_par' dir='ltr' id='par_1_36' title="bbox 223 1704 1017 1741">
     <span class='ocr_line' id='line_1_36' title="bbox 223 1704 1017 1741; baseline 0.001 -10"><span class='ocrx_word' id='word_1_270' title='bbox 223 1713 285 1741; x_wconf 71' lang='lat' dir='ltr'><strong>pilae</strong></span> <span class='ocrx_word' id='word_1_271' title='bbox 297 1710 389 1732; x_wconf 89' lang='lat' dir='ltr'><strong>autem</strong></span> <span class='ocrx_word' id='word_1_272' title='bbox 407 1704 553 1731; x_wconf 72' lang='lat' dir='ltr'><strong>nominatae</strong></span> <span class='ocrx_word' id='word_1_273' title='bbox 570 1709 650 1736; x_wconf 89' lang='lat' dir='ltr'><strong>sunt,</strong></span> <span class='ocrx_word' id='word_1_274' title='bbox 665 1709 692 1731; x_wconf 86' lang='lat' dir='ltr'><strong>et</strong></span> <span class='ocrx_word' id='word_1_275' title='bbox 713 1705 792 1740; x_wconf 87' lang='lat' dir='ltr'><strong>quasi</strong></span> <span class='ocrx_word' id='word_1_276' title='bbox 807 1706 939 1732; x_wconf 86' lang='lat' dir='ltr'><strong>attentius</strong></span> <span class='ocrx_word' id='word_1_277' title='bbox 955 1713 1017 1740; x_wconf 86' lang='lat' dir='ltr'><strong>spe-</strong></span> 
     </span>
    </p>
   </div>
   <div class='ocr_carea' id='block_1_37' title="bbox 223 1749 1014 1786">
    <p class='ocr_par' dir='ltr' id='par_1_37' title="bbox 223 1749 1014 1786">
     <span class='ocr_line' id='line_1_37' title="bbox 223 1749 1014 1786; baseline 0.001 -9"><span class='ocrx_word' id='word_1_278' title='bbox 223 1754 340 1783; x_wconf 77' lang='lat' dir='ltr'><strong>ctantes,</strong></span> <span class='ocrx_word' id='word_1_279' title='bbox 349 1754 376 1777; x_wconf 92' lang='lat' dir='ltr'><strong>et</strong></span> <span class='ocrx_word' id='word_1_280' title='bbox 385 1749 503 1785; x_wconf 81' lang='lat' dir='ltr'><strong>amplius</strong></span> <span class='ocrx_word' id='word_1_281' title='bbox 512 1750 708 1782; x_wconf 82' lang='lat' dir='ltr'><strong>ministrantes,</strong></span> <span class='ocrx_word' id='word_1_282' title='bbox 717 1755 744 1778; x_wconf 89' lang='lat' dir='ltr'><strong>et</strong></span> <span class='ocrx_word' id='word_1_283' title='bbox 754 1751 850 1778; x_wconf 80' lang='lat' dir='ltr'><strong>melius</strong></span> <span class='ocrx_word' id='word_1_284' title='bbox 860 1756 1014 1786; x_wconf 83' lang='lat' dir='ltr'><strong>sequentes,</strong></span> 
     </span>
    </p>
   </div>
   <div class='ocr_carea' id='block_1_38' title="bbox 223 1795 1016 1832">
    <p class='ocr_par' dir='ltr' id='par_1_38' title="bbox 223 1795 1016 1832">
     <span class='ocr_line' id='line_1_38' title="bbox 223 1795 1016 1832; baseline 0.001 -9"><span class='ocrx_word' id='word_1_285' title='bbox 223 1795 309 1824; x_wconf 84' lang='lat' dir='ltr'><strong>Maria</strong></span> <span class='ocrx_word' id='word_1_286' title='bbox 336 1795 516 1832; x_wconf 73' lang='lat' dir='ltr'><strong>Magdalena,</strong></span> <span class='ocrx_word' id='word_1_287' title='bbox 546 1796 633 1830; x_wconf 75' lang='lat' dir='ltr'><strong>magis</strong></span> <span class='ocrx_word' id='word_1_288' title='bbox 652 1795 869 1831; x_wconf 78' lang='lat' dir='ltr'><strong>interpretationi</strong></span> <span class='ocrx_word' id='word_1_289' title='bbox 897 1797 1016 1824; x_wconf 85' lang='lat' dir='ltr'><strong>nominis</strong></span> 
     </span>
    </p>
   </div>
   <div class='ocr_carea' id='block_1_39' title="bbox 225 1841 1014 1878">
    <p class='ocr_par' dir='ltr' id='par_1_39' title="bbox 225 1841 1014 1878">
     <span class='ocr_line' id='line_1_39' title="bbox 225 1841 1014 1878; baseline 0.001 -9"><span class='ocrx_word' id='word_1_290' title='bbox 225 1843 318 1877; x_wconf 58' lang='lat' dir='ltr'><strong>patriai</strong></span> <span class='ocrx_word' id='word_1_291' title='bbox 332 1850 388 1870; x_wconf 76' lang='lat' dir='ltr'><strong>sua:</strong></span> <span class='ocrx_word' id='word_1_292' title='bbox 404 1842 581 1875; x_wconf 79' lang='lat' dir='ltr'><strong>conveniens,</strong></span> <span class='ocrx_word' id='word_1_293' title='bbox 601 1850 662 1877; x_wconf 80' lang='lat' dir='ltr'><strong>qua:</strong></span> <span class='ocrx_word' id='word_1_294' title='bbox 677 1841 834 1876; x_wconf 79' lang='lat' dir='ltr'><strong>Magdalena</strong></span> <span class='ocrx_word' id='word_1_295' title='bbox 851 1843 1014 1878; x_wconf 81' lang='lat' dir='ltr'><strong>appellatur.</strong></span> 
     </span>
    </p>
   </div>
   <div class='ocr_carea' id='block_1_40' title="bbox 225 1887 1016 1923">
    <p class='ocr_par' dir='ltr' id='par_1_40' title="bbox 225 1887 1016 1923">
     <span class='ocr_line' id='line_1_40' title="bbox 225 1887 1016 1923; baseline 0.003 -9"><span class='ocrx_word' id='word_1_296' title='bbox 225 1887 422 1923; x_wconf 86' lang='lat' dir='ltr'><strong>Interpretatur</strong></span> <span class='ocrx_word' id='word_1_297' title='bbox 435 1893 526 1914; x_wconf 84' lang='lat' dir='ltr'><strong>autem</strong></span> <span class='ocrx_word' id='word_1_298' title='bbox 545 1888 728 1923; x_wconf 70' lang='lat' dir='ltr'><strong>magni/italia</strong></span> <span class='ocrx_word' id='word_1_299' title='bbox 744 1888 820 1915; x_wconf 75' lang='lat' dir='ltr'><strong>locus</strong></span> <span class='ocrx_word' id='word_1_300' title='bbox 835 1889 888 1916; x_wconf 88' lang='lat' dir='ltr'><strong>ille.</strong></span> <span class='ocrx_word' id='word_1_301' title='bbox 911 1889 943 1916; x_wconf 85' lang='lat' dir='ltr'><strong>Et</strong></span> <span class='ocrx_word' id='word_1_302' title='bbox 957 1894 1016 1917; x_wconf 85' lang='lat' dir='ltr'><strong>erat</strong></span> 
     </span>
    </p>
   </div>
   <div class='ocr_carea' id='block_1_41' title="bbox 225 1928 1016 1969">
    <p class='ocr_par' dir='ltr' id='par_1_41' title="bbox 225 1928 1016 1969">
     <span class='ocr_line' id='line_1_41' title="bbox 225 1928 1016 1969; baseline 0.003 -9"><span class='ocrx_word' id='word_1_303' title='bbox 225 1934 283 1961; x_wconf 61' lang='lat' dir='ltr'><strong>haec</strong></span> <span class='ocrx_word' id='word_1_304' title='bbox 312 1933 398 1960; x_wconf 84' lang='lat' dir='ltr'><strong>Maria</strong></span> <span class='ocrx_word' id='word_1_305' title='bbox 425 1928 582 1967; x_wconf 79' lang='lat' dir='ltr'><strong>Magdalcna</strong></span> <span class='ocrx_word' id='word_1_306' title='bbox 607 1933 640 1960; x_wconf 87' lang='lat' dir='ltr'><strong>de</strong></span> <span class='ocrx_word' id='word_1_307' title='bbox 665 1934 882 1969; x_wconf 76' lang='lat' dir='ltr'><strong>magniﬁcatione</strong></span> <span class='ocrx_word' id='word_1_308' title='bbox 907 1939 1016 1969; x_wconf 88' lang='lat' dir='ltr'><strong>propter</strong></span> 
     </span>
    </p>
   </div>
   <div class='ocr_carea' id='block_1_42' title="bbox 225 1979 1015 2015">
    <p class='ocr_par' dir='ltr' id='par_1_42' title="bbox 225 1979 1015 2015">
     <span class='ocr_line' id='line_1_42' title="bbox 225 1979 1015 2015; baseline 0.001 -9"><span class='ocrx_word' id='word_1_309' title='bbox 225 1980 294 2007; x_wconf 86' lang='lat' dir='ltr'><strong>nihil</strong></span> <span class='ocrx_word' id='word_1_310' title='bbox 314 1980 386 2006; x_wconf 86' lang='lat' dir='ltr'><strong>aliud</strong></span> <span class='ocrx_word' id='word_1_311' title='bbox 405 1980 458 2007; x_wconf 87' lang='lat' dir='ltr'><strong>nisi</strong></span> <span class='ocrx_word' id='word_1_312' title='bbox 473 1980 538 2015; x_wconf 85' lang='lat' dir='ltr'><strong>quia</strong></span> <span class='ocrx_word' id='word_1_313' title='bbox 560 1985 652 2007; x_wconf 85' lang='lat' dir='ltr'><strong>secuta</strong></span> <span class='ocrx_word' id='word_1_314' title='bbox 671 1979 760 2007; x_wconf 83' lang='lat' dir='ltr'><strong>fuerat</strong></span> <span class='ocrx_word' id='word_1_315' title='bbox 773 1980 875 2013; x_wconf 84' lang='lat' dir='ltr'><strong>Jesum,</strong></span> <span class='ocrx_word' id='word_1_316' title='bbox 891 1985 918 2008; x_wconf 89' lang='lat' dir='ltr'><strong>et</strong></span> <span class='ocrx_word' id='word_1_317' title='bbox 933 1981 1015 2007; x_wconf 89' lang='lat' dir='ltr'><strong>mini-</strong></span> 
     </span>
    </p>
   </div>
   <div class='ocr_carea' id='block_1_43' title="bbox 224 2026 1015 2062">
    <p class='ocr_par' dir='ltr' id='par_1_43' title="bbox 224 2026 1015 2062">
     <span class='ocr_line' id='line_1_43' title="bbox 224 2026 1015 2062; baseline 0 -9"><span class='ocrx_word' id='word_1_318' title='bbox 224 2030 360 2054; x_wconf 82' lang='lat' dir='ltr'><strong>straverat</strong></span> <span class='ocrx_word' id='word_1_319' title='bbox 386 2026 431 2057; x_wconf 78' lang='lat' dir='ltr'><strong>ei,</strong></span> <span class='ocrx_word' id='word_1_320' title='bbox 449 2031 474 2052; x_wconf 88' lang='lat' dir='ltr'><strong>et</strong></span> <span class='ocrx_word' id='word_1_321' title='bbox 503 2031 672 2062; x_wconf 81' lang='lat' dir='ltr'><strong>spectaverat</strong></span> <span class='ocrx_word' id='word_1_322' title='bbox 698 2027 856 2061; x_wconf 78' lang='lat' dir='ltr'><strong>mysterium</strong></span> <span class='ocrx_word' id='word_1_323' title='bbox 881 2027 1015 2061; x_wconf 87' lang='lat' dir='ltr'><strong>passionis</strong></span> 
     </span>
    </p>
   </div>
   <div class='ocr_carea' id='block_1_44' title="bbox 226 2063 1015 2105">
    <p class='ocr_par' dir='ltr' id='par_1_44' title="bbox 226 2063 1015 2105">
     <span class='ocr_line' id='line_1_44' title="bbox 226 2063 1015 2105; baseline 0 -7"><span class='ocrx_word' id='word_1_324' title='bbox 226 2071 321 2105; x_wconf 82' lang='lat' dir='ltr'><strong>ipsius.</strong></span> <span class='ocrx_word' id='word_1_325' title='bbox 340 2070 403 2097; x_wconf 82' lang='lat' dir='ltr'><strong>Erat</strong></span> <span class='ocrx_word' id='word_1_326' title='bbox 419 2063 594 2097; x_wconf 66' lang='lat' dir='ltr'><strong>antéminter</strong></span> <span class='ocrx_word' id='word_1_327' title='bbox 606 2071 757 2105; x_wconf 68' lang='lat' dir='ltr'><strong>praecipuas</strong></span> <span class='ocrx_word' id='word_1_328' title='bbox 772 2075 798 2098; x_wconf 91' lang='lat' dir='ltr'><strong>et</strong></span> <span class='ocrx_word' id='word_1_329' title='bbox 812 2071 906 2102; x_wconf 78' lang='lat' dir='ltr'><strong>Maria,</strong></span> <span class='ocrx_word' id='word_1_330' title='bbox 921 2069 1015 2098; x_wconf 81' lang='lat' dir='ltr'><strong>Jacobi</strong></span> 
     </span>
    </p>
   </div>
   <div class='ocr_carea' id='block_1_45' title="bbox 225 2115 1014 2151">
    <p class='ocr_par' dir='ltr' id='par_1_45' title="bbox 225 2115 1014 2151">
     <span class='ocr_line' id='line_1_45' title="bbox 225 2115 1014 2151; baseline -0.003 -7"><span class='ocrx_word' id='word_1_331' title='bbox 225 2121 253 2144; x_wconf 91' lang='lat' dir='ltr'><strong>et</strong></span> <span class='ocrx_word' id='word_1_332' title='bbox 263 2116 367 2151; x_wconf 81' lang='lat' dir='ltr'><strong>Joscph</strong></span> <span class='ocrx_word' id='word_1_333' title='bbox 393 2121 497 2147; x_wconf 79' lang='lat' dir='ltr'><strong>mater,</strong></span> <span class='ocrx_word' id='word_1_334' title='bbox 518 2120 582 2148; x_wconf 86' lang='lat' dir='ltr'><strong>aut,</strong></span> <span class='ocrx_word' id='word_1_335' title='bbox 603 2115 675 2142; x_wconf 88' lang='lat' dir='ltr'><strong>sicut</strong></span> <span class='ocrx_word' id='word_1_336' title='bbox 697 2115 805 2143; x_wconf 79' lang='lat' dir='ltr'><strong>Marcus</strong></span> <span class='ocrx_word' id='word_1_337' title='bbox 822 2116 904 2147; x_wconf 87' lang='lat' dir='ltr'><strong>dicit,</strong></span> <span class='ocrx_word' id='word_1_338' title='bbox 922 2115 1014 2143; x_wconf 79' lang='lat' dir='ltr'><strong>Jacobi</strong></span> 
     </span>
    </p>
   </div>
   <div class='ocr_carea' id='block_1_46' title="bbox 226 2160 1016 2195">
    <p class='ocr_par' dir='ltr' id='par_1_46' title="bbox 226 2160 1016 2195">
     <span class='ocr_line' id='line_1_46' title="bbox 226 2160 1016 2195; baseline -0.001 -7"><span class='ocrx_word' id='word_1_339' title='bbox 226 2162 340 2189; x_wconf 87' lang='lat' dir='ltr'><strong>minoris</strong></span> <span class='ocrx_word' id='word_1_340' title='bbox 354 2167 380 2188; x_wconf 90' lang='lat' dir='ltr'><strong>et</strong></span> <span class='ocrx_word' id='word_1_341' title='bbox 395 2161 494 2195; x_wconf 83' lang='lat' dir='ltr'><strong>Juscph</strong></span> <span class='ocrx_word' id='word_1_342' title='bbox 509 2166 604 2193; x_wconf 83' lang='lat' dir='ltr'><strong>materI</strong></span> <span class='ocrx_word' id='word_1_343' title='bbox 619 2160 770 2188; x_wconf 87' lang='lat' dir='ltr'><strong>secundum</strong></span> <span class='ocrx_word' id='word_1_344' title='bbox 787 2169 884 2188; x_wconf 84' lang='lat' dir='ltr'><strong>nomen</strong></span> <span class='ocrx_word' id='word_1_345' title='bbox 900 2160 1016 2195; x_wconf 86' lang='lat' dir='ltr'><strong>patriar-</strong></span> 
     </span>
    </p>
   </div>
   <div class='ocr_carea' id='block_1_47' title="bbox 1072 239 1834 274">
    <p class='ocr_par' dir='ltr' id='par_1_47' title="bbox 1072 239 1834 274">
     <span class='ocr_line' id='line_1_47' title="bbox 1072 239 1834 274; baseline -0.01 -4"><span class='ocrx_word' id='word_1_346' title='bbox 1072 243 1122 270; x_wconf 88' lang='lat' dir='ltr'><strong>bus</strong></span> <span class='ocrx_word' id='word_1_347' title='bbox 1137 252 1144 269; x_wconf 84' lang='lat'><strong>:</strong></span> <span class='ocrx_word' id='word_1_348' title='bbox 1162 243 1222 269; x_wconf 88' lang='lat' dir='ltr'><strong>ideo</strong></span> <span class='ocrx_word' id='word_1_349' title='bbox 1235 241 1355 269; x_wconf 74' lang='lat' dir='ltr'><strong>Joannes</strong></span> <span class='ocrx_word' id='word_1_350' title='bbox 1367 241 1475 268; x_wconf 88' lang='lat' dir='ltr'><strong>audivit</strong></span> <span class='ocrx_word' id='word_1_351' title='bbox 1490 245 1606 274; x_wconf 74' lang='lat' dir='ltr'><strong>septem</strong></span> <span class='ocrx_word' id='word_1_352' title='bbox 1623 239 1770 265; x_wconf 78' lang='lat' dir='ltr'><strong>tonitruum</strong></span> <span class='ocrx_word' id='word_1_353' title='bbox 1780 239 1834 266; x_wconf 67' lang='lat' dir='ltr'><strong>mla,</strong></span> 
     </span>
    </p>
   </div>
   <div class='ocr_carea' id='block_1_48' title="bbox 1071 285 1834 324">
    <p class='ocr_par' dir='ltr' id='par_1_48' title="bbox 1071 285 1834 324">
     <span class='ocr_line' id='line_1_48' title="bbox 1071 285 1834 324; baseline -0.008 -9"><span class='ocrx_word' id='word_1_354' title='bbox 1071 296 1132 324; x_wconf 71' lang='lat' dir='ltr'><strong>qnze</strong></span> <span class='ocrx_word' id='word_1_355' title='bbox 1157 288 1236 323; x_wconf 88' lang='lat' dir='ltr'><strong>quasi</strong></span> <span class='ocrx_word' id='word_1_356' title='bbox 1260 287 1444 314; x_wconf 81' lang='lat' dir='ltr'><strong>eminentiora</strong></span> <span class='ocrx_word' id='word_1_357' title='bbox 1469 286 1551 312; x_wconf 88' lang='lat' dir='ltr'><strong>omni</strong></span> <span class='ocrx_word' id='word_1_358' title='bbox 1583 285 1745 318; x_wconf 80' lang='lat' dir='ltr'><strong>scriptura.</strong></span> <span class='ocrx_word' id='word_1_359' title='bbox 1766 288 1788 309; x_wconf 80' lang='lat' dir='ltr'><strong>ut</strong></span> <span class='ocrx_word' id='word_1_360' title='bbox 1806 292 1834 309; x_wconf 68' lang='grc' dir='ltr'>η</span> 
     </span>
    </p>
   </div>
   <div class='ocr_carea' id='block_1_49' title="bbox 1071 332 1834 368">
    <p class='ocr_par' dir='ltr' id='par_1_49' title="bbox 1071 332 1834 368">
     <span class='ocr_line' id='line_1_49' title="bbox 1071 332 1834 368; baseline -0.009 -6"><span class='ocrx_word' id='word_1_361' title='bbox 1071 334 1202 362; x_wconf 79' lang='lat' dir='ltr'><strong>scriberet</strong></span> <span class='ocrx_word' id='word_1_362' title='bbox 1215 334 1315 368; x_wconf 89' lang='lat' dir='ltr'><strong>accipit</strong></span> <span class='ocrx_word' id='word_1_363' title='bbox 1329 333 1504 360; x_wconf 86' lang='lat' dir='ltr'><strong>mandatum.</strong></span> <span class='ocrx_word' id='word_1_364' title='bbox 1521 332 1575 358; x_wconf 89' lang='lat' dir='ltr'><strong>Sin</strong></span> <span class='ocrx_word' id='word_1_365' title='bbox 1593 335 1692 357; x_wconf 84' lang='lat' dir='ltr'><strong>autem</strong></span> <span class='ocrx_word' id='word_1_366' title='bbox 1703 334 1834 363; x_wconf 63' lang='lat' dir='ltr'><strong>oportetqu</strong></span> 
     </span>
    </p>
   </div>
   <div class='ocr_carea' id='block_1_50' title="bbox 1071 374 1834 409">
    <p class='ocr_par' dir='ltr' id='par_1_50' title="bbox 1071 374 1834 409">
     <span class='ocr_line' id='line_1_50' title="bbox 1071 374 1834 409; baseline -0.008 -3"><span class='ocrx_word' id='word_1_367' title='bbox 1071 379 1142 409; x_wconf 88' lang='lat' dir='ltr'><strong>nari,</strong></span> <span class='ocrx_word' id='word_1_368' title='bbox 1152 383 1179 406; x_wconf 88' lang='lat' dir='ltr'><strong>et</strong></span> <span class='ocrx_word' id='word_1_369' title='bbox 1190 378 1280 405; x_wconf 86' lang='lat' dir='ltr'><strong>dicere</strong></span> <span class='ocrx_word' id='word_1_370' title='bbox 1290 378 1374 405; x_wconf 86' lang='lat' dir='ltr'><strong>etiam</strong></span> <span class='ocrx_word' id='word_1_371' title='bbox 1384 385 1483 404; x_wconf 88' lang='lat' dir='ltr'><strong>nomen</strong></span> <span class='ocrx_word' id='word_1_372' title='bbox 1494 376 1602 404; x_wconf 87' lang='lat' dir='ltr'><strong>matris</strong></span> <span class='ocrx_word' id='word_1_373' title='bbox 1616 375 1739 402; x_wconf 84' lang='lat' dir='ltr'><strong>liliorum</strong></span> <span class='ocrx_word' id='word_1_374' title='bbox 1747 374 1834 401; x_wconf 69' lang='lat' dir='ltr'><strong>let-uta</strong></span> 
     </span>
    </p>
   </div>
   <div class='ocr_carea' id='block_1_51' title="bbox 1070 421 1835 458">
    <p class='ocr_par' dir='ltr' id='par_1_51' title="bbox 1070 421 1835 458">
     <span class='ocr_line' id='line_1_51' title="bbox 1070 421 1835 458; baseline -0.005 -8"><span class='ocrx_word' id='word_1_375' title='bbox 1070 423 1132 451; x_wconf 88' lang='lat' dir='ltr'><strong>dico</strong></span> <span class='ocrx_word' id='word_1_376' title='bbox 1146 423 1274 458; x_wconf 89' lang='lat' dir='ltr'><strong>quoniam</strong></span> <span class='ocrx_word' id='word_1_377' title='bbox 1294 423 1352 450; x_wconf 63' lang='lat' dir='ltr'><strong>haec</strong></span> <span class='ocrx_word' id='word_1_378' title='bbox 1366 423 1423 457; x_wconf 88' lang='lat' dir='ltr'><strong>ipsa</strong></span> <span class='ocrx_word' id='word_1_379' title='bbox 1440 422 1534 449; x_wconf 80' lang='lat' dir='ltr'><strong>fuerat</strong></span> <span class='ocrx_word' id='word_1_380' title='bbox 1556 421 1683 448; x_wconf 84' lang='lat' dir='ltr'><strong>Salome</strong></span> <span class='ocrx_word' id='word_1_381' title='bbox 1699 421 1796 454; x_wconf 69' lang='lat' dir='ltr'><strong>paciﬁtn</strong></span> <span class='ocrx_word' id='word_1_382' title='bbox 1812 429 1835 454; x_wconf 69' lang='lat'><strong>1;-</strong></span> 
     </span>
    </p>
   </div>
   <div class='ocr_carea' id='block_1_52' title="bbox 1070 467 1835 504">
    <p class='ocr_par' dir='ltr' id='par_1_52' title="bbox 1070 467 1835 504">
     <span class='ocr_line' id='line_1_52' title="bbox 1070 467 1835 504; baseline -0.004 -8"><span class='ocrx_word' id='word_1_383' title='bbox 1070 469 1177 504; x_wconf 81' lang='lat' dir='ltr'><strong>pellata.</strong></span> <span class='ocrx_word' id='word_1_384' title='bbox 1202 468 1336 503; x_wconf 85' lang='lat' dir='ltr'><strong>Opinatus</strong></span> <span class='ocrx_word' id='word_1_385' title='bbox 1362 476 1424 496; x_wconf 91' lang='lat' dir='ltr'><strong>sum</strong></span> <span class='ocrx_word' id='word_1_386' title='bbox 1451 473 1547 496; x_wconf 85' lang='lat' dir='ltr'><strong>autem</strong></span> <span class='ocrx_word' id='word_1_387' title='bbox 1583 468 1664 498; x_wconf 86' lang='lat' dir='ltr'><strong>hoc,</strong></span> <span class='ocrx_word' id='word_1_388' title='bbox 1691 467 1777 494; x_wconf 79' lang='lat' dir='ltr'><strong>videns</strong></span> <span class='ocrx_word' id='word_1_389' title='bbox 1796 475 1835 501; x_wconf 68' lang='grc' dir='ltr'>ειμι</span> 
     </span>
    </p>
   </div>
   <div class='ocr_carea' id='block_1_53' title="bbox 1070 514 1835 550">
    <p class='ocr_par' dir='ltr' id='par_1_53' title="bbox 1070 514 1835 550">
     <span class='ocr_line' id='line_1_53' title="bbox 1070 514 1835 550; baseline -0.005 -7"><span class='ocrx_word' id='word_1_390' title='bbox 1070 516 1223 543; x_wconf 78' lang='lat' dir='ltr'><strong>Mattlneum</strong></span> <span class='ocrx_word' id='word_1_391' title='bbox 1241 520 1268 543; x_wconf 85' lang='lat' dir='ltr'><strong>et</strong></span> <span class='ocrx_word' id='word_1_392' title='bbox 1288 515 1409 544; x_wconf 84' lang='lat' dir='ltr'><strong>Marcum</strong></span> <span class='ocrx_word' id='word_1_393' title='bbox 1431 520 1487 543; x_wconf 86' lang='lat' dir='ltr'><strong>tres</strong></span> <span class='ocrx_word' id='word_1_394' title='bbox 1503 515 1677 550; x_wconf 67' lang='lat' dir='ltr'><strong>pracipuas</strong></span> <span class='ocrx_word' id='word_1_395' title='bbox 1692 514 1835 540; x_wconf 63' lang='lat' dir='ltr'><strong>mulieres-io</strong></span> 
     </span>
    </p>
   </div>
   <div class='ocr_carea' id='block_1_54' title="bbox 1069 558 1835 597">
    <p class='ocr_par' dir='ltr' id='par_1_54' title="bbox 1069 558 1835 597">
     <span class='ocr_line' id='line_1_54' title="bbox 1069 558 1835 597; baseline -0.007 -8"><span class='ocrx_word' id='word_1_396' title='bbox 1069 563 1198 595; x_wconf 83' lang='lat' dir='ltr'><strong>minatas,</strong></span> <span class='ocrx_word' id='word_1_397' title='bbox 1211 563 1244 589; x_wconf 88' lang='lat' dir='ltr'><strong>de</strong></span> <span class='ocrx_word' id='word_1_398' title='bbox 1256 561 1356 597; x_wconf 88' lang='lat' dir='ltr'><strong>quibus</strong></span> <span class='ocrx_word' id='word_1_399' title='bbox 1369 569 1491 597; x_wconf 69' lang='lat' dir='ltr'><strong>pmsens</strong></span> <span class='ocrx_word' id='word_1_400' title='bbox 1504 568 1609 588; x_wconf 86' lang='lat' dir='ltr'><strong>sermo</strong></span> <span class='ocrx_word' id='word_1_401' title='bbox 1625 560 1753 587; x_wconf 86' lang='lat' dir='ltr'><strong>habetur.</strong></span> <span class='ocrx_word' id='word_1_402' title='bbox 1765 558 1789 585; x_wconf 84' lang='lat' dir='ltr'><strong>Et</strong></span> <span class='ocrx_word' id='word_1_403' title='bbox 1798 559 1835 585; x_wconf 65' lang='grc' dir='ltr'><strong>Διί,</strong></span> 
     </span>
    </p>
   </div>
   <div class='ocr_carea' id='block_1_55' title="bbox 1069 604 1835 643">
    <p class='ocr_par' dir='ltr' id='par_1_55' title="bbox 1069 604 1835 643">
     <span class='ocr_line' id='line_1_55' title="bbox 1069 604 1835 643; baseline -0.007 -8"><span class='ocrx_word' id='word_1_404' title='bbox 1069 608 1177 643; x_wconf 89' lang='lat' dir='ltr'><strong>quidem</strong></span> <span class='ocrx_word' id='word_1_405' title='bbox 1200 615 1260 634; x_wconf 77' lang='lat' dir='ltr'><strong>esse</strong></span> <span class='ocrx_word' id='word_1_406' title='bbox 1281 615 1401 642; x_wconf 71' lang='lat' dir='ltr'><strong>praesens</strong></span> <span class='ocrx_word' id='word_1_407' title='bbox 1420 607 1599 639; x_wconf 72' lang='lat' dir='ltr'><strong>evangelista</strong></span> <span class='ocrx_word' id='word_1_408' title='bbox 1619 605 1750 640; x_wconf 86' lang='lat' dir='ltr'><strong>exponit,</strong></span> <span class='ocrx_word' id='word_1_409' title='bbox 1765 604 1835 631; x_wconf 69' lang='lat' dir='ltr'><strong>Mariam</strong></span> 
     </span>
    </p>
   </div>
   <div class='ocr_carea' id='block_1_56' title="bbox 1069 652 1830 688">
    <p class='ocr_par' dir='ltr' id='par_1_56' title="bbox 1069 652 1830 688">
     <span class='ocr_line' id='line_1_56' title="bbox 1069 652 1830 688; baseline -0.005 -8"><span class='ocrx_word' id='word_1_410' title='bbox 1069 654 1268 688; x_wconf 77' lang='lat' dir='ltr'><strong>Magdalenam,</strong></span> <span class='ocrx_word' id='word_1_411' title='bbox 1284 658 1311 680; x_wconf 90' lang='lat' dir='ltr'><strong>et</strong></span> <span class='ocrx_word' id='word_1_412' title='bbox 1320 653 1432 680; x_wconf 81' lang='lat' dir='ltr'><strong>Mariam</strong></span> <span class='ocrx_word' id='word_1_413' title='bbox 1443 652 1542 680; x_wconf 88' lang='lat' dir='ltr'><strong>Jacobi</strong></span> <span class='ocrx_word' id='word_1_414' title='bbox 1561 661 1569 678; x_wconf 90' lang='lat'><strong>:</strong></span> <span class='ocrx_word' id='word_1_415' title='bbox 1587 652 1707 678; x_wconf 83' lang='lat' dir='ltr'><strong>tertiam</strong></span> <span class='ocrx_word' id='word_1_416' title='bbox 1723 655 1798 678; x_wconf 73' lang='lat' dir='ltr'><strong>autem</strong></span> <span class='ocrx_word' id='word_1_417' title='bbox 1809 652 1830 676; x_wconf 71' lang='lat' dir='ltr'><strong>dx</strong></span> 
     </span>
    </p>
   </div>
   <div class='ocr_carea' id='block_1_57' title="bbox 1069 697 1835 732">
    <p class='ocr_par' dir='ltr' id='par_1_57' title="bbox 1069 697 1835 732">
     <span class='ocr_line' id='line_1_57' title="bbox 1069 697 1835 732; baseline -0.007 -5"><span class='ocrx_word' id='word_1_418' title='bbox 1069 707 1183 728; x_wconf 88' lang='lat' dir='ltr'><strong>matrem</strong></span> <span class='ocrx_word' id='word_1_419' title='bbox 1211 699 1329 726; x_wconf 83' lang='lat' dir='ltr'><strong>ﬁliorum</strong></span> <span class='ocrx_word' id='word_1_420' title='bbox 1359 698 1494 726; x_wconf 77' lang='lat' dir='ltr'><strong>Zcbcda-i.</strong></span> <span class='ocrx_word' id='word_1_421' title='bbox 1520 697 1609 732; x_wconf 83' lang='lat' dir='ltr'><strong>Apud</strong></span> <span class='ocrx_word' id='word_1_422' title='bbox 1641 697 1763 724; x_wconf 75' lang='lat' dir='ltr'><strong>Marcum</strong></span> <span class='ocrx_word' id='word_1_423' title='bbox 1782 703 1835 723; x_wconf 70' lang='lat' dir='ltr'><strong>anu</strong></span> 
     </span>
    </p>
   </div>
   <div class='ocr_carea' id='block_1_58' title="bbox 1068 742 1835 779">
    <p class='ocr_par' dir='ltr' id='par_1_58' title="bbox 1068 742 1835 779">
     <span class='ocr_line' id='line_1_58' title="bbox 1068 742 1835 779; baseline -0.007 -5"><span class='ocrx_word' id='word_1_424' title='bbox 1068 747 1146 774; x_wconf 81' lang='lat' dir='ltr'><strong>tertia</strong></span> <span class='ocrx_word' id='word_1_425' title='bbox 1161 746 1205 773; x_wconf 86' lang='lat' dir='ltr'><strong>illa</strong></span> <span class='ocrx_word' id='word_1_426' title='bbox 1220 745 1329 772; x_wconf 86' lang='lat' dir='ltr'><strong>Salome</strong></span> <span class='ocrx_word' id='word_1_427' title='bbox 1342 744 1509 779; x_wconf 84' lang='lat' dir='ltr'><strong>appellatur:</strong></span> <span class='ocrx_word' id='word_1_428' title='bbox 1524 749 1555 771; x_wconf 89' lang='lat' dir='ltr'><strong>et</strong></span> <span class='ocrx_word' id='word_1_429' title='bbox 1567 744 1733 770; x_wconf 85' lang='lat' dir='ltr'><strong>secundum</strong></span> <span class='ocrx_word' id='word_1_430' title='bbox 1748 742 1835 769; x_wconf 66' lang='lat' dir='ltr'><strong>larunt</strong></span> 
     </span>
    </p>
   </div>
   <div class='ocr_carea' id='block_1_59' title="bbox 1068 790 1834 828">
    <p class='ocr_par' dir='ltr' id='par_1_59' title="bbox 1068 790 1834 828">
     <span class='ocr_line' id='line_1_59' title="bbox 1068 790 1834 828; baseline -0.007 -8"><span class='ocrx_word' id='word_1_431' title='bbox 1068 801 1129 828; x_wconf 77' lang='lat' dir='ltr'><strong>qua:</strong></span> <span class='ocrx_word' id='word_1_432' title='bbox 1143 798 1243 820; x_wconf 71' lang='lat' dir='ltr'><strong>secuta:</strong></span> <span class='ocrx_word' id='word_1_433' title='bbox 1257 792 1365 819; x_wconf 78' lang='lat' dir='ltr'><strong>fuerant</strong></span> <span class='ocrx_word' id='word_1_434' title='bbox 1384 791 1478 818; x_wconf 86' lang='lat' dir='ltr'><strong>Jesum</strong></span> <span class='ocrx_word' id='word_1_435' title='bbox 1494 798 1509 817; x_wconf 90' lang='lat' dir='ltr'><strong>a</strong></span> <span class='ocrx_word' id='word_1_436' title='bbox 1526 790 1654 818; x_wconf 69' lang='lat' dir='ltr'><strong>Galilaea</strong></span> <span class='ocrx_word' id='word_1_437' title='bbox 1665 810 1674 822; x_wconf 83' lang='lat'><strong>,</strong></span> <span class='ocrx_word' id='word_1_438' title='bbox 1696 798 1756 817; x_wconf 82' lang='lat' dir='ltr'><strong>cum</strong></span> <span class='ocrx_word' id='word_1_439' title='bbox 1768 790 1834 816; x_wconf 67' lang='lat' dir='ltr'><strong>Christ</strong></span> 
     </span>
    </p>
   </div>
   <div class='ocr_carea' id='block_1_60' title="bbox 1068 835 1835 865">
    <p class='ocr_par' dir='ltr' id='par_1_60' title="bbox 1068 835 1835 865">
     <span class='ocr_line' id='line_1_60' title="bbox 1068 835 1835 865; baseline -0.005 -1"><span class='ocrx_word' id='word_1_440' title='bbox 1068 838 1252 865; x_wconf 84' lang='lat' dir='ltr'><strong>ascenderunt</strong></span> <span class='ocrx_word' id='word_1_441' title='bbox 1267 837 1294 864; x_wconf 90' lang='lat' dir='ltr'><strong>in</strong></span> <span class='ocrx_word' id='word_1_442' title='bbox 1304 836 1468 864; x_wconf 87' lang='lat' dir='ltr'><strong>Jerusalem.</strong></span> <span class='ocrx_word' id='word_1_443' title='bbox 1485 835 1540 863; x_wconf 89' lang='lat' dir='ltr'><strong>Iste</strong></span> <span class='ocrx_word' id='word_1_444' title='bbox 1556 842 1603 863; x_wconf 85' lang='lat' dir='ltr'><strong>est</strong></span> <span class='ocrx_word' id='word_1_445' title='bbox 1615 836 1696 862; x_wconf 89' lang='lat' dir='ltr'><strong>cnim</strong></span> <span class='ocrx_word' id='word_1_446' title='bbox 1714 835 1771 861; x_wconf 83' lang='lat' dir='ltr'><strong>linis</strong></span> <span class='ocrx_word' id='word_1_447' title='bbox 1778 842 1835 861; x_wconf 67' lang='lat' dir='ltr'><strong>cons</strong></span> 
     </span>
    </p>
   </div>
   <div class='ocr_carea' id='block_1_61' title="bbox 1068 881 1835 918">
    <p class='ocr_par' dir='ltr' id='par_1_61' title="bbox 1068 881 1835 918">
     <span class='ocr_line' id='line_1_61' title="bbox 1068 881 1835 918; baseline -0.007 -7"><span class='ocrx_word' id='word_1_448' title='bbox 1068 885 1114 918; x_wconf 90' lang='lat' dir='ltr'><strong>qui</strong></span> <span class='ocrx_word' id='word_1_449' title='bbox 1132 883 1326 917; x_wconf 88' lang='lat' dir='ltr'><strong>derelinquunt</strong></span> <span class='ocrx_word' id='word_1_450' title='bbox 1342 881 1481 908; x_wconf 68' lang='lat' dir='ltr'><strong>Galilazam</strong></span> <span class='ocrx_word' id='word_1_451' title='bbox 1503 882 1640 916; x_wconf 77' lang='lat' dir='ltr'><strong>gentium</strong></span> <span class='ocrx_word' id='word_1_452' title='bbox 1652 901 1661 912; x_wconf 83' lang='lat'><strong>,</strong></span> <span class='ocrx_word' id='word_1_453' title='bbox 1680 886 1708 908; x_wconf 90' lang='lat' dir='ltr'><strong>et</strong></span> <span class='ocrx_word' id='word_1_454' title='bbox 1730 886 1835 914; x_wconf 70' lang='lat' dir='ltr'><strong>sequntur</strong></span> 
     </span>
    </p>
   </div>
   <div class='ocr_carea' id='block_1_62' title="bbox 1067 927 1835 962">
    <p class='ocr_par' dir='ltr' id='par_1_62' title="bbox 1067 927 1835 962">
     <span class='ocr_line' id='line_1_62' title="bbox 1067 927 1835 962; baseline -0.004 -6"><span class='ocrx_word' id='word_1_455' title='bbox 1067 929 1160 958; x_wconf 87' lang='lat' dir='ltr'><strong>Jesum</strong></span> <span class='ocrx_word' id='word_1_456' title='bbox 1174 950 1181 962; x_wconf 88' lang='lat'><strong>,</strong></span> <span class='ocrx_word' id='word_1_457' title='bbox 1197 935 1225 957; x_wconf 92' lang='lat' dir='ltr'><strong>nt</strong></span> <span class='ocrx_word' id='word_1_458' title='bbox 1243 937 1296 956; x_wconf 92' lang='lat' dir='ltr'><strong>non</strong></span> <span class='ocrx_word' id='word_1_459' title='bbox 1314 928 1403 956; x_wconf 89' lang='lat' dir='ltr'><strong>solum</strong></span> <span class='ocrx_word' id='word_1_460' title='bbox 1418 928 1574 955; x_wconf 85' lang='lat' dir='ltr'><strong>ascendant</strong></span> <span class='ocrx_word' id='word_1_461' title='bbox 1591 928 1623 955; x_wconf 91' lang='lat' dir='ltr'><strong>in</strong></span> <span class='ocrx_word' id='word_1_462' title='bbox 1643 927 1800 955; x_wconf 73' lang='lat' dir='ltr'><strong>Jerusalem.</strong></span> <span class='ocrx_word' id='word_1_463' title='bbox 1812 934 1835 952; x_wconf 72' lang='lat' dir='ltr'><strong>5n</strong></span> 
     </span>
    </p>
   </div>
   <div class='ocr_carea' id='block_1_63' title="bbox 1067 973 1835 1005">
    <p class='ocr_par' dir='ltr' id='par_1_63' title="bbox 1067 973 1835 1005">
     <span class='ocr_line' id='line_1_63' title="bbox 1067 973 1835 1005; baseline -0.005 -2"><span class='ocrx_word' id='word_1_464' title='bbox 1067 977 1149 1003; x_wconf 87' lang='lat' dir='ltr'><strong>etiam</strong></span> <span class='ocrx_word' id='word_1_465' title='bbox 1167 981 1228 1003; x_wconf 90' lang='lat' dir='ltr'><strong>cum</strong></span> <span class='ocrx_word' id='word_1_466' title='bbox 1245 974 1308 1002; x_wconf 86' lang='lat' dir='ltr'><strong>Jesu</strong></span> <span class='ocrx_word' id='word_1_467' title='bbox 1322 974 1472 1001; x_wconf 79' lang='lat' dir='ltr'><strong>ascendant</strong></span> <span class='ocrx_word' id='word_1_468' title='bbox 1486 973 1512 1000; x_wconf 92' lang='lat' dir='ltr'><strong>in</strong></span> <span class='ocrx_word' id='word_1_469' title='bbox 1528 981 1610 1000; x_wconf 87' lang='lat' dir='ltr'><strong>eam.</strong></span> <span class='ocrx_word' id='word_1_470' title='bbox 1629 973 1693 1000; x_wconf 85' lang='lat' dir='ltr'><strong>Hoc</strong></span> <span class='ocrx_word' id='word_1_471' title='bbox 1707 973 1772 999; x_wconf 75' lang='lat' dir='ltr'><strong>enim</strong></span> <span class='ocrx_word' id='word_1_472' title='bbox 1785 973 1835 1005; x_wconf 62' lang='lat' dir='ltr'><strong>sic»</strong></span> 
     </span>
    </p>
   </div>
   <div class='ocr_carea' id='block_1_64' title="bbox 1068 1019 1835 1056">
    <p class='ocr_par' dir='ltr' id='par_1_64' title="bbox 1068 1019 1835 1056">
     <span class='ocr_line' id='line_1_64' title="bbox 1068 1019 1835 1056; baseline -0.01 -7"><span class='ocrx_word' id='word_1_473' title='bbox 1068 1022 1130 1050; x_wconf 87' lang='lat' dir='ltr'><strong>licat</strong></span> <span class='ocrx_word' id='word_1_474' title='bbox 1144 1021 1216 1056; x_wconf 84' lang='lat' dir='ltr'><strong>quod</strong></span> <span class='ocrx_word' id='word_1_475' title='bbox 1229 1020 1310 1048; x_wconf 88' lang='lat' dir='ltr'><strong>simul</strong></span> <span class='ocrx_word' id='word_1_476' title='bbox 1321 1019 1480 1047; x_wconf 84' lang='lat' dir='ltr'><strong>ascendisse</strong></span> <span class='ocrx_word' id='word_1_477' title='bbox 1495 1019 1671 1047; x_wconf 75' lang='lat' dir='ltr'><strong>referuntur</strong></span> <span class='ocrx_word' id='word_1_478' title='bbox 1687 1019 1835 1046; x_wconf 67' lang='lat' dir='ltr'><strong>cumam-1..</strong></span> 
     </span>
    </p>
   </div>
   <div class='ocr_carea' id='block_1_65' title="bbox 1106 1064 1835 1099">
    <p class='ocr_par' dir='ltr' id='par_1_65' title="bbox 1106 1064 1835 1099">
     <span class='ocr_line' id='line_1_65' title="bbox 1106 1064 1835 1099; baseline -0.008 -6"><span class='ocrx_word' id='word_1_479' title='bbox 1106 1066 1167 1093; x_wconf 71' lang='lat'><strong>“2.</strong></span> <span class='ocrx_word' id='word_1_480' title='bbox 1186 1066 1252 1093; x_wconf 84' lang='lat' dir='ltr'><strong>Cum</strong></span> <span class='ocrx_word' id='word_1_481' title='bbox 1264 1074 1321 1092; x_wconf 81' lang='lat' dir='ltr'><strong>sero</strong></span> <span class='ocrx_word' id='word_1_482' title='bbox 1333 1071 1421 1092; x_wconf 86' lang='lat' dir='ltr'><strong>autem</strong></span> <span class='ocrx_word' id='word_1_483' title='bbox 1435 1066 1540 1099; x_wconf 81' lang='lat' dir='ltr'><strong>factum</strong></span> <span class='ocrx_word' id='word_1_484' title='bbox 1556 1065 1675 1099; x_wconf 76' lang='lat' dir='ltr'><strong>fuisset,</strong></span> <span class='ocrx_word' id='word_1_485' title='bbox 1688 1065 1754 1090; x_wconf 73' lang='lat' dir='ltr'><strong>venit</strong></span> <span class='ocrx_word' id='word_1_486' title='bbox 1765 1064 1835 1096; x_wconf 66' lang='lat' dir='ltr'><strong>quid.</strong></span> 
     </span>
    </p>
   </div>
   <div class='ocr_carea' id='block_1_66' title="bbox 1070 1108 1835 1144">
    <p class='ocr_par' dir='ltr' id='par_1_66' title="bbox 1070 1108 1835 1144">
     <span class='ocr_line' id='line_1_66' title="bbox 1070 1108 1835 1144; baseline -0.007 -6"><span class='ocrx_word' id='word_1_487' title='bbox 1070 1112 1148 1138; x_wconf 83' lang='lat' dir='ltr'><strong>homo</strong></span> <span class='ocrx_word' id='word_1_488' title='bbox 1160 1112 1231 1139; x_wconf 76' lang='lat' dir='ltr'><strong>dives</strong></span> <span class='ocrx_word' id='word_1_489' title='bbox 1243 1113 1275 1138; x_wconf 85' lang='lat' dir='ltr'><strong>ab</strong></span> <span class='ocrx_word' id='word_1_490' title='bbox 1293 1112 1456 1143; x_wconf 77' lang='lat' dir='ltr'><strong>Arimatln&#39;a,</strong></span> <span class='ocrx_word' id='word_1_491' title='bbox 1470 1112 1582 1137; x_wconf 83' lang='lat' dir='ltr'><strong>nomine</strong></span> <span class='ocrx_word' id='word_1_492' title='bbox 1597 1109 1717 1144; x_wconf 74' lang='lat' dir='ltr'><strong>Joscplt,</strong></span> <span class='ocrx_word' id='word_1_493' title='bbox 1729 1111 1768 1142; x_wconf 77' lang='lat' dir='ltr'><strong>qui</strong></span> <span class='ocrx_word' id='word_1_494' title='bbox 1777 1113 1795 1134; x_wconf 73' lang='lat' dir='ltr'><strong>et</strong></span> <span class='ocrx_word' id='word_1_495' title='bbox 1806 1108 1835 1137; x_wconf 73' lang='lat' dir='ltr'><strong>i,2</strong></span> 
     </span>
    </p>
   </div>
   <div class='ocr_carea' id='block_1_67' title="bbox 1066 1156 1835 1192">
    <p class='ocr_par' dir='ltr' id='par_1_67' title="bbox 1066 1156 1835 1192">
     <span class='ocr_line' id='line_1_67' title="bbox 1066 1156 1835 1192; baseline -0.007 -8"><span class='ocrx_word' id='word_1_496' title='bbox 1066 1157 1213 1192; x_wconf 80' lang='lat' dir='ltr'><strong>discipulus</strong></span> <span class='ocrx_word' id='word_1_497' title='bbox 1238 1162 1295 1184; x_wconf 86' lang='lat' dir='ltr'><strong>erat</strong></span> <span class='ocrx_word' id='word_1_498' title='bbox 1315 1157 1390 1184; x_wconf 81' lang='lat' dir='ltr'><strong>Jesu.</strong></span> <span class='ocrx_word' id='word_1_499' title='bbox 1413 1156 1465 1183; x_wconf 79' lang='lat' dir='ltr'><strong>Hic</strong></span> <span class='ocrx_word' id='word_1_500' title='bbox 1486 1157 1608 1183; x_wconf 79' lang='lat' dir='ltr'><strong>accessit</strong></span> <span class='ocrx_word' id='word_1_501' title='bbox 1631 1156 1670 1182; x_wconf 80' lang='lat' dir='ltr'><strong>ad</strong></span> <span class='ocrx_word' id='word_1_502' title='bbox 1696 1156 1810 1182; x_wconf 65' lang='lat' dir='ltr'><strong>Pilatum.</strong></span> <span class='ocrx_word' id='word_1_503' title='bbox 1824 1158 1835 1177; x_wconf 59' lang='grc' dir='ltr'><strong>δέ</strong></span> 
     </span>
    </p>
   </div>
   <div class='ocr_carea' id='block_1_68' title="bbox 1066 1199 1834 1237">
    <p class='ocr_par' dir='ltr' id='par_1_68' title="bbox 1066 1199 1834 1237">
     <span class='ocr_line' id='line_1_68' title="bbox 1066 1199 1834 1237; baseline -0.007 -7"><span class='ocrx_word' id='word_1_504' title='bbox 1066 1204 1143 1237; x_wconf 84' lang='lat' dir='ltr'><strong>petiit</strong></span> <span class='ocrx_word' id='word_1_505' title='bbox 1155 1211 1248 1237; x_wconf 84' lang='lat' dir='ltr'><strong>corpus</strong></span> <span class='ocrx_word' id='word_1_506' title='bbox 1255 1202 1330 1229; x_wconf 75' lang='lat' dir='ltr'><strong>Iesu.</strong></span> <span class='ocrx_word' id='word_1_507' title='bbox 1344 1202 1417 1229; x_wconf 84' lang='lat' dir='ltr'><strong>Tum:</strong></span> <span class='ocrx_word' id='word_1_508' title='bbox 1428 1202 1642 1236; x_wconf 75' lang='lat' dir='ltr'><strong>Pilatusjussit</strong></span> <span class='ocrx_word' id='word_1_509' title='bbox 1655 1201 1731 1228; x_wconf 77' lang='lat' dir='ltr'><strong>reddi</strong></span> <span class='ocrx_word' id='word_1_510' title='bbox 1740 1199 1834 1232; x_wconf 63' lang='grc' dir='ltr'><strong>σοηωῖ</strong></span> 
     </span>
    </p>
   </div>
   <div class='ocr_carea' id='block_1_69' title="bbox 1067 1246 1834 1285">
    <p class='ocr_par' dir='ltr' id='par_1_69' title="bbox 1067 1246 1834 1285">
     <span class='ocr_line' id='line_1_69' title="bbox 1067 1246 1834 1285; baseline -0.007 -8"><span class='ocrx_word' id='word_1_511' title='bbox 1067 1249 1118 1283; x_wconf 87' lang='lat' dir='ltr'><strong>Qui</strong></span> <span class='ocrx_word' id='word_1_512' title='bbox 1133 1250 1198 1285; x_wconf 84' lang='lat' dir='ltr'><strong>petit</strong></span> <span class='ocrx_word' id='word_1_513' title='bbox 1213 1255 1313 1284; x_wconf 89' lang='lat' dir='ltr'><strong>corpus</strong></span> <span class='ocrx_word' id='word_1_514' title='bbox 1328 1249 1435 1276; x_wconf 88' lang='lat' dir='ltr'><strong>Domini</strong></span> <span class='ocrx_word' id='word_1_515' title='bbox 1448 1256 1463 1275; x_wconf 91' lang='lat' dir='ltr'><strong>a</strong></span> <span class='ocrx_word' id='word_1_516' title='bbox 1479 1247 1582 1279; x_wconf 85' lang='lat' dir='ltr'><strong>Pilato,</strong></span> <span class='ocrx_word' id='word_1_517' title='bbox 1603 1255 1663 1274; x_wconf 93' lang='lat' dir='ltr'><strong>non</strong></span> <span class='ocrx_word' id='word_1_518' title='bbox 1680 1246 1834 1282; x_wconf 60' lang='lat' dir='ltr'><strong>qualisrauqu‘</strong></span> 
     </span>
    </p>
   </div>
   <div class='ocr_carea' id='block_1_70' title="bbox 1067 1293 1834 1330">
    <p class='ocr_par' dir='ltr' id='par_1_70' title="bbox 1067 1293 1834 1330">
     <span class='ocr_line' id='line_1_70' title="bbox 1067 1293 1834 1330; baseline -0.007 -8"><span class='ocrx_word' id='word_1_519' title='bbox 1067 1295 1167 1330; x_wconf 89' lang='lat' dir='ltr'><strong>aliquis</strong></span> <span class='ocrx_word' id='word_1_520' title='bbox 1181 1299 1249 1326; x_wconf 88' lang='lat' dir='ltr'><strong>erat,</strong></span> <span class='ocrx_word' id='word_1_521' title='bbox 1265 1295 1313 1322; x_wconf 89' lang='lat' dir='ltr'><strong>sed</strong></span> <span class='ocrx_word' id='word_1_522' title='bbox 1331 1294 1517 1321; x_wconf 87' lang='lat' dir='ltr'><strong>Iaudabilibus</strong></span> <span class='ocrx_word' id='word_1_523' title='bbox 1534 1293 1649 1320; x_wconf 82' lang='lat' dir='ltr'><strong>divitiis</strong></span> <span class='ocrx_word' id='word_1_524' title='bbox 1664 1293 1834 1323; x_wconf 60' lang='lat' dir='ltr'><strong>ditent-th</strong></span> 
     </span>
    </p>
   </div>
   <div class='ocr_carea' id='block_1_71' title="bbox 1067 1337 1828 1376">
    <p class='ocr_par' dir='ltr' id='par_1_71' title="bbox 1067 1337 1828 1376">
     <span class='ocr_line' id='line_1_71' title="bbox 1067 1337 1828 1376; baseline -0.008 -8"><span class='ocrx_word' id='word_1_525' title='bbox 1067 1341 1181 1369; x_wconf 88' lang='lat' dir='ltr'><strong>decurio</strong></span> <span class='ocrx_word' id='word_1_526' title='bbox 1209 1341 1392 1374; x_wconf 89' lang='lat' dir='ltr'><strong>constitutus,</strong></span> <span class='ocrx_word' id='word_1_527' title='bbox 1421 1339 1588 1376; x_wconf 75' lang='lat' dir='ltr'><strong>mysterium</strong></span> <span class='ocrx_word' id='word_1_528' title='bbox 1626 1339 1749 1366; x_wconf 84' lang='lat' dir='ltr'><strong>nominis</strong></span> <span class='ocrx_word' id='word_1_529' title='bbox 1769 1337 1828 1364; x_wconf 64' lang='lat' dir='ltr'><strong>(Ilius:</strong></span> 
     </span>
    </p>
   </div>
   <div class='ocr_carea' id='block_1_72' title="bbox 1067 1384 1835 1423">
    <p class='ocr_par' dir='ltr' id='par_1_72' title="bbox 1067 1384 1835 1423">
     <span class='ocr_line' id='line_1_72' title="bbox 1067 1384 1835 1423; baseline -0.008 -9"><span class='ocrx_word' id='word_1_530' title='bbox 1067 1388 1194 1423; x_wconf 86' lang='lat' dir='ltr'><strong>portabat</strong></span> <span class='ocrx_word' id='word_1_531' title='bbox 1207 1388 1232 1414; x_wconf 93' lang='lat' dir='ltr'><strong>in</strong></span> <span class='ocrx_word' id='word_1_532' title='bbox 1247 1387 1362 1414; x_wconf 85' lang='lat' dir='ltr'><strong>veritate</strong></span> <span class='ocrx_word' id='word_1_533' title='bbox 1372 1407 1380 1419; x_wconf 86' lang='lat'><strong>,</strong></span> <span class='ocrx_word' id='word_1_534' title='bbox 1395 1386 1468 1421; x_wconf 85' lang='lat' dir='ltr'><strong>quod</strong></span> <span class='ocrx_word' id='word_1_535' title='bbox 1484 1391 1527 1413; x_wconf 85' lang='lat' dir='ltr'><strong>est</strong></span> <span class='ocrx_word' id='word_1_536' title='bbox 1544 1386 1647 1413; x_wconf 76' lang='lat' dir='ltr'><strong>decem</strong></span> <span class='ocrx_word' id='word_1_537' title='bbox 1658 1406 1666 1418; x_wconf 88' lang='lat'><strong>,</strong></span> <span class='ocrx_word' id='word_1_538' title='bbox 1684 1385 1744 1412; x_wconf 83' lang='lat' dir='ltr'><strong>ideo</strong></span> <span class='ocrx_word' id='word_1_539' title='bbox 1758 1384 1835 1410; x_wconf 56' lang='lat' dir='ltr'><strong>lib-Fuit?</strong></span> 
     </span>
    </p>
   </div>
   <div class='ocr_carea' id='block_1_73' title="bbox 1068 1429 1827 1469">
    <p class='ocr_par' dir='ltr' id='par_1_73' title="bbox 1068 1429 1827 1469">
     <span class='ocr_line' id='line_1_73' title="bbox 1068 1429 1827 1469; baseline -0.011 -9"><span class='ocrx_word' id='word_1_540' title='bbox 1068 1442 1117 1469; x_wconf 86' lang='lat' dir='ltr'><strong>pro</strong></span> <span class='ocrx_word' id='word_1_541' title='bbox 1131 1433 1262 1460; x_wconf 71' lang='lat' dir='ltr'><strong>beneﬁcio</strong></span> <span class='ocrx_word' id='word_1_542' title='bbox 1273 1440 1372 1468; x_wconf 81' lang='lat' dir='ltr'><strong>magno</strong></span> <span class='ocrx_word' id='word_1_543' title='bbox 1385 1432 1536 1467; x_wconf 82' lang='lat' dir='ltr'><strong>postulavit</strong></span> <span class='ocrx_word' id='word_1_544' title='bbox 1551 1439 1663 1464; x_wconf 88' lang='lat' dir='ltr'><strong>corpus</strong></span> <span class='ocrx_word' id='word_1_545' title='bbox 1672 1430 1737 1458; x_wconf 79' lang='lat' dir='ltr'><strong>Jesu</strong></span> <span class='ocrx_word' id='word_1_546' title='bbox 1748 1438 1761 1456; x_wconf 83' lang='lat' dir='ltr'><strong>a</strong></span> <span class='ocrx_word' id='word_1_547' title='bbox 1771 1429 1827 1455; x_wconf 73' lang='lat' dir='ltr'><strong>Pilan</strong></span> 
     </span>
    </p>
   </div>
   <div class='ocr_carea' id='block_1_74' title="bbox 1067 1476 1831 1514">
    <p class='ocr_par' dir='ltr' id='par_1_74' title="bbox 1067 1476 1831 1514">
     <span class='ocr_line' id='line_1_74' title="bbox 1067 1476 1831 1514; baseline -0.007 -7"><span class='ocrx_word' id='word_1_548' title='bbox 1067 1486 1094 1508; x_wconf 92' lang='lat' dir='ltr'><strong>et</strong></span> <span class='ocrx_word' id='word_1_549' title='bbox 1114 1489 1167 1507; x_wconf 87' lang='lat' dir='ltr'><strong>non</strong></span> <span class='ocrx_word' id='word_1_550' title='bbox 1192 1480 1315 1514; x_wconf 85' lang='lat' dir='ltr'><strong>permisit</strong></span> <span class='ocrx_word' id='word_1_551' title='bbox 1336 1487 1399 1506; x_wconf 86' lang='lat' dir='ltr'><strong>eum</strong></span> <span class='ocrx_word' id='word_1_552' title='bbox 1421 1479 1542 1514; x_wconf 82' lang='lat' dir='ltr'><strong>pendere</strong></span> <span class='ocrx_word' id='word_1_553' title='bbox 1564 1478 1592 1504; x_wconf 92' lang='lat' dir='ltr'><strong>in</strong></span> <span class='ocrx_word' id='word_1_554' title='bbox 1622 1478 1710 1512; x_wconf 77' lang='lat' dir='ltr'><strong>ligno.</strong></span> <span class='ocrx_word' id='word_1_555' title='bbox 1730 1476 1831 1510; x_wconf 70' lang='lat' dir='ltr'><strong>Proptm:</strong></span> 
     </span>
    </p>
   </div>
   <div class='ocr_carea' id='block_1_75' title="bbox 1069 1522 1833 1560">
    <p class='ocr_par' dir='ltr' id='par_1_75' title="bbox 1069 1522 1833 1560">
     <span class='ocr_line' id='line_1_75' title="bbox 1069 1522 1833 1560; baseline -0.007 -7"><span class='ocrx_word' id='word_1_556' title='bbox 1069 1526 1195 1553; x_wconf 86' lang='lat' dir='ltr'><strong>laudatur</strong></span> <span class='ocrx_word' id='word_1_557' title='bbox 1214 1526 1249 1552; x_wconf 90' lang='lat' dir='ltr'><strong>ab</strong></span> <span class='ocrx_word' id='word_1_558' title='bbox 1264 1525 1440 1560; x_wconf 82' lang='lat' dir='ltr'><strong>evangelistis</strong></span> <span class='ocrx_word' id='word_1_559' title='bbox 1456 1525 1522 1559; x_wconf 90' lang='lat' dir='ltr'><strong>quia</strong></span> <span class='ocrx_word' id='word_1_560' title='bbox 1539 1524 1641 1558; x_wconf 87' lang='lat' dir='ltr'><strong>justus</strong></span> <span class='ocrx_word' id='word_1_561' title='bbox 1657 1527 1687 1550; x_wconf 83' lang='lat' dir='ltr'><strong>et</strong></span> <span class='ocrx_word' id='word_1_562' title='bbox 1709 1523 1749 1549; x_wconf 88' lang='lat' dir='ltr'><strong>vir</strong></span> <span class='ocrx_word' id='word_1_563' title='bbox 1768 1522 1833 1548; x_wconf 59' lang='lat' dir='ltr'><strong>bene.</strong></span> 
     </span>
    </p>
   </div>
   <div class='ocr_carea' id='block_1_76' title="bbox 1068 1569 1834 1606">
    <p class='ocr_par' dir='ltr' id='par_1_76' title="bbox 1068 1569 1834 1606">
     <span class='ocr_line' id='line_1_76' title="bbox 1068 1569 1834 1606; baseline -0.008 -7"><span class='ocrx_word' id='word_1_564' title='bbox 1068 1578 1095 1600; x_wconf 85' lang='lat' dir='ltr'><strong>et</strong></span> <span class='ocrx_word' id='word_1_565' title='bbox 1111 1572 1264 1606; x_wconf 83' lang='lat' dir='ltr'><strong>discipulus</strong></span> <span class='ocrx_word' id='word_1_566' title='bbox 1277 1571 1365 1598; x_wconf 83' lang='lat' dir='ltr'><strong>luerat</strong></span> <span class='ocrx_word' id='word_1_567' title='bbox 1378 1571 1455 1602; x_wconf 77' lang='lat' dir='ltr'><strong>Jcstl,</strong></span> <span class='ocrx_word' id='word_1_568' title='bbox 1470 1579 1497 1598; x_wconf 89' lang='lat' dir='ltr'><strong>et</strong></span> <span class='ocrx_word' id='word_1_569' title='bbox 1510 1571 1624 1597; x_wconf 84' lang='lat' dir='ltr'><strong>fructus</strong></span> <span class='ocrx_word' id='word_1_570' title='bbox 1636 1569 1834 1604; x_wconf 63' lang='lat' dir='ltr'><strong>discipulalusaz</strong></span> 
     </span>
    </p>
   </div>
   <div class='ocr_carea' id='block_1_77' title="bbox 1068 1617 1834 1649">
    <p class='ocr_par' dir='ltr' id='par_1_77' title="bbox 1068 1617 1834 1649">
     <span class='ocr_line' id='line_1_77' title="bbox 1068 1617 1834 1649; baseline -0.008 -4"><span class='ocrx_word' id='word_1_571' title='bbox 1068 1618 1185 1645; x_wconf 82' lang='lat' dir='ltr'><strong>reddidit</strong></span> <span class='ocrx_word' id='word_1_572' title='bbox 1203 1617 1272 1645; x_wconf 76' lang='lat' dir='ltr'><strong>forte</strong></span> <span class='ocrx_word' id='word_1_573' title='bbox 1285 1637 1293 1649; x_wconf 85' lang='lat'><strong>,</strong></span> <span class='ocrx_word' id='word_1_574' title='bbox 1312 1617 1382 1645; x_wconf 78' lang='lat' dir='ltr'><strong>sicut</strong></span> <span class='ocrx_word' id='word_1_575' title='bbox 1400 1618 1426 1644; x_wconf 95' lang='lat' dir='ltr'><strong>in</strong></span> <span class='ocrx_word' id='word_1_576' title='bbox 1445 1617 1558 1648; x_wconf 89' lang='lat' dir='ltr'><strong>multis,</strong></span> <span class='ocrx_word' id='word_1_577' title='bbox 1586 1617 1631 1644; x_wconf 90' lang='lat' dir='ltr'><strong>sic</strong></span> <span class='ocrx_word' id='word_1_578' title='bbox 1651 1621 1681 1643; x_wconf 84' lang='lat' dir='ltr'><strong>et</strong></span> <span class='ocrx_word' id='word_1_579' title='bbox 1709 1617 1735 1642; x_wconf 92' lang='lat' dir='ltr'><strong>in</strong></span> <span class='ocrx_word' id='word_1_580' title='bbox 1756 1620 1834 1647; x_wconf 66' lang='lat' dir='ltr'><strong>corpm</strong></span> 
     </span>
    </p>
   </div>
   <div class='ocr_carea' id='block_1_78' title="bbox 1067 1660 1834 1698">
    <p class='ocr_par' dir='ltr' id='par_1_78' title="bbox 1067 1660 1834 1698">
     <span class='ocr_line' id='line_1_78' title="bbox 1067 1660 1834 1698; baseline -0.004 -8"><span class='ocrx_word' id='word_1_581' title='bbox 1067 1663 1180 1696; x_wconf 87' lang='lat' dir='ltr'><strong>Christi,</strong></span> <span class='ocrx_word' id='word_1_582' title='bbox 1195 1664 1258 1698; x_wconf 87' lang='lat' dir='ltr'><strong>quia</strong></span> <span class='ocrx_word' id='word_1_583' title='bbox 1272 1669 1434 1698; x_wconf 77' lang='lat' dir='ltr'><strong>exspectans</strong></span> <span class='ocrx_word' id='word_1_584' title='bbox 1450 1668 1509 1690; x_wconf 73' lang='lat' dir='ltr'><strong>erat</strong></span> <span class='ocrx_word' id='word_1_585' title='bbox 1523 1670 1646 1698; x_wconf 75' lang='lat' dir='ltr'><strong>regnum</strong></span> <span class='ocrx_word' id='word_1_586' title='bbox 1666 1661 1726 1694; x_wconf 84' lang='lat' dir='ltr'><strong>Dei,</strong></span> <span class='ocrx_word' id='word_1_587' title='bbox 1739 1662 1799 1689; x_wconf 81' lang='lat' dir='ltr'><strong>sicut</strong></span> <span class='ocrx_word' id='word_1_588' title='bbox 1810 1660 1834 1685; x_wconf 64' lang='grc' dir='ltr'><strong>ἀ-</strong></span> 
     </span>
    </p>
   </div>
   <div class='ocr_carea' id='block_1_79' title="bbox 1067 1708 1265 1736">
    <p class='ocr_par' dir='ltr' id='par_1_79' title="bbox 1067 1708 1265 1736">
     <span class='ocr_line' id='line_1_79' title="bbox 1067 1708 1265 1736; baseline -0.005 0"><span class='ocrx_word' id='word_1_589' title='bbox 1067 1713 1161 1736; x_wconf 80' lang='lat' dir='ltr'><strong>cuerat</strong></span> <span class='ocrx_word' id='word_1_590' title='bbox 1175 1708 1265 1736; x_wconf 85' lang='lat' dir='ltr'><strong>Jesus.</strong></span> 
     </span>
    </p>
   </div>
   <div class='ocr_carea' id='block_1_80' title="bbox 1104 1752 1834 1787">
    <p class='ocr_par' dir='ltr' id='par_1_80' title="bbox 1104 1752 1834 1787">
     <span class='ocr_line' id='line_1_80' title="bbox 1104 1752 1834 1787; baseline -0.005 -7"><span class='ocrx_word' id='word_1_591' title='bbox 1104 1753 1166 1780; x_wconf 81' lang='lat' dir='ltr'><strong>M5.</strong></span> <span class='ocrx_word' id='word_1_592' title='bbox 1184 1753 1218 1780; x_wconf 83' lang='lat' dir='ltr'><strong>Et</strong></span> <span class='ocrx_word' id='word_1_593' title='bbox 1230 1759 1335 1787; x_wconf 84' lang='lat' dir='ltr'><strong>accepto</strong></span> <span class='ocrx_word' id='word_1_594' title='bbox 1348 1761 1457 1787; x_wconf 82' lang='lat' dir='ltr'><strong>corpore</strong></span> <span class='ocrx_word' id='word_1_595' title='bbox 1471 1752 1571 1787; x_wconf 76' lang='lat' dir='ltr'><strong>Ioseph</strong></span> <span class='ocrx_word' id='word_1_596' title='bbox 1586 1754 1704 1780; x_wconf 68' lang='lat' dir='ltr'><strong>incaluit</strong></span> <span class='ocrx_word' id='word_1_597' title='bbox 1719 1754 1746 1779; x_wconf 72' lang='lat' dir='ltr'><strong>in</strong></span> <span class='ocrx_word' id='word_1_598' title='bbox 1761 1752 1834 1778; x_wconf 69' lang='lat' dir='ltr'><strong>sin-ton</strong></span> 
     </span>
    </p>
   </div>
   <div class='ocr_carea' id='block_1_81' title="bbox 1068 1799 1834 1834">
    <p class='ocr_par' dir='ltr' id='par_1_81' title="bbox 1068 1799 1834 1834">
     <span class='ocr_line' id='line_1_81' title="bbox 1068 1799 1834 1834; baseline 0 -9"><span class='ocrx_word' id='word_1_599' title='bbox 1068 1799 1178 1830; x_wconf 79' lang='lat' dir='ltr'><strong>munda,</strong></span> <span class='ocrx_word' id='word_1_600' title='bbox 1193 1805 1216 1826; x_wconf 84' lang='lat' dir='ltr'><strong>et</strong></span> <span class='ocrx_word' id='word_1_601' title='bbox 1229 1799 1315 1834; x_wconf 82' lang='lat' dir='ltr'><strong>posuit</strong></span> <span class='ocrx_word' id='word_1_602' title='bbox 1327 1799 1413 1832; x_wconf 81' lang='lat' dir='ltr'><strong>ipsum</strong></span> <span class='ocrx_word' id='word_1_603' title='bbox 1430 1799 1456 1825; x_wconf 86' lang='lat' dir='ltr'><strong>in</strong></span> <span class='ocrx_word' id='word_1_604' title='bbox 1467 1805 1642 1826; x_wconf 77' lang='lat' dir='ltr'><strong>monumento</strong></span> <span class='ocrx_word' id='word_1_605' title='bbox 1653 1807 1705 1826; x_wconf 76' lang='lat' dir='ltr'><strong>suo</strong></span> <span class='ocrx_word' id='word_1_606' title='bbox 1716 1807 1785 1826; x_wconf 76' lang='grc' dir='ltr'>ιιοιιο.</span> <span class='ocrx_word' id='word_1_607' title='bbox 1794 1803 1834 1825; x_wconf 57' lang='grc' dir='ltr'><strong>μέλ</strong></span> 
     </span>
    </p>
   </div>
   <div class='ocr_carea' id='block_1_82' title="bbox 1068 1843 1834 1878">
    <p class='ocr_par' dir='ltr' id='par_1_82' title="bbox 1068 1843 1834 1878">
     <span class='ocr_line' id='line_1_82' title="bbox 1068 1843 1834 1878; baseline -0.003 -8"><span class='ocrx_word' id='word_1_608' title='bbox 1068 1843 1168 1870; x_wconf 68' lang='lat' dir='ltr'><strong>excidit</strong></span> <span class='ocrx_word' id='word_1_609' title='bbox 1194 1845 1219 1870; x_wconf 77' lang='lat' dir='ltr'><strong>in</strong></span> <span class='ocrx_word' id='word_1_610' title='bbox 1243 1849 1336 1878; x_wconf 82' lang='lat' dir='ltr'><strong>petra,</strong></span> <span class='ocrx_word' id='word_1_611' title='bbox 1356 1848 1380 1870; x_wconf 72' lang='lat' dir='ltr'><strong>et</strong></span> <span class='ocrx_word' id='word_1_612' title='bbox 1403 1844 1519 1870; x_wconf 76' lang='lat' dir='ltr'><strong>adt-olrit</strong></span> <span class='ocrx_word' id='word_1_613' title='bbox 1545 1844 1669 1878; x_wconf 76' lang='lat' dir='ltr'><strong>lapidem</strong></span> <span class='ocrx_word' id='word_1_614' title='bbox 1696 1851 1805 1878; x_wconf 73' lang='lat' dir='ltr'><strong>mag-tm-</strong></span> <span class='ocrx_word' id='word_1_615' title='bbox 1819 1845 1834 1865; x_wconf 64' lang='lat' dir='ltr'><strong>ii</strong></span> 
     </span>
    </p>
   </div>
   <div class='ocr_carea' id='block_1_83' title="bbox 1069 1888 1834 1922">
    <p class='ocr_par' dir='ltr' id='par_1_83' title="bbox 1069 1888 1834 1922">
     <span class='ocr_line' id='line_1_83' title="bbox 1069 1888 1834 1922; baseline -0.005 -5"><span class='ocrx_word' id='word_1_616' title='bbox 1069 1890 1167 1917; x_wconf 82' lang='lat' dir='ltr'><strong>ostium</strong></span> <span class='ocrx_word' id='word_1_617' title='bbox 1180 1889 1352 1922; x_wconf 83' lang='lat' dir='ltr'><strong>monumenti,</strong></span> <span class='ocrx_word' id='word_1_618' title='bbox 1365 1895 1388 1915; x_wconf 74' lang='lat' dir='ltr'><strong>at</strong></span> <span class='ocrx_word' id='word_1_619' title='bbox 1400 1890 1466 1916; x_wconf 81' lang='lat' dir='ltr'><strong>abiit</strong></span> <span class='ocrx_word' id='word_1_620' title='bbox 1479 1889 1512 1915; x_wconf 84' lang='grc'><strong>³⁸.</strong></span> <span class='ocrx_word' id='word_1_621' title='bbox 1530 1889 1560 1916; x_wconf 94' lang='lat' dir='ltr'><strong>In</strong></span> <span class='ocrx_word' id='word_1_622' title='bbox 1576 1890 1702 1917; x_wconf 71' lang='lat' dir='ltr'><strong>sindone</strong></span> <span class='ocrx_word' id='word_1_623' title='bbox 1716 1890 1801 1916; x_wconf 78' lang='lat' dir='ltr'><strong>munda</strong></span> <span class='ocrx_word' id='word_1_624' title='bbox 1813 1888 1834 1912; x_wconf 63' lang='lat' dir='ltr'><strong>ir</strong></span> 
     </span>
    </p>
   </div>
   <div class='ocr_carea' id='block_1_84' title="bbox 1067 1934 1834 1969">
    <p class='ocr_par' dir='ltr' id='par_1_84' title="bbox 1067 1934 1834 1969">
     <span class='ocr_line' id='line_1_84' title="bbox 1067 1934 1834 1969; baseline -0.005 -7"><span class='ocrx_word' id='word_1_625' title='bbox 1067 1935 1167 1968; x_wconf 79' lang='lat' dir='ltr'><strong>volvit,</strong></span> <span class='ocrx_word' id='word_1_626' title='bbox 1189 1939 1216 1962; x_wconf 74' lang='lat' dir='ltr'><strong>et</strong></span> <span class='ocrx_word' id='word_1_627' title='bbox 1242 1935 1268 1961; x_wconf 91' lang='lat' dir='ltr'><strong>in</strong></span> <span class='ocrx_word' id='word_1_628' title='bbox 1294 1940 1472 1961; x_wconf 89' lang='lat' dir='ltr'><strong>mouumento</strong></span> <span class='ocrx_word' id='word_1_629' title='bbox 1495 1935 1590 1969; x_wconf 90' lang='lat' dir='ltr'><strong>posuit</strong></span> <span class='ocrx_word' id='word_1_630' title='bbox 1618 1942 1694 1961; x_wconf 84' lang='lat' dir='ltr'><strong>novo</strong></span> <span class='ocrx_word' id='word_1_631' title='bbox 1722 1934 1763 1960; x_wconf 87' lang='lat' dir='ltr'><strong>ubi</strong></span> <span class='ocrx_word' id='word_1_632' title='bbox 1785 1938 1834 1958; x_wconf 57' lang='lat' dir='ltr'><strong>mea</strong></span> 
     </span>
    </p>
   </div>
   <div class='ocr_carea' id='block_1_85' title="bbox 1067 1978 1834 2015">
    <p class='ocr_par' dir='ltr' id='par_1_85' title="bbox 1067 1978 1834 2015">
     <span class='ocr_line' id='line_1_85' title="bbox 1067 1978 1834 2015; baseline -0.007 -7"><span class='ocrx_word' id='word_1_633' title='bbox 1067 1985 1193 2008; x_wconf 89' lang='lat' dir='ltr'><strong>mortuus</strong></span> <span class='ocrx_word' id='word_1_634' title='bbox 1207 1984 1283 2012; x_wconf 83' lang='lat' dir='ltr'><strong>erat,</strong></span> <span class='ocrx_word' id='word_1_635' title='bbox 1305 1988 1418 2007; x_wconf 86' lang='lat' dir='ltr'><strong>servans</strong></span> <span class='ocrx_word' id='word_1_636' title='bbox 1432 1988 1535 2015; x_wconf 89' lang='lat' dir='ltr'><strong>corpus</strong></span> <span class='ocrx_word' id='word_1_637' title='bbox 1547 1979 1615 2007; x_wconf 84' lang='lat' dir='ltr'><strong>Jesu</strong></span> <span class='ocrx_word' id='word_1_638' title='bbox 1631 1980 1666 2007; x_wconf 87' lang='lat' dir='ltr'><strong>ad</strong></span> <span class='ocrx_word' id='word_1_639' title='bbox 1691 1978 1834 2007; x_wconf 57' lang='lat' dir='ltr'><strong>resurreriier</strong></span> 
     </span>
    </p>
   </div>
   <div class='ocr_carea' id='block_1_86' title="bbox 1067 2025 1833 2061">
    <p class='ocr_par' dir='ltr' id='par_1_86' title="bbox 1067 2025 1833 2061">
     <span class='ocr_line' id='line_1_86' title="bbox 1067 2025 1833 2061; baseline -0.003 -8"><span class='ocrx_word' id='word_1_640' title='bbox 1067 2035 1128 2054; x_wconf 87' lang='lat' dir='ltr'><strong>nem</strong></span> <span class='ocrx_word' id='word_1_641' title='bbox 1157 2027 1332 2061; x_wconf 75' lang='lat' dir='ltr'><strong>praecipuam.</strong></span> <span class='ocrx_word' id='word_1_642' title='bbox 1365 2025 1434 2053; x_wconf 67' lang='lat' dir='ltr'><strong>I‘uto</strong></span> <span class='ocrx_word' id='word_1_643' title='bbox 1463 2031 1556 2053; x_wconf 81' lang='lat' dir='ltr'><strong>autem</strong></span> <span class='ocrx_word' id='word_1_644' title='bbox 1584 2027 1678 2061; x_wconf 78' lang='lat' dir='ltr'><strong>magis</strong></span> <span class='ocrx_word' id='word_1_645' title='bbox 1708 2025 1833 2053; x_wconf 67' lang='lat' dir='ltr'><strong>mundilum</strong></span> 
     </span>
    </p>
   </div>
   <div class='ocr_carea' id='block_1_87' title="bbox 1067 2070 1832 2105">
    <p class='ocr_par' dir='ltr' id='par_1_87' title="bbox 1067 2070 1832 2105">
     <span class='ocr_line' id='line_1_87' title="bbox 1067 2070 1832 2105; baseline -0.003 -8"><span class='ocrx_word' id='word_1_646' title='bbox 1067 2070 1148 2098; x_wconf 85' lang='lat' dir='ltr'><strong>sindo</strong></span> <span class='ocrx_word' id='word_1_647' title='bbox 1166 2070 1212 2097; x_wconf 88' lang='lat' dir='ltr'><strong>illa</strong></span> <span class='ocrx_word' id='word_1_648' title='bbox 1236 2070 1353 2098; x_wconf 87' lang='lat' dir='ltr'><strong>habebat</strong></span> <span class='ocrx_word' id='word_1_649' title='bbox 1376 2078 1409 2097; x_wconf 81' lang='lat' dir='ltr'><strong>ex</strong></span> <span class='ocrx_word' id='word_1_650' title='bbox 1435 2078 1491 2105; x_wconf 89' lang='lat' dir='ltr'><strong>quo</strong></span> <span class='ocrx_word' id='word_1_651' title='bbox 1515 2071 1674 2098; x_wconf 88' lang='lat' dir='ltr'><strong>involutum</strong></span> <span class='ocrx_word' id='word_1_652' title='bbox 1702 2076 1744 2098; x_wconf 84' lang='lat' dir='ltr'><strong>est</strong></span> <span class='ocrx_word' id='word_1_653' title='bbox 1766 2076 1832 2100; x_wconf 59' lang='lat' dir='ltr'><strong>corpu:</strong></span> 
     </span>
    </p>
   </div>
   <div class='ocr_carea' id='block_1_88' title="bbox 1066 2115 1831 2152">
    <p class='ocr_par' dir='ltr' id='par_1_88' title="bbox 1066 2115 1831 2152">
     <span class='ocr_line' id='line_1_88' title="bbox 1066 2115 1831 2152; baseline -0.009 -9"><span class='ocrx_word' id='word_1_654' title='bbox 1066 2115 1170 2144; x_wconf 90' lang='lat' dir='ltr'><strong>Christi</strong></span> <span class='ocrx_word' id='word_1_655' title='bbox 1193 2124 1276 2151; x_wconf 84' lang='lat' dir='ltr'><strong>quam</strong></span> <span class='ocrx_word' id='word_1_656' title='bbox 1299 2117 1395 2151; x_wconf 85' lang='lat' dir='ltr'><strong>prius:</strong></span> <span class='ocrx_word' id='word_1_657' title='bbox 1422 2124 1524 2152; x_wconf 89' lang='lat' dir='ltr'><strong>corpus</strong></span> <span class='ocrx_word' id='word_1_658' title='bbox 1542 2117 1617 2143; x_wconf 88' lang='lat' dir='ltr'><strong>enim</strong></span> <span class='ocrx_word' id='word_1_659' title='bbox 1641 2116 1710 2143; x_wconf 86' lang='lat' dir='ltr'><strong>Jcsu</strong></span> <span class='ocrx_word' id='word_1_660' title='bbox 1733 2115 1799 2142; x_wconf 70' lang='lat' dir='ltr'><strong>etiam</strong></span> <span class='ocrx_word' id='word_1_661' title='bbox 1818 2121 1831 2135; x_wconf 76' lang='lat' dir='ltr'><strong>n-</strong></span> 
     </span>
    </p>
   </div>
   <div class='ocr_carea' id='block_1_89' title="bbox 1068 2162 1830 2198">
    <p class='ocr_par' dir='ltr' id='par_1_89' title="bbox 1068 2162 1830 2198">
     <span class='ocr_line' id='line_1_89' title="bbox 1068 2162 1830 2198; baseline -0.005 -8"><span class='ocrx_word' id='word_1_662' title='bbox 1068 2167 1155 2190; x_wconf 84' lang='lat' dir='ltr'><strong>morte</strong></span> <span class='ocrx_word' id='word_1_663' title='bbox 1181 2163 1375 2196; x_wconf 86' lang='lat' dir='ltr'><strong>constitutum,</strong></span> <span class='ocrx_word' id='word_1_664' title='bbox 1396 2164 1475 2198; x_wconf 90' lang='lat' dir='ltr'><strong>quasi</strong></span> <span class='ocrx_word' id='word_1_665' title='bbox 1501 2171 1604 2198; x_wconf 88' lang='lat' dir='ltr'><strong>corpus</strong></span> <span class='ocrx_word' id='word_1_666' title='bbox 1627 2162 1695 2190; x_wconf 72' lang='lat' dir='ltr'><strong>Jesu</strong></span> <span class='ocrx_word' id='word_1_667' title='bbox 1721 2162 1830 2188; x_wconf 19' lang='lat' dir='ltr'><strong>munda-ir.</strong></span> 
     </span>
    </p>
   </div>
   <div class='ocr_carea' id='block_1_90' title="bbox 225 2205 1830 2244">
    <p class='ocr_par' dir='ltr' id='par_1_90' title="bbox 225 2205 1830 2244">
     <span class='ocr_line' id='line_1_90' title="bbox 225 2205 1830 2244; baseline -0.004 -10"><span class='ocrx_word' id='word_1_668' title='bbox 225 2207 283 2234; x_wconf 65' lang='lat' dir='ltr'><strong>clm</strong></span> <span class='ocrx_word' id='word_1_669' title='bbox 295 2206 380 2234; x_wconf 82' lang='lat' dir='ltr'><strong>Jacob</strong></span> <span class='ocrx_word' id='word_1_670' title='bbox 390 2207 602 2241; x_wconf 69' lang='lat' dir='ltr'><strong>supplantatoris</strong></span> <span class='ocrx_word' id='word_1_671' title='bbox 615 2206 707 2234; x_wconf 74' lang='lat' dir='ltr'><strong>fratris</strong></span> <span class='ocrx_word' id='word_1_672' title='bbox 718 2207 771 2238; x_wconf 89' lang='lat' dir='ltr'><strong>sui,</strong></span> <span class='ocrx_word' id='word_1_673' title='bbox 783 2211 810 2233; x_wconf 87' lang='lat' dir='ltr'><strong>et</strong></span> <span class='ocrx_word' id='word_1_674' title='bbox 819 2205 920 2241; x_wconf 72' lang='lat' dir='ltr'><strong>Ioseph</strong></span> <span class='ocrx_word' id='word_1_675' title='bbox 934 2214 1016 2241; x_wconf 84' lang='lat' dir='ltr'><strong>super</strong></span> <span class='ocrx_word' id='word_1_676' title='bbox 1032 2209 1054 2238; x_wconf 86' lang='lat'><strong>0</strong></span> <span class='ocrx_word' id='word_1_677' title='bbox 1067 2208 1159 2236; x_wconf 89' lang='lat' dir='ltr'><strong>omnia</strong></span> <span class='ocrx_word' id='word_1_678' title='bbox 1183 2217 1352 2244; x_wconf 79' lang='lat' dir='ltr'><strong>qmecunquc</strong></span> <span class='ocrx_word' id='word_1_679' title='bbox 1375 2210 1524 2244; x_wconf 77' lang='lat' dir='ltr'><strong>tangebat.</strong></span> <span class='ocrx_word' id='word_1_680' title='bbox 1550 2213 1576 2235; x_wconf 88' lang='lat' dir='ltr'><strong>et</strong></span> <span class='ocrx_word' id='word_1_681' title='bbox 1604 2209 1695 2242; x_wconf 77' lang='lat' dir='ltr'><strong>magis</strong></span> <span class='ocrx_word' id='word_1_682' title='bbox 1723 2208 1803 2234; x_wconf 69' lang='lat' dir='ltr'><strong>innova</strong></span> <span class='ocrx_word' id='word_1_683' title='bbox 1816 2219 1830 2226; x_wconf 64' lang='lat'><strong>..</strong></span> 
     </span>
    </p>
   </div>
   <div class='ocr_carea' id='block_1_91' title="bbox 225 2252 1016 2288">
    <p class='ocr_par' dir='ltr' id='par_1_91' title="bbox 225 2252 1016 2288">
     <span class='ocr_line' id='line_1_91' title="bbox 225 2252 1016 2288; baseline -0.003 -8"><span class='ocrx_word' id='word_1_684' title='bbox 225 2261 306 2288; x_wconf 85' lang='lat' dir='ltr'><strong>quem</strong></span> <span class='ocrx_word' id='word_1_685' title='bbox 329 2257 421 2280; x_wconf 90' lang='lat' dir='ltr'><strong>natum</strong></span> <span class='ocrx_word' id='word_1_686' title='bbox 439 2253 555 2287; x_wconf 77' lang='lat' dir='ltr'><strong>genitrix</strong></span> <span class='ocrx_word' id='word_1_687' title='bbox 572 2252 639 2280; x_wconf 87' lang='lat' dir='ltr'><strong>dicit</strong></span> <span class='ocrx_word' id='word_1_688' title='bbox 653 2252 692 2279; x_wconf 77' lang='lat' dir='ltr'><strong>u:</strong></span> <span class='ocrx_word' id='word_1_689' title='bbox 710 2252 827 2286; x_wconf 81' lang='lat' dir='ltr'><strong>Adjiciat</strong></span> <span class='ocrx_word' id='word_1_690' title='bbox 842 2252 906 2278; x_wconf 84' lang='lat' dir='ltr'><strong>mihi</strong></span> <span class='ocrx_word' id='word_1_691' title='bbox 925 2252 1016 2278; x_wconf 83' lang='lat' dir='ltr'><strong>Domi-</strong></span> 
     </span>
    </p>
   </div>
   <div class='ocr_carea' id='block_1_92' title="bbox 227 2296 1014 2332">
    <p class='ocr_par' dir='ltr' id='par_1_92' title="bbox 227 2296 1014 2332">
     <span class='ocr_line' id='line_1_92' title="bbox 227 2296 1014 2332; baseline -0.003 -7"><span class='ocrx_word' id='word_1_692' title='bbox 227 2306 275 2325; x_wconf 82' lang='lat' dir='ltr'><strong>nus</strong></span> <span class='ocrx_word' id='word_1_693' title='bbox 287 2298 374 2332; x_wconf 81' lang='lat' dir='ltr'><strong>[ilium</strong></span> <span class='ocrx_word' id='word_1_694' title='bbox 387 2298 511 2324; x_wconf 80' lang='lat' dir='ltr'><strong>alterunt.</strong></span> <span class='ocrx_word' id='word_1_695' title='bbox 527 2296 558 2324; x_wconf 78' lang='lat' dir='ltr'><strong>Et</strong></span> <span class='ocrx_word' id='word_1_696' title='bbox 570 2298 627 2324; x_wconf 74' lang='lat' dir='ltr'><strong>haec</strong></span> <span class='ocrx_word' id='word_1_697' title='bbox 639 2297 720 2332; x_wconf 82' lang='lat' dir='ltr'><strong>igitur</strong></span> <span class='ocrx_word' id='word_1_698' title='bbox 730 2304 846 2332; x_wconf 85' lang='lat' dir='ltr'><strong>sequens</strong></span> <span class='ocrx_word' id='word_1_699' title='bbox 857 2296 1014 2329; x_wconf 87' lang='lat' dir='ltr'><strong>Dominum,</strong></span> 
     </span>
    </p>
   </div>
   <div class='ocr_carea' id='block_1_93' title="bbox 226 2344 1016 2379">
    <p class='ocr_par' dir='ltr' id='par_1_93' title="bbox 226 2344 1016 2379">
     <span class='ocr_line' id='line_1_93' title="bbox 226 2344 1016 2379; baseline -0.003 -7"><span class='ocrx_word' id='word_1_700' title='bbox 226 2350 254 2372; x_wconf 89' lang='lat' dir='ltr'><strong>et</strong></span> <span class='ocrx_word' id='word_1_701' title='bbox 264 2346 437 2377; x_wconf 72' lang='lat' dir='ltr'><strong>ministratus,</strong></span> <span class='ocrx_word' id='word_1_702' title='bbox 453 2350 479 2371; x_wconf 90' lang='lat' dir='ltr'><strong>ct</strong></span> <span class='ocrx_word' id='word_1_703' title='bbox 493 2348 621 2378; x_wconf 85' lang='lat' dir='ltr'><strong>spectans</strong></span> <span class='ocrx_word' id='word_1_704' title='bbox 634 2344 863 2379; x_wconf 84' lang='lat' dir='ltr'><strong>dispensationem</strong></span> <span class='ocrx_word' id='word_1_705' title='bbox 880 2344 1016 2378; x_wconf 87' lang='lat' dir='ltr'><strong>passionis</strong></span> 
     </span>
    </p>
   </div>
   <div class='ocr_carea' id='block_1_94' title="bbox 228 2389 1015 2426">
    <p class='ocr_par' dir='ltr' id='par_1_94' title="bbox 228 2389 1015 2426">
     <span class='ocr_line' id='line_1_94' title="bbox 228 2389 1015 2426; baseline -0.003 -8"><span class='ocrx_word' id='word_1_706' title='bbox 228 2391 331 2426; x_wconf 87' lang='lat' dir='ltr'><strong>ipsius,</strong></span> <span class='ocrx_word' id='word_1_707' title='bbox 347 2391 476 2426; x_wconf 83' lang='lat' dir='ltr'><strong>quoaiam</strong></span> <span class='ocrx_word' id='word_1_708' title='bbox 494 2390 582 2418; x_wconf 82' lang='lat' dir='ltr'><strong>ﬁdelis</strong></span> <span class='ocrx_word' id='word_1_709' title='bbox 596 2390 714 2424; x_wconf 89' lang='lat' dir='ltr'><strong>alicujus</strong></span> <span class='ocrx_word' id='word_1_710' title='bbox 731 2389 820 2417; x_wconf 80' lang='lat' dir='ltr'><strong>fuerat</strong></span> <span class='ocrx_word' id='word_1_711' title='bbox 839 2395 939 2422; x_wconf 88' lang='lat' dir='ltr'><strong>mater,</strong></span> <span class='ocrx_word' id='word_1_712' title='bbox 960 2397 1015 2416; x_wconf 91' lang='lat' dir='ltr'><strong>non</strong></span> 
     </span>
    </p>
   </div>
   <div class='ocr_carea' id='block_1_95' title="bbox 228 2435 1015 2472">
    <p class='ocr_par' dir='ltr' id='par_1_95' title="bbox 228 2435 1015 2472">
     <span class='ocr_line' id='line_1_95' title="bbox 228 2435 1015 2472; baseline -0.001 -8"><span class='ocrx_word' id='word_1_713' title='bbox 228 2438 318 2472; x_wconf 77' lang='lat' dir='ltr'><strong>magni</strong></span> <span class='ocrx_word' id='word_1_714' title='bbox 331 2438 447 2472; x_wconf 86' lang='lat' dir='ltr'><strong>alicujus</strong></span> <span class='ocrx_word' id='word_1_715' title='bbox 457 2458 464 2468; x_wconf 85' lang='lat'><strong>,</strong></span> <span class='ocrx_word' id='word_1_716' title='bbox 480 2438 570 2472; x_wconf 89' lang='lat' dir='ltr'><strong>qualis</strong></span> <span class='ocrx_word' id='word_1_717' title='bbox 584 2437 671 2464; x_wconf 80' lang='lat' dir='ltr'><strong>fuerat</strong></span> <span class='ocrx_word' id='word_1_718' title='bbox 687 2436 840 2471; x_wconf 83' lang='lat' dir='ltr'><strong>patriarcha</strong></span> <span class='ocrx_word' id='word_1_719' title='bbox 854 2435 949 2467; x_wconf 79' lang='lat' dir='ltr'><strong>Jacol),</strong></span> <span class='ocrx_word' id='word_1_720' title='bbox 967 2436 1015 2463; x_wconf 87' lang='lat' dir='ltr'><strong>sed</strong></span> 
     </span>
    </p>
   </div>
   <div class='ocr_carea' id='block_1_96' title="bbox 228 2480 1016 2517">
    <p class='ocr_par' dir='ltr' id='par_1_96' title="bbox 228 2480 1016 2517">
     <span class='ocr_line' id='line_1_96' title="bbox 228 2480 1016 2517; baseline -0.003 -8"><span class='ocrx_word' id='word_1_721' title='bbox 228 2482 354 2515; x_wconf 84' lang='lat' dir='ltr'><strong>minoris,</strong></span> <span class='ocrx_word' id='word_1_722' title='bbox 369 2482 451 2517; x_wconf 83' lang='lat'><strong>930</strong></span> <span class='ocrx_word' id='word_1_723' title='bbox 466 2487 494 2509; x_wconf 89' lang='lat' dir='ltr'><strong>et</strong></span> <span class='ocrx_word' id='word_1_724' title='bbox 506 2481 605 2516; x_wconf 83' lang='lat' dir='ltr'><strong>Joscph</strong></span> <span class='ocrx_word' id='word_1_725' title='bbox 621 2481 744 2508; x_wconf 84' lang='lat' dir='ltr'><strong>alterius.</strong></span> <span class='ocrx_word' id='word_1_726' title='bbox 761 2480 825 2507; x_wconf 79' lang='lat' dir='ltr'><strong>Erat</strong></span> <span class='ocrx_word' id='word_1_727' title='bbox 839 2486 929 2508; x_wconf 86' lang='lat' dir='ltr'><strong>autem</strong></span> <span class='ocrx_word' id='word_1_728' title='bbox 947 2481 1016 2508; x_wconf 83' lang='lat' dir='ltr'><strong>inter</strong></span> 
     </span>
    </p>
   </div>
   <div class='ocr_carea' id='block_1_97' title="bbox 229 2525 1016 2562">
    <p class='ocr_par' dir='ltr' id='par_1_97' title="bbox 229 2525 1016 2562">
     <span class='ocr_line' id='line_1_97' title="bbox 229 2525 1016 2562; baseline -0.001 -8"><span class='ocrx_word' id='word_1_729' title='bbox 229 2528 357 2554; x_wconf 68' lang='lat' dir='ltr'><strong>nuntiet-es</strong></span> <span class='ocrx_word' id='word_1_730' title='bbox 371 2533 396 2554; x_wconf 86' lang='lat' dir='ltr'><strong>et</strong></span> <span class='ocrx_word' id='word_1_731' title='bbox 411 2531 499 2554; x_wconf 88' lang='lat' dir='ltr'><strong>mater</strong></span> <span class='ocrx_word' id='word_1_732' title='bbox 515 2527 632 2554; x_wconf 85' lang='lat' dir='ltr'><strong>ﬁliorum</strong></span> <span class='ocrx_word' id='word_1_733' title='bbox 649 2525 781 2557; x_wconf 71' lang='lat' dir='ltr'><strong>Zuhedzei,</strong></span> <span class='ocrx_word' id='word_1_734' title='bbox 797 2525 910 2553; x_wconf 82' lang='lat' dir='ltr'><strong>forsitan</strong></span> <span class='ocrx_word' id='word_1_735' title='bbox 925 2527 1016 2562; x_wconf 88' lang='lat' dir='ltr'><strong>aliqua</strong></span> 
     </span>
    </p>
   </div>
   <div class='ocr_carea' id='block_1_98' title="bbox 227 2572 1018 2607">
    <p class='ocr_par' dir='ltr' id='par_1_98' title="bbox 227 2572 1018 2607">
     <span class='ocr_line' id='line_1_98' title="bbox 227 2572 1018 2607; baseline 0 -7"><span class='ocrx_word' id='word_1_736' title='bbox 227 2573 381 2600; x_wconf 82' lang='lat' dir='ltr'><strong>consistens</strong></span> <span class='ocrx_word' id='word_1_737' title='bbox 406 2572 432 2599; x_wconf 90' lang='lat' dir='ltr'><strong>in</strong></span> <span class='ocrx_word' id='word_1_738' title='bbox 458 2572 589 2607; x_wconf 78' lang='lat' dir='ltr'><strong>mysterio</strong></span> <span class='ocrx_word' id='word_1_739' title='bbox 611 2572 729 2598; x_wconf 89' lang='lat' dir='ltr'><strong>tonitrus</strong></span> <span class='ocrx_word' id='word_1_740' title='bbox 752 2577 862 2607; x_wconf 80' lang='lat' dir='ltr'><strong>propter</strong></span> <span class='ocrx_word' id='word_1_741' title='bbox 886 2573 965 2599; x_wconf 79' lang='lat' dir='ltr'><strong>[idem</strong></span> <span class='ocrx_word' id='word_1_742' title='bbox 990 2579 1018 2600; x_wconf 91' lang='lat' dir='ltr'><strong>et</strong></span> 
     </span>
    </p>
   </div>
   <div class='ocr_carea' id='block_1_99' title="bbox 229 2616 1014 2652">
    <p class='ocr_par' dir='ltr' id='par_1_99' title="bbox 229 2616 1014 2652">
     <span class='ocr_line' id='line_1_99' title="bbox 229 2616 1014 2652; baseline 0.001 -8"><span class='ocrx_word' id='word_1_743' title='bbox 229 2619 310 2644; x_wconf 85' lang='lat' dir='ltr'><strong>vitam</strong></span> <span class='ocrx_word' id='word_1_744' title='bbox 326 2622 467 2649; x_wconf 81' lang='lat' dir='ltr'><strong>sanctam.</strong></span> <span class='ocrx_word' id='word_1_745' title='bbox 485 2622 511 2645; x_wconf 91' lang='lat' dir='ltr'><strong>et</strong></span> <span class='ocrx_word' id='word_1_746' title='bbox 536 2617 601 2652; x_wconf 89' lang='lat' dir='ltr'><strong>quia</strong></span> <span class='ocrx_word' id='word_1_747' title='bbox 627 2616 772 2644; x_wconf 89' lang='lat' dir='ltr'><strong>Dominum</strong></span> <span class='ocrx_word' id='word_1_748' title='bbox 790 2617 952 2652; x_wconf 85' lang='lat' dir='ltr'><strong>sequebatur</strong></span> <span class='ocrx_word' id='word_1_749' title='bbox 964 2638 972 2650; x_wconf 85' lang='lat'><strong>,</strong></span> <span class='ocrx_word' id='word_1_750' title='bbox 990 2623 1014 2645; x_wconf 85' lang='lat' dir='ltr'><strong>et</strong></span> 
     </span>
    </p>
   </div>
   <div class='ocr_carea' id='block_1_100' title="bbox 230 2663 1015 2699">
    <p class='ocr_par' dir='ltr' id='par_1_100' title="bbox 230 2663 1015 2699">
     <span class='ocr_line' id='line_1_100' title="bbox 230 2663 1015 2699; baseline 0.001 -9"><span class='ocrx_word' id='word_1_751' title='bbox 230 2664 412 2696; x_wconf 84' lang='lat' dir='ltr'><strong>ministrabat,</strong></span> <span class='ocrx_word' id='word_1_752' title='bbox 425 2668 453 2690; x_wconf 86' lang='lat' dir='ltr'><strong>et</strong></span> <span class='ocrx_word' id='word_1_753' title='bbox 466 2663 614 2698; x_wconf 76' lang='lat' dir='ltr'><strong>spectatrix</strong></span> <span class='ocrx_word' id='word_1_754' title='bbox 630 2663 718 2690; x_wconf 78' lang='lat' dir='ltr'><strong>fuerat</strong></span> <span class='ocrx_word' id='word_1_755' title='bbox 731 2663 852 2690; x_wconf 82' lang='lat' dir='ltr'><strong>omnium</strong></span> <span class='ocrx_word' id='word_1_756' title='bbox 866 2671 927 2698; x_wconf 52' lang='lat' dir='ltr'><strong>quas</strong></span> <span class='ocrx_word' id='word_1_757' title='bbox 940 2669 1015 2699; x_wconf 73' lang='lat' dir='ltr'><strong>gesta</strong></span> 
     </span>
    </p>
   </div>
   <div class='ocr_carea' id='block_1_101' title="bbox 230 2709 1016 2744">
    <p class='ocr_par' dir='ltr' id='par_1_101' title="bbox 230 2709 1016 2744">
     <span class='ocr_line' id='line_1_101' title="bbox 230 2709 1016 2744; baseline 0.001 -7"><span class='ocrx_word' id='word_1_758' title='bbox 230 2711 338 2737; x_wconf 81' lang='lat' dir='ltr'><strong>Inerant</strong></span> <span class='ocrx_word' id='word_1_759' title='bbox 353 2710 425 2737; x_wconf 91' lang='lat' dir='ltr'><strong>circa</strong></span> <span class='ocrx_word' id='word_1_760' title='bbox 451 2717 531 2742; x_wconf 89' lang='lat' dir='ltr'><strong>eum,</strong></span> <span class='ocrx_word' id='word_1_761' title='bbox 548 2710 611 2744; x_wconf 86' lang='lat' dir='ltr'><strong>quia</strong></span> <span class='ocrx_word' id='word_1_762' title='bbox 630 2709 676 2736; x_wconf 89' lang='lat' dir='ltr'><strong>lilii</strong></span> <span class='ocrx_word' id='word_1_763' title='bbox 695 2709 818 2737; x_wconf 65' lang='grc' dir='ltr'><strong>Ζωούωί</strong></span> <span class='ocrx_word' id='word_1_764' title='bbox 837 2710 924 2737; x_wconf 82' lang='lat' dir='ltr'><strong>vocati</strong></span> <span class='ocrx_word' id='word_1_765' title='bbox 951 2716 1016 2738; x_wconf 91' lang='lat' dir='ltr'><strong>sunt</strong></span> 
     </span>
    </p>
   </div>
   <div class='ocr_carea' id='block_1_102' title="bbox 284 2808 974 2843">
    <p class='ocr_par' dir='ltr' id='par_1_102' title="bbox 284 2808 974 2843">
     <span class='ocr_line' id='line_1_102' title="bbox 284 2808 974 2843; baseline 0.006 -9"><span class='ocrx_word' id='word_1_766' title='bbox 284 2809 307 2824; x_wconf 83' lang='grc'>”</span> <span class='ocrx_word' id='word_1_767' title='bbox 323 2808 416 2836; x_wconf 80' lang='lat' dir='ltr'><strong>Matth.</strong></span> <span class='ocrx_word' id='word_1_768' title='bbox 435 2817 524 2840; x_wconf 61' lang='grc' dir='ltr'>χχι-ιι,</span> <span class='ocrx_word' id='word_1_769' title='bbox 550 2809 595 2841; x_wconf 82' lang='grc'><strong>55,</strong></span> <span class='ocrx_word' id='word_1_770' title='bbox 622 2809 666 2835; x_wconf 76' lang='grc'><strong>56.</strong></span> <span class='ocrx_word' id='word_1_771' title='bbox 705 2808 802 2836; x_wconf 78' lang='lat' dir='ltr'><strong>&quot;Isai.</strong></span> <span class='ocrx_word' id='word_1_772' title='bbox 832 2817 916 2843; x_wconf 65' lang='grc' dir='ltr'>χιιι-ιι,</span> <span class='ocrx_word' id='word_1_773' title='bbox 933 2812 974 2838; x_wconf 86' lang='lat' dir='ltr'><strong>ll.</strong></span> 
     </span>
    </p>
   </div>
   <div class='ocr_carea' id='block_1_103' title="bbox 233 2843 885 2876">
    <p class='ocr_par' dir='ltr' id='par_1_103' title="bbox 233 2843 885 2876">
     <span class='ocr_line' id='line_1_103' title="bbox 233 2843 885 2876; baseline 0.006 -8"><span class='ocrx_word' id='word_1_774' title='bbox 233 2843 256 2860; x_wconf 75' lang='grc' dir='ltr'><strong>’δ</strong></span> <span class='ocrx_word' id='word_1_775' title='bbox 269 2843 362 2870; x_wconf 80' lang='lat' dir='ltr'><strong>Matth.</strong></span> <span class='ocrx_word' id='word_1_776' title='bbox 386 2852 458 2871; x_wconf 84' lang='lat' dir='ltr'><strong>xxvu</strong></span> <span class='ocrx_word' id='word_1_777' title='bbox 469 2864 477 2876; x_wconf 83' lang='lat'><strong>,</strong></span> <span class='ocrx_word' id='word_1_778' title='bbox 491 2844 541 2875; x_wconf 83' lang='grc'><strong>57,</strong></span> <span class='ocrx_word' id='word_1_779' title='bbox 561 2845 605 2871; x_wconf 80' lang='grc'><strong>58.</strong></span> <span class='ocrx_word' id='word_1_780' title='bbox 645 2843 667 2860; x_wconf 79' lang='grc'><strong><em>³⁸</em></strong></span> <span class='ocrx_word' id='word_1_781' title='bbox 682 2844 746 2871; x_wconf 88' lang='lat' dir='ltr'><strong>ibid.</strong></span> <span class='ocrx_word' id='word_1_782' title='bbox 770 2845 804 2872; x_wconf 80' lang='grc'><strong>59</strong></span> <span class='ocrx_word' id='word_1_783' title='bbox 817 2864 823 2875; x_wconf 87' lang='grc'>,</span> <span class='ocrx_word' id='word_1_784' title='bbox 841 2844 885 2872; x_wconf 77' lang='grc'><strong>60.</strong></span> 
     </span>
    </p>
   </div>
   <div class='ocr_carea' id='block_1_104' title="bbox 1028 2811 1236 2844">
    <p class='ocr_par' dir='ltr' id='par_1_104' title="bbox 1028 2811 1236 2844">
     <span class='ocr_line' id='line_1_104' title="bbox 1028 2811 1236 2844; baseline 0.01 -6"><span class='ocrx_word' id='word_1_785' title='bbox 1028 2812 1048 2828; x_wconf 87' lang='grc'>³¹</span> <span class='ocrx_word' id='word_1_786' title='bbox 1067 2811 1129 2840; x_wconf 87' lang='lat' dir='ltr'><strong>lsai.</strong></span> <span class='ocrx_word' id='word_1_787' title='bbox 1154 2821 1191 2844; x_wconf 76' lang='lat' dir='ltr'><strong>Ix,</strong></span> <span class='ocrx_word' id='word_1_788' title='bbox 1210 2813 1236 2840; x_wconf 90' lang='lat' dir='ltr'><strong>l.</strong></span> 
     </span>
    </p>
   </div>
   <div class='ocr_carea' id='block_1_105' title="bbox 1070 2253 1829 2288">
    <p class='ocr_par' dir='ltr' id='par_1_105' title="bbox 1070 2253 1829 2288">
     <span class='ocr_line' id='line_1_105' title="bbox 1070 2253 1829 2288; baseline -0.005 -7"><span class='ocrx_word' id='word_1_789' title='bbox 1070 2259 1278 2281; x_wconf 88' lang='lat' dir='ltr'><strong>monumentum</strong></span> <span class='ocrx_word' id='word_1_790' title='bbox 1299 2254 1364 2281; x_wconf 88' lang='lat' dir='ltr'><strong>illud</strong></span> <span class='ocrx_word' id='word_1_791' title='bbox 1381 2262 1482 2281; x_wconf 87' lang='lat' dir='ltr'><strong>novum</strong></span> <span class='ocrx_word' id='word_1_792' title='bbox 1498 2253 1573 2288; x_wconf 85' lang='lat' dir='ltr'><strong>quod</strong></span> <span class='ocrx_word' id='word_1_793' title='bbox 1589 2253 1683 2280; x_wconf 79' lang='lat' dir='ltr'><strong>fuerat</strong></span> <span class='ocrx_word' id='word_1_794' title='bbox 1699 2253 1803 2279; x_wconf 78' lang='lat' dir='ltr'><strong>excisum</strong></span> <span class='ocrx_word' id='word_1_795' title='bbox 1816 2260 1829 2268; x_wconf 50' lang='grc' dir='ltr'><strong>ην</strong></span> 
     </span>
    </p>
   </div>
   <div class='ocr_carea' id='block_1_106' title="bbox 1070 2299 1827 2335">
    <p class='ocr_par' dir='ltr' id='par_1_106' title="bbox 1070 2299 1827 2335">
     <span class='ocr_line' id='line_1_106' title="bbox 1070 2299 1827 2335; baseline -0.008 -6"><span class='ocrx_word' id='word_1_796' title='bbox 1070 2306 1157 2335; x_wconf 86' lang='lat' dir='ltr'><strong>petra.</strong></span> <span class='ocrx_word' id='word_1_797' title='bbox 1175 2301 1208 2328; x_wconf 83' lang='lat' dir='ltr'><strong>Et</strong></span> <span class='ocrx_word' id='word_1_798' title='bbox 1223 2309 1257 2327; x_wconf 86' lang='lat' dir='ltr'><strong>ne</strong></span> <span class='ocrx_word' id='word_1_799' title='bbox 1271 2300 1412 2328; x_wconf 77' lang='lat' dir='ltr'><strong>existimes</strong></span> <span class='ocrx_word' id='word_1_800' title='bbox 1433 2299 1499 2334; x_wconf 86' lang='lat' dir='ltr'><strong>quia</strong></span> <span class='ocrx_word' id='word_1_801' title='bbox 1524 2299 1640 2326; x_wconf 79' lang='lat' dir='ltr'><strong>fortuito</strong></span> <span class='ocrx_word' id='word_1_802' title='bbox 1658 2299 1783 2332; x_wconf 81' lang='lat' dir='ltr'><strong>scriptum</strong></span> <span class='ocrx_word' id='word_1_803' title='bbox 1795 2301 1827 2319; x_wconf 20' lang='lat' dir='ltr'><strong>Ni</strong></span> 
     </span>
    </p>
   </div>
   <div class='ocr_carea' id='block_1_107' title="bbox 1068 2344 1829 2380">
    <p class='ocr_par' dir='ltr' id='par_1_107' title="bbox 1068 2344 1829 2380">
     <span class='ocr_line' id='line_1_107' title="bbox 1068 2344 1829 2380; baseline -0.007 -6"><span class='ocrx_word' id='word_1_804' title='bbox 1068 2352 1092 2374; x_wconf 77' lang='lat' dir='ltr'><strong>et</strong></span> <span class='ocrx_word' id='word_1_805' title='bbox 1119 2352 1216 2374; x_wconf 86' lang='lat' dir='ltr'><strong>eventu</strong></span> <span class='ocrx_word' id='word_1_806' title='bbox 1241 2346 1344 2374; x_wconf 88' lang='lat' dir='ltr'><strong>dictum</strong></span> <span class='ocrx_word' id='word_1_807' title='bbox 1362 2350 1422 2376; x_wconf 81' lang='lat' dir='ltr'><strong>est,</strong></span> <span class='ocrx_word' id='word_1_808' title='bbox 1436 2346 1571 2380; x_wconf 85' lang='lat' dir='ltr'><strong>quoniam</strong></span> <span class='ocrx_word' id='word_1_809' title='bbox 1590 2344 1707 2371; x_wconf 78' lang='lat' dir='ltr'><strong>involvit</strong></span> <span class='ocrx_word' id='word_1_810' title='bbox 1723 2346 1829 2375; x_wconf 61' lang='grc' dir='ltr'><strong>θοι-μία</strong></span> 
     </span>
    </p>
   </div>
   <div class='ocr_carea' id='block_1_108' title="bbox 1069 2390 1829 2426">
    <p class='ocr_par' dir='ltr' id='par_1_108' title="bbox 1069 2390 1829 2426">
     <span class='ocr_line' id='line_1_108' title="bbox 1069 2390 1829 2426; baseline -0.011 -4"><span class='ocrx_word' id='word_1_811' title='bbox 1069 2394 1183 2422; x_wconf 83' lang='lat' dir='ltr'><strong>sindone</strong></span> <span class='ocrx_word' id='word_1_812' title='bbox 1205 2393 1305 2421; x_wconf 87' lang='lat' dir='ltr'><strong>munda</strong></span> <span class='ocrx_word' id='word_1_813' title='bbox 1316 2414 1324 2426; x_wconf 90' lang='lat'><strong>,</strong></span> <span class='ocrx_word' id='word_1_814' title='bbox 1339 2398 1366 2420; x_wconf 88' lang='lat' dir='ltr'><strong>et</strong></span> <span class='ocrx_word' id='word_1_815' title='bbox 1381 2393 1407 2419; x_wconf 92' lang='lat' dir='ltr'><strong>in</strong></span> <span class='ocrx_word' id='word_1_816' title='bbox 1424 2396 1608 2419; x_wconf 88' lang='lat' dir='ltr'><strong>monumento</strong></span> <span class='ocrx_word' id='word_1_817' title='bbox 1624 2390 1717 2426; x_wconf 78' lang='lat' dir='ltr'><strong>posuit</strong></span> <span class='ocrx_word' id='word_1_818' title='bbox 1731 2395 1804 2415; x_wconf 72' lang='lat' dir='ltr'><strong>nom.</strong></span> <span class='ocrx_word' id='word_1_819' title='bbox 1816 2395 1829 2407; x_wconf 68' lang='grc' dir='ltr'>τι</span> 
     </span>
    </p>
   </div>
   <div class='ocr_carea' id='block_1_109' title="bbox 1069 2437 1829 2475">
    <p class='ocr_par' dir='ltr' id='par_1_109' title="bbox 1069 2437 1829 2475">
     <span class='ocr_line' id='line_1_109' title="bbox 1069 2437 1829 2475; baseline -0.009 -8"><span class='ocrx_word' id='word_1_820' title='bbox 1069 2439 1134 2475; x_wconf 89' lang='lat' dir='ltr'><strong>quia</strong></span> <span class='ocrx_word' id='word_1_821' title='bbox 1149 2442 1355 2466; x_wconf 78' lang='lat' dir='ltr'><strong>monumentum</strong></span> <span class='ocrx_word' id='word_1_822' title='bbox 1374 2438 1439 2464; x_wconf 94' lang='lat' dir='ltr'><strong>illud</strong></span> <span class='ocrx_word' id='word_1_823' title='bbox 1451 2442 1513 2465; x_wconf 84' lang='lat' dir='ltr'><strong>erat</strong></span> <span class='ocrx_word' id='word_1_824' title='bbox 1526 2437 1652 2464; x_wconf 83' lang='lat' dir='ltr'><strong>excisum</strong></span> <span class='ocrx_word' id='word_1_825' title='bbox 1670 2437 1697 2462; x_wconf 93' lang='lat' dir='ltr'><strong>in</strong></span> <span class='ocrx_word' id='word_1_826' title='bbox 1710 2438 1829 2470; x_wconf 48' lang='lat' dir='ltr'><strong>petram-:4-</strong></span> 
     </span>
    </p>
   </div>
   <div class='ocr_carea' id='block_1_110' title="bbox 1069 2478 1828 2519">
    <p class='ocr_par' dir='ltr' id='par_1_110' title="bbox 1069 2478 1828 2519">
     <span class='ocr_line' id='line_1_110' title="bbox 1069 2478 1828 2519; baseline -0.016 -6"><span class='ocrx_word' id='word_1_827' title='bbox 1069 2491 1228 2513; x_wconf 88' lang='lat' dir='ltr'><strong>numentum</strong></span> <span class='ocrx_word' id='word_1_828' title='bbox 1246 2485 1376 2512; x_wconf 89' lang='lat' dir='ltr'><strong>mundum</strong></span> <span class='ocrx_word' id='word_1_829' title='bbox 1395 2484 1466 2519; x_wconf 86' lang='lat' dir='ltr'><strong>quod</strong></span> <span class='ocrx_word' id='word_1_830' title='bbox 1491 2492 1506 2510; x_wconf 91' lang='lat' dir='ltr'><strong>a</strong></span> <span class='ocrx_word' id='word_1_831' title='bbox 1522 2490 1641 2517; x_wconf 86' lang='lat' dir='ltr'><strong>corpore</strong></span> <span class='ocrx_word' id='word_1_832' title='bbox 1657 2482 1721 2509; x_wconf 84' lang='lat' dir='ltr'><strong>Jesu</strong></span> <span class='ocrx_word' id='word_1_833' title='bbox 1736 2478 1828 2507; x_wconf 59' lang='lat' dir='ltr'><strong>man-itm</strong></span> 
     </span>
    </p>
   </div>
   <div class='ocr_carea' id='block_1_111' title="bbox 1068 2522 1827 2568">
    <p class='ocr_par' dir='ltr' id='par_1_111' title="bbox 1068 2522 1827 2568">
     <span class='ocr_line' id='line_1_111' title="bbox 1068 2522 1827 2568; baseline -0.009 -9"><span class='ocrx_word' id='word_1_834' title='bbox 1068 2537 1126 2559; x_wconf 90' lang='lat' dir='ltr'><strong>erat</strong></span> <span class='ocrx_word' id='word_1_835' title='bbox 1139 2532 1239 2558; x_wconf 77' lang='lat' dir='ltr'><strong>factum</strong></span> <span class='ocrx_word' id='word_1_836' title='bbox 1256 2539 1337 2566; x_wconf 87' lang='lat' dir='ltr'><strong>quam</strong></span> <span class='ocrx_word' id='word_1_837' title='bbox 1351 2530 1439 2558; x_wconf 81' lang='lat' dir='ltr'><strong>fuerat</strong></span> <span class='ocrx_word' id='word_1_838' title='bbox 1463 2530 1628 2565; x_wconf 84' lang='lat' dir='ltr'><strong>priusquam</strong></span> <span class='ocrx_word' id='word_1_839' title='bbox 1642 2522 1827 2568; x_wconf 46' lang='lat' dir='ltr'><strong>ponereturlré&quot;:</strong></span> 
     </span>
    </p>
   </div>
   <div class='ocr_carea' id='block_1_112' title="bbox 1070 2567 1826 2610">
    <p class='ocr_par' dir='ltr' id='par_1_112' title="bbox 1070 2567 1826 2610">
     <span class='ocr_line' id='line_1_112' title="bbox 1070 2567 1826 2610; baseline -0.007 -7"><span class='ocrx_word' id='word_1_840' title='bbox 1070 2584 1170 2610; x_wconf 81' lang='lat' dir='ltr'><strong>corpus</strong></span> <span class='ocrx_word' id='word_1_841' title='bbox 1185 2577 1211 2603; x_wconf 91' lang='lat' dir='ltr'><strong>in</strong></span> <span class='ocrx_word' id='word_1_842' title='bbox 1228 2583 1270 2603; x_wconf 88' lang='lat' dir='ltr'><strong>eo.</strong></span> <span class='ocrx_word' id='word_1_843' title='bbox 1289 2576 1401 2609; x_wconf 62' lang='lat' dir='ltr'><strong>Quarres</strong></span> <span class='ocrx_word' id='word_1_844' title='bbox 1418 2580 1510 2602; x_wconf 86' lang='lat' dir='ltr'><strong>autem</strong></span> <span class='ocrx_word' id='word_1_845' title='bbox 1529 2575 1552 2602; x_wconf 87' lang='lat' dir='ltr'><strong>si</strong></span> <span class='ocrx_word' id='word_1_846' title='bbox 1569 2580 1636 2602; x_wconf 92' lang='lat' dir='ltr'><strong>sunt</strong></span> <span class='ocrx_word' id='word_1_847' title='bbox 1653 2573 1769 2601; x_wconf 72' lang='lat' dir='ltr'><strong>homines</strong></span> <span class='ocrx_word' id='word_1_848' title='bbox 1784 2567 1826 2594; x_wconf 57' lang='grc' dir='ltr'><strong>οῖ’ίὶ</strong></span> 
     </span>
    </p>
   </div>
   <div class='ocr_carea' id='block_1_113' title="bbox 1069 2614 1824 2656">
    <p class='ocr_par' dir='ltr' id='par_1_113' title="bbox 1069 2614 1824 2656">
     <span class='ocr_line' id='line_1_113' title="bbox 1069 2614 1824 2656; baseline -0.015 -7"><span class='ocrx_word' id='word_1_849' title='bbox 1069 2622 1187 2656; x_wconf 89' lang='lat' dir='ltr'><strong>amplius</strong></span> <span class='ocrx_word' id='word_1_850' title='bbox 1205 2621 1335 2648; x_wconf 78' lang='lat' dir='ltr'><strong>habentes</strong></span> <span class='ocrx_word' id='word_1_851' title='bbox 1357 2629 1440 2655; x_wconf 88' lang='lat' dir='ltr'><strong>quam</strong></span> <span class='ocrx_word' id='word_1_852' title='bbox 1463 2628 1568 2655; x_wconf 79' lang='lat' dir='ltr'><strong>ecrpus</strong></span> <span class='ocrx_word' id='word_1_853' title='bbox 1580 2619 1658 2650; x_wconf 83' lang='lat' dir='ltr'><strong>Jesu,</strong></span> <span class='ocrx_word' id='word_1_854' title='bbox 1678 2618 1736 2645; x_wconf 79' lang='lat' dir='ltr'><strong>novi</strong></span> <span class='ocrx_word' id='word_1_855' title='bbox 1748 2614 1824 2650; x_wconf 55' lang='lat' dir='ltr'><strong>quidvi-</strong></span> 
     </span>
    </p>
   </div>
   <div class='ocr_carea' id='block_1_114' title="bbox 1070 2665 1823 2702">
    <p class='ocr_par' dir='ltr' id='par_1_114' title="bbox 1070 2665 1823 2702">
     <span class='ocr_line' id='line_1_114' title="bbox 1070 2665 1823 2702; baseline -0.011 -8"><span class='ocrx_word' id='word_1_856' title='bbox 1070 2672 1097 2694; x_wconf 85' lang='lat' dir='ltr'><strong>ct</strong></span> <span class='ocrx_word' id='word_1_857' title='bbox 1108 2668 1192 2694; x_wconf 82' lang='lat' dir='ltr'><strong>excisi</strong></span> <span class='ocrx_word' id='word_1_858' title='bbox 1208 2669 1234 2694; x_wconf 92' lang='lat' dir='ltr'><strong>in</strong></span> <span class='ocrx_word' id='word_1_859' title='bbox 1253 2672 1327 2702; x_wconf 86' lang='lat' dir='ltr'><strong>petra</strong></span> <span class='ocrx_word' id='word_1_860' title='bbox 1338 2686 1345 2698; x_wconf 90' lang='lat'><strong>,</strong></span> <span class='ocrx_word' id='word_1_861' title='bbox 1361 2671 1387 2694; x_wconf 87' lang='lat' dir='ltr'><strong>et</strong></span> <span class='ocrx_word' id='word_1_862' title='bbox 1404 2671 1618 2694; x_wconf 87' lang='lat' dir='ltr'><strong>monumentum</strong></span> <span class='ocrx_word' id='word_1_863' title='bbox 1633 2670 1698 2693; x_wconf 89' lang='lat' dir='ltr'><strong>sunt</strong></span> <span class='ocrx_word' id='word_1_864' title='bbox 1709 2665 1760 2699; x_wconf 83' lang='lat' dir='ltr'><strong>rjns</strong></span> <span class='ocrx_word' id='word_1_865' title='bbox 1771 2667 1823 2686; x_wconf 71' lang='grc' dir='ltr'>ωηι-</span> 
     </span>
    </p>
   </div>
   <div class='ocr_carea' id='block_1_115' title="bbox 1069 2710 1822 2746">
    <p class='ocr_par' dir='ltr' id='par_1_115' title="bbox 1069 2710 1822 2746">
     <span class='ocr_line' id='line_1_115' title="bbox 1069 2710 1822 2746; baseline -0.005 -8"><span class='ocrx_word' id='word_1_866' title='bbox 1069 2713 1150 2745; x_wconf 89' lang='lat' dir='ltr'><strong>dum,</strong></span> <span class='ocrx_word' id='word_1_867' title='bbox 1165 2717 1191 2740; x_wconf 90' lang='lat' dir='ltr'><strong>et</strong></span> <span class='ocrx_word' id='word_1_868' title='bbox 1207 2713 1266 2739; x_wconf 89' lang='lat' dir='ltr'><strong>ideo</strong></span> <span class='ocrx_word' id='word_1_869' title='bbox 1279 2712 1346 2740; x_wconf 89' lang='lat' dir='ltr'><strong>salvi</strong></span> <span class='ocrx_word' id='word_1_870' title='bbox 1362 2712 1529 2739; x_wconf 85' lang='lat' dir='ltr'><strong>clliciuntur.</strong></span> <span class='ocrx_word' id='word_1_871' title='bbox 1553 2711 1752 2746; x_wconf 76' lang='lat' dir='ltr'><strong>Conscqnentcr</strong></span> <span class='ocrx_word' id='word_1_872' title='bbox 1763 2710 1822 2732; x_wconf 60' lang='lat' dir='ltr'><strong>an”</strong></span> 
     </span>
    </p>
   </div>
   <div class='ocr_carea' id='block_1_116' title="bbox 1292 2800 1813 2843">
    <p class='ocr_par' dir='ltr' id='par_1_116' title="bbox 1292 2800 1813 2843">
     <span class='ocr_line' id='line_1_116' title="bbox 1292 2800 1813 2843; baseline -0.008 -4"><span class='ocrx_word' id='word_1_873' title='bbox 1292 2812 1314 2828; x_wconf 80' lang='lat'><strong>&quot;</strong></span> <span class='ocrx_word' id='word_1_874' title='bbox 1330 2810 1424 2839; x_wconf 78' lang='lat' dir='ltr'><strong>Matth.</strong></span> <span class='ocrx_word' id='word_1_875' title='bbox 1446 2818 1484 2843; x_wconf 81' lang='lat' dir='ltr'><strong>IV,</strong></span> <span class='ocrx_word' id='word_1_876' title='bbox 1509 2811 1553 2838; x_wconf 85' lang='lat' dir='ltr'><strong>tt.</strong></span> <span class='ocrx_word' id='word_1_877' title='bbox 1611 2812 1634 2828; x_wconf 73' lang='grc'><em>³³</em></span> <span class='ocrx_word' id='word_1_878' title='bbox 1648 2811 1714 2837; x_wconf 77' lang='lat' dir='ltr'><strong>Gen.</strong></span> <span class='ocrx_word' id='word_1_879' title='bbox 1730 2800 1813 2834; x_wconf 58' lang='lat' dir='ltr'><strong>ut.“</strong></span> 
     </span>
    </p>
   </div>
  </div>
