1839 3053
19 141 64 168 797

568 134 892 166 COMMENTARIORUM
908 134 1039 164 SERIES.

1547 141 1618 169 i198

17 204 25 226 t
41 198 84 225 alii
99 202 163 224 sunt
179 200 255 224 extra
270 203 319 224 eos
334 197 380 231 qui
398 196 498 224 habent
515 195 608 224 Jesum
627 197 760 223 viventem
774 205 781 223 :
798 198 820 224 Α
833 200 857 222 et
869 194 919 222 erit
933 194 1089 221 novissimus
1104 203 1178 222 error
1194 196 1267 230 pejor
1283 197 1381 230 priore.
1399 199 1441 224 Ait
1458 203 1546 226 autem
1561 199 1616 228 illi:

16 251 24 272 ι
41 244 148 279 quidam
163 251 258 270 eorum
272 243 373 271 habent
389 243 493 276 Jesum,
508 250 534 270 et
549 248 612 270 ante
624 243 778 278 passionem

17 291 140 322 irentem,
162 289 271 324 quidam
288 294 378 317 autem
396 296 580 324 resurgentem
607 298 622 317 ει
647 288 779 321 mortuis,

19 335 106 362 nidam
121 333 272 361 secundum
284 335 356 369 quod
372 335 464 362 multis
477 339 597 369 apparet.
612 343 665 361 non
680 335 780 362 haben-

15 388 50 407 em
68 380 184 414 speciem
203 387 289 414 neque
306 380 442 407 deeOrem.
458 381 508 408 Alii
526 386 616 408 autem
636 381 733 407 habent
751 380 778 408 in

18 425 108 452 loriam
126 425 315 457 rel‘ormatum,
335 425 380 452 alii
395 431 485 453 autem
499 427 590 453 vident
605 434 666 453 eum
683 434 779 453 ascen-

15 476 114 502 :entem,
129 475 156 497 et
171 474 280 502 sperant
296 478 357 498 cum
375 479 407 498 co
421 471 478 505 rapi
496 471 521 498 in
536 471 616 503 nube,
631 477 660 498 ιιι
673 479 779 506 semper

15 515 147 541 mbcantur
162 522 224 542 cum
247 515 316 550 ipso.
333 514 406 549 Ergo
432 515 573 542 Matlbmus
594 522 694 541 novum
720 522 780 542 esse

15 565 204 586 nonuntcntum
221 559 395 594 conscripsit,
413 564 439 586 et
456 560 482 586 in
498 564 574 594 petra
587 559 708 587 excisum
725 567 778 585 non

19 606 121 640 xposnit
145 605 299 632 manifeste.
315 606 348 634 Et
371 606 442 641 quod
461 613 559 632 novum
576 610 635 632 erat
656 605 690 632 ab
705 604 779 631 omni

16 658 107 684 crpore
127 656 237 678 mortuo
251 651 493 679 manifestaverunt
506 651 594 678 Lucas
609 656 636 678 et
650 650 778 682 Joannes.

20 704 111 722 uorum
135 705 207 724 ttntts
229 697 338 731 quidem
356 697 442 724 dixit:
462 696 493 724 In
509 705 559 732 quo
585 697 700 724 nondum
722 703 778 723 erat

19 741 92 775 liquis
107 741 209 775 positus
223 741 245 756 ³⁸
260 750 266 768 :
283 740 402 768 Joannes
422 746 513 768 autent
527 750 533 768 :
550 741 581 767 In
596 749 646 775 quo
664 741 779 767 nondum

19 786 93 820 liquis
117 787 219 820 pasitus
243 791 298 813 erat
313 786 354 818 '7;
372 786 452 821 plane
468 786 490 813 si
515 793 654 820 nunquam
680 785 779 820 aliquis

15 832 99 859 .nsitus
115 831 203 858 fuerat
223 831 278 864 ibi,
295 836 388 866 postea
405 835 494 858 autem
515 832 595 866 positi
613 836 695 865 sunt;
716 840 778 859 nam

20 878 68 904 nod
89 877 175 904 dicit:
195 876 226 903 1η
240 886 291 912 quo
317 877 433 904 nondum
455 878 552 913 aliquis
579 879 679 913 positus
705 884 779 911 erat,

17 926 74 948 aute
92 921 330 949 considerantibus
347 922 459 949 verbum
475 922 526 949 hoc
540 923 716 957 signiﬁcatur.
736 923 779 949 Di-

18 964 84 991 itnus
97 971 161 999 ergo
180 972 212 992 ne
226 964 297 992 forte
313 965 472 1000 simpliciter
490 966 637 1001 intelligere
650 967 780 993 debemus

15 1017 69 1036 tunc
82 1009 182 1041 locum,
194 1009 324 1044 quoniam
334 1010 379 1044 qui
392 1010 461 1037 dixit
472 1010 508 1036 ’9:
522 1009 675 1045 Consepulti
689 1018 778 1037 sumus

15 1053 100 1081 Ilirista
120 1062 165 1088 per
191 1054 366 1088 baptismum,
392 1059 416 1082 et
442 1056 653 1082 consurreximus
681 1056 725 1087 ei,
751 1056 778 1082 in

15 1105 174 1127 nonumcnto
203 1108 273 1127 novo
298 1105 324 1128 et
349 1100 510 1136 intelligibili
533 1101 627 1128 exciso
651 1101 677 1127 in
705 1105 778 1135 petra

15 1146 172 1180 ~onsepnltns
187 1151 228 1173 est
249 1151 276 1173 et
297 1146 353 1180 ipse
375 1152 435 1181 post
457 1146 595 1174 Christum
611 1154 672 1174 cutn
699 1146 779 1173 Chri-

15 1195 58 1221 lio,
71 1196 96 1217 ct
111 1199 207 1219 omnes
223 1192 269 1226 qui
291 1192 443 1226 consepulti
460 1196 524 1219 sunt
544 1192 653 1219 Christo
680 1191 706 1218 in
729 1191 778 1219 ba-

15 1235 98 1262 ιῑίδιιιο
115 1241 143 1263 υἱ
169 1242 313 1272 resurgant
335 1245 396 1264 Cllm
413 1245 446 1264 00
461 1244 493 1264 ex
514 1245 585 1264 novo
603 1241 779 1264 monumento

15 1281 169 1316 irimogeniti
197 1289 229 1309 ex
257 1282 388 1314 mortuis,
416 1287 443 1309 et
477 1283 504 1309 in
535 1282 662 1309 omnibus
679 1282 779 1317 prima-

17 1334 56 1352 tun
85 1327 209 1355 tenentis.
240 1326 330 1354 Volvit
360 1332 449 1354 autent
473 1327 574 1363 Joscph
598 1335 651 1354 non
675 1328 778 1362 lapides

16 1371 98 1399 .ntltos
113 1372 145 1399 ad
160 1372 260 1399 ostium
282 1372 466 1406 monumenti,
483 1372 528 1400 sed
546 1381 646 1404 unum.
671 1378 698 1400 et
721 1381 779 1400 ma-

15 1423 80 1447 ;num
90 1437 97 1447 ,
114 1422 139 1443 ct
154 1417 286 1451 majorem
297 1425 378 1452 quam
393 1422 496 1452 poterat
512 1425 572 1445 esse
591 1418 776 1445 insidiantium

15 1461 95 1493 rirtus,
110 1470 160 1489 non
175 1467 265 1489 tamen
279 1464 408 1497 majoretn
422 1471 503 1498 quam
516 1464 603 1491 virtus
619 1468 676 1490 crat
692 1464 778 1498 angeli

15 1506 186 1535 lt‘sceltdettlis
199 1508 232 1535 de
244 1508 324 1540 coelo,
342 1513 369 1535 et
383 1509 544 1536 revolventis
558 1510 592 1536 ab
607 1517 639 1537 eo
650 1510 776 1545 lapidem,

16 1557 28 1577 τι
42 1553 153 1580 sedentis
167 1562 249 1588 super
271 1555 358 1588 ipsum
373 1564 379 1581 :
395 1555 522 1590 quoniam
537 1556 627 1582 omnia
643 1563 703 1590 qua:
715 1561 778 1583 sunt

16 1597 71 1625 ‘ll‘t'ﬂ
88 1607 186 1634 corpus
203 1600 303 1628 Christi
320 1600 395 1633 Jcsu,
409 1602 508 1628 munda
524 1606 599 1634 sunt,
618 1606 644 1629 et
659 1610 737 1636 nova,
753 1607 779 1629 et

16 1651 52 1670 Ion
67 1642 222 1680 simpliciter
237 1654 344 1681 magna,
365 1647 409 1674 sed
425 1647 501 1674 valde
518 1647 607 1674 omnia
626 1655 734 1683 magna.

37 1689 93 1716 ιιι.
113 1690 178 1717 Erat
196 1697 283 1718 autent
301 1692 336 1718 ibi
353 1691 440 1719 Maria
460 1692 635 1728 Magdaleua,
655 1698 678 1719 et
694 1692 778 1719 altera

16 1732 96 1766 Varia,
107 1737 220 1763 sedentes
228 1742 318 1763 contra
325 1737 471 1772 sepulcrum
481 1738 514 1764 ".
521 1737 585 1766 Post
594 1739 650 1765 lucc
661 1739 779 1765 charitas

17 1782 110 1807 tuarum
126 1781 283 1815 Mariarum,
304 1782 477 1817 Magtlalcnac,
492 1787 518 1810 et
535 1784 631 1811 matris
644 1783 736 1810 Jacobi
751 1788 778 1810 et

19 1826 113 1859 oscph,
140 1827 276 1863 colligavit
301 1835 348 1854 eas
371 1829 403 1855 ad
430 1834 635 1856 monumentum
661 1836 776 1860 novum,

17 1876 108 1905 rroptcr
117 1880 217 1908 corpus
230 1873 293 1900 Jesu
307 1874 378 1908 qttod
393 1873 481 1901 fuerat
495 1875 541 1902 ibi.
554 1874 587 1901 Et
600 1875 650 1902 hoc
664 1875 777 1902 observa

17 1918 124 1949 luoniam
137 1920 262 1953 superius
273 1919 332 1946 dua:
343 1920 401 1947 istte
415 1919 515 1952 Mariae,
528 1925 554 1948 et
565 1925 650 1948 mater
660 1921 776 1948 ﬁliorum

18 1960 127 1997 Lrbetlzei,
143 1972 225 2000 quam
241 1964 429 1992 existimamus
445 1965 530 2000 ipsam
547 1973 608 1993 esse
624 1965 777 1998 Salomem,

20 2014 34 2034 e
56 2009 131 2044 longe
159 2011 318 2045 spectabant
342 2011 475 2038 mirabilia
505 2018 565 2046 qua:
595 2011 622 2038 in
650 2012 778 2046 passione

18 2050 95 2080 iltristi
113 2055 222 2088 ﬁebant,
238 2060 266 2082 et
284 2062 384 2089 corpus
398 2055 457 2089 ejus
471 2063 634 2090 suspensum
650 2056 676 2082 in
693 2056 776 2091 ligno.

18 2096 50 2125 lic
73 2104 160 2128 autem
178 2107 232 2128 non
259 2105 467 2135 pertuanserunt
493 2106 568 2128 tres:
592 2105 678 2128 mater
704 2102 776 2128 enim

22 2142 112 2171 liorum
128 2145 249 2173 Zebedaai
265 2153 318 2172 non
339 2146 468 2173 scribitur
487 2153 549 2173 cum
569 2145 654 2174 Maria
669 2145 777 2181 Magda-

19 2195 57 2215 rna
73 2195 99 2217 et
115 2199 177 2219 cum
197 2191 292 2224 Maria,
308 2197 394 2219 matre
406 2191 498 2219 Jacobi
514 2196 542 2219 et
556 2191 672 2226 Joseph,
694 2191 776 2219 simul

19 2233 75 2269 D31
102 2237 195 2265 sedere
222 2241 318 2265 contra
354 2237 519 2272 sepulcrum.
548 2236 672 2264 Forsitan
703 2237 775 2264 enirn

21 2288 82 2316 sque
97 2283 147 2311 hoc
175 2283 316 2318 pervenire
340 2283 428 2318 potuit
452 2287 539 2310 mater
559 2282 675 2309 ﬁliorum
692 2282 777 2310 Zebe-

19 2326 63 2358 :ei;
77 2327 133 2356 ista:
159 2333 261 2359 autem,
275 2328 354 2362 quasi
378 2327 496 2362 majores
517 2327 545 2354 in
565 2327 708 2360 charitatc,
727 2335 776 2355 ne-

21 2379 50 2398 ne
65 2372 105 2400 bis
120 2382 181 2408 quae.
197 2379 290 2409 postea
304 2379 378 2408 gesta
397 2377 461 2400 sunt
480 2372 635 2400 defuerunt.

33 2416 92 2445 MS.
110 2419 202 2446 Altera
217 2424 304 2446 autem
323 2418 376 2449 die,
395 2425 454 2453 qute
465 2423 503 2445 est
519 2421 578 2452 post
594 2416 774 2449 l’arastevem,

20 2470 164 2491 invenerunt
188 2465 316 2499 principes
343 2463 508 2490 sacerdotum
537 2468 562 2490 et
581 2462 713 2490 Phariswi
739 2465 774 2490 ad

20 2507 124 2542 ’ilatum,
141 2510 254 2537 dicentes
269 2517 278 2536 :
295 2508 415 2539 Domine,
432 2507 598 2535 rememoratt'
608 2515 696 2534 sumus
707 2507 776 2542 quod

21 2553 42 2579 le
57 2555 175 2582 seductor
189 2556 256 2582 dixit
277 2555 362 2581 adhuc
375 2555 460 2582 vivens
476 2562 486 2581 :
506 2553 571 2581 Post
586 2554 693 2581 tertium
707 2554 775 2580 diem

21 2605 138 2634 zsurgam.
165 2601 233 2628 lube
248 2608 309 2635 ergo
332 2600 461 2627 custodiri
481 2600 630 2634 sepulcrum
654 2607 734 2633 usque
749 2599 775 2625 in

21 2643 62 2669 ient
76 2647 190 2679 tertium,
206 2655 238 2673 ne
252 2646 319 2681 forte
339 2647 444 2672 veniant
459 2645 583 2680 discipuli
608 2644 675 2679 ejus,
692 2650 716 2671 et
733 2645 776 2678 fu-

21 2694 84 2716 rntur
94 2700 163 2725 eum,
175 2697 199 2720 et
218 2692 307 2719 dicant
321 2691 414 2726 plebi:
439 2691 592 2718 Resurrexit
610 2699 626 2717 α
645 2690 774 2722 mortuis;

50 2749 70 2765 "
86 2751 149 2780 Luc.
166 2761 247 2785 xxnt,
267 2753 311 2780 55.
365 2752 387 2768 ³⁷
405 2751 483 2779 Joan.
508 2760 565 2784 xix,
590 2751 633 2778 Μ.
689 2751 710 2766 ³⁸
723 2750 801 2778 Rom.

32 2782 105 2813 Joan.
119 2796 147 2818 ιι,
166 2788 208 2815 l9.
241 2782 268 2804 ’δ’
285 2786 379 2814 Matth.
404 2795 476 2819 xxvv,
492 2787 536 2814 6|.

24 2837 29 2844 .
47 2819 84 2846 l9.
121 2823 141 2837 "’
157 2823 250 2850 Matth.
267 2830 352 2851 xxvn.
366 2822 410 2848 (£3.

804 1543 812 1552 ε

791 1556 812 1572 ιι

584 2786 606 2801 δ’
623 2785 717 2813 Matth.
731 2793 814 2818 xxvn,

833 240 940 267 Pilatus
954 247 964 266 :
983 239 1090 266 Habetis
1112 242 1251 272 custodes;
1273 243 1317 276 ite,
1340 245 1468 272 custodite
1482 246 1548 272 sicut
1566 248 1618 274 sci-

836 286 880 311 tis.
906 284 952 311 Illi
966 289 1053 311 autem
1068 290 1157 312 euntes
1174 287 1322 314 munierunt
1339 289 1498 322 sepulcrum,
1511 291 1619 326 signau-

836 336 873 357 tes
894 330 1010 364 lapidem
1029 338 1088 356 cunt
1104 331 1256 358 custodibus
1274 332 1307 358 ‘°.
1326 332 1449 362 Rationis
1475 340 1516 362 est
1537 337 1620 364 inter-

831 383 927 411 rogare
936 376 1071 412 principes
1085 377 1255 405 sacerdotum
1278 379 1324 412 qui
1349 386 1479 407 venerunt
1499 382 1532 408 ad
1548 382 1618 409 Pila-

833 425 901 453 tttm,
917 416 1078 449 ut'dicerent
1095 422 1152 449 lucc
1174 430 1235 456 quae
1261 423 1398 451 dixerunt.
1417 424 1510 459 Dicite,
1528 434 1619 454 sacer-

830 467 918 499 dotes,
932 475 994 494 cum
1007 467 1122 495 dixisset
1140 467 1221 495 Jesns
1234 468 1253 484 “
1273 477 1279 494 :
1302 468 1401 496 Solvite
1412 471 1537 505 templum
1558 473 1617 503 liae.

829 516 853 539 et
869 519 915 546 ego
928 512 954 538 in
965 512 1052 538 triduo
1066 513 1134 539 illud
1147 513 1291 545 suscitabo,
1311 514 1343 540 ad
1359 515 1431 548 quod
1448 517 1617 550 propositum

829 564 892 583 cum
908 558 1011 585 dixisse
1024 558 1159 592 putastis?
1187 566 1221 585 an
1240 558 1273 585 de
1297 559 1432 586 solutione
1446 565 1473 587 et
1497 569 1619 590 resurre-

830 601 924 629 ctione
935 603 1058 637 corporis
1077 603 1138 630 sui?
1160 611 1193 630 an
1216 603 1250 630 de
1274 604 1365 638 templi
1393 605 1576 634 destructione
1591 613 1618 635 et

830 649 1001 682 reparatione
1012 649 1118 683 ipsius?
1133 648 1161 675 Si
1174 649 1247 676 enim
1262 649 1433 678 intellexistis
1446 651 1497 683 sic,
1508 653 1570 686 quia
1584 654 1618 680 de

830 694 1032 720 resurrectione
1053 701 1102 721 sua
1126 694 1178 721 ista
1192 694 1309 727 dicebat,
1331 696 1469 730 quomodo
1493 698 1616 725 testimo-

830 738 904 765 nium
917 739 1013 766 dantcs
1025 740 1155 766 adversus
1170 747 1232 766 cum
1246 740 1363 773 dixistis,
1377 742 1505 776 quoniam
1519 742 1562 770 hic
1576 743 1616 770 di-

830 783 889 810 xit:
919 784 1031 810 Possunt
1056 785 1190 812 destruere
1217 786 1341 820 templum
1369 787 1427 817 hoc,
1446 792 1470 814 et
1491 788 1517 814 in
1529 789 1617 815 triduo

831 830 991 863 rerediﬁcare
1002 830 1068 857 illud
1079 831 1101 847 ’δ’
1112 832 1124 858 ?
1135 830 1163 857 Si
1175 836 1264 858 autem
1279 839 1342 859 vere
1357 832 1390 859 de
1406 834 1505 868 templo
1520 834 1617 861 illoin-

797 873 985 909 Btellexistis,
1014 875 1163 902 secundum
1194 876 1266 910 quod
1292 881 1318 903 ct
1345 878 1529 906 testimonium
1550 887 1617 914 ριιειξο

832 918 939 950 buistis,
956 920 1028 946 unde
1044 920 1126 947 modo
1152 921 1229 948 scitis
1242 922 1372 956 quoniam
1390 922 1458 950 dixit
1487 929 1548 958 post
1562 929 1617 952 tres

830 965 888 991 dies
901 972 915 991 a
931 965 1046 992 mortuis
1059 973 1088 992 se
1115 969 1354 994 resurrecturum?
1381 968 1449 996 Vide
1473 978 1537 1005 ergo
1549 979 1617 1005 quo-

831 1009 912 1036 modo
928 1009 1052 1044 impietas
1071 1011 1188 1045 seipsam
1217 1012 1275 1039 suis
1298 1013 1388 1040 verbis
1404 1019 1551 1048 expugnat.
1567 1015 1617 1042 Per

831 1055 888 1082 haec
898 1055 970 1082 enim
987 1056 1068 1082 verba
1085 1055 1135 1089 ipsi
1162 1056 1349 1085 testimonium
1377 1066 1457 1086 suum
1471 1060 1535 1086 illud
1551 1068 1617 1087 con-

830 1100 970 1132 demnant,
985 1101 1115 1135 quoniam
1133 1109 1196 1129 vere
1208 1099 1388 1138 intelligentes
1402 1112 1465 1132 eum
1478 1106 1511 1133 de
1528 1114 1617 1134 resur-

831 1145 950 1172 rectione
967 1146 1089 1180 corporis
1101 1146 1143 1172 sui
1156 1146 1201 1173 illa
1215 1147 1314 1178 dicere,
1331 1152 1358 1174 et
1374 1148 1490 1176 scientes
1502 1157 1611 1177 conver-

830 1194 920 1217 terunt
946 1198 1086 1218 sermones
1107 1191 1166 1226 ejus
1181 1191 1215 1219 ad
1238 1192 1449 1220 destructionem
1466 1199 1493 1221 et
1508 1203 1616 1230 reparata

831 1236 932 1263 tionem
950 1236 1023 1264 illius
1038 1237 1202 1265 insensibilis
1228 1239 1330 1272 templi.
1352 1239 1448 1267 Adhuc
1464 1247 1554 1268 autem
1575 1242 1616 1268 in-

831 1285 958 1316 terrogo:
977 1281 1047 1315 Quid
1063 1283 1164 1313 dicitis,
1180 1284 1352 1311 sacerdotes?
1372 1293 1467 1320 nempe
1493 1287 1556 1321 quia
1572 1287 1615 1314 di—

830 1327 908 1354 cebat
928 1327 1108 1355 hominibus:
1135 1328 1198 1355 l’ost
1230 1335 1280 1356 tres
1308 1329 1363 1356 dies
1389 1339 1522 1366 resurgunt
1539 1331 1572 1364 ⁸³,
1588 1337 1616 1360 et

830 1377 935 1400 secreto
959 1374 1104 1401 mandabat
1124 1374 1264 1409 discipulis
1285 1375 1343 1402 suis
1367 1380 1396 1402 ut
1413 1376 1538 1404 furentur
1552 1386 1613 1405 eum

831 1422 912 1445 nocttt
928 1423 955 1445 et
967 1419 1059 1446 dicant
1073 1424 1132 1454 post
1143 1423 1198 1447 tres
1213 1420 1272 1447 dies
1284 1421 1346 1455 quia
1362 1423 1481 1449 surrexit
1501 1431 1516 1449 :t
1541 1431 1615 1450 mor-

831 1465 895 1491 tuis.
909 1463 961 1491 Sed
977 1465 1027 1492 hoc
1042 1473 1073 1492 ex
1090 1465 1142 1492 hoe
1161 1466 1220 1501 ipso
1235 1466 1394 1495 incredibile
1410 1472 1461 1500 est,
1478 1473 1540 1502 post
1553 1473 1612 1496 tan—

832 1515 872 1537 tos
886 1517 1027 1538 sermones
1043 1511 1160 1538 murales
1177 1517 1247 1546 quos
1273 1511 1299 1538 in
1324 1513 1423 1548 populo
1447 1513 1539 1540 docuit
1552 1515 1612 1541 uni—

832 1563 920 1589 verso,
935 1562 961 1583 et
979 1561 1040 1591 post
1056 1557 1123 1584 tales
1136 1561 1162 1584 ct
1181 1561 1270 1585 tantas
1293 1558 1408 1585 virtutes
1424 1567 1492 1593 quas
1515 1559 1615 1594 ubique

831 1609 858 1628 ιιι
875 1602 950 1628 omni
963 1601 1056 1628 Judaaa
1073 1601 1200 1634 ostendit,
1217 1607 1246 1629 ut
1261 1601 1366 1629 falleret
1382 1602 1530 1637 discipulos
1549 1611 1615 1632 suos

830 1647 931 1679 verbis,
947 1653 976 1674 ut
995 1647 1075 1674 etiam
1093 1648 1142 1682 ipsi
1157 1647 1296 1682 culparent
1313 1648 1363 1675 ista
1388 1649 1574 1682 mandantem,
1588 1655 1615 1677 ct

830 1692 889 1719 ideo
904 1699 1074 1727 nequaquam
1094 1692 1211 1720 facerent
1227 1693 1299 1728 quod
1313 1693 1469 1726 mandabat,
1493 1695 1613 1722 maxime

830 1742 938 1772 propter
951 1737 1100 1772 periculum
1121 1738 1192 1772 quod
1209 1738 1368 1765 imminebat
1380 1739 1420 1766 eis
1439 1747 1453 1766 a
1465 1741 1575 1773 populo,
1590 1741 1612 1768 si

828 1783 1022 1809 conﬁterentur
1034 1790 1096 1809 enm
1114 1783 1160 1817 qui
1178 1788 1241 1810 ante
1266 1783 1403 1810 modicum
1420 1784 1508 1811 fuerat
1521 1785 1613 1813 cruel-

830 1828 908 1856 lixus.
924 1832 950 1854 et
963 1827 1101 1854 doctorem
1115 1834 1144 1854 se
1161 1828 1261 1855 habere
1275 1833 1302 1855 et
1314 1827 1465 1855 Christum.
1479 1827 1507 1855 Si
1521 1833 1612 1856 autem

830 1874 880 1900 hoc
895 1872 997 1900 dixisse
1011 1880 1073 1899 eum
1096 1872 1254 1900 incredibile
1281 1878 1334 1906 est,
1351 1873 1414 1900 vide
1440 1874 1491 1901 nisi
1516 1882 1614 1902 conse-

828 1926 914 1953 quens
930 1923 1012 1945 estut
1036 1918 1106 1945 sicut
1127 1919 1250 1954 prodigia
1266 1918 1341 1951 fecit,
1361 1919 1475 1946 utsicut
1490 1918 1612 1954 Evange—

828 1965 893 1991 lium
906 1971 986 1991 suum
1010 1963 1211 1998 praedicandum
1241 1964 1268 1990 in
1291 1969 1347 1992 toto
1361 1965 1463 1992 mundo
1475 1966 1610 2000 praedixit,

827 2016 854 2038 et
866 2011 937 2038 sicut
949 2019 955 2037 :
969 2010 1036 2037 Ante
1053 2009 1176 2044 prmities
1191 2014 1214 2036 et
1233 2018 1303 2043 reges
1317 2010 1421 2037 stabilis
1432 2010 1466 2041 “,
1483 2015 1509 2038 et
1521 2011 1591 2038 sicut
1603 2020 1610 2038 :

827 2055 976 2083 Jerusalem
994 2055 1143 2081 destruetur
1169 2054 1201 2080 ab
1222 2056 1338 2081 exercitu
1353 2055 1395 2088 “;
1422 2056 1462 2082 sic
1481 2060 1508 2083 et
1521 2056 1554 2083 dc
1569 2064 1611 2084 re.

829 2101 996 2129 surrectionc
1009 2106 1056 2127 sua
1073 2099 1196 2134 przedixit
1211 2099 1283 2133 quod
1298 2101 1335 2126 ait
1349 2110 1355 2127 :
1376 2100 1475 2128 Solvite
1488 2103 1611 2136 templum

828 2147 886 2179 hoc,
901 2152 925 2173 et
937 2154 983 2181 ego
1009 2146 1036 2172 in
1054 2145 1141 2172 triduo
1160 2143 1293 2172 suscitabo
1309 2145 1395 2179 ipsum
1413 2146 1446 2173 “.
1465 2146 1611 2182 Propterea

829 2197 853 2219 et
873 2192 900 2218 in
914 2191 1099 2229 prtejudicium
1117 2196 1196 2217 suum
1218 2188 1300 2216 locuti
1325 2196 1389 2217 sunt
1419 2193 1572 2220 sacerdotes
1585 2197 1612 2220 et

830 2236 957 2264 Pharisaei
971 2236 1005 2263 ad
1029 2235 1143 2263 Pilatum
1159 2235 1289 2266 dicentes.
1317 2235 1446 2269 quoniam
1474 2238 1518 2264 ille
1535 2239 1612 2265 sedl-

829 2287 886 2310 ctor
896 2282 964 2309 dixit
982 2282 1069 2308 adhuc
1085 2281 1182 2313 vivens,
1196 2281 1320 2316 quoniam
1351 2286 1409 2314 post
1432 2285 1483 2308 tres
1502 2283 1557 2310 dies
1575 2292 1612 2311 re~

828 2337 935 2363 surgam
951 2328 984 2355 ".
999 2327 1093 2355 Adhuc
1108 2332 1198 2354 autem
1218 2327 1279 2354 vide
1297 2325 1425 2360 quoniam
1443 2327 1553 2360 quidam
1566 2337 1612 2356 ve-

828 2374 933 2401 nientes
944 2373 977 2400 de
993 2372 1151 2400 custodibus
1176 2372 1203 2399 in
1232 2372 1378 2403 civitatein,
1406 2373 1610 2406 nuntiaverunt,

829 2427 881 2447 non
897 2419 968 2450 aliis.
986 2417 1033 2446 sed
1049 2418 1115 2452 ipsis
1129 2417 1297 2452 principibus
1317 2416 1498 2449 sacerdotum,
1518 2419 1611 2446 omnia

829 2471 996 2499 qntecunque
1012 2462 1119 2490 fuerant
1135 2462 1216 2494 facta,
1230 2467 1259 2489 ιιι
1274 2470 1307 2489 ex
1319 2462 1391 2488 omni
1408 2467 1484 2495 parte
1499 2462 1612 2490 inexcu-

829 2509 922 2536 sabilis
933 2515 1027 2536 eorum
1042 2508 1223 2535 constituatur
1238 2507 1381 2541 impietas:
1404 2507 1442 2533 illi
1454 2512 1543 2534 autem
1562 2517 1612 2536 nec

828 2555 868 2582 sic
894 2553 1039 2581 miserrimi
1064 2552 1256 2587 acquieverunt
1278 2551 1448 2579 documentis
1474 2552 1566 2585 tantis,
1582 2559 1612 2580 ut

828 2599 998 2634 susciperent
1011 2598 1076 2633 quia
1098 2597 1178 2625 Jesus
1191 2596 1403 2629 eratChristus;
1431 2597 1477 2624 sed
1502 2602 1529 2624 et
1550 2604 1610 2632 post

829 2645 920 2672 omnia
937 2645 994 2672 haec
1004 2643 1223 2678 malignabantur
1244 2647 1354 2677 propter
1377 2643 1504 2670 duritiam
1521 2644 1612 2670 cordis

829 2690 882 2718 sui.
901 2689 976 2717 Sicut
1003 2689 1159 2717 induratum
1180 2687 1268 2715 fuerat
1289 2695 1338 2716 cor
1358 2687 1508 2715 Pharaonis
1532 2696 1613 2723 super

1319 2750 1343 2766 ⁸⁰
1361 2750 1426 2776 illiti.
1450 2749 1484 2776 62
1499 2754 1522 2776 cl
1536 2757 1611 2783 seqq.

1319 2793 1396 2811 ,xxt.
1411 2785 1456 2811 ﬁt.
1496 2785 1519 2800 “
1533 2783 1611 2811 Joan.

956 2751 979 2766 "
999 2749 1092 2777 Matth.
1121 2758 1205 2781 xxvtt,
1236 2750 1281 2777 6L

925 2788 948 2805 δι
966 2785 1047 2814 Mare.
1067 2793 1114 2812 xm
1128 2805 1136 2816 ,
1150 2787 1176 2812 9.
1216 2785 1238 2800 ⁸³
1256 2785 1321 2813 Luc.
1335 2793 1396 2817 xxI,
1411 2785 1456 2812 εξι.

828 2759 864 2782 Vt,
890 2751 916 2778 ι.

828 2785 873 2812 65.
