1839 3053
28 99 90 126 18:5!

627 95 660 122 IN
680 93 801 122 LUCA“
817 92 959 120 HOMan
973 92 1017 121 IV.

1571 89 1640 117 me

27 154 139 190 angulus,
156 157 182 180 et
196 160 225 180 se
241 152 290 189 [aL
310 153 332 180 si
341 153 352 188 ἰ
370 152 514 180 videndum
532 152 696 187 prmhuerit,
716 156 743 178 et
758 151 802 178 ille
817 153 838 180 Α
853 150 896 176 cui
913 154 954 177 est
977 149 1065 184 gloria
1084 152 1110 176 ct
1124 147 1266 183 imperium
1293 147 1320 174 in
1343 147 1444 174 stecula
1465 146 1638 174 seculorum.

26 201 67 234 qui
81 207 139 226 vere
155 198 307 230 desiderat,
332 207 384 225 non
401 198 512 225 videbit.
533 197 625 232 Itaque
646 197 803 231 ubicunque

26 246 147 280 scriptum
163 244 261 277 fuerit,
284 245 409 279 apparuit
430 244 500 271 Deus
526 243 574 276 illi,
601 243 642 270 vel
658 243 707 273 illi,
731 246 802 269 utet

24 297 110 317 nunc:
127 290 254 324 Apparuit
268 290 292 316 ei
304 289 411 324 angelus
429 289 550 322 Domini,
567 294 641 315 stans
664 297 680 314 ιι
701 287 802 314 dextris

25 335 111 361 altaris
122 334 230 365 incensi,
249 335 284 361 ita
305 338 335 360 ut
348 334 415 365 dixi,
427 334 556 367 intellige.
571 333 636 360 Sive
652 333 734 365 Deus,
745 332 803 359 sive

24 379 130 414 angelus
149 379 265 406 Abrahae
287 379 330 407 vel
349 379 508 411 Zachariae,
532 387 594 406 cum
623 379 739 406 voluerit
762 379 802 406 vel

25 425 143 458 noluerit,
158 429 205 452 aut
225 433 278 452 non
292 425 438 458 videbitur,
454 430 501 452 aut
525 425 670 452 videbitur.
699 425 732 452 Et
751 425 805 453 hoc

23 480 73 499 non
91 476 194 499 tantum
213 472 239 499 in
259 472 385 507 prmsenti
402 472 502 499 saeculo
513 471 641 506 dicimus,
659 472 707 500 sed
720 473 802 500 etiam

23 516 48 543 in
63 516 161 548 futuro,
175 524 236 544 cum
255 517 463 552 migraverimus
477 524 492 544 e
509 517 611 544 mundo
623 537 631 550 ,
655 517 728 552 quod
749 524 803 544 non

22 562 144 590 omnibus
161 563 201 590 vel
219 563 307 595 Deus:
318 564 358 591 vel
374 564 460 599 angeli
476 569 634 599 appareant,
656 565 727 600 quod
748 565 804 593 sei-

22 607 81 635 licet
93 613 119 636 et
132 608 254 643 angelos,
273 614 300 636 et
315 608 447 644 Spiritum
461 615 598 641 sanetum,
613 615 641 637 et
658 609 803 637 Dominum

23 652 196 686 Salvator-em,
211 658 237 680 et
254 653 343 688 ipsum
357 653 442 681 Deum
456 653 575 687 Patrem,
591 655 614 682 is
629 655 674 689 qui
693 655 726 682 de
743 662 805 682 cor-

21 706 81 732 pore
93 699 199 729 cxierit,
216 700 308 726 statim
324 704 461 727 mereatur
478 700 568 727 videre
584 709 592 727 :
605 705 631 727 et
645 701 688 728 ille
700 705 803 728 tantum

22 743 139 776 videbit,
164 745 210 779 qui
236 745 367 772 mundum
383 745 512 773 habuerit
526 753 573 773 cor
587 746 620 777 ⁸⁸,
633 750 660 773 et
677 746 755 773 talem
774 754 805 774 se

21 789 174 823 prmbuerit,
191 794 221 817 ut
232 790 329 825 dignus
343 790 389 817 Dei
405 790 440 818 sit
453 795 574 825 aspectu.
591 790 623 817 Et
637 791 763 826 quamvis
777 791 804 819 in

853 195 948 222 Amen.

1147 239 1288 266 llOMlLlA
1303 238 1347 266 IV.

853 296 892 324 De
903 305 932 323 eo
948 296 1017 331 quod
1033 295 1159 330 scriptum
1179 300 1217 321 est
1230 302 1245 331 :7
1259 304 1268 319 ι
1285 293 1329 331 Ne
1343 295 1448 331 linteas,
1463 293 1606 331 lac/inriti,
1628 305 1639 321 ι

889 329 969 366 usque
980 332 1014 357 ad
1025 339 1082 357 eum
1100 331 1186 356 locant
1202 330 1246 366 tibi
1262 330 1300 356 ait
1312 329 1344 356 de
1362 329 1465 366 Joanne
1481 337 1490 356 :
1508 339 1517 355 t
1538 329 1642 357 Praece-

889 364 931 393 ἀεὶ
945 375 1035 393 coram
1051 367 1107 400 ipso
1119 367 1144 392 in
1156 365 1253 400 spiritu
1266 369 1290 391 et
1306 365 1401 391 virtute
1419 364 1497 391 Elite.
1515 374 1523 390 ι
1534 365 1600 400 Cap.
1620 373 1639 392 t.

889 423 1047 454 Zacharias,
1060 430 1122 450 eum
1140 423 1266 457 angelum
1283 421 1407 453 vidisset,
1426 421 1545 456 expavit.
1567 421 1642 449 Nova

853 471 954 505 quippe
969 469 1052 496 facies
1069 468 1201 496 humanis
1210 467 1351 495 obtutibus
1364 475 1393 495 sc
1405 467 1531 502 praebens
1552 466 1645 494 turbat

854 520 973 543 mentem
995 514 1173 549 animumque
1200 518 1369 542 consternat.
1405 512 1481 540 Unde
1506 513 1618 548 angelus
1633 532 1643 543 .

854 561 946 588 sciens
963 561 1033 588 hanc
1046 568 1107 588 esse
1122 561 1270 587 humanam
1288 564 1423 592 naturam,
1439 559 1556 594 primmn
1580 567 1644 593 per-

855 606 1003 635 turbationi
1021 606 1145 633 medetur
1163 606 1256 633 dicens
1274 614 1280 632 :
1299 605 1363 632 Noli
1376 606 1474 638 timere,
1489 604 1622 631 Zacltariu
1633 611 1645 631 :

854 658 881 681 et
893 652 1074 687 trepidantem
1090 651 1224 679 rcfocillat
1237 670 1244 683 ,
1267 659 1393 685 novoque
1414 651 1532 678 betiticat
1548 650 1650 677 nutatio-

856 698 976 726 inferens
990 705 996 724 :
1017 697 1155 724 Ezaudita
1169 702 1208 725 est
1219 698 1306 724 oratio
1323 702 1379 730 tua,
1393 701 1417 724 et
1436 705 1504 724 uxor
1525 702 1571 724 tua
1584 695 1645 723 Eli-

856 745 947 772 sabetlt
967 745 1050 778 pariet
1067 743 1164 778 filium,
1176 748 1200 770 et
1216 743 1318 770 vocabis
1332 751 1425 770 nomen
1438 743 1494 777 ejus
1503 742 1646 773 Joannem,

856 797 879 818 et
904 791 955 817 erit
976 789 1023 816 tibi
1051 789 1179 824 gaudium
1203 794 1228 815 et
1250 789 1404 816 exsultatio.
1428 788 1542 822 Quando
1554 789 1646 823 justus

20 833 111 860 eodem
122 833 183 861 loco
197 834 242 867 sit,
256 835 303 869 qui
316 835 418 862 mundo
429 835 511 862 corde
524 839 575 868 est,
588 840 614 862 et
625 836 648 863 is
658 837 704 870 qui
718 836 807 864 adhuc
822 835 843 862 Β
858 835 919 871 quis
933 835 1021 863 oritur
1039 834 1151 867 mundo,
1170 839 1197 861 et
1211 834 1329 861 stadium
1347 835 1427 869 huius
1450 834 1511 861 vitae
1529 834 1647 869 ingredi—

19 878 107 913 aliqua
128 879 209 906 sorde
232 880 419 915 respergitur,
439 888 511 908 unus
538 880 614 908 locus
632 888 681 908 nec
706 889 805 910 nocere

19 925 173 959 quempiam
188 926 304 960 poterit,
318 925 472 961 necjuvare
488 934 495 952 :
522 926 585 961 quia
606 926 652 961 qui
675 927 804 955 mundum

19 977 64 996 eor
80 970 218 1003 habuerit,
234 970 317 998 Deum
332 970 451 1004 videbit;
460 971 506 1006 qui
519 977 609 999 autem
631 972 692 999 talis
712 972 804 1005 fuerit,

19 1015 42 1042 id
59 1015 132 1049 quod
152 1016 198 1042 alii
213 1020 337 1048 cernunt,
352 1016 435 1052 936
452 1024 505 1044 non
519 1017 629 1044 videbit.
654 1016 719 1044 Tale
740 1018 805 1053 quid

19 1061 81 1088 mihi
102 1061 308 1096 intelligendum
324 1067 350 1089 et
365 1062 398 1089 de
412 1062 524 1090 Christo
535 1084 542 1096 ,
557 1063 602 1098 qui
626 1064 763 1098 quondam
779 1064 805 1091 in

19 1115 129 1142 corpore
141 1108 293 1142 videbatur,
308 1108 381 1143 quod
393 1117 447 1136 non
462 1109 619 1145 quicunque
643 1117 705 1136 eum
731 1109 806 1137 vidc-

19 1153 102 1185 bant.
133 1159 262 1189 poterant
288 1154 389 1182 videre.
411 1149 544 1182 Videbam.
572 1155 671 1190 quippe
700 1160 806 1183 tantum

19 1207 116 1234 corpus
140 1201 234 1227 illius:
254 1201 402 1228 secundum
423 1209 487 1229 vero
512 1201 562 1229 hoc
582 1202 655 1237 quod
679 1202 807 1230 Christus

19 1250 83 1276 erat,
100 1254 166 1272 eum
184 1245 274 1272 videre
289 1253 342 1273 non
359 1251 492 1280 poterant.
506 1245 592 1274 Porro
607 1247 733 1282 discipuli
745 1255 807 1274 eum

19 1291 157 1324 videbant,
172 1296 198 1318 et
213 1292 428 1326 magnitudinem
440 1292 589 1320 divinitatis
603 1293 675 1320 illius
688 1299 810 1321 contem-

19 1337 175 1370 plabantur.
194 1337 307 1372 Propter
320 1338 392 1372 quod
406 1341 471 1372 putt)
483 1342 510 1366 et
526 1338 558 1365 ad
582 1338 734 1374 Philippum
763 1340 810 1367 de-

19 1388 176 1418 precantem
191 1388 272 1419 atque
286 1384 420 1412 dicentem
435 1393 441 1411 :
460 1384 573 1412 Ostende
595 1385 668 1412 nobis
689 1385 808 1418 Patrem,

19 1436 36 1456 τι
66 1431 166 1465 sufficit
188 1430 279 1464 nobis,
308 1432 482 1466 respondisse
508 1432 698 1460 Salvatorem:
726 1433 811 1460 Tanto

19 1482 134 1510 ‘empore
145 1476 279 1503 uobiscum
295 1485 364 1509 sum,
381 1481 407 1504 et
421 1485 472 1504 non
488 1479 644 1513 cognouistis
664 1479 723 1506 me?
742 1479 809 1506 Phi-

19 1520 94 1554 lippe,
110 1521 159 1555 qui
175 1521 240 1548 ridet
253 1529 302 1554 me,
321 1521 390 1548 videt
406 1527 430 1549 et
446 1522 554 1549 Patrem
574 1523 605 1550 ".
625 1522 719 1558 Neque
736 1524 809 1551 enim

19 1566 133 1599 Pilatus,
151 1567 198 1601 qui
213 1567 322 1595 videbat
336 1567 442 1600 Jesum,
457 1568 613 1595 intuebatur
630 1570 747 1603 l’atrem,
761 1578 810 1598 nec

19 1615 143 1641 iro-.litor
159 1614 263 1643 Judas:
280 1616 343 1651 quia
365 1623 416 1644 nec
432 1616 490 1651 ipse
509 1615 613 1645 Pilatus
627 1638 635 1649 ,
661 1625 710 1645 nec
726 1617 810 1646 Iudas

19 1660 160 1688 Sliristum
176 1662 326 1689 secundum
346 1663 397 1690 hoc
420 1663 493 1697 quod
515 1668 574 1690 erat
592 1663 720 1692 Christus
734 1665 809 1693 vide-ﬁ

19 1709 91 1737 tant,
112 1713 168 1732 nee
182 1706 328 1734 multitudo
342 1714 403 1741 qua:
419 1708 575 1735 coarctabat
594 1715 667 1735 eum.
692 1709 731 1736 Illi
750 1713 810 1736 tan-

21 1758 69 1777 um
84 1750 219 1777 videbant
236 1750 340 1784 Iesum,
358 1759 427 1786 quos
438 1756 548 1786 aspectu
567 1760 617 1780 suo
639 1753 735 1788 dignos
751 1761 811 1781 esse

19 1796 130 1823 :eiebat.
148 1795 318 1824 Lahoremus
332 1805 396 1832 ergo
411 1802 437 1825 et
451 1805 511 1830 nos,
531 1802 598 1825 utet
613 1798 810 1832 impraesentia-

19 1848 72 1869 'um
91 1842 179 1870 nobis
197 1841 267 1869 Deus
284 1847 423 1877 appareat.
443 1847 559 1870 banctus
571 1843 670 1878 quippe
689 1844 812 1880 Scriptu-

19 1895 108 1914 ‘arum
124 1895 219 1915 sermo
237 1888 373 1922 promisit,
389 1888 461 1923 quod
480 1888 633 1915 invenietur
653 1889 688 1916 ab
705 1889 747 1918 his
765 1890 811 1925 qui

19 1942 64 1960 mn
85 1938 200 1960 tentant
213 1941 275 1960 eum
292 1943 299 1960 :
318 1938 429 1968 apparet
445 1939 534 1962 autem
550 1934 592 1962 his
606 1935 653 1970 qui
673 1944 727 1963 non
747 1942 812 1964 sunt

19 1979 155 2007 "creduli
171 1978 197 2005 in
218 1987 280 2006 eum
297 1988 304 2006 :
324 1984 350 2006 et
365 1981 392 2006 in
413 1978 505 2006 futuro
521 1988 574 2006 non
597 1980 782 2009 abscondatur
796 1990 811 2010 a

19 2027 93 2054 rOItiS
107 2035 116 2059 ;
133 2026 185 2053 sed
202 2026 343 2053 videamus
354 2034 417 2053 eum
441 2026 511 2054 facie
532 2027 566 2054 ad
586 2026 683 2054 faciem
694 2049 702 2061 ,
721 2034 748 2056 et
763 2030 813 2057 Ιη-

19 2081 134 2100 luamus
151 2072 280 2098 ﬁduciam
295 2072 372 2099 home
385 2072 457 2104 \‘itte,
472 2072 651 2107 fruamurque
665 2081 811 2110 conspectu

23 2117 219 2152 mnipotenlis
236 2115 282 2144 Dei
297 2116 323 2143 in
337 2116 446 2144 Christo
461 2116 537 2151 Jesu,
549 2125 575 2145 et
589 2118 690 2153 Spiritu
706 2126 811 2154 sancto,

40 2176 66 2192 ⁸⁸
81 2173 187 2202 Matth.
200 2182 226 2201 v.
265 2174 286 2190 ⁸³
297 2173 374 2201 Joan.
392 2182 447 2207 xtv,
461 2175 488 2208 8,
500 2175 527 2203 9.
565 2176 588 2192 7°
596 2175 662 2204 Luc.
674 2184 693 2210 i,
711 2176 754 2203 15.

792 2177 814 2193 '”
830 2176 925 2204 Matth.
943 2183 1023 2208 xvni,
1033 2175 1073 2202 ιυ.

859 887 914 915 tur,
928 881 1046 909 ministri
1060 880 1209 908 nativitatis
1220 881 1280 915 ejus
1295 881 1429 914 belaittur,
1445 885 1471 908 et
1485 889 1514 908 se
1531 881 1648 908 eﬂ‘erunt

855 927 882 955 in
900 928 1026 955 sublime.
1039 926 1155 959 Quando
1175 934 1239 954 vero
1258 927 1302 954 ille
1326 927 1469 959 nascitur,
1495 927 1542 962 qui
1568 928 1648 955 mala:

855 974 916 1001 vitae
930 977 1100 1008 praeparatus
1115 976 1166 1004 est,
1182 976 1209 1000 ct
1219 973 1298 1007 quasi
1310 973 1346 1000 ob
1360 980 1455 1008 poenas
1469 973 1507 1009 (7)
1528 973 1554 1000 in
1570 981 1648 1009 erga-

855 1019 956 1047 stulum
976 1020 1126 1054 relegatus,
1147 1019 1271 1046 minister
1295 1024 1487 1047 consternatur
1508 1024 1535 1047 et
1554 1021 1649 1048 concio

855 1066 904 1094 dit.
919 1065 965 1093 Vis
982 1065 1136 1099 exemplum
1153 1064 1276 1099 accipere
1299 1065 1385 1092 sancti
1409 1065 1470 1098 viri,
1488 1066 1567 1100 cujus
1589 1074 1666 1094 σπι-ι

856 1111 899 1139 nis
924 1111 1029 1138 fructus
1055 1111 1082 1137 in
1105 1110 1184 1137 laude
1215 1110 1272 1137 sit?
1299 1111 1366 1138 Vide
1395 1110 1482 1138 Jacob
1503 1111 1667 1139 duodecim-

856 1157 983 1192 genuisse
996 1163 1096 1188 mares,
1107 1155 1153 1190 qui
1166 1163 1262 1184 omnes
1272 1156 1364 1191 populi
1374 1156 1421 1184 Dei
1434 1161 1460 1184 et
1473 1157 1558 1191 partis
1575 1157 1652 1185 illius-

857 1203 1018 1238 patriarcha:
1037 1206 1064 1229 et
1077 1202 1214 1238 principes
1228 1202 1390 1230 exstiterunt
1403 1210 1410 1228 :
1423 1202 1450 1229 in
1465 1202 1508 1230 his
1520 1203 1648 1232 omnibus

857 1248 942 1276 Jaeob
958 1248 1101 1277 laetabatur
1123 1253 1219 1284 pater,
1244 1248 1314 1276 sicut
1333 1253 1360 1276 et
1378 1256 1451 1276 nunc
1476 1249 1509 1276 de
1533 1249 1648 1278 Joannis

859 1295 999 1322 nativitate
1015 1295 1120 1323 cunctis
1136 1295 1264 1330 gaudium
1280 1295 1420 1322 nuntiatur
1438 1303 1444 1321 :
1460 1301 1487 1322 et
1502 1296 1548 1330 qui
1565 1296 1648 1323 semel

858 1341 893 1368 ob
909 1340 1050 1368 utilitatem
1075 1340 1191 1368 aliorum
1215 1339 1249 1367 ad
1268 1340 1415 1367 liberorum
1433 1348 1515 1375 opera
1534 1341 1648 1368 descen-

860 1386 939 1419 derit,
955 1390 981 1413 et
994 1393 1023 1413 se
1038 1386 1154 1413 voluerit
1171 1386 1235 1414 huic
1247 1386 1401 1413 ministerio
1417 1387 1583 1422 mancipare,
1600 1387 1649 1413 ob-

862 1438 949 1461 secret
961 1433 1057 1466 Deum,
1071 1437 1100 1460 ut
1115 1433 1177 1460 talis
1192 1433 1216 1460 ei
1235 1433 1306 1459 illius
1323 1432 1493 1468 ingrediatur
1506 1432 1651 1463 sicculum,
1665 1451 1667 1453 ι

862 1487 945 1514 super
959 1479 1039 1514 cujus
1051 1479 1192 1506 nativitate
1202 1479 1290 1506 laetior
1305 1479 1350 1506 sit.
1372 1478 1508 1506 Scribitur
1529 1486 1593 1513 ergo
1615 1477 1650 1505 de

860 1524 986 1552 Joanne:
1007 1524 1044 1560 (8)
1067 1524 1128 1551 Erit
1146 1532 1257 1559 magnus
1276 1525 1304 1551 in
1327 1528 1467 1558 conspectu
1487 1522 1594 1549 Domini
1612 1522 1647 1549 ".

861 1571 1073 1606 Magnitudinem
1088 1569 1185 1596 animat
1200 1569 1313 1597 Joannis
1327 1569 1465 1601 ostendit,
1487 1576 1548 1604 qua:
1562 1567 1650 1595 oculis

862 1617 907 1645 Dei
920 1621 1012 1652 pateat
1026 1626 1032 1644 :
1045 1622 1071 1644 et
1082 1616 1184 1652 aliquid
1197 1615 1382 1650 minus,quod
1395 1615 1537 1650 propriein
1553 1613 1651 1640 animae

861 1663 960 1691 virtute
972 1663 1148 1698 conspicitur.
1169 1663 1224 1698 Ego
1237 1662 1272 1689 ita
1289 1661 1408 1696 intelligo
1422 1665 1451 1688 et
1473 1659 1538 1687 illud
1549 1680 1557 1693 ,
1578 1659 1651 1695 quod

861 1710 888 1736 in
915 1708 1061 1743 Evaiigvlio
1080 1708 1200 1736 dicitur:
1220 1707 1311 1734 Nolite
1332 1712 1496 1734 contemnere
1519 1714 1599 1733 unum
1619 1707 1652 1733 de

862 1754 977 1780 minimis
991 1753 1061 1785 istis,
1073 1753 1119 1788 qui
1132 1753 1158 1779 in
1175 1752 1294 1779 Ecclesia
1307 1757 1367 1778 sunt
1379 1752 1412 1778 τί.
1426 1751 1555 1778 Minimus
1569 1751 1604 1778 ibi
1617 1751 1651 1778 ad

861 1799 1064 1827 distinctionem
1082 1798 1194 1833 majoris
1209 1798 1379 1833 intelligitur.
1396 1797 1454 1825 Non
1476 1798 1542 1824 mihi
1558 1798 1651 1832 [ιι-ςιξεί-

862 1846 945 1880 pitur,
961 1848 991 1872 ut
1002 1852 1065 1872 cum
1082 1844 1128 1879 qui
1143 1843 1252 1879 grandis
1265 1850 1306 1870 est
1318 1847 1504 1875 contemnam,
1519 1843 1582 1877 quia
1596 1850 1649 1869 non

863 1895 950 1926 potest
971 1889 1109 1917 contemni
1130 1890 1176 1917 ille
1202 1889 1248 1924 qui
1266 1888 1376 1924 grandis
1400 1893 1456 1921 est;
1481 1888 1528 1915 sed
1551 1888 1650 1915 dicitur

864 1937 947 1970 mihi,
961 1943 996 1963 ne
1014 1940 1175 1963 contemnas
1191 1942 1274 1961 unum
1297 1942 1329 1961 ex
1345 1933 1476 1961 minimis.
1510 1932 1542 1960 Ut
1560 1938 1649 1962 autem

862 1985 953 2018 scias,
971 1984 1044 2019 quod
1067 1983 1197 2011 minimus
1210 1987 1237 2010 et
1251 1990 1351 2017 parvus
1367 1989 1429 2009 non.
1438 1981 1558 2008 fortuitu
1577 1981 1652 2008 dicas

862 2035 921 2064 tur,
937 2030 984 2057 sed
997 2037 1059 2057 cum
1075 2037 1106 2056 ea
1120 2029 1235 2061 ratione,
1250 2035 1331 2062 quatit
1350 2027 1505 2062 posuimus,
1517 2027 1650 2061 scriptum

862 2079 926 2102 est:
952 2074 1106 2108 Quicunque
1124 2073 1347 2100 scandalizaverit
1375 2080 1456 2099 unum
1477 2072 1509 2099 de
1531 2071 1651 2098 minimis

863 2121 922 2148 istis
937 2121 972 2147 τ’.
985 2119 1115 2146 Minimus
1133 2119 1344 2153 scandalizatur,
1364 2118 1475 2154 grandis
1490 2126 1544 2146 non
1564 2122 1652 2153 potest

1112 2175 1134 2190 ’¹²
1146 2174 1209 2202 ibid.
1225 2174 1251 2202 6.

40 2222 86 2257 (7)
100 2219 170 2247 Non
184 2224 224 2247 est
240 2227 289 2261 cur
303 2220 395 2247 multis
412 2220 513 2265 hancce
525 2220 751 2265 9rigeuis_reprel

889 2223 914 2263 ᾖς
926 2222 986 2265 καῖ’
1000 2220 1170 2265 ἀρετὴγὶκξιὶ
1181 2219 1238 2260 ἔας-τι
1245 2228 1291 2265 Et;
1308 2220 1464 2265 aptfpo-t-q-g'
1471 2219 1573 2264 ψυχῆς.
1582 2220 1652 2254 Ἐγὼ

23 2255 117 2284 uinus
135 2255 301 2291 sententiam
313 2275 320 2287 ,
337 2263 390 2290 qua
401 2256 446 2291 ab
459 2256 563 2290 angelis
580 2257 674 2283 statuit
686 2255 810 2291 corpori-

23 2301 59 2320 us
79 2290 194 2326 illigari
205 2290 311 2316 animas
324 2298 339 2317 e
356 2290 426 2326 coelo
443 2292 629 2325 depromptas,
643 2290 745 2326 easque
764 2296 811 2320 aut

21 2336 56 2355 νο
79 2325 334 2361 peccatissursum
356 2325 483 2353 admissis
506 2326 532 2352 in
556 2333 669 2360 corpora
686 2325 763 2361 quasi
782 2327 810 2354 in

19 2360 200 2397 ι’ὶςίιὲωιυη)Δ
210 2360 315 2387 demitti
326 2365 403 2397 ,__au_t
426 2365 623 2397 propterurccte
638 2360 703 2397 ante
723 2361 808 2397 vitam

19 2394 85 2426 ιεὲω
98 2416 108 2427 ,
128 2394 217 2422 variis
234 2402 265 2421 ac
281 2395 365 2421 variis
388 2395 415 2422 in
427 2394 611 2429 corporibus,
629 2396 745 2423 decretis
765 2396 810 2423 Dei

19 2429 208 2466 xsequendis
223 2437 321 2456 navare
333 2437 456 2466 operam.
473 2430 561 2457 Hocce
571 2430 734 2465 Origenismi
748 2438 811 2465 pro-

19 2465 171 2495 eli-ddum
187 2465 428 2492 cbaracteristicon
447 2465 583 2492 innumeri
600 2470 704 2492 veteres
719 2474 810 2493 recen-

22 2507 166 2535 m-csqne
183 2504 310 2526 auctores
331 2500 526 2534 impugnarunt
549 2508 556 2527 :
578 2501 697 2528 diximus
716 2505 743 2528 et
762 2509 811 2529 nos

19 2538 148 2565 mulam
173 2542 234 2571 cum
251 2535 335 2571 alibi,
361 2539 416 2562 tum
435 2536 574 2571 praecipue
596 2536 630 2562 ad
653 2536 811 2571 synodicam

19 2571 171 2609 pistolatn
196 2569 267 2609 inter
285 2569 510 2609 llicronymianars
524 2569 576 2609 D2,
593 2569 682 2609 quam
710 2571 812 2605 publici

19 2603 78 2635 iris
97 2605 232 2641 primum
241 2603 368 2641 fecimus,
377 2603 521 2639 quaqueOi
530 2603 661 2639 igeniame
676 2603 811 2633 hairescos

19 2639 117 2670 lacita
138 2639 198 2665 fere
213 2639 319 2673 singula
335 2640 564 2666 condemnamur.

37 2678 86 2713 (8)
113 2674 237 2713 Scheda:
266 2674 357 2701 Grabii
373 2680 399 2701 et
423 2674 810 2713 MacariusChrysocepbalus

19 2709 56 2741 .s'.
78 2713 168 2738 orat.
183 2709 193 2734 1
211 2710 236 2735 in
249 2714 338 2735 ortum
355 2711 442 2736 sancti
465 2709 596 2741 Joannis,
617 2711 672 2736 hinc
689 2709 815 2743 Origenis

19 2749 94 2775 artia
112 2743 234 2771 laudant
250 2753 256 2771 :
277 2743 382 2772 Ἔσται
397 2745 452 2778 γὰρ
464 2744 566 2779 μέγας.
589 2745 633 2770 Ἐν
650 2745 753 2776 τυύτθις
768 2745 815 2779 μὲ-

19 2783 92 2818 100;
121 2779 257 2818 étttpalvst
279 2779 478 2818 tqgﬂ’ltuduvou
499 2780 605 2814 ψυχῆς,
630 2780 675 2818 nati.
702 2780 814 2818 péyalto;

19 2828 44 2845 ιε
52 2816 192 2851 πὸμενον
208 2814 260 2841 ὑπὸ
274 2814 320 2841 τοῦ
334 2814 412 2843 Θ;οὖ.
427 2815 503 2841 Ἔστι
518 2817 571 2850 γάρ
591 2824 616 2841 τι
638 2815 750 2850 μέγεοῡς
763 2815 813 2850 Ἄξυ-

862 2255 951 2288 ὃῦτως
968 2256 1059 2283 ἀκούω
1073 2255 1119 2282 ’θ’οὖ
1141 2256 1169 2282 ὲν
1185 2255 1223 2290 τῷ
1245 2255 1403 2290 Εὑαγγελίῳ
1413 2264 1420 2270 ·
1436 2255 1485 2288 Μὴ
1507 2263 1653 2290 καταρρο-

864 2291 979 2325 νήσητε
996 2291 1064 2323 ἐνὸς
1079 2290 1137 2317 τῶν
1152 2289 1286 2324 σμικρῶν
1302 2289 1416 2317 manu»
1427 2291 1462 2317 ὲν
1475 2289 1516 2325 cii
1531 2290 1652 2325 Ἐκκλη-

864 2328 928 2360 ala.
938 2325 1042 2361 Μικρὸν
1051 2326 1105 2361 γὰρ
1121 2326 1179 2361 ἐκεῖ
1190 2325 1236 2351 τὸν
1252 2325 1370 2352 ἐναντίον
1440 2324 1653 2361 μεγάλῳᾉλέγει.

865 2359 926 2400 ξοέει
947 2361 975 2387 δὲ
990 2359 1009 2400 6_
1020 2359 1110 2400 τιρχῶν
1127 2360 1158 2400 ab
1177 2361 1272 2400 μιγιρός
1285 2361 1343 2386 ἐστι
1353 2359 1502 2400 κδῆληνέκ
1520 2359 1633 2400 “coxa-"0
1640 2372 1656 2394 ς

863 2395 901 2423 ἂν
913 2394 1104 2429 σκανδαλίσῃ
1124 2394 1181 2421 ἕνα
1195 2394 1254 2421 τῶν
1266 2394 1398 2429 σμικρῶν
1406 2394 1541 2421 ioc/tam.
1556 2395 1617 2429 Μέγ
1625 2404 1656 2426 ας

881 2431 916 2466 ἀρ
931 2431 960 2457 οὺ
977 2430 1180 2462 σκανδαλίζεται
1189 2438 1200 2466 ·ν
1214 2430 1300 2466 ἀλλ’γό
1317 2430 1402 2465 μέγας
1419 2430 1516 2466 παντὸς
1534 2430 1654 2466 σκανδᾱ-
1688 2454 1691 2457 ,

881 2439 916 2466 ap
931 2439 960 2457 ou
977 2439 1195 2462 σκανοαλιδεται·
1214 2439 1262 2456 au.
1287 2439 1300 2456 ο
1317 2439 1402 2465 μεγας
1419 2439 1516 2461 παντως
1534 2439 1651 2456 σκανοα-

862 2439 908 2492 ζου
927 2466 1058 2501 κρείττων
1075 2465 1215 2501 énl._Erit
1236 2465 1308 2501 cnim
1326 2473 1451 2497 magnus.
1471 2463 1505 2490 In
1524 2464 1651 2501 [θὶς-Δηια-

864 2499 1028 2536 gnittulinem
1040 2501 1135 2527 anima:
1142 2499 1255 2536 Joannis
1271 2501 1428 2536 ostendit,“
1442 2499 1649 2536 magnitudinem

863 2534 921 2570 qua:
931 2544 946 2562 α
959 2535 1144 2562 Deocernitur.
1154 2534 1201 2561 Est
1210 2535 1279 2561 enim
1293 2534 1382 2570 aliqua
1393 2534 1545 2570 magnitudo
1554 2535 1650 2570 attinnt:

863 2569 1004 2597 secundum
1018 2571 1181 2602 virtutcm,et
1193 2574 1230 2596 est
1243 2569 1332 2604 aliqua
1344 2571 1441 2597 (mian
1453 2569 1579 2604 paruitas.
1593 2569 1649 2604 ligo

863 2607 902 2636 sit?
914 2605 1014 2639 accipio
1030 2605 1099 2640 quod
1114 2605 1140 2630 in
1157 2603 1297 2640 Evangelia
1311 2605 1438 2638 scriptum
1459 2608 1497 2640 est
1509 2603 1650 2640 :ANecon-

864 2638 991 2675 temnatis
1008 2638 1091 2667 unum
1105 2648 1137 2667 ex
1153 2640 1195 2666 bis
1208 2638 1313 2675 pusillis
1327 2641 1372 2674 qui
1395 2643 1459 2666 sunt
1474 2639 1499 2665 iu
1516 2638 1647 2666 Ecclesia.

865 2674 999 2701 Pusillum
1015 2677 1084 2701 enim
1104 2675 1152 2701 ltoc
1171 2674 1227 2701 loco
1244 2675 1308 2701 dicit
1324 2682 1383 2701 eum
1402 2675 1446 2709 qui
1465 2681 1556 2708 magno
1570 2681 1650 2707 oppo-

865 2716 948 2736 mtnr.
961 2709 1039 2740 Quod
1055 2714 1207 2736 autemnon
1220 2709 1330 2744 quilibet
1346 2718 1442 2744 pun-us
1461 2709 1510 2741 sit,
1524 2709 1602 2743 liquet
1616 2715 1649 2735 ra;

865 2746 925 2771 liis:
941 2745 1102 2779 Quicunque
1125 2745 1348 2771 seandalizaverit
1367 2752 1450 2771 lllttlllt
1467 2752 1499 2770 ex
1521 2745 1562 2771 bis
1584 2751 1646 2777 pan-

866 2780 943 2806 vulis.
963 2780 1075 2813 Magnus
1088 2780 1157 2806 cnim
1171 2787 1222 2805 non
1235 2780 1451 2813 scandalizatur,
1465 2779 1508 2806 δαί
1527 2784 1563 2806 (ει
1578 2779 1653 2806 omni

865 2815 990 2842 scutulan
1007 2815 1135 2850 superior.
1152 2813 1260 2842 “usus.
