1839 3053
30 101 96 128 1817

632 100 666 128 ΙΝ
685 99 802 129 LUCAM
821 98 962 126 llOMlLlA
982 98 1038 126 VII.

1587 100 1656 129 iSl8

30 162 140 192 absens,
156 158 306 193 tribuitque
319 159 487 186 consortium
501 158 667 186 fortitudinis
680 166 736 186 sua:
751 157 813 184 huic
829 159 851 186 Α
866 157 954 192 infans
967 158 994 184 iu
1006 163 1079 184 utero
1095 157 1239 188 Elisubcth.
1255 161 1279 183 et
1302 157 1400 192 repleta
1418 162 1458 184 est
1477 158 1580 192 Spiritu
1591 167 1654 187 san,-

27 203 217 231 caatuinostro
231 208 313 238 atque
327 205 491 231 convcntui:
522 203 594 238 quod
615 209 644 231 ut
668 209 694 231 et
715 204 814 238 singuli

28 258 184 281 tnereamur
198 251 332 286 accipere,
352 252 530 286 deprecemur
552 251 696 278 Dominum
718 250 814 283 Deum,

12 324 13 327 η
29 296 68 323 cui
85 299 128 323 est
140 296 227 332 gloria
251 301 279 325 et
302 297 446 333 imperium
471 298 498 325 in
514 298 612 326 satcula
639 299 814 325 saeculorum.

30 340 122 369 Amen.

306 398 447 426 HOMILIA
477 399 531 428 VII.

25 454 63 482 De
75 462 105 481 eo
122 455 194 489 quod
205 455 333 489 scriptum
351 460 388 482 est
404 463 413 482 .'
430 465 439 481 ι
456 455 608 491 Exsurgens
623 462 710 482 autem
725 456 815 483 Maria

58 497 118 526 eum
134 491 306 526 festinatione
318 492 385 526 venit
399 491 425 517 in
438 496 590 522 montana,»
607 499 688 526 usque
704 493 737 518 ad
755 500 814 518 eum

56 525 145 562 locum
171 525 215 552 ubi
237 525 273 562 ait
289 533 299 553 :
329 534 338 550 ι
355 525 411 552 Erit
438 526 631 553 consummatio
652 535 741 553 eorum
756 535 815 562 quw

57 559 129 586 dicta
145 564 233 587 sunt.)
252 559 319 594 Cap.
336 568 357 587 ι.

57 615 185 643 Meliores
204 615 236 642 ad
253 616 405 644 deteriores
416 617 538 649 veniunt,
553 621 582 644 ut
593 617 633 644 eis
650 625 681 644 ex
695 617 811 644 adventu

24 668 74 689 suo
94 661 199 696 aliquid
230 662 351 689 tribuant
372 663 561 690 emolumenti.
581 663 627 690 Sic
640 668 666 691 et
688 663 813 691 Salvator

23 707 95 734 venit
117 707 152 734 ad
163 706 307 740 Joannem,
322 712 351 734 ut
369 709 552 736 sanctilicaret
567 709 700 743 baptisma
719 710 811 737 illius:

23 757 50 780 ct
74 752 159 780 Maria
180 753 269 780 statim
295 757 325 780 ut
350 753 453 780 audivit
477 754 601 788 angelum
628 755 810 788 nuntiantem,

23 798 92 832 quod
107 798 265 833 conceperit
281 798 447 826 Salvatorem
457 820 464 833 ,
480 804 508 826 et
521 799 594 834 quod
609 805 723 835 cognata
739 800 811 828 illius

867 208 918 233 cto,
933 208 956 230 et
970 204 1093 231 (laniat-it
1111 212 1170 230 vare
1185 211 1278 238 magna
1295 208 1319 229 ct
1337 203 1406 230 dixit
1422 212 1431 230 :

902 248 1042 275 Benedicta
1057 254 1083 275 tu
1099 250 1167 276 inter
1181 250 1310 275 mulieres.
1325 249 1458 276 Debemus
1476 250 1502 276 in
1518 250 1569 278 hoc
1581 251 1654 286 loco,

866 302 901 321 ne
915 295 1052 329 simplices
1069 295 1171 330 quique
1185 295 1366 329 decipiantur,
1383 303 1414 322 ea
1430 303 1490 329 qu:e
1504 296 1591 323 solent
1606 304 1655 330 0p-

865 347 966 374 ponere
982 341 1111 372 haeretici,
1127 340 1280 368 confutare.
1296 341 1323 367 ln
1338 345 1439 368 tantam
1453 341 1551 375 quippe
1565 342 1656 368 nescio

865 385 927 419 quis
943 386 1067 420 prorupit
1083 386 1230 417 insaniam,
1243 391 1270 412 ut
1283 391 1419 413 assereret
1432 391 1555 420 negatam
1572 386 1656 413 fuisse

865 431 977 458 Mariam
996 439 1011 458 a
1030 431 1181 463 Salvatore,
1197 439 1229 459 eo
1241 432 1313 466 quod
1328 437 1388 466 post
1401 431 1569 458 nativitatem
1584 432 1657 459 illius

864 477 959 513 juncta
976 477 1058 504 fuerit
1071 477 1126 513 (ἳο)
1139 477 1239 513 Joseph
1254 487 1261 504 :
1276 483 1302 505 et
1316 478 1425 505 locutus
1439 481 1495 510 est,
1510 485 1570 512 qum
1581 478 1655 513 quali

865 527 957 550 mente
982 522 1081 550 dixerit
1108 523 1166 557 ipse
1190 523 1296 550 noverit
1327 523 1374 558 qui
1405 523 1513 550 locutus
1541 527 1593 550 est.
1625 523 1654 550 Si

866 569 977 603 quando
991 569 1074 603 igitur
1090 569 1209 597 haeretici
1227 569 1304 596 vobis
1328 569 1381 596 tale
1403 569 1469 603 quid
1492 569 1654 603 objecerint,

866 614 1026 648 respondete
1040 615 1089 645 eis,
1106 619 1132 641 ct
1145 614 1227 642 dicite
1241 623 1247 640 :
1261 613 1341 641 Certe
1356 613 1458 649 Spiritu
1471 620 1564 642 saneto
1577 614 1653 648 plena

866 658 1004 686 Elisabeth
1020 659 1057 686 ait.
1071 667 1078 686 :
1094 659 1236 686 Benedicta
1248 664 1275 686 tu
1287 660 1355 687 inter
1368 659 1500 686 mulieres.
1518 659 1546 686 Si
1559 663 1654 687 sancto

865 703 968 738 Spiritu
982 704 1124 731 benedicta
1140 704 1247 731 canitur
1261 704 1355 735 Maria,
1370 705 1507 739 quomodo
1521 713 1580 732 eam
1594 705 1654 731 Sal-

863 753 942 777 valor
960 750 1088 784 negavit?
1103 749 1189 776 Porro
1209 751 1280 784 quod
1302 755 1428 778 asserunt
1444 758 1504 778 eam
1528 750 1654 785 nupsisse

864 801 925 830 post
941 799 1059 830 partum,
1073 796 1144 823 unde
1157 796 1307 831 approbent
1325 804 1379 823 non
1397 796 1507 823 habent.
1526 795 1558 823 lli
1578 796 1653 823 enim

24 843 160 872 Elisabcth
182 845 294 872 haberet
315 844 343 871 in
360 848 456 877 utero,
471 834 715 878 eonsurgensreum
734 846 809 874 l'esti-
827 834 848 861 Β
862 843 921 875 lilii,
939 842 985 877 qui
1010 841 1110 882 ιιοδοριι
1128 842 1300 874 dicebantur.
1321 849 1375 868 non
1390 847 1468 869 Erant
1483 842 1535 869 orti
1547 843 1580 869 de
1597 841 1653 868 Mn-

24 889 132 917 natione
146 890 223 918 venit
240 890 267 917 in
292 895 434 923 montana,
448 895 475 918 et
496 891 618 925 ingressa
635 896 676 919 est
697 892 808 919 domum

24 934 171 963 Elisabcth.
187 935 267 964 Jesus
287 943 361 968 vero,
380 936 428 971 qui
450 936 477 963 in
504 941 582 963 utero
595 937 668 964 illius
682 942 750 970 erat,
770 937 810 965 le-

23 980 140 1009 stinabat
163 981 253 1008 adhuc
275 981 301 1008 in
318 986 411 1009 ventre
427 982 522 1009 matris
543 980 674 1009 Joannem
691 982 809 1017 positum

24 1027 202 1054 sanetilicare.
227 1027 348 1063 Denique
372 1033 517 1063 antequam
541 1029 645 1056 veniret
667 1028 751 1056 Maria
784 1033 810 1056 ct

23 1072 152 1101 salutaret
167 1073 317 1107 Elisabctb,
335 1083 388 1102 non
402 1075 548 1102 exsultavit
563 1074 653 1102 infans
669 1075 695 1102 in
712 1079 807 1102 utero:

23 1119 67 1145 sed
84 1120 177 1146 statim
192 1124 222 1147 ut
235 1120 320 1148 Maria
336 1121 425 1148 locuta
441 1127 483 1148 est
496 1121 619 1153 verbum,
637 1122 710 1156 quod
724 1121 810 1150 Filius

25 1164 68 1192 Dei
83 1164 109 1191 in
126 1170 222 1192 ventre
245 1166 339 1193 matris
360 1171 542 1202 suggesserat,
558 1167 704 1194 exsultavit
719 1167 810 1196 infans

23 1208 48 1238 in
62 1210 169 1244 gaudio,
184 1215 211 1238 et
227 1215 290 1237 tunc
306 1210 424 1245 primum
438 1218 633 1245 prazeursorem
651 1219 730 1238 suum
748 1219 810 1245 pro-

24 1255 129 1290 phetam
144 1255 208 1282 fecit
220 1255 310 1284 vans.
331 1256 478 1291 Oportebat
493 1264 601 1292 quoque
617 1256 729 1283 Mariam
746 1265 808 1284 cum

24 1299 69 1327 Dei
85 1302 160 1335 prole
176 1301 348 1337 dignissima.
363 1306 424 1336 post
443 1302 592 1336 alloquium
610 1301 667 1335 Dei,
683 1302 715 1329 ad
731 1310 809 1329 ιιιυιι-

24 1349 83 1372 tana
98 1347 281 1374 conscendere
292 1368 298 1380 ,
318 1352 345 1374 et
361 1348 388 1374 in
412 1347 617 1375 sublimioribus
632 1348 806 1376 commorari.

26 1389 98 1419 Unde
109 1396 138 1420 et
149 1393 282 1428 scriptum
297 1397 340 1421 est
354 1401 360 1419 :
376 1393 541 1428 Consurgcns
560 1393 649 1420 Maria
673 1394 699 1420 in
717 1394 807 1421 diebus

23 1437 84 1469 illis,
103 1439 170 1465 venit
192 1447 220 1466 in
238 1445 374 1466 montana.
393 1439 527 1467 Debuerat
550 1441 642 1473 etiam,
660 1448 722 1468 eum
735 1445 808 1468 esset

23 1483 144 1517 sollicita,
162 1493 216 1512 non
232 1486 318 1520 pigra,
332 1493 476 1520 properare
488 1487 681 1520 sollicitudine,
700 1492 725 1514 cl
744 1487 806 1521 Spi-
821 1502 842 1529 ο

24 1530 72 1557 ritu
86 1536 181 1559 saneto
198 1532 276 1566 plena
298 1533 330 1558 ad
350 1532 510 1560 sublimiora
527 1530 650 1568 perduci,
666 1538 694 1560 et
707 1534 807 1561 virtute

23 1574 67 1602 Dei
82 1577 196 1612 protegi,
213 1585 228 1604 ει
243 1585 295 1612 qua
312 1577 399 1604 luerat
415 1577 586 1606 obumbrata.
610 1578 683 1606 Venit
699 1587 760 1613 ergo
780 1579 807 1606 in

22 1620 149 1649 Cirttatem
168 1622 258 1654 ⁸ςἰιιιιιι,
272 1628 296 1650 et
313 1623 340 1650 in
355 1624 461 1650 (tantum
475 1623 624 1656 lac/mrito,
639 1629 664 1651 et
680 1624 805 1652 salutarit

23 1666 165 1696 Elisabetli.
197 1668 309 1695 Factum
333 1673 372 1695 est
396 1677 455 1696 tum
481 1670 597 1696 audisset
618 1670 806 1697 salutationem

24 1712 114 1740 Maria:
129 1714 275 1745 Elisabctli,
289 1715 430 1742 exsultavit
446 1716 534 1750 infans
557 1717 583 1743 in
607 1721 680 1743 utero
697 1716 766 1750 ejus,
781 1721 806 1744 et

23 1758 115 1792 repleta
131 1765 169 1786 est
188 1760 288 1794 Spiritu
315 1766 417 1788 sancto.
441 1760 500 1789 Non
523 1767 566 1789 cst
587 1762 678 1796 itaque
692 1763 805 1790 dubiqu

22 1803 83 1836 quin
99 1812 160 1839 qua:
186 1811 251 1833 tunc
265 1806 366 1841 repleta
388 1810 430 1833 est
449 1806 551 1841 Spiritu
571 1812 678 1840 sancto,
696 1813 806 1842 propter

22 1848 102 1876 lilium
120 1851 156 1878 sit
180 1851 292 1886 repleta.
312 1851 405 1886 Neque
421 1851 494 1879 enim
512 1857 598 1879 mater
613 1853 730 1888 primum
746 1853 807 1888 Spi-

22 1893 99 1921 ritum
125 1901 250 1924 sanctnm
275 1897 384 1928 meruit,
415 1898 462 1925 sed
490 1906 551 1925 ctnn
575 1898 695 1927 Joannes
718 1901 807 1928 adhuc

22 1938 128 1968 clausus
144 1942 170 1968 in
190 1946 268 1969 utero
285 1941 415 1976 Spiritum
431 1948 554 1971 sanctum
570 1945 724 1980 recepisset,
742 1951 807 1974 tunc

21 1988 46 2010 ct
60 1985 102 2012 illa
120 1993 182 2021 post
196 1988 439 2016 sanetilicationem
463 1990 510 2016 lilii
525 1990 626 2024 repleta
644 1997 685 2019 est
702 1991 806 2026 Spiritu

21 2035 120 2057 sancto.
136 2031 244 2059 Poteris
256 2033 307 2059 hoc
324 2033 445 2065 credere,
457 2035 479 2061 si
493 2035 583 2062 simile
595 2036 659 2070 quid
673 2037 755 2063 etiam
772 2038 805 2065 de

22 2071 157 2105 Salvatore
177 2078 348 2112 cognoveris.
366 2077 448 2113 940
465 2079 600 2106 Invenitur
618 2080 695 2107 beata
709 2081 805 2115 Maria,

22 2119 89 2147 sicut
113 2122 139 2149 in
165 2123 314 2157 aliquantis
337 2124 538 2158 exemplaribus
555 2125 611 2160 (l9)
635 2126 804 2160 reperimus.

862 889 914 920 ria,
930 896 1017 922 neque
1029 892 1070 915 est
1082 888 1135 915 ulla
1155 887 1293 922 Scriptura
1307 897 1367 922 qua:
1380 888 1431 915 ista
1444 891 1651 915 commemoret.

861 934 1001 962 Benedicta
1025 938 1053 960 tu
1079 934 1150 960 inter
1176 934 1314 966 mulieres,
1337 938 1362 960 et
1385 933 1533 960 benedictus
1549 934 1652 968 fructus

861 980 956 1007 ventris
968 979 1016 1006 tui.
1032 978 1066 1005 Et
1082 979 1149 1006 unde
1160 979 1226 1005 mihi
1236 979 1295 1010 Itoc,
1307 984 1335 1005 ut
1351 979 1435 1006 veniat
1447 978 1534 1006 Mater
1547 979 1652 1006 Domini

860 1026 909 1052 mei
923 1026 956 1052 ad
971 1026 1031 1052 me?
1044 1025 1120 1058 Quod
1136 1025 1174 1052 ait
1192 1034 1198 1053 :
1216 1024 1290 1052 Unde
1302 1026 1366 1052 milii
1382 1025 1440 1055 hoc.
1454 1033 1508 1052 non
1524 1025 1652 1060 ignorans

859 1072 924 1100 dicit
940 1080 946 1098 :
960 1076 987 1099 et
1001 1073 1118 1100 niaxime
1132 1071 1234 1107 Spiritu
1248 1077 1344 1100 sancto
1355 1072 1444 1107 plena,
1455 1072 1534 1106 quasi
1549 1073 1652 1099 nesciat

859 1118 931 1154 quod
943 1118 1021 1152 juxta
1036 1118 1081 1145 Dei
1093 1119 1260 1146 voluntatem
1276 1117 1361 1145 Mater
1374 1118 1481 1144 Domini
1499 1122 1602 1145 vencnt
1617 1117 1652 1144 ad

859 1171 918 1191 eam
932 1173 939 1197 ;
957 1164 1003 1192 sed
1021 1164 1072 1191 isto
1087 1172 1169 1192 sensu
1186 1165 1306 1199 loquitur
1321 1163 1410 1197 :Quid
1428 1164 1491 1191 boni
1504 1164 1574 1191 feci?
1590 1172 1651 1198 qua:

859 1217 940 1244 opera
958 1218 1016 1236 mea
1035 1214 1108 1236 tanta
1124 1214 1198 1240 sunt,
1218 1215 1244 1237 ut
1262 1209 1345 1237 Mater
1361 1210 1467 1237 Domitii
1489 1211 1523 1237 ad
1546 1218 1590 1237 me
1606 1218 1652 1237 vc-

859 1255 936 1282 niat?
953 1263 1092 1290 perquam
1107 1256 1253 1290 justitiam,
1270 1263 1302 1283 ex
1319 1256 1419 1290 quibus
1442 1256 1531 1289 bouis,
1547 1257 1580 1283 de
1595 1264 1650 1291 qua

859 1301 988 1328 lidelitate
1004 1302 1102 1329 mentis
1127 1302 1178 1329 hoc
1194 1302 1298 1333 merui,
1322 1307 1350 1328 ut
1369 1301 1453 1328 Mater
1472 1301 1579 1328 Domini
1597 1302 1650 1329 mei

859 1347 948 1374 veniat
965 1347 998 1374 ad
1016 1347 1076 1374 me?
1092 1346 1158 1374 Ecce
1174 1349 1242 1374 enim
1260 1353 1288 1374 nt
1302 1348 1376 1382 facta
1399 1353 1435 1374 est
1460 1347 1586 1374 salutatio
1604 1353 1650 1374 tua

858 1394 886 1420 in
904 1401 980 1420 aures
998 1401 1078 1425 meas,
1097 1393 1240 1420 exsultavit
1265 1393 1292 1420 iu
1314 1393 1490 1420 exsultaﬁonc
1516 1393 1604 1426 infans
1621 1392 1650 1419 in

859 1445 932 1466 utero
948 1448 1015 1467 meo.
1033 1439 1131 1466 Sancta
1151 1443 1209 1466 erat
1229 1439 1320 1466 anima
1337 1439 1406 1466 beati
1420 1437 1544 1470 Joannis,
1559 1442 1585 1464 et
1601 1437 1649 1464 ad-

860 1485 912 1512 huc
927 1485 953 1511 in
972 1485 1067 1511 matris
1078 1490 1155 1512 utero
1166 1485 1268 1517 clausa,
1280 1490 1449 1520 venturaque
1464 1486 1490 1512 iu
1505 1485 1650 1517 mundum,

860 1531 938 1566 quasi
965 1539 1012 1566 per
1032 1531 1205 1566 experientiae
1224 1539 1354 1564 sensum,
1371 1532 1473 1558 sciebat
1488 1531 1649 1565 quav'lsvael

860 1577 1014 1613 ignorabat.
1031 1576 1107 1604 Unde
1121 1577 1239 1604 cxsilivit
1254 1585 1260 1603 :
1281 1582 1308 1604 et
1325 1585 1378 1603 non
1398 1577 1558 1612 simpliciter
1575 1577 1649 1603 essi—

860 1623 929 1655 livit,
948 1624 994 1651 sed
1015 1623 1042 1650 in
1062 1624 1172 1659 gaudio.
1191 1623 1320 1650 Senserat
1337 1623 1409 1650 enim
1433 1623 1539 1650 venisse
1556 1622 1648 1648 Dolui-

861 1677 925 1695 nuut
939 1677 1029 1700 suum,
1043 1674 1072 1696 ut
1082 1669 1263 1696 sanetiticaret
1276 1676 1384 1695 servum
1398 1675 1488 1700 suum,
1502 1673 1647 1703 antequam

860 1715 893 1741 de
911 1715 1007 1741 matris
1024 1719 1101 1741 utero
1123 1705 1290 1748 procederet.
1315 1713 1423 1741 Utinam
1441 1714 1507 1740 mibi
1529 1714 1646 1746 eveniat,

860 1763 890 1786 ut
906 1760 940 1786 ab
962 1759 1116 1787 inlidelibus
1133 1760 1233 1787 stultus
1249 1760 1334 1792 dicar,
1356 1759 1403 1794 qui
1421 1759 1520 1786 talibus
1533 1759 1645 1785 creJidi.

860 1804 950 1840 Ipsum
970 1813 1038 1840 opus
1063 1805 1179 1832 ostendit
1204 1811 1230 1832 et
1251 1806 1361 1839 veritas,
1376 1813 1430 1831 ιιιιιι
1451 1795 1501 1832 me’
1513 1805 1646 1837 stultitim,

860 1853 905 1880 sed
924 1852 1064 1887 sapientia:
1079 1852 1245 1884 credidisse;
1259 1852 1359 1886 ctquia
1379 1852 1429 1878 hoc
1445 1851 1516 1886 quod
1532 1853 1647 1878 stultum

861 1900 931 1934 apud
958 1899 1019 1926 illos
1042 1903 1162 1933 putatur,
1181 1898 1244 1924 mihi
1270 1897 1364 1924 salutis
1387 1898 1495 1924 occasio
1521 1898 1565 1924 sit.
1589 1896 1647 1925 Nisi

859 1945 932 1972 enim
950 1944 1046 1971 fuisset
1063 1943 1182 1971 cwlcstis
1204 1947 1229 1969 et
1243 1942 1318 1969 beata
1342 1943 1469 1969 uativitas
1485 1942 1647 1977 Salvaturis,

860 1990 911 2017 uisi
925 1990 1066 2018 habuisset
1079 1989 1164 2016 divini
1179 1989 1291 2022 aliquid,
1303 1994 1328 2015 et
1344 1989 1539 2016 humanitatem
1557 1989 1644 2016 homi-

860 2043 925 2062 num
938 2035 1180 2070 supercgredicns,
1195 2042 1334 2068 nunquam
1352 2039 1437 2062 totum
1463 2035 1555 2062 orbem
1573 2035 1648 2062 illius

859 2083 982 2110 doctrina
997 2086 1172 2117 penetrasset.
1191 2081 1219 2108 Si
1237 2082 1424 2108 tantummodo
1437 2081 1532 2108 [uisset
1548 2082 1574 2108 in
1589 2081 1646 2107 Ma-

859 2129 906 2156 ria:
921 2135 1010 2162 utero,
1025 2134 1052 2156 et
1070 2137 1123 2156 non
1138 2129 1184 2157 Dei
1197 2129 1293 2171 Filius,
1310 2130 1447 2164 quomodo
1460 2134 1565 2163 poterat
1576 2129 1646 2162 licri,

22 2167 188 2200 prophetare.
214 2168 272 2198 Non
293 2169 365 2197 enim
384 2170 551 2204 ignoramus,
568 2171 639 2205 quod
655 2173 804 2200 secundant
820 2178 845 2207 ι)
861 2179 930 2201 utet
953 2174 1000 2202 illo
1018 2180 1139 2209 tempore
1164 2180 1190 2202 et
1210 2167 1293 2208 nunc,
1312 2183 1365 2204 non
1382 2176 1469 2203 solum
1487 2184 1645 2210 corporum,

20 2210 85 2239 alios
107 2214 217 2242 codiu-s.
236 2219 263 2241 ct
287 2215 344 2243 htee
367 2215 447 2242 verba
466 2215 603 2244 Elisabeth
628 2217 800 2247 vatieiuetur.

21 2255 118 2291 Spiritu
136 2260 227 2294 itaque
239 2266 334 2288 sancto
346 2267 410 2289 tunc
425 2263 523 2296 repleta
534 2267 576 2290 est
587 2262 681 2297 Maria,
693 2266 803 2299 quando

20 2303 98 2337 ccepit
114 2305 140 2332 in
160 2310 238 2332 utero
255 2306 354 2333 habere
370 2307 548 2336 Salvatorem.
573 2309 670 2338 Statim
687 2313 758 2339 enim
775 2317 804 2341 ut

21 2345 147 2382 Spiritum
161 2356 286 2379 sanetum
309 2353 428 2387 accepit,
446 2352 577 2381 Dominici
600 2357 722 2391 corporis
738 2367 804 2385 con--

19 2392 140 2428 (litorem,
162 2402 190 2424 et
214 2397 300 2426 Filius
325 2397 371 2424 Dei
389 2406 449 2426 esse
463 2399 544 2433 etrapit
562 2400 587 2426 in
612 2406 700 2432 utero,
721 2404 801 2431 etiant

21 2436 75 2473 ipsa
93 2442 228 2477 completa
247 2448 289 2471 est
307 2443 408 2478 Spiritu
434 2449 540 2472 sancto.
562 2445 713 2475 Exsultavit
737 2457 807 2484 ergo

54 2547 220 2589 (Ii9.)_‘lnnu_il
232 2571 240 2584 ,
265 2551 384 2589 opinor,
400 2552 481 2579 verba
501 2553 699 2589 subsequentis
719 2558 805 2585 versi-

21 2581 71 2621 f‘ll'b
93 2584 144 2616 i5,
161 2586 208 2611 καὶ
226 2581 349 2622 ῥᾳκὰρία
412 2588 580 2615 πιστεύσασα
590 2581 653 2616 δ’δὲι

22 2620 137 2661 iuvate,
152 2625 205 2646 etc.
230 2620 263 2646 Et
277 2620 351 2661 ligula
368 2620 426 2657 qua:
438 2624 593 2661 credidisti,
608 2627 731 2659 quoniam
745 2636 804 2661 pcr-

23 2650 139 2692 ﬁt’ientur
159 2663 190 2692 ea
209 2663 266 2692 qua;
284 2656 356 2682 dicta
374 2650 437 2683 'suut
456 2659 503 2684 tibi
519 2667 534 2684 a
550 2650 678 2692 Dtlnlt'no,

22 2690 128 2729 iurantis
149 2690 191 2716 sui
212 2690 497 2729 aevi”exemplaribus
513 2701 544 2719 ex
566 2693 656 2721 Maria:
672 2690 805 2729 Virginis,

23 2725 150 2765 persona,
172 2732 225 2765 non
243 2723 380 2765 Elisabetb
394 2727 456 2753 diei.
476 2727 554 2755 Nulla
569 2737 632 2756 vero
646 2739 718 2757 nunc
730 2723 801 2765 “ejus

23 2752 214 2795 lectionisaola
230 2765 276 2786 aut
289 2752 433 2795 vestigium
440 2752 577 2795 supini-SI.

57 2791 111 2826 (2’0)
131 2793 205 2821 uane
220 2800 313 2829 postea
333 2791 456 2824 hil-iesitn
472 2791 608 2826 {ltiti'lius
627 2800 799 2834 instauravit,

857 2221 905 2248 sed
921 2221 1003 2248 etiam
1016 2221 1169 2249 animarum
1186 2222 1274 2250 morbi
1288 2223 1451 2257 multiplices
1466 2223 1647 2251 curarentth

857 2266 925 2298 Quis
942 2272 1065 2293 nostrum
1082 2274 1134 2293 non
1152 2268 1283 2302 insipiens
1302 2268 1363 2301 I'uit,
1380 2269 1426 2303 qui
1443 2277 1515 2296 nune
1536 2274 1646 2303 propter

857 2311 1072 2339 misericordiam
1099 2311 1146 2339 Dei
1164 2313 1296 2341 habemus
1314 2314 1530 2349 intelligentiam,
1548 2315 1645 2342 etsili-

858 2365 920 2384 mus
936 2357 1039 2385 Deum?
1054 2358 1122 2392 Quis
1138 2364 1260 2386 nostrum
1283 2367 1336 2387 non
1353 2360 1508 2387 incredulus
1521 2361 1647 2395 justitia‘,

858 2404 904 2437 qui
922 2412 994 2430 mute
1011 2401 1120 2440 propter
1135 2405 1274 2433 Christum
1287 2406 1421 2440 justitiam
1442 2406 1585 2439 habemus,
1601 2415 1644 2434 sc-

857 2450 1022 2485 quimurque
1033 2451 1182 2478 iustitiam?-
1192 2452 1259 2486 Quis
1271 2456 1394 2479 nostrqu
1406 2461 1459 2480 non
1472 2454 1647 2481 errabundus

858 2559 1079 2597 hancqueipsam
1094 2568 1149 2597 prae
1160 2561 1273 2597 reliquis
1281 2569 1392 2589 causam
1407 2562 1643 2597 prmtexuit,quod

857 2595 952 2628 fratres
978 2595 1083 2622 Domini
1111 2596 1138 2631 in
1165 2595 1312 2630 Eva’ttgelio
1336 2595 1519 2624 nominentur.
1548 2595 1644 2631 Opera:

858 2630 973 2662 pretium
1001 2631 1036 2657 sit
1062 2631 1091 2657 S.
1117 2630 1270 2666 Hieronjmi
1302 2639 1362 2658 vere
1384 2640 1496 2658 aureum
1522 2633 1646 2660 ΙιιιιλΙΙιιιιι

855 2669 950 2691 contra
975 2665 1047 2692 hunc
1068 2665 1224 2693 luere-ticum
1241 2667 1398 2693 recoluissc.
1423 2667 1482 2693 Mox
1502 2668 1643 2701 perturba—

855 2703 912 2725 tum
929 2705 1085 2726 contu-stum
1103 2709 1152 2727 nos
1172 2701 1351 2732 restituimus,
1373 2710 1434 2728 cum
1459 2708 1521 2729 ante
1537 2702 1642 2735 legere-

854 2737 899 2760 tur
915 2743 919 2759 :
939 2735 1013 2770 quali
1033 2740 1115 2762 triente
1130 2736 1243 2770 dixerit,
1259 2738 1319 2772 qui,
1337 2737 1390 2772 ipse
1404 2739 1502 2764 noverit
1513 2757 1520 2769 ,
1538 2738 1644 2764 lutatus

854 2774 900 2795 t'.\l.
