1879 3046
24 104 54 132 lGl
660 107 761 134 LIBER
780 106 942 135 TERTIVS.

1564 115 1615 142 f6!

24 162 224 192 usuavissimum
241 161 319 189 ferat.
337 162 438 190 Omnes
451 163 534 199 igitur
548 164 674 192 homines
689 165 768 192 arbo-
786 169 806 196 Α
823 166 913 192 cibum
924 185 931 197 ,
945 163 995 193 scil
1012 170 1039 193 et
1059 173 1157 193 omnes
1178 167 1290 195 delicias
1305 177 1312 195 :
1330 173 1357 195 et
1380 176 1427 204 per
1443 178 1474 197 ca
1496 179 1615 200 maxime.

24 217 51 235 res
66 208 183 234 dicuntur
205 208 265 235 sive
280 207 368 240 home,
390 209 447 235 sive
462 209 551 240 malae,
571 213 597 236 et
614 209 772 242 fructuoszc,

24 253 244 282 r-ireiufrnctuoste.
258 254 329 281 sicut
339 259 366 281 et
381 254 513 281 Dominus
525 254 551 281 in
566 254 713 290 Evangelia
730 256 772 282 di-

24 300 44 326 ‘jt
57 308 62 325 :
76 298 121 324 Aut
133 298 209 332 facile
225 299 344 326 arborem
360 300 466 332 bonam,
484 306 509 326 et
527 300 644 334 fructum
658 301 716 336 ejus
728 302 774 328 bo—

24 353 80 377 um;
100 349 142 371 aut
165 344 243 378 facile
263 345 383 372 arborem
403 345 513 375 mutam.
538 351 562 373 et
581 347 697 380 fructum
716 348 772 382 ejus

24 390 141 423 nulum";
161 393 206 418 et:
225 390 317 417 Omnis
334 391 415 418 arbor
429 399 488 426 qua:
509 400 559 419 non
574 392 639 426 facit
655 393 772 427 fructum

24 436 100 466 ianum,
113 435 252 469 excidatur,
268 440 292 463 et
306 436 334 462 in
348 437 433 471 ignem
451 437 570 464 mittetur
580 438 614 465 ⁵³.
629 437 695 466 Tres
708 447 772 474 ergo

24 481 146 508 liﬁerentiaa
157 481 182 508 in
197 481 355 509 hominibus
367 482 494 510 videnlur
506 491 576 511 esse.
589 483 706 517 Quidam
722 485 772 519 qui

24 527 105 553 mnino
123 527 221 554 nullum
243 527 363 554 fructum
384 527 516 561 aderunt,
534 533 561 556 et
579 537 643 557 ecce
660 530 707 556 alii
724 531 770 565 qui

24 572 115 599 tﬂerunt.
131 573 180 600 Sed
200 573 227 599 in
241 573 284 600 his
295 572 341 607 qui
354 572 472 600 afferunt
492 579 540 601 aut
557 575 620 601 mali
635 580 700 602 sunt
713 575 771 602 fru-

24 624 69 650 ειυς,
93 624 135 646 aut
158 619 230 646 boni.
258 619 307 647 ilic
329 627 394 654 ergo
416 628 529 655 sponsa,
549 621 575 647 id
593 625 635 649 est
649 621 770 649 Ecclesia

24 664 105 696 Sluisti,
116 664 267 692 conﬁrmari
283 672 313 692 se
329 665 460 699 pOStulat,
476 670 502 692 et
516 665 643 693 reclinari
660 667 770 701 quidem

24 717 79 744 super
88 718 160 737 unam
172 711 297 738 arborem
310 711 417 737 meliam
432 711 591 739 affet-cutem
607 712 714 741 fructus
726 714 772 741 bo-

24 763 70 782 tos:
87 760 110 782 et
119 760 185 783 recte
198 764 231 783 ac
244 760 442 790 competenter.
461 757 549 792 Super
563 758 606 785 his
619 759 692 786 enim
704 767 770 787 con-

24 802 115 827 irmatur
128 805 152 828 et
166 802 283 837 stipatur
294 802 426 836 Ecclesia,
439 805 485 839 qui
500 805 527 831 in
547 804 627 832 hortis
640 805 769 840 operibus

24 846 151 874 'rucﬁﬁcant
168 853 193 875 et
212 853 352 876 crescunt.
377 850 448 883 Quid
470 854 559 878 autem
584 855 626 878 est
640 851 714 886 quod
741 851 768 878 in

24 893 118 927 myrrltis,
132 893 307 922 iniructuosis
322 896 425 923 scilicet
446 897 590 924 arboribus
611 897 769 925 conﬁrmari

24 939 58 965 tu!t
78 939 150 967 odore
164 941 221 967 solo
235 941 437 976 gaudentibus?
456 941 513 978 Ego
526 947 592 978 puto
605 943 678 978 quod
701 944 768 971 istos

24 984 51 1017 pii
62 985 110 1011 solo
123 984 202 1012 odore
213 986 342 1020 gaudent,
359 991 386 1014 et
400 988 515 1015 necdum
532 988 637 1016 fructus
651 988 712 1016 fidei
725 988 755 1016 af
757 1004 768 1010 -

24 1028 94 1063 erunt,
110 1031 163 1059 illos
177 1032 249 1060 dicat
264 1041 335 1068 quos
349 1033 449 1061 Pattlus
466 1034 500 1061 ad
517 1034 677 1062 Corinthios
698 1036 767 1063 scri-

24 1081 74 1106 bens,
87 1076 161 1104 dicit:
176 1076 228 1110 Qui
243 1078 366 1106 intocant
381 1088 474 1106 nomen
489 1079 595 1107 Domini
607 1082 692 1108 nostri
703 1080 768 1108 Iesu

24 1118 92 1147 Christi
106 1121 130 1148 in
147 1123 214 1150 οηιηὶ
229 1123 288 1150 loco
302 1125 418 1158 ipsorum
434 1130 459 1152 et
476 1130 595 1153 nostrum
611 1126 646 1154 “.
664 1126 719 1154 Pro
736 1134 769 1154 eo

24 1172 64 1200 λινςο
86 1168 148 1201 quod
172 1169 301 1196 invocant
325 1178 425 1198 nomen
452 1170 560 1198 Domini
588 1173 674 1200 nostri
703 1172 768 1200 Jesu

24 1209 109 1245 Eluisti,
125 1213 219 1240 habent
232 1214 260 1241 in
282 1215 435 1250 semetipsis
457 1216 551 1243 odoris
566 1217 713 1251 quamdam
736 1225 769 1244 ex

24 1263 59 1289 ipsa
83 1257 241 1286 invocatione
273 1260 393 1287 nominis
425 1262 599 1289 suavitatem.
632 1263 686 1290 Pro
716 1263 771 1298 78

24 1306 42 1327 to
54 1308 104 1329 vero
117 1303 183 1338 quod
196 1312 250 1332 non
264 1312 327 1333 cum
344 1306 420 1332 omni
433 1305 532 1333 ﬁducia
545 1311 572 1333 ct
585 1306 710 1334 libertate
722 1315 769 1335 ac-

24 1345 93 1374 tedunt
109 1348 138 1375 ad
153 1348 242 1382 ﬁdem,
262 1350 354 1377 nullos
374 1351 436 1378 ﬁdei
459 1351 577 1379 aﬁ‘erunt
601 1351 718 1381 fructus.
740 1352 770 1380 In

24 1391 61 1420 loco
77 1393 120 1421 hoc
133 1402 275 1429 possumus
292 1403 342 1423 nos
356 1397 568 1425 catechumenos
587 1397 717 1426 Ecclesiae
730 1398 770 1426 in.

24 1438 119 1472 ltiligere,
138 1449 215 1476 super
232 1450 304 1477 quos
317 1451 350 1471 ex
366 1449 443 1479 parte
467 1443 558 1479 aliqua
571 1444 771 1472 confirmantur

24 1481 124 1513 Fcclesizc.
140 1487 239 1515 Habent
252 1489 326 1516 enim
340 1495 367 1517 et
389 1489 416 1517 in
433 1490 500 1525 ipsis
517 1497 570 1517 non
587 1497 684 1525 parum
697 1490 769 1517 fidu-

24 1530 84 1558 deet
94 1533 143 1567 spei
160 1535 318 1569 plurimum,
338 1536 411 1571 quod
424 1540 452 1563 ct
473 1535 523 1570 ipsi
537 1537 604 1563 tiaut
618 1536 768 1571 aliquando

24 1576 104 1605 arbores
117 1578 256 1608 fructiferae
273 1586 301 1608 et
314 1582 472 1617 plantcntur
485 1582 511 1608 in
531 1582 658 1616 paradiso
669 1581 717 1609 Dei
733 1582 768 1609 ab

24 1622 62 1656 ipso
71 1625 174 1659 agricola
189 1626 278 1655 Patre.
292 1629 352 1663 Ipse
365 1628 437 1655 enim
450 1628 546 1663 estqui
561 1627 662 1663 plantat
673 1628 770 1663 hujus-

24 1669 70 1695 ωοάί
82 1670 181 1699 arbores
192 1673 218 1699 in
233 1673 357 1701 Ecclesia
370 1673 484 1704 Christi,
499 1681 560 1708 qua
571 1677 613 1700 est
624 1673 768 1708 paradisus

24 1713 143 1744 deliciarum
157 1727 164 1745 :
186 1719 255 1746 sicut
270 1724 298 1746 et
314 1719 446 1746 Dominus
460 1719 527 1746 dicit
543 1728 551 1746 :
580 1719 674 1746 Omnis
691 1719 768 1754 plan-

24 1760 67 1786 latio
77 1770 143 1795 quam
154 1772 202 1790 non
216 1765 348 1799 plantavit
364 1764 445 1791 Pater
459 1773 530 1791 meus
544 1764 667 1797 caelestis,
682 1764 769 1791 eradi-

24 1805 135 1835 tatttnr".
149 1809 267 1845 Stipatur
282 1818 349 1845 ergo
369 1810 489 1838 Ecclesia
502 1815 528 1837 et
543 1811 613 1837 inter
629 1810 725 1838 melius
741 1815 767 1838 et

24 1858 80 1885 Hiber
100 1854 163 1889 ipsas
186 1856 341 1891 requiescit.
367 1856 433 1890 Qum
456 1856 542 1883 melize
565 1856 618 1883 illa:
641 1856 768 1890 putanda:

24 1901 160 1929 utntanimaz
174 1911 233 1938 qua:
251 1902 374 1938 quotidie
387 1903 550 1930 innovantur
567 1902 600 1929 ad
622 1902 767 1936 imaginem

24 1943 63 1976 Blus
79 1946 118 1980 qui
132 1949 228 1976 creavit
240 1956 298 1976 cas.
315 1948 384 1981 Quia
405 1948 477 1975 enim
494 1955 542 1983 per
562 1948 767 1975 innovationem

24 1989 51 2015 tui
63 1990 187 2026 imaginem
203 1998 332 2028 reparant
347 1993 394 2020 ﬁlii
415 1993 473 2026 Dei,
492 1994 589 2021 merito
608 1998 636 2021 et
648 1994 713 2028 ipsa:
725 2001 768 2021 ar-

24 2033 166 2066 boresmelize
179 2040 359 2074 appellantur,
379 2039 443 2074 quia
465 2044 492 2066 et
508 2040 566 2075 ipse
586 2047 706 2074 sponsus
720 2047 768 2067 ea-

24 2086 65 2107 rum
79 2083 101 2109 in
122 2085 303 2119 superioribus
325 2085 415 2112 dictus
430 2090 483 2117 est,
498 2085 570 2113 sicut
584 2086 667 2112 arbor
686 2085 768 2112 melia

24 2130 65 2151 esse
77 2127 100 2154 in
111 2128 185 2164 lignis
199 2131 284 2157 silvas.
301 2129 335 2157 Et
349 2138 384 2158 ne
401 2130 509 2158 mireris
526 2131 549 2158 si
566 2131 636 2158 idem
662 2131 722 2165 ipse
741 2135 768 2158 et

825 211 963 243 discurrit,
985 212 1048 238 dum
1075 219 1104 239 sc
1127 212 1296 240 vulneratam
1324 215 1408 241 sentit
1431 223 1492 243 esse
1515 217 1614 251 jaculis

825 256 976 283 cluat-italis.
996 255 1023 282 Si
1044 257 1107 291 quis
1124 265 1239 291 usquam
1253 263 1295 285 est
1309 259 1355 293 qui
1371 259 1441 286 ﬁdeli
1456 260 1508 286 hoc
1521 268 1615 288 amore

824 300 898 327 verbi
922 299 968 326 Dei
986 301 1054 328 arsit
1069 301 1228 336 aliquando,
1246 302 1269 329 si
1283 303 1346 337 quis
1366 308 1418 335 est,
1436 308 1465 330 ut
1482 305 1612 339 propheta

823 344 890 372 dicit
900 345 934 376 ⁸⁵,
947 345 994 379 qui
1010 345 1089 372 electi
1102 345 1186 379 jaculi
1199 346 1260 381 ejus
1274 347 1355 374 dulce
1373 348 1472 375 vulnus
1489 349 1610 384 plagam-

823 397 877 424 que
892 390 1007 425 accepit.
1029 391 1051 417 si
1068 391 1130 426 quis
1150 395 1192 418 est
1206 391 1253 426 qui
1278 392 1399 419 scientiae
1422 392 1481 427 ejus
1500 393 1612 421 amabili

823 435 948 463 conﬁxus
964 440 1006 463 est
1019 436 1082 468 telo,
1101 436 1137 463 ita
1154 440 1184 463 ut
1195 436 1302 464 diurnis
1316 445 1378 464 eum
1399 438 1543 466 desideriis
1560 446 1611 466 no-

823 481 980 516 cturnisque
989 481 1117 516 suspiret,
1136 481 1211 508 aliud
1221 482 1284 516 quid
1296 483 1370 517 loqui
1383 491 1436 510 non
1449 484 1545 518 possit,
1557 493 1611 511 au-

822 527 882 554 dire
895 527 969 554 aliud
992 527 1069 560 nolit,
1086 527 1208 562 cogitare
1222 528 1296 555 aliud
1321 529 1434 561 nesciat.
1450 529 1611 557 desiderare

823 575 918 605 prmter
926 571 1026 606 ipsum,
1036 578 1083 599 aut
1093 579 1192 606 cupere
1199 573 1272 600 aliud
1281 573 1323 600 vel
1331 581 1501 607 sperarenon
1509 575 1606 602 libeat:

822 618 872 645 ista
880 618 970 645 anima
978 618 1075 645 merito
1083 618 1164 645 dicit:
1177 617 1474 645 Vttlnerattccltaritatis
1481 627 1527 654 ego
1533 627 1609 652 sum;

821 663 888 690 etab
895 663 942 690 illo
950 663 1048 690 vulnus
1056 662 1199 696 accepi,de
1207 663 1423 697 quodicitlsaias
1432 664 1465 691 '7:
1476 663 1512 690 Et
1520 666 1608 698 posuit

821 716 861 734 me
873 709 940 734 sicut
948 708 1070 741 juculum
1081 707 1203 740 electum,
1220 712 1244 734 et
1256 709 1282 734 in
1296 710 1420 741 pharetra
1433 717 1481 735 sua
1495 709 1621 743 abscon-r

820 755 859 781 dit
875 763 924 781 me.
943 754 1002 781 Tali
1015 754 1128 781 vulnere
1141 754 1218 781 decet
1235 753 1318 780 Deum
1332 759 1475 788 percutere
1488 755 1606 786 animas,

822 800 921 827 talibus
934 799 1033 834 jaculis
1049 800 1162 834 telisque
1171 799 1317 834 configere,
1334 806 1366 826 ac
1381 799 1547 827 salutaribus
1558 807 1607 828 eas

820 845 983 873 vulneribus
1000 845 1125 873 sauciare
1138 854 1144 871 :
1158 849 1186 872 ut
1199 845 1263 879 quia
1278 844 1350 872 Deus
1367 845 1487 872 cbaritas
1500 850 1553 878 est,
1566 845 1609 871 di-

820 896 864 920 cat
883 897 910 920 et
924 893 981 927 ipse
998 901 1005 919 :
1025 891 1094 925 Quia
1110 891 1254 918 vulnerata
1271 891 1409 918 charitatis
1425 899 1471 926 ego
1487 899 1555 918 sum.
1574 891 1609 918 Et

820 938 929 973 quidem
947 938 973 965 in
987 938 1039 965 hoc
1053 937 1131 972 quasi
1145 937 1280 964 amatorio
1292 937 1414 965 dramate
1427 945 1526 972 sponsa
1539 937 1609 964 cba-

820 984 909 1012 ritatis
922 992 951 1011 se
965 984 1031 1011 dicit
1044 983 1160 1010 vulnera
1175 983 1328 1018 suscepisse
1341 992 1348 1010 :
1367 987 1454 1018 potest
1468 989 1557 1010 autem
1569 983 1609 1010 si-

820 1030 922 1057 militer
945 1029 1053 1056 fervens
1065 1029 1157 1056 anima
1175 1037 1238 1064 erga
1259 1029 1420 1064 sapientiam
1436 1029 1483 1056 Dei
1499 1029 1608 1061 dicere,

820 1076 883 1111 quia
897 1075 1045 1103 vulneratae
1057 1075 1197 1110 sapientite
1211 1083 1261 1110 ego
1275 1083 1336 1102 sutn
1350 1084 1357 1102 :
1371 1075 1417 1102 illa
1431 1076 1535 1102 scilicet
1543 1082 1606 1110 qua

820 1122 961 1156 sapientia!
972 1121 1032 1156 ejus
1043 1121 1273 1156 pulchritudinem
1287 1121 1376 1156 potuit
1390 1121 1499 1148 intueri.
1513 1121 1606 1148 Potest

819 1172 847 1195 et
860 1168 913 1195 alia
926 1167 1017 1195 anima
1033 1167 1142 1195 virtutis
1157 1167 1217 1201 ejus
1233 1167 1461 1201 magnificentiam
1472 1171 1606 1194 contuens

820 1217 847 1240 et
865 1212 999 1240 admirata
1015 1213 1164 1247 potentiam
1179 1211 1260 1239 Verbi
1281 1211 1328 1239 Dei
1345 1213 1446 1245 dicere,
1463 1213 1526 1247 quia
1545 1214 1607 1240 vul-

821 1263 926 1286 nerata‘,
949 1258 1058 1286 virtutis
1070 1266 1121 1294 ego
1137 1266 1209 1285 sum.
1227 1257 1310 1290 Talis,
1328 1258 1419 1291 credo,
1434 1258 1524 1293 aliqua
1536 1258 1608 1286 sicut

820 1309 879 1332 erat
894 1304 939 1331 illa
953 1311 1015 1338 quae
1030 1303 1137 1331 dicebat
1153 1313 1158 1330 :
1176 1302 1306 1330 Dominus
1319 1302 1481 1330 illuminatio
1503 1310 1562 1330 mea
1579 1307 1607 1330 et

820 1350 893 1378 salus
909 1359 978 1383 mea,
994 1358 1071 1385 quem
1086 1349 1181 1376 timebo
1192 1349 1237 1376 "2
1253 1348 1305 1376 Sed
1325 1353 1353 1376 et
1369 1349 1421 1376 alia
1437 1349 1528 1376 anima
1541 1356 1607 1384 erga

820 1404 941 1424 amorem
951 1396 1064 1431 justitite
1075 1395 1135 1430 ejus
1148 1395 1265 1428 fervens,
1281 1398 1309 1422 et
1324 1395 1558 1430 dispensationum
1572 1402 1606 1422 ac

820 1441 997 1476 providentiae
1012 1440 1072 1474 ejus
1090 1439 1225 1474 justitiam
1239 1444 1382 1472 contuens,
1398 1439 1464 1467 dicit
1477 1439 1536 1467 sine
1554 1439 1609 1466 du-

821 1486 877 1519 bio,
893 1485 1038 1512 vulnerata:
1057 1484 1168 1520 justitize
1181 1492 1232 1519 ego
1255 1492 1326 1512 sum.
1345 1484 1378 1511 Et
1398 1485 1451 1512 alia
1475 1484 1607 1513 bonitatis

820 1531 879 1566 ejus
894 1538 927 1558 ac
943 1530 1052 1565 pietatis
1068 1529 1277 1557 immensitatem
1290 1530 1440 1564 respiciens
1455 1530 1555 1558 similia
1567 1531 1608 1558 lc-

818 1579 921 1614 quitur.
941 1577 994 1604 Sed
1009 1581 1037 1604 et
1059 1577 1158 1604 horum
1183 1576 1305 1603 omnium
1322 1575 1446 1610 generale
1469 1581 1512 1603 est
1531 1576 1606 1604 istud

818 1624 960 1651 charitatis
988 1623 1111 1654 vulnus,
1136 1629 1190 1656 quo
1218 1629 1247 1649 se
1276 1621 1445 1649 vulneratam
1477 1622 1607 1657 praedicat

818 1678 929 1706 sponsa.
955 1669 1101 1697 Sciendum
1119 1673 1210 1696 tamen
1239 1672 1282 1696 est
1297 1669 1370 1704 quod
1388 1669 1459 1696 sicut
1473 1674 1538 1696 sunt
1554 1669 1606 1696 ista

819 1715 867 1743 Dei
879 1716 980 1750 jacula,
993 1723 1054 1751 quae
1064 1715 1163 1742 animae
1175 1715 1284 1742 habenti
1295 1715 1458 1742 desiderium
1470 1715 1606 1742 bonorum

818 1760 914 1789 salutis
928 1761 1028 1788 vulnus
1043 1760 1168 1795 inﬂigunt
1181 1769 1188 1787 :
1206 1761 1243 1791 ita
1260 1764 1325 1787 sunt
1344 1764 1371 1787 et
1383 1759 1474 1794 jacula
1489 1760 1603 1794 maligni

819 1807 913 1843 ignita,
931 1807 1031 1841 quibus
1045 1806 1136 1833 aninta
1154 1813 1215 1840 qua:
1231 1813 1284 1832 non
1300 1810 1342 1833 cst
1358 1809 1435 1833 scuto
1455 1805 1517 1832 fidei
1540 1813 1605 1840 pro-

818 1856 899 1884 tecta,
922 1851 1080 1877 vulneratur
1102 1850 1128 1876 in
1147 1854 1273 1876 mortem.
1298 1848 1336 1876 De
1364 1848 1430 1882 ipsis
1453 1847 1521 1875 dicit
1540 1847 1608 1874 Pro-

818 1895 898 1933 pheta
913 1906 919 1923 :
937 1896 1005 1923 Ecce
1027 1901 1175 1930 peccatores
1192 1893 1360 1921 intenderunt
1376 1901 1478 1924 arcum,
1495 1901 1607 1933 par-atte—

819 1949 879 1970 runt
901 1943 1012 1977 sagittas
1028 1949 1089 1968 suas
1111 1942 1137 1967 in
1154 1940 1277 1975 pharetra
1299 1948 1359 1971 sua,
1381 1944 1410 1966 ut
1431 1940 1555 1974 sagittent
1579 1939 1608 1964 in

819 1990 930 2017 obscuro
954 1994 1037 2016 rectos
1062 1988 1139 2015 corde
1150 1988 1184 2014 δ’.
1202 1986 1251 2014 Hic
1277 1991 1432 2022 peccatores
1450 1986 1483 2012 de
1498 1985 1608 2012 occulto

819 2036 980 2071 sagittantes
999 2035 1137 2062 daemones
1153 2033 1304 2061 invisibiles
1327 2033 1403 2064 dicit,
1425 2036 1453 2059 et
1468 2031 1520 2066 ipsi
1542 2036 1608 2059 sunt

819 2083 950 2110 habentes
963 2081 1087 2116 quasdam
1106 2080 1198 2114 jacula
1214 2079 1416 2111 fornicationis,
1431 2077 1486 2105 alia
1499 2077 1609 2112 cupidi-

821 2127 882 2155 tatis
896 2132 922 2155 ct
936 2127 1067 2159 avaritiae,
1082 2127 1183 2161 quibus
1205 2124 1398 2162 quamplurimi
1417 2124 1606 2151 vulnerantur.

24 2172 81 2200 arbor
93 2175 145 2202 vita
164 2181 190 2204 ει
212 2177 320 2205 diversa
344 2177 396 2204 alia
417 2178 535 2210 dicatur,
556 2185 618 2206 cum
645 2178 715 2206 idem
739 2183 767 2206 ει
783 2176 807 2206 υ
820 2172 926 2200 Habent
940 2173 1020 2199 etiam
1037 2171 1139 2206 spicula
1153 2171 1291 2206 jactantia:
1301 2174 1328 2198 et
1339 2177 1415 2197 vanae
1428 2169 1542 2204 gloriae:
1560 2167 1608 2195 sed

24 2219 79 2250 panis
94 2228 173 2254 verus,
189 2228 215 2250 et
233 2223 298 2250 vitis
316 2231 390 2256 vera,
405 2227 433 2250 et
452 2231 538 2258 agnus
559 2223 617 2257 Dei,
636 2229 663 2251 et
685 2224 769 2251 multa

25 2263 61 2290 alia
78 2267 227 2296 nominetur.
242 2268 341 2296 Omnia
359 2277 479 2304 namque
503 2270 561 2296 haec
585 2270 698 2296 verbum
721 2269 769 2296 Dei

26 2309 139 2346 animique
159 2314 280 2348 efﬁcitur,
299 2319 378 2350 prout
400 2322 526 2342 mensura
542 2314 584 2341 vel
603 2314 770 2342 desiderium

25 2356 177 2392 PﬂiCipantis
189 2361 333 2396 exposcit:
351 2361 501 2388 secundum
517 2361 591 2396 quod
607 2365 634 2388 et
652 2368 769 2394 manna,

26 2400 58 2431 illi
68 2409 120 2429 cum
134 2410 198 2433 esset
211 2414 283 2434 unus
295 2406 379 2439 cibos,
396 2406 544 2441 unicuique
559 2411 647 2433 tamen
663 2404 771 2433 deside-

27 2445 56 2472 rio
73 2449 106 2476 sui
127 2451 250 2479 reddebat
271 2459 405 2487 saporem.
429 2451 536 2479 Praebet
557 2459 624 2487 ergo
650 2451 771 2486 seipsum

27 2497 64 2518 non
73 2494 147 2522 solum
159 2497 338 2525 esurientibus
348 2505 446 2532 panem
457 2502 484 2525 et
497 2497 653 2525 sitientibus
665 2497 770 2531 viuum,

27 2539 60 2565 ted
72 2545 94 2567 et
107 2541 218 2571 deliciari
233 2544 387 2571 volentibus
403 2544 579 2579 semetipsum
594 2548 622 2571 et
644 2543 770 2578 fragran-

28 2583 156 2615 liaexhibet
174 2597 263 2624 poma.
285 2588 432 2624 Propterea
446 2596 511 2624 ergo
531 2593 558 2617 et
577 2596 677 2624 sponsa
699 2589 773 2616 velut

28 2628 101 2658 τάξειε
120 2633 170 2668 jam
192 2640 218 2663 et
239 2636 307 2663 bene
331 2639 426 2670 pasta,
452 2634 544 2662 fulciri
568 2634 596 2662 iu
631 2634 720 2662 meliis
744 2642 773 2662 se

28 2678 99 2709 Ροειη,
112 2680 193 2709 sciens
207 2681 233 2708 iu
249 2681 331 2709 verbo
346 2688 406 2708 esse
422 2681 474 2708 sibi
490 2687 544 2707 non
559 2680 649 2708 solum
664 2686 772 2707 omnem

31 2764 160 2811 urﬁauh-
174 2778 222 2811 3‘",
301 2770 341 2811 ﬁ”
354 2769 454 2811 Matth:
473 2777 512 2804 ut,
534 2768 575 2797 ιο.

52 2797 106 2828 Psal.
117 2811 194 2838 xxtn,
207 2797 229 2834 I'.
267 2807 289 2822 ⁸⁹
301 2805 373 2833 Psal.
388 2812 426 2838 xt,
437 2805 465 2832 2.

633 2767 656 2784 ⁵⁸
675 2764 683 2791 Ι
701 2766 765 2794 Cor.
784 2774 804 2799 t,
822 2766 848 2792 2.

816 2217 868 2246 ista
883 2217 961 2245 valde
975 2215 1083 2244 subtilia
1101 2219 1174 2247 sunt,
1191 2215 1227 2242 ita
1240 2219 1270 2241 ut
1279 2213 1413 2241 conﬁxam
1432 2221 1461 2240 se
1471 2212 1561 2240 anima
1573 2212 1607 2238 ab

817 2263 857 2292 eis
868 2263 1069 2297 sauciatamque
1081 2260 1123 2288 vix
1135 2259 1243 2292 sentiat,
1256 2258 1308 2286 nisi
1321 2258 1343 2285 si
1362 2258 1456 2286 induta
1472 2261 1514 2285 est
1526 2257 1609 2284 armis

817 2309 877 2342 Dei,
889 2313 916 2336 et
924 2313 977 2336 stat
986 2307 1099 2344 vigilans
1109 2311 1137 2334 et
1147 2305 1292 2333 immobilis
1302 2312 1364 2340 erga
1374 2304 1487 2331 astutias
1497 2302 1607 2332 diaboli,

819 2360 897 2383 scuto
906 2355 1081 2389 semetipsam
1095 2352 1155 2380 ﬁdei
1173 2359 1223 2387 per
1233 2351 1323 2378 omnia
1338 2355 1496 2385 contegens,
1507 2353 1535 2376 et
1547 2348 1609 2375 nul-

818 2402 871 2430 lam
882 2409 994 2438 prorsus
1005 2399 1126 2435 corporis
1136 2403 1240 2434 partem
1253 2397 1304 2424 ﬁde
1323 2397 1424 2424 nudam
1441 2396 1608 2432 relinquens.

819 2447 1035 2481 Quantacunquc
1044 2449 1134 2472 autem
1147 2444 1284 2471 dicmones
1297 2442 1412 2470 fecerint
1423 2442 1485 2475 tela,
1498 2442 1520 2469 si
1533 2442 1611 2468 inve-
1634 2437 1647 2450 "

819 2495 896 2522 niant
908 2498 1027 2521 mentem
1039 2491 1157 2520 hominis
1172 2491 1223 2518 ﬁde
1234 2490 1378 2523 munitam,
1390 2489 1497 2517 etiamsi
1510 2488 1611 2516 fuerint

821 2539 915 2576 ignita,
929 2537 1034 2566 etiamsi
1051 2536 1228 2572 cupiditatum
1249 2535 1365 2563 ﬂammis
1379 2539 1406 2562 et
1419 2533 1551 2561 incendiis
1566 2541 1611 2560 ar-

822 2586 904 2614 deant
916 2584 1053 2615 vitiorum,
1072 2583 1138 2611 ﬁdes
1152 2583 1231 2618 plena
1245 2586 1343 2610 cuncta
1358 2581 1512 2617 restinguit.

858 2631 935 2659 Vers.
950 2631 976 2658 6.
995 2631 1072 2658 ιωυα
1090 2630 1147 2665 ejus
1159 2630 1206 2657 sub
1221 2630 1307 2664 capite
1326 2636 1393 2661 meo,
1408 2632 1432 2655 et
1447 2627 1540 2654 dextra
1556 2626 1612 2661 ejus

824 2677 997 2712 amplectetur
1024 2685 1072 2704 me.
1100 2675 1252 2711 Descriptio
1286 2679 1327 2703 est
1358 2675 1468 2709 quidem
1489 2672 1612 2701 amatorli

906 2764 928 2780 "
945 2761 1042 2790 Matth.
1057 2769 1100 2794 xv,
1116 2760 1160 2788 l5.
1216 2758 1240 2774 "
1257 2757 1308 2785 lsa.
1333 2764 1406 2790 ml,
1425 2757 1452 2783 Ξ.
1491 2756 1514 2773 ⁸⁷
1540 2754 1608 2784 ibid.
