1846 3053
171 147 235 173 “‘27

170 217 220 236 non
246 214 288 235 est
313 209 339 235 in
357 213 448 236 nostra
473 212 615 243 potestate.
645 208 711 241 Quis
726 208 798 235 enim
817 208 957 234 hominum
973 212 994 239 Α

170 261 221 280 non
246 253 310 280 Velit.
330 254 362 280 ad
391 258 524 280 staturam
550 261 627 281 suam
653 254 771 288 adjicere
782 253 824 285 ",
849 258 878 280 ttt
901 254 959 280 lon-

170 301 226 334 gior
251 299 320 326 ﬁat?
354 300 382 326 Si
403 308 466 335 ergo
493 304 633 334 propterea
659 300 725 334 quid
751 300 907 334 praecipitur
930 305 959 326 ut

170 346 232 377 ﬁat,
269 349 382 373 stultum
418 351 459 373 est
494 346 594 380 quippe
627 348 791 380 praecipere,
832 345 906 380 quod
935 345 958 372 is

170 393 211 419 cui
234 393 392 427 praecipias,
427 392 515 419 facere
542 400 595 418 non
622 392 708 426 poseit
744 401 750 419 :
782 396 807 419 et
832 391 958 426 principi-

169 444 212 465 tur
241 439 319 466 nobis
355 443 384 465 ut
418 445 593 468 crescamus,
626 439 722 472 utique
749 438 774 464 id
804 438 957 473 praecipitur

169 485 241 520 quod
268 485 356 512 facere
386 491 438 510 non
468 491 624 519 possumus.
664 484 712 511 Vis
730 484 800 512 scire
819 485 957 519 quomodo

167 530 342 565 Intelligitur,
371 528 507 556 Crescite?
525 529 648 557 ausculta
666 530 730 564 quid
748 529 954 562 lsaaciecerit.

167 577 199 603 tle
213 583 268 610 quo
284 576 402 602 dicitur:
421 574 501 602 Isaac
516 575 669 610 proﬁciebat
680 595 687 607 ,
699 580 726 602 et
745 575 833 610 major
856 576 955 610 fiebat,

168 621 248 648 ionrc
273 621 360 656 {acturi
381 626 419 647 est
445 630 572 656 magnus,
597 622 636 648 vel
660 622 820 648 vehementer
842 623 954 649 ninris‘.

166 664 281 698 Semper
297 664 369 691 etrinr
383 665 510 692 voluntas
521 665 594 692 illius
610 666 642 692 ad
660 666 771 693 meliora
788 674 817 693 se
832 668 955 700 tendens,

167 710 283 737 habebat
292 710 431 745 profectus
441 719 516 743 stros,
525 716 552 738 et
564 719 641 739 mens
650 712 769 740 divinius
781 713 882 748 aliquid
890 721 956 741 con-

166 757 359 791 templabatur,
376 762 403 784 et
424 758 569 784 exercebat
582 765 610 785 se
627 759 770 792 memoria,
790 764 818 786 ttt
834 759 911 794 plura
928 760 955 787 in

167 802 298 829 thesauro
313 810 363 829 suo
383 803 521 834 conderet,
538 807 567 830 ut
584 803 690 831 Iirmius
708 805 846 832 retineret.
867 805 956 840 Atque

167 849 194 875 in
211 849 283 875 htrnc
299 850 408 875 modum
424 849 524 881 evenit,
540 853 569 876 trt
582 850 628 884 qui
646 857 744 878 omnes
759 851 874 878 virtutes
890 859 955 878 suas

167 894 193 921 in
207 895 304 921 animos
317 902 382 929 agro
393 895 554 926 excoluerit.
569 895 694 931 impleret
709 897 866 924 mandatum
885 905 954 932 prar-
969 885 992 913 Β

167 939 281 973 cipiens,
299 938 423 966 Cresrile.
433 940 615 972 Quamobrem
628 946 654 967 ct
666 940 785 968 Joannes
794 943 885 969 adhuc
897 951 956 977 par-

167 984 245 1010 vulus
268 985 425 1017 crescebat,
443 990 469 1012 et
495 985 736 1020 multiplicabatur.
763 987 954 1015 Diilicillimum

166 1034 255 1056 autem
271 1034 312 1056 est
326 1030 467 1064 parvulum
485 1031 582 1064 spiritu
598 1039 732 1065 crescere,
750 1036 777 1059 et
791 1033 860 1059 inter
879 1040 955 1060 mor-

166 1073 234 1101 tales
249 1081 401 1108 perrarum.
422 1074 492 1102 Puer
507 1080 594 1103 autent
612 1077 758 1109 crescebat,
780 1082 804 1104 et
817 1078 956 1112 conforta-

166 1117 244 1144 batur
266 1119 372 1152 spiritu.
396 1119 476 1146 Aliud
496 1125 538 1147 est
559 1121 707 1155 crescebat,
723 1122 796 1149 aliud
819 1123 956 1157 conforta-

166 1162 255 1188 batur.
272 1161 380 1190 lntirma
395 1168 435 1191 est
453 1163 572 1191 humana
588 1170 695 1199 natura,
712 1171 738 1194 et
754 1171 783 1194 ut
798 1167 854 1194 ticri
869 1168 956 1202 possit

165 1207 277 1241 fortior,
293 1208 385 1236 divino
399 1209 506 1237 auxilio
521 1210 632 1246 indiget.
650 1210 778 1246 Legimus
790 1212 815 1245 ',
833 1212 902 1239 Caro
917 1214 955 1239 in-

165 1254 253 1287 ﬁrma.
271 1253 330 1287 Quo
345 1255 427 1289 igitur
448 1256 551 1283 auxilio
570 1257 755 1284 conﬁrmanda
773 1258 837 1285 est?
856 1249 954 1293 Utique

165 1298 272 1332 Spll‘llu.
283 1299 400 1334 Spiritus
411 1301 482 1327 enim
495 1306 649 1336 proruptus,
660 1310 723 1329 caro
735 1307 824 1330 autem
836 1303 954 1331 intirma.

164 1345 215 1378 Qui
231 1346 287 1372 vult
302 1346 397 1374 fortior
411 1348 480 1381 ﬁeri,
498 1356 551 1375 non
567 1349 645 1376 debet
659 1350 710 1377 nisi
726 1349 753 1376 itr
770 1350 874 1385 Spiritu
889 1359 955 1378 con—

165 1389 270 1417 l'ortari.
288 1390 364 1418 Multi
379 1392 571 1420 confortantur
584 1401 677 1426 carne,
694 1401 808 1430 corpore
823 1397 953 1424 roboran-

168 1440 233 1469 tur;
251 1436 352 1464 athleta
372 1442 462 1465 autem
479 1437 526 1465 Dei
549 1440 645 1474 spiritu
663 1441 834 1469 roborandus
851 1447 909 1475 est,
927 1447 955 1470 et

164 1489 226 1508 cum
246 1483 286 1509 sic
298 1482 379 1510 fuerit
390 1483 572 1519 confortatus,
590 1487 751 1521 sapientiam
759 1489 853 1516 carnis
861 1490 952 1522 clidet,

163 1532 192 1553 et
207 1528 340 1562 spiritalis
355 1529 478 1563 effectus,
493 1531 589 1558 subdet
607 1540 706 1567 corpus
726 1535 809 1561 atrirrti
827 1535 950 1570 imperio.

164 1571 223 1599 Non
238 1579 364 1608 putemus
385 1584 449 1610 ergo
465 1577 578 1610 simplici
589 1585 615 1604 m
635 1578 668 1605 de
689 1578 794 1606 Joanne
810 1580 951 1609 ltistm‘iam

162 1626 225 1645 esse
238 1621 433 1654 conscriptam,
448 1627 476 1648 ct
490 1630 550 1656 quae
566 1623 634 1650 nihil
653 1624 686 1650 ad
702 1632 751 1652 nos
765 1626 908 1659 pertineat.
926 1627 952 1655 in

164 1671 197 1690 eo
215 1665 287 1699 quod
303 1666 413 1699 dicitur,
426 1667 561 1694 τηεσε-ὕοι
575 1673 599 1695 et
613 1670 817 1704 con/artabatur
836 1673 932 1707 spiritu
944 1680 954 1700 .'

165 1710 212 1737 sed
230 1711 262 1737 ad
277 1711 454 1740 imitationem
474 1719 605 1747 nostram,
622 1717 830 1751 utmultiplicati
845 1718 954 1753 spirita-

162 1755 226 1782 liter
237 1756 315 1790 juxta
332 1765 393 1784 cum
411 1767 492 1793 quem
508 1761 627 1789 diximus
641 1769 750 1790 sensum
762 1784 769 1796 ,
785 1764 952 1792 incrementa

163 1800 318 1834 capiamus.
339 1802 372 1829 Et
389 1809 446 1830 erat
461 1805 489 1832 in
506 1806 616 1833 desertis
631 1816 712 1842 usque
725 1809 759 1835 od
780 1810 849 1836 diem
868 1816 954 1838 oste».

162 1845 247 1872 σίωιίε
262 1856 317 1874 sua:
332 1848 366 1875 ad
379 1848 474 1877 Israel.
494 1850 564 1878 Dixit
579 1853 635 1887 (5|)
653 1861 739 1888 nuper
755 1855 827 1889 qrrod
843 1861 870 1883 et
886 1864 953 1884 con-

161 1895 259 1924 ceptus
273 1891 393 1921 Joannes
409 1897 572 1930 stupendum
594 1899 659 1933 quiti
681 1899 825 1934 habuerit,
842 1903 953 1937 quando

163 1937 311 1964 exsultavit
326 1939 417 1968 infans
431 1941 457 1968 in
473 1947 560 1975 utero.
576 1949 602 1971 et
620 1953 699 1972 suum
715 1947 830 1974 necdum
846 1950 953 1983 genitus

120 1992 133 2017 ς,
166 1980 312 2010 Βοιιιίιιυηι
326 1987 483 2020 recognovit
498 1997 504 2014 :
520 1993 546 2014 et
561 1990 689 2017 natititas
704 1999 756 2018 non
771 1992 849 2027 irnpat

227 1983 312 2010 riuum
326 1987 483 2020 recognovit
498 1997 504 2014 :
520 1993 546 2014 et
561 1990 689 2017 natititas
704 1999 756 2018 non
771 1992 858 2027 impar
869 1994 953 2021 mira-

161 2027 271 2061 culum,
292 2031 402 2064 quando
422 2033 454 2058 ad
472 2041 533 2060 eum
551 2034 623 2061 velut
640 2036 795 2064 audientem
814 2037 953 2067 Zaclraria

163 2073 351 2106 prOpheIantis
363 2084 452 2104 sermo
464 2080 642 2112 convertitur,
656 2081 765 2109 dicens:
781 2083 814 2110 Et
824 2088 864 2116 tu,
877 2094 884 2118 ι
895 2094 951 2118 uer,

162 2120 287 2153 propheta
304 2122 437 2150 Altissimi
459 2125 603 2152 vocaberis.
628 2126 713 2160 Digne
737 2129 820 2161 igitur
843 2132 888 2165 qni
913 2133 952 2159 sic

161 2169 311 2199 conceptus
332 2166 420 2194 fuerat
435 2173 462 2195 et
481 2174 577 2203 natus,
599 2179 652 2198 non
674 2175 856 2208 exspectavit.
884 2181 914 2204 ut
936 2185 950 2204 a

964 1561 988 1590 C

905 145 1072 175 "DlUGliX-ls

1753 148 1810 178 litiﬁ

1012 209 1142 237 Dominus
1150 208 1234 246 ’945
1255 210 1430 246 responderit
1447 211 1486 238 ei.
1509 209 1573 236 Hoc
1591 209 1734 242 arbitror,
1747 218 1809 240 oena

1009 255 1043 282 de
1058 254 1206 290 Scripturis
1221 256 1326 283 ratione
1343 261 1520 283 commotus.
1538 257 1570 283 Si
1588 257 1667 284 cnim
1689 258 1774 292 major
1787 261 1808 286 in

1009 301 1081 327 natis
1095 301 1242 328 mulierum
1259 301 1364 329 Joanne
1387 301 1515 336 Baptista
1537 302 1595 329 fuit
1618 310 1721 335 nemo,
1736 303 1809 340 Iloya

1008 353 1098 374 autem
1122 348 1263 382 respondit
1278 347 1367 379 Deus,
1393 353 1612 382 consequenter
1635 350 1774 384 "spondit
1788 358 1809 378 et

1007 393 1105 421 Joanni
1122 394 1169 429 qui
1195 394 1283 428 major
1299 394 1392 430 Moyse
1412 394 1484 427 fuit,
1503 395 1555 430 qui
1575 399 1623 423 est
1646 397 1766 424 nutritus
1786 398 1808 424 ia

1007 447 1116 472 eremo,
1132 440 1211 474 cujus
1230 440 1400 467 nativitatem
1419 441 1495 468 idem
1513 441 1712 477 archangdus
1728 443 1771 477 qui
1787 449 1808 470 et

1008 484 1116 512 Domini
1138 485 1290 518 nuntiavit,
1313 485 1394 519 cujus
1415 492 1498 521 pater
1513 487 1566 522 qui
1583 494 1653 514 eum
1671 488 1746 514 nasci
1763 497 1807 515 non

1007 530 1145 562 credebat,
1163 531 1308 558 obmutuit.
1329 531 1396 558 Erat
1411 532 1498 567 igitur
1513 533 1543 559 in
1557 532 1677 560 deserto
1690 533 1806 567 Joannes,

1007 580 1035 603 et
1056 576 1227 603 nutriebatur
1251 583 1323 603 novo
1343 581 1371 604 et
1394 581 1474 605 extra
1502 578 1668 606 humanam
1695 585 1806 607 natura:

1007 622 1100 654 modo,
1117 622 1143 648 id
1160 622 1248 656 ipsum
1263 622 1391 650 Mattiaco
1406 630 1589 651 memorante
1603 633 1615 651 νε
1632 624 1719 652 Cibus
1733 632 1807 652 ante:

1007 667 1064 702 ejus
1077 673 1152 694 erant
1163 667 1275 695 locusta:
1288 674 1312 696 et
1335 669 1388 696 mel
1401 670 1527 696 silcestre
1539 670 1563 696 ³.
1581 671 1660 703 Quia
1674 671 1747 698 enim
1764 672 1807 698 mi-

1006 714 1093 741 nister
1113 713 1163 741 fuit
1179 714 1260 748 primi
1285 714 1436 744 Salvatoris
1455 716 1627 748 adventus,
1645 722 1674 744 et
1696 722 1807 745 tantum-

1007 759 1088 786 modo
1098 760 1131 787 de
1143 760 1348 794 dispensatione
1362 761 1455 789 carnis
1465 761 1632 790 Dominica:
1645 763 1808 798 loquebatur,

1004 813 1038 832 ac
1052 805 1194 840 prophetia
1209 806 1282 834 illius
1292 815 1356 834 etrm
1371 807 1418 842 qtti
1434 813 1518 835 natus
1532 808 1638 835 fuerat
1649 817 1684 836 ex
1698 809 1808 844 Virgine.

1007 852 1184 887 prtecinebat,
1196 861 1250 881 non
1265 853 1562 881 babuitdomesticum
1576 856 1636 881 mel
1661 860 1690 882 et
1704 855 1809 882 humana

1006 898 1146 933 diligentia
1162 900 1344 935 percolatum,
1359 900 1407 927 sed
1424 901 1557 928 silvestre
1576 903 1650 933 mel.
1668 908 1697 929 et
1715 902 1809 929 totum

1007 950 1061 970 non
1079 945 1193 979 grande,
1211 953 1265 971 nort
1281 945 1308 971 in
1322 944 1440 972 sublime
1456 953 1486 972 se
1501 946 1640 977 elevans,
1658 955 1756 974 verum
1770 955 1809 974 ro-

1006 989 1081 1016 lucre
1097 998 1222 1025 parvum,
1241 995 1267 1018 et
1283 991 1325 1017 vix
1338 998 1356 1018 a
1370 996 1442 1018 terra
1454 999 1658 1027 consurgens,
1677 998 1707 1020 et
1722 994 1809 1020 saliens

1005 1035 1097 1070 potius
1117 1043 1199 1070 quam
1221 1037 1326 1063 volans.
1350 1036 1421 1069 Quid
1450 1038 1531 1070 plura
1547 1038 1561 1064 τ
1586 1038 1809 1066 manifestissime

1005 1081 1107 1108 dicitur
1121 1082 1193 1116 quod
1210 1082 1321 1109 locustae
1341 1083 1444 1110 fuerint.
1460 1084 1545 1111 cibus
1563 1084 1634 1119 ejus
1645 1105 1654 1117 ,
1677 1086 1809 1119 parvulum

1005 1126 1105 1153 animal
1122 1131 1148 1154 et
1167 1127 1310 1154 mundutrr.
1325 1127 1511 1155 Considerate
1527 1137 1616 1164 ergo,
1640 1129 1744 1157 fratres
1758 1131 1809 1157 [ωε

1004 1173 1118 1205 rissinri,
1136 1173 1208 1208 quod
1223 1173 1270 1208 qtti
1284 1181 1354 1200 nove
1372 1179 1454 1202 trattts
1470 1174 1568 1202 fuerat
1580 1196 1589 1206 ,
1609 1184 1688 1204 nove
1703 1177 1809 1204 nutritus

1004 1223 1056 1246 est.
1072 1218 1137 1246 Post
1149 1226 1210 1253 qum
1226 1219 1367 1253 Scriptura
1383 1220 1498 1254 sulrjicit
1512 1230 1520 1248 :
1536 1221 1667 1248 Factum
1683 1227 1722 1249 est
1736 1228 1809 1249 mea

1005 1265 1033 1290 in
1045 1264 1137 1291 diebus
1150 1265 1220 1298 illis,
1240 1265 1320 1292 t’J‘ft'fl
1331 1266 1447 1292 edictum
1462 1275 1479 1292 a
1496 1266 1617 1294 Cura-ure
1636 1269 1773 1303 Augusta,
1786 1273 1808 1294 lt

1005 1310 1196 1337 dercriberetur
1207 1312 1293 1338 omnis
1309 1311 1392 1339 orbis.
1410 1311 1476 1339 Ha’c
1494 1313 1549 1347 fuit
1567 1314 1725 1348 descriptio
1735 1316 1807 1349 prim

1003 1365 1020 1383 α
1033 1357 1145 1390 praeside
1159 1356 1245 1391 Syria!
1257 1357 1356 1392 Cyrino
1371 1358 1392 1385 ι.
1411 1358 1489 1386 Dicat
1507 1359 1623 1394 aliquis
1639 1370 1647 1387 :
1665 1360 1689 1388 Ο
1706 1369 1806 1396 evange-

1005 1403 1056 1430 lica
1075 1404 1217 1430 narratio!
1239 1404 1375 1437 Quoniam
1397 1405 1488 1439 prima
1509 1406 1679 1441 deScriptio
1699 1407 1803 1434 universi

1005 1448 1080 1476 orbis
1096 1449 1148 1476 sub
1165 1449 1272 1477 Caesare
1295 1449 1420 1485 Augusto
1446 1450 1553 1482 fuerit,
1574 1456 1604 1478 et
1625 1453 1702 1480 inter
1724 1460 1803 1480 omnes

1004 1494 1086 1521 etiam
1099 1493 1200 1529 Joseph
1217 1503 1279 1522 cum
1292 1495 1376 1523 Maria
1390 1497 1495 1530 despon
1515 1502 1563 1524 ata
1579 1498 1638 1524 sibi
1651 1503 1735 1533 atque
1747 1506 1802 1533 pra-

1005 1546 1105 1575 gnante
1119 1549 1218 1569 nomen
1237 1543 1361 1569 retulerit
1378 1542 1405 1569 in
1427 1550 1548 1570 censum
1560 1564 1568 1571 .
1596 1552 1635 1570 ac
1650 1545 1799 1580 priusquam

1004 1587 1150 1622 descriptio
1163 1588 1359 1622 compleretur,
1375 1592 1456 1615 ortus
1473 1588 1562 1616 fuerit
1579 1589 1680 1623 Iesus,
1697 1591 1799 1626 diligen-

1004 1634 1059 1661 tius
1076 1633 1190 1660 intuenti
1205 1638 1405 1660 sacramentum
1426 1635 1572 1668 quoddam
1598 1636 1716 1663 videtur
1727 1637 1800 1671 signa

1004 1680 1104 1711 ﬁeare.
1129 1679 1201 1714 quod
1225 1679 1253 1706 in
1276 1679 1361 1707 totius
1385 1680 1461 1707 orbis
1485 1681 1672 1715 professione
1696 1681 1799 1709 describi

1004 1725 1155 1759 oportuerit
1171 1729 1199 1751 et
1213 1724 1353 1751 Christum
1366 1744 1374 1757 ,
1400 1729 1432 1752 ut
1450 1733 1515 1752 cttm
1531 1727 1674 1754 omnibus
1695 1727 1799 1762 scriptas

1003 1770 1186 1798 sarrctilicaret
1197 1778 1303 1802 omnes,
1318 1775 1345 1797 et
1359 1776 1423 1798 cum
1437 1771 1507 1798 orbe
1518 1772 1629 1800 relatus
1644 1773 1673 1799 in
1685 1781 1797 1803 censum,

1002 1817 1225 1844 communionem
1242 1817 1284 1844 sui
1300 1817 1434 1852 praeberet
1445 1817 1508 1844 orbi
1519 1837 1528 1850 ,
1545 1824 1575 1845 nt
1590 1825 1658 1853 post
1675 1820 1745 1847 hanc
1759 1821 1797 1847 de-

1004 1863 1191 1898 scriptionem,
1210 1863 1375 1890 describeret
1388 1871 1517 1898 quosque
1533 1872 1568 1891 ex
1584 1867 1656 1892 orbe
1669 1873 1760 1893 secum
1774 1867 1795 1892 ia

1002 1907 1074 1935 libro
1089 1910 1238 1936 viventium
1252 1918 1259 1936 :
1280 1914 1308 1935 ut
1322 1909 1482 1944 quicunque
1500 1911 1689 1938 credidissent
1706 1913 1732 1939 in
1754 1920 1794 1941 eo.

1003 1959 1096 1987 postea
1112 1962 1173 1980 etrm
1192 1954 1294 1982 sanctis
1310 1955 1383 1981 illius
1398 1948 1588 1982 scriberentur
1604 1956 1633 1982 in
1653 1958 1744 1990 uelis,
1757 1959 1793 1984 cui

1002 2005 1044 2027 est
1058 2000 1143 2036 gloria
1159 2005 1186 2028 et
1197 2001 1340 2036 imperium
1357 2001 1384 2028 itr
1396 2001 1497 2028 szccula
1509 2002 1690 2030 stt-culorum.
1706 2004 1791 2031 Arnen.

1274 2057 1418 2085 HOMILIA
1436 2059 1495 2086 ΧΙΙ.

1018 2101 1054 2128 De
1070 2111 1099 2129 ro
1110 2104 1179 2138 quod
1192 2104 1319 2140 s_criptum
1334 2111 1384 2135 est,
1402 2106 1525 2140 angelum
1544 2108 1646 2134 renisu
1663 2108 1696 2135 de
1712 2108 1780 2137 (ιι-ἔα.

1053 2143 1076 2164 et
1091 2144 1177 2164 ortum
1193 2138 1299 2165 Domini
1318 2138 1455 2167 nuntiasse
1468 2144 1635 2176 pastoribus.
1651 2145 1711 2177 Cap
1725 2151 1752 2170 tt.

1036 2182 1122 2211 Natus
1134 2189 1175 2212 est
1187 2183 1318 2212 Donrirrrrs
1328 2193 1406 2213 meus
1418 2186 1511 2221 Jesus,
1523 2194 1547 2215 et
1559 2189 1678 2223 angelus
1689 2189 1790 2215 (luscae

165 2213 243 2243 patre
258 2211 408 2239 nutriretur
426 2221 513 2248 usque
528 2216 561 2242 ad
576 2217 646 2243 dictu
667 2220 832 2248 ostensionis
847 2229 902 2249 sua:
919 2224 952 2251 ad
969 2231 992 2259 [ι
1006 2229 1045 2256 dir,
1060 2230 1093 2256 de
1110 2230 1179 2256 ι-ωιο
1192 2232 1361 2259 annuntians
1377 2211 1549 2260 nativitatem
1565 2211 1639 2268 ejzs.
1652 2233 1789 2261 Videamus

162 2264 257 2296 Israel.
274 2267 320 2294 sed
339 2269 463 2303 recessit,
479 2270 584 2306 fugiens
598 2274 745 2302 tutntrltttnt
764 2276 883 2310 urbittnt,
902 2286 952 2313 po-

161 2313 217 2347 puli
243 2313 440 2349 frequentiam,
464 2318 591 2346 viciniam
613 2321 770 2356 civitatum,
794 2328 821 2351 et
838 2324 904 2352 abiit
924 2325 949 2353 itr

160 2358 268 2386 deserta
279 2379 286 2391 ,
306 2361 350 2387 trbi
369 2363 463 2395 purior
483 2371 529 2390 aer
543 2371 602 2392 erat
617 2371 642 2393 et
659 2367 758 2394 (mlunt
774 2371 905 2404 apertius,
925 2375 952 2398 ct

161 2404 324 2432 familiarior
353 2406 442 2441 Deus,
466 2414 494 2436 trt
517 2411 579 2444 quia
606 2413 720 2440 necdum
749 2421 948 2443 sacramentum

162 2448 302 2484 baptismi,
322 2459 372 2479 nec
389 2454 589 2487 praedicationis
605 2461 710 2492 tempus
724 2459 886 2492 adverterat,
904 2469 948 2488 va-

159 2500 235 2522 caret
254 2497 443 2531 orationibus,
462 2505 489 2527 et
510 2509 572 2528 cum
595 2503 701 2537 angelis
725 2511 947 2538 contersarclur,

159 2541 366 2578 appellaretqtre
384 2543 540 2579 Dominum,
562 2553 589 2575 ct
606 2548 682 2575 illttm
705 2551 812 2577 atrdirrt
835 2559 948 2586 respon-

161 2587 268 2614 dentem
290 2593 372 2624 atque
392 2590 549 2620 dicentem:
568 2593 635 2621 Ecce
650 2595 754 2622 adsum.
778 2595 855 2623 Sicut
874 2597 946 2624 enirn

163 2631 266 2666 Meyses
289 2634 470 2669 loquebatur,
494 2642 521 2665 et
541 2638 613 2667 Dcus
638 2641 816 2675 respondebat
839 2642 886 2669 ei:
909 2643 948 2670 sic

159 2685 226 2711 puto
247 2681 319 2714 quod
343 2680 462 2710 Joannes
489 2684 595 2712 locutus
621 2685 703 2713 fuerit
726 2687 752 2713 in
777 2687 903 2720 deserto,
921 2694 948 2714 et

191 2765 218 2781 ⁸³
233 2767 323 2795 Matth.
344 2778 379 2801 tt,
394 2771 439 2798 '27.
478 2772 485 2787 '
505 2773 572 2800 Gcn.
586 2782 668 2806 xxvi,
687 2775 728 2801 15.

772 2775 782 2790 ¹
798 2775 873 2803 Matt.
890 2784 951 2803 xvvt
964 2797 970 2809 ,
986 2776 1029 2802 Μ.

1005 2273 1096 2309 itaque
1107 2283 1187 2310 quem
1200 2276 1349 2310 qttzesicrit,
1360 2284 1389 2304 ut
1403 2278 1464 2312 ejus
1479 2280 1621 2306 nuntiaret
1637 2280 1786 2307 adventura.

1004 2319 1063 2346 Non
1085 2320 1158 2347 venit
1178 2320 1391 2358 Jerosolymarn,
1408 2331 1463 2351 non
1486 2325 1616 2359 qumsivit
1639 2326 1750 2353 Scribas
1768 2329 1788 2353 ις

1003 2364 1175 2397 Pharis-reos,
1195 2373 1249 2392 non
1271 2374 1436 2402 synagogam
1456 2368 1601 2403 ingressus
1625 2376 1669 2397 est
1691 2370 1788 2397 Iuda-

1004 2418 1076 2440 runt.
1093 2411 1139 2438 sed
1155 2416 1278 2445 pastores
1294 2414 1394 2447 reperit
1406 2421 1487 2448 super
1505 2423 1601 2451 greges
1614 2423 1682 2443 suos
1693 2417 1787 2452 vigilias

1003 2455 1178 2489 excubantes,
1193 2457 1289 2491 eisque
1300 2457 1441 2492 loquitrrr:
1459 2458 1549 2485 Natus
1562 2465 1600 2486 est
1615 2461 1694 2487 hodie
1704 2461 1786 2488 Satra-

1003 2505 1060 2532 tor,
1078 2502 1123 2536 qui
1139 2507 1177 2528 est
1193 2502 1316 2529 Christus
1339 2503 1482 2531 Dominus.
1499 2503 1623 2534 Putasne
1639 2507 1707 2534 nihil
1724 2508 1784 2534 aliud

1000 2546 1110 2574 divinus
1129 2547 1332 2582 Scripturarum
1351 2556 1442 2576 Sermo
1460 2550 1613 2585 signiﬁcat,
1628 2553 1675 2579 sed
1691 2557 1784 2578 tantum

1001 2592 1052 2620 lroc
1064 2593 1136 2627 quod
1152 2593 1185 2620 ad
1199 2599 1322 2628 pastores
1336 2595 1443 2621 venerit
1456 2596 1572 2631 angelus
1589 2604 1616 2625 et
1629 2598 1669 2624 eis
1689 2598 1783 2625 locutas

1001 2639 1058 2665 sit?
1083 2639 1198 2672 Audite,
1215 2644 1338 2674 pastores
1356 2640 1564 2675 Eeelesiarum,
1585 2649 1710 2679 pastores
1729 2643 1781 2672 Μ.

1001 2684 1073 2718 quod
1098 2692 1205 2719 semper
1229 2685 1342 2720 angelus
1366 2687 1428 2722 ejus
1454 2688 1606 2718 descendat
1630 2698 1646 2717 c
1663 2691 1779 2721 animat

1065 2776 1074 2791 ³
1092 2775 1181 2802 )lzttth.
1200 2783 1245 2804 nt.
1262 2776 1289 2803 4.
1329 2776 1418 2805 ‘Luc.
1439 2787 1470 2811 rt,
1490 2781 1515 2813 l,
1530 2783 1558 2809 Ξ.

198 2855 254 2890 (51)
272 2857 409 2886 Maluerint
425 2860 451 2889 in
466 2867 537 2889 recto
549 2862 620 2891 Dixi.
637 2864 747 2891 Leviora
759 2866 881 2900 quietiam
895 2868 946 2895 alia
967 2869 1040 2895 taciti
1060 2871 1238 2904 castigamus.
