1846 3053
26 149 100 175 1829

608 145 641 171 ιΝ
663 143 779 171 LUCAM
802 143 943 170 IlOMlLlA
960 143 1031 170 Xlll.

1600 135 1668 160 i-i'.,'.u

20 207 181 234 annuntiet
199 207 275 234 vobis
288 206 416 241 quoniam
430 208 510 232 natus
523 210 564 232 est
580 205 658 232 vobis
672 203 751 232 hodie
768 203 828 231 Sal-
844 207 865 235 Α
881 203 1029 238 provinciis
1053 199 1283 235 cognoscendum.
1306 199 1374 224 Ante
1397 198 1541 224 adventum
1558 196 1665 223 Domini

20 256 106 278 \ator
119 272 128 284 ,
146 252 202 286 qui
223 255 265 278 cst
280 251 407 278 Christus
423 249 564 276 Dominus.
583 249 690 276 Etenim
704 252 828 283 pastores

21 298 227 325 Erclesiarum
240 317 248 329 ,
269 297 322 324 nisi
343 297 387 323 ille
404 300 498 331 pastor
510 295 633 327 venerit,
649 302 699 330 per
714 302 744 322 se
761 295 829 321 bene

19 351 139 379 gregem
168 350 282 371 servare
305 350 359 369 non
385 347 531 376 poterunt,
556 341 663 368 inﬁrma
679 345 828 367 esteorum

20 389 157 416 custodia
174 409 183 421 ,
203 388 255 415 nisi
271 388 398 415 Christus
414 395 476 415 cum
493 387 533 414 eis
548 385 653 422 paverit
675 391 756 416 atque
772 393 830 412 ser-

22 435 146 461 vaverit.
165 434 277 461 Dudum
295 434 322 460 in
337 433 468 467 Apostolo
488 433 587 460 lectum
605 433 684 464 est',
703 431 749 458 Dei
766 438 830 458 coo-

22 486 177 516 peratores
197 488 304 507 sumus.
319 478 417 506 Pastor
429 479 527 512 bonus,
543 479 590 514 qui
606 478 728 505 imitatur
741 481 830 512 pasto-

23 534 83 553 rem
111 527 225 553 bonum
239 524 272 559 ",
300 529 462 560 cooperator
475 529 520 552 est
542 524 590 552 Dei
612 528 637 551 et
663 523 776 550 Christi.
799 522 830 550 Et

24 576 181 607 propterea
203 575 296 606 pastor
319 572 406 598 bonus
427 575 468 598 est
483 592 490 604 ,
506 570 552 606 qui
576 570 657 597 habet
674 577 765 597 secum
782 577 830 604 pa—

23 621 134 644 storem
154 617 296 651 optimum
318 620 535 650 compascentcm
558 616 620 643 sibi.
637 615 733 642 Posuit
756 614 828 641 enim

25 662 101 690 Deus
116 662 147 689 in
167 661 293 690 Ecclesia
306 661 455 696 apostolos,
471 661 628 696 prophetas,
638 661 829 696 evangelistas,

24 713 160 743 pastores
172 728 181 740 ,
211 707 355 740 doctores,
381 708 472 734 omnia
493 707 520 734 in
537 707 703 741 perfectione
720 711 830 733 sancto-

26 762 88 781 rum
100 754 122 781 ⁸.
139 753 175 781 Et
185 753 244 781 hate
256 752 365 788 quidem
376 757 439 780 sunt
447 752 518 780 dicta
527 753 687 788 simplicius.
696 753 829 780 Cancrum

27 800 49 826 si
66 800 102 827 ad
120 800 307 827 sacratiorem
324 802 431 833 oportet
446 798 594 825 ascendere
609 798 829 833 intelligentiam,

25 846 121 874 dicam
135 846 276 881 quosdam
291 845 375 873 fuisse
389 849 511 880 pastores
528 845 638 879 angelos
654 845 700 880 qui
717 853 760 872 res
773 845 826 872 hu-

28 900 130 919 manas
147 896 286 927 regerent.
301 891 334 918 Et
351 899 413 919 cum
433 891 530 918 horum
547 891 733 926 unusquisque
750 898 827 918 suam

28 938 194 965 custodiam
215 941 399 970 conservaret,
415 941 442 963 et
456 937 554 964 diebus
574 944 606 964 ac
621 936 747 963 noctibus
761 936 829 970 vigi-

29 984 91 1011 lans
109 983 172 1017 jam
196 983 318 1010 laborem
335 982 406 1010 ferre
430 990 484 1010 non
500 987 609 1017 posset,
631 986 658 1010 et
673 982 725 1010 hoc
739 987 830 1017 ageret

29 1030 184 1062 industrie,
205 1034 235 1057 ut
249 1034 342 1064 gentes
359 1037 419 1064 quae
439 1022 490 1056 sibi
512 1028 622 1056 creditae
638 1027 761 1059 fuerant,
777 1036 829 1062 gu—

31 1077 177 1109 bernaret,
195 1076 304 1103 venisse
321 1076 446 1110 angelum
461 1079 525 1102 nato
538 1074 664 1107 Domino,
680 1079 707 1101 et
720 1082 828 1101 annun-

32 1123 120 1149 tiasse
138 1122 310 1157 pastoribus,
327 1121 399 1156 quod
415 1129 495 1148 verus
512 1125 584 1148 esset
600 1124 693 1155 pastor
706 1123 827 1146 exortus.

34 1168 117 1195 \‘erbi
135 1169 239 1203 gratia.
256 1172 284 1194 ut
297 1167 329 1194 ad
344 1166 498 1202 exemplum
514 1166 631 1196 veniam.
645 1169 702 1192 erat
716 1165 827 1200 quidam

33 1219 129 1248 pastor
148 1214 328 1246 Macedoniae,
350 1213 394 1240 hic
409 1211 593 1240 necessarium
616 1210 733 1237 habebat
750 1209 828 1236 auxi-

35 1261 102 1286 lium
127 1259 266 1286 Domini:
291 1263 431 1294 propterea
457 1257 582 1292 apparuit
608 1257 634 1284 in
661 1256 764 1284 somnis
787 1256 830 1282 vir

37 1306 152 1334 Macedo
168 1306 274 1337 Paulo,
293 1306 404 1333 dicens:
424 1304 564 1332 Transierit:
575 1305 602 1330 in
627 1303 828 1334 Macedoniam,

38 1353 137 1387 adjuua
153 1361 202 1380 nos
218 1353 237 1379 τ’.
255 1352 324 1385 Quid
340 1352 373 1379 de
386 1351 470 1378 Paulo
486 1350 605 1386 loquar?
618 1357 679 1377 cum
703 1349 760 1376 haec
774 1357 829 1376 non

34 1396 141 1430 Paulo,
165 1397 215 1424 sed
235 1397 281 1432 qui
306 1397 333 1423 in
352 1395 437 1424 Paulo
453 1401 526 1429 crat,
544 1396 653 1423 locutus
676 1396 711 1423 sit
730 1394 831 1422 Jesus?

36 1441 165 1478 ‘lndigent
184 1443 278 1477 itaque
292 1447 414 1477 pastores
428 1442 571 1477 praesentia
588 1442 700 1469 Christi.
727 1441 830 1474 Quam-

36 1489 132 1515 obrem
157 1489 273 1524 angelus
295 1489 434 1516 descendit
453 1489 487 1516 de
506 1488 585 1521 ccelo,
609 1493 636 1516 et
657 1489 714 1516 ait:
740 1487 830 1515 Nolite

40 1535 142 1561 timere.
161 1534 233 1561 Ecce
247 1534 316 1561 enim
331 1534 460 1561 annuntio
476 1535 547 1562 vobis
558 1534 682 1570 gaudium
695 1542 828 1569 magnum.
843 1544 866 1573 (ι

40 1579 108 1606 Vere
121 1580 254 1614 gaudium
268 1588 407 1614 magnum,
417 1580 460 1608 his
476 1580 575 1615 quibus
592 1580 732 1607 hominum
744 1580 833 1608 fuerat

39 1629 67 1651 et
87 1626 295 1660 provinciarum
311 1633 377 1653 cura
401 1626 548 1660 permissa,
571 1625 709 1653 Christum
726 1626 832 1654 venisse

42 1671 68 1697 in
88 1672 236 1699 mundum.
256 1671 369 1698 Multum
386 1671 509 1699 utilitatis
526 1671 630 1706 accepit
646 1673 768 1707 angelus,
785 1671 832 1708 qui

41 1717 222 1750 dispensabat
238 1717 379 1752 Aigyptias
390 1725 455 1749 res,
470 1722 613 1752 postquam
631 1717 761 1745 Dominus
783 1719 832 1745 de-

40 1762 147 1788 scendit
158 1770 173 1789 e
184 1762 266 1794 coelo,
280 1766 308 1789 ut
321 1761 440 1797 {Egyptii
453 1761 599 1789 Christiani
614 1762 717 1789 timent.
726 1762 831 1790 Profuit

42 1809 68 1831 ct
97 1806 228 1839 cunctis,
263 1806 308 1841 qui
337 1806 459 1834 diversas
484 1807 638 1842 provincias
665 1807 831 1835 obtinebant.

45 1849 125 1878 Verbi
143 1860 240 1884 causa,
254 1852 362 1887 praesidi
376 1851 552 1886 Macedoniaz,
576 1853 682 1888 pratsidi
705 1853 831 1887 Achaite,

44 1897 272 1932 reliquarumque
291 1898 443 1933 regionum.
465 1897 558 1933 Neque
578 1899 649 1926 enim
665 1899 706 1926 fas
719 1904 761 1927 est
772 1907 833 1927 cre-

44 1941 108 1968 dere
133 1942 222 1969 malos
249 1942 360 1977 angelos
388 1943 446 1969 suis
469 1950 585 1977 praeesse
613 1944 780 1978 provinciis,
807 1949 833 1972 et

45 1985 132 2013 bonos
143 1995 198 2014 non
210 1987 319 2014 easdem
333 1987 487 2022 provincias
500 1988 598 2016 habere
610 1989 766 2024 permissas.
777 1989 833 2018 Hoc

45 2036 134 2059 autem
153 2034 229 2068 quod
246 2033 278 2060 de
292 2033 406 2068 singulis
416 2033 563 2068 provinciis
579 2034 655 2068 dicit,
672 2040 738 2070 puto
750 2036 832 2063 etiam

44 2077 78 2104 de
91 2079 231 2106 universis
249 2078 405 2106 hominibus
422 2079 582 2114 generaliter
596 2079 695 2108 debere
711 2081 831 2108 credere.

46 2121 200 2158 Unicuique
216 2123 271 2151 duo
285 2124 417 2152 assistunt
432 2124 520 2160 angeli
539 2125 611 2160 (52),
627 2126 694 2153 alter
704 2125 832 2161 justitize,

46 2168 113 2196 alter
140 2169 304 2204 iniquitatis.
332 2169 360 2197 Si
389 2170 467 2197 bona:
493 2171 670 2206 cogitationes
699 2172 725 2199 in
753 2173 833 2200 corde

880 249 1047 279 Salvatoris,
1067 247 1110 275 isti
1133 246 1219 282 augt-li
1235 253 1330 280 parum
1346 249 1469 279 poterant
1481 243 1590 270 creditis
1613 242 1666 268 sibi

880 295 1005 322 utilitatis
1037 293 1153 325 aﬁerre,
1186 296 1214 320 et
1243 295 1358 318 conatus
1386 297 1480 317 eorum
1513 288 1588 323 sequi
1612 296 1665 314 non

877 341 986 368 valebat
1018 339 1141 366 ell‘ectus.
1170 336 1312 370 Quoddam
1343 339 1385 362 est
1420 334 1550 368 signum,
1585 340 1666 367 quam

879 393 975 422 parum
997 384 1126 420 prodesse
1145 387 1273 418 poterant
1290 381 1429 414 subjectis.
1448 379 1579 406 Ausculta
1594 379 1667 412 quod

879 431 1018 459 dicimus:
1043 429 1158 463 Quando
1177 429 1290 463 angelus
1313 426 1502 461 Egyptiorum
1524 424 1668 460 Egyptian

878 477 1040 512 adiuvabat,
1059 476 1103 503 vix
1118 484 1193 503 unus
1208 474 1363 510 proselytus
1379 471 1504 499 credebat
1523 471 1549 498 in
1565 470 1668 502 Deum,

879 528 907 551 et
920 523 972 550 hoc
986 522 1076 555 ﬁebat,
1087 521 1229 557 Egyptios
1241 520 1336 556 angelo
1347 519 1531 553 dispensante.
1547 516 1669 550 Denique

880 569 944 604 quia
959 569 1082 603 plerique
1097 568 1130 595 de
1145 566 1282 602 Egyptiis
1297 570 1323 592 et
1339 565 1465 592 ldumaeis
1480 562 1608 598 proselyti
1623 569 1669 588 ac-

881 615 1018 649 cipiebant
1032 613 1111 640 fidem
1129 613 1241 643 Christi,
1259 615 1401 646 propterea
1424 609 1563 644 Scriptura
1578 608 1644 634 dicit
1659 616 1666 634 :

882 659 943 686 Non
953 659 1148 686 libaminnberi:
1160 657 1329 692 ngyptinm,
1338 656 1463 691 quoniam
1474 654 1580 681 advena
1588 654 1668 679 eratis

881 705 907 731 in
924 709 993 730 terra
1009 702 1130 738 1Egypti,
1147 707 1171 728 et
1185 701 1334 728 Itlnmcoum
1348 719 1356 732 ,
1369 699 1431 734 quia
1445 698 1528 732 frater
1545 702 1605 723 tuus
1618 702 1668 722 est.

881 750 950 776 Filii
965 749 988 775 si
1004 748 1061 774 nati
1083 748 1181 782 fuerint
1197 747 1251 779 eis,
1265 747 1291 772 in
1307 744 1472 780 generatione
1490 743 1568 769 tertia
1583 742 1669 768 intra-

881 794 943 820 bunt
966 794 994 820 in
1019 792 1167 819 Ecclesium
1190 790 1272 817 Det".
1296 790 1384 824 Atque
1407 788 1444 815 ita
1468 787 1564 820 fiebat,
1585 791 1615 813 ut
1635 785 1669 813 de

881 840 1009 867 omnibus
1023 838 1151 874 gentibus
1164 836 1287 864 nonnulli
1306 834 1433 870 proselyti
1451 833 1562 865 ﬁerent,
1578 837 1604 859 et
1618 831 1669 858 hoc

879 888 968 921 ipsum
984 885 1099 920 angelis,
1117 884 1163 919 qui
1179 888 1274 918 gentes
1290 881 1426 908 habebant
1441 880 1575 909 subditas.
1590 878 1668 905 adni-

881 933 1012 959 tentibus.
1034 930 1112 957 Nunc
1130 934 1220 956 autem
1239 927 1331 963 populi
1348 925 1516 953 credentium
1535 925 1670 952 accedunt

880 978 913 1005 ad
939 977 1020 1004 fidem
1043 976 1106 1003 Jesu
1121 996 1129 1008 ,
1146 979 1174 1001 et
1197 973 1285 1008 angeli
1311 972 1411 1007 quibus
1434 971 1544 998 credita:
1568 969 1670 997 fuerint

880 1023 1018 1054 Ecclesiae,
1035 1021 1154 1048 roborati
1170 1018 1314 1055 praesentia
1329 1016 1491 1049 Salvatoris,
1507 1015 1607 1043 multos
1621 1015 1669 1042 ad-

879 1069 982 1096 ducunt
1004 1066 1173 1102 proselytos,
1198 1069 1228 1091 ut
1246 1066 1446 1098 congregemur
1465 1061 1492 1088 in
1509 1061 1583 1088 omni
1604 1060 1670 1087 orbe

879 1113 1069 1141 conventicula
1094 1111 1322 1138 Christianorum.
1352 1108 1524 1142 Quapropter
1551 1113 1669 1133 consur—

880 1165 972 1196 gentes
987 1159 1131 1186 laudemus
1154 1157 1300 1184 Dominnm
1313 1175 1321 1186 ,
1339 1159 1365 1182 et
1382 1154 1479 1181 fiamus
1501 1160 1550 1188 pro
1566 1151 1669 1179 carnali

880 1205 983 1237 lsrael,
1005 1204 1136 1240 spiritalis
1159 1202 1252 1230 lsrael.
1274 1201 1471 1228 Benedicamus
1489 1196 1668 1232 omnipotenti

880 1250 935 1278 Deo
946 1258 1038 1286 opere,
1048 1249 1223 1285 cogitatione,
1233 1254 1367 1278 sermone,
1381 1245 1408 1272 in
1417 1244 1528 1272 Christo
1539 1243 1615 1275 Jesu,
1625 1243 1668 1270 cui

880 1303 921 1325 est
935 1296 1022 1332 gloria
1034 1300 1061 1323 et
1073 1295 1218 1330 imperium
1233 1294 1260 1320 in
1274 1292 1372 1320 saecula
1388 1291 1559 1319 saeculorum.
1570 1289 1668 1320 Amen,

1162 1349 1304 1378 llOMlLIA
1319 1347 1387 1375 Xlll.

881 1412 920 1439 De
936 1420 965 1438 eo
982 1411 1051 1446 quod
1069 1410 1197 1446 scriptum
1211 1413 1249 1435 est
1262 1416 1271 1434 :
1289 1417 1298 1433 ι
1321 1406 1502 1446 Et‘factaest
1528 1403 1669 1446 multitudo

915 1439 1045 1474 exercitus
1061 1439 1171 1472 celestis
1182 1465 1189 1476 ,
1211 1453 1219 1469 ι
1238 1450 1320 1477 usque
1332 1439 1437 1477 «dicunt
1451 1441 1536 1467 locum
1551 1439 1594 1466 ubi
1610 1440 1647 1465 ait
1659 1445 1669 1465 :

919 1490 929 1507 ‹
939 1482 1097 1509 Invenerunt
1107 1480 1222 1506 Mariam
1229 1483 1253 1505 et
1261 1476 1352 1504 Iesum
1360 1476 1475 1510 pasitum
1485 1477 1509 1502 in
1517 1483 1641 1509 prwscpe.
1657 1483 1666 1500 ι

917 1517 985 1551 Cap.
1002 1524 1032 1543 ιι.

911 1567 1044 1595 Dominus
1073 1571 1166 1595 noster
1178 1571 1266 1602 atque.
1274 1567 1397 1594 Salvator
1410 1567 1531 1594 nascitur
1542 1567 1568 1594 in
1584 1566 1664 1594 Beth-

875 1615 975 1645 lehem.
991 1619 1018 1642 et
1035 1614 1181 1642 multitudo
1196 1614 1313 1641 cmlestis
1325 1614 1460 1640 exercitus
1476 1613 1566 1640 laudat
1579 1614 1663 1640 Deum

877 1665 904 1688 et
917 1660 982 1688 dicit
997 1669 1003 1686 :
1021 1660 1111 1688 Gloria
1126 1660 1153 1686 in
1166 1660 1272 1686 excelsis
1288 1659 1351 1691 Deo,
1370 1665 1394 1686 et
1408 1667 1486 1694 super
1500 1664 1597 1686 terram
1612 1667 1666 1694 pax

877 1706 1023 1733 hominibus
1038 1706 1110 1732 bona:
1122 1706 1273 1733 voluntatis.
1289 1705 1352 1733 "me
1366 1710 1455 1732 autem
1470 1705 1588 1740 loquitur
1601 1707 1666 1732 Inul-

878 1753 962 1781 titudo
975 1752 1093 1779 (scelestis
1103 1752 1246 1783 exercitus,
1259 1752 1320 1786 quia
1330 1751 1384 1785 jam
1398 1751 1535 1779 defecerat
1546 1753 1624 1786 prmhi
1636 1759 1666 1780 re

878 1799 1032 1827 hominibus
1054 1797 1200 1830 auxilium,
1216 1802 1243 1824 ct
1265 1797 1373 1825 videbat
1388 1805 1418 1825 se
1433 1805 1502 1832 opus
1525 1798 1597 1833 quod
1614 1798 1665 1826 sibi

877 1846 1009 1874 creditum
1026 1844 1124 1877 fuerat,
1144 1844 1257 1879 implere
1279 1851 1334 1871 non
1353 1851 1433 1878 posse
1448 1844 1550 1879 absque
1565 1852 1598 1871 eo
1620 1845 1664 1877 qui

882 1902 946 1922 vere
963 1894 1070 1921 salvare
1084 1897 1207 1928 poterat,
1225 1897 1252 1920 et
1267 1891 1395 1926 praesules
1416 1897 1525 1924 quoque
1539 1888 1613 1923 ipsos
1625 1887 1671 1921 ju-

884 1949 965 1974 vare,
996 1945 1026 1967 ut
1054 1939 1180 1966 homines
1205 1938 1386 1965 salvarentur.
1416 1934 1561 1968 Quomodo
1588 1934 1670 1968 igitur

884 1987 1015 2022 scriptum
1038 1990 1080 2013 est
1105 1985 1133 2012 in
1157 1982 1302 2018 Evangelio
1313 1983 1334 2015 ⁸,
1351 1981 1423 2016 quod
1449 1980 1559 2015 quidam
1586 1979 1670 2006 rcmis

883 2033 1019 2059 suleantcs
1032 2037 1106 2058 mare
1117 2029 1249 2056 adversus
1262 2026 1416 2054 c0ntrarios
1428 2029 1523 2052 ventos
1534 2024 1589 2059 jam
1605 2024 1669 2051 fessi

883 2081 978 2110 erant,
996 2081 1023 2104 et
1047 2075 1141 2111 viginti
1159 2074 1298 2109 quinque,
1320 2072 1377 2099 sive
1391 2071 1503 2107 triginta
1517 2070 1612 2098 stadiis
1631 2070 1670 2096 la-

884 2124 1029 2155 borantes,
1044 2125 1151 2156 portum
1173 2124 1265 2146 tenere
1282 2125 1337 2145 non
1363 2121 1506 2152 poterant,
1527 2120 1554 2142 et
1576 2119 1668 2150 postea
1690 2128 1697 2133 -

885 2169 1017 2196 Dominus
1035 2164 1211 2200 supervenit,
1226 2169 1253 2191 et
1266 2164 1406 2199 quiescere
1429 2162 1494 2190 fecit
1511 2161 1609 2188 fluctus
1625 2165 1670 2187 tu-

48 2218 140 2241 nostro
154 2214 268 2246 fuerint,
283 2218 309 2242 et
325 2214 351 2240 in
365 2214 455 2241 animo
469 2215 574 2249 justitia
590 2215 743 2250 pullularit,
760 2216 832 2243 haud
848 2212 870 2238 D
886 2217 1000 2244 mentes,
1013 2216 1165 2243 navemque
1180 2208 1259 2243 cujus
1272 2208 1336 2235 hinc
1350 2208 1412 2235 inde
1422 2207 1505 2234 latera
1520 2206 1670 2233 tundcbau-

47 2258 160 2287 dubium
184 2260 250 2295 quin
275 2260 354 2287 nobis
379 2260 507 2295 loquatur
529 2261 640 2296 angelus
658 2260 775 2288 Domini.
803 2260 831 2289 Si

48 2311 112 2331 vero
127 2306 200 2332 mala
218 2305 317 2333 fuerint
331 2305 357 2332 in
374 2310 468 2333 nostro
483 2305 565 2332 corde
580 2311 696 2338 versata,
713 2305 832 2341 loquitur

49 2348 126 2376 nobis
140 2350 254 2385 angelus
270 2349 380 2376 diaboli.
398 2348 541 2382 Quomodo
554 2349 634 2383 igitur
649 2356 696 2382 per
710 2348 832 2384 singulos

49 2393 173 2422 homines
185 2396 268 2431 946
280 2395 333 2422 bini
350 2399 414 2422 sunt
426 2395 523 2429 angeli,
539 2394 579 2422 sic
592 2395 688 2429 opinor
698 2399 726 2422 et
740 2395 766 2421 in
780 2395 833 2422 sin-

51 2441 119 2474 gulis
132 2442 256 2476 dispares
269 2449 330 2468 esse
345 2440 503 2475 provinciis,
519 2445 549 2467 ut
565 2441 620 2468 sint
638 2445 664 2467 et
680 2440 744 2467 boni
755 2460 763 2473 ,
780 2440 834 2468 sint

51 2491 77 2511 et
96 2488 170 2514 mali.
199 2487 278 2514 Verbi
301 2487 387 2522 gratia
401 2507 408 2518 ,
426 2486 452 2513 in
467 2486 574 2521 Epheso
595 2491 704 2521 propter
724 2493 771 2513 eos
785 2486 831 2520 qui

53 2531 76 2557 in
95 2533 138 2559 illa
162 2534 230 2560 urbe
250 2537 404 2568 peccatores
420 2537 508 2565 erant,
531 2532 642 2565 pessimi
661 2532 747 2565 angeli
763 2540 832 2566 prie—

53 2577 184 2606 sidebant.
203 2579 307 2606 Rursus
322 2578 385 2613 quia
402 2578 481 2605 multi
497 2582 576 2605 erant
591 2577 731 2605 credentes
746 2577 772 2604 in
789 2585 832 2609 ea,

53 2628 110 2649 crat
120 2629 144 2651 et
156 2625 268 2660 angelus
281 2624 409 2652 Ecclesiae
424 2623 613 2658 Ephesiorum,
628 2623 721 2658 illique
735 2623 831 2649 bonus.

55 2668 108 2695 Hoc
119 2675 208 2698 autem
221 2672 292 2705 quod
306 2671 339 2698 de
353 2670 459 2704 Epheso
470 2669 597 2699 diximus,
611 2677 694 2703 super
706 2669 833 2696 omnibus

887 2264 939 2291 tur,
957 2258 990 2284 ab
1005 2255 1157 2284 imminenti
1172 2254 1330 2282 discrimine
1344 2253 1483 2285 liberavit;
1500 2252 1540 2279 sic
1553 2251 1670 2286 intelligo

885 2303 1014 2338 quoniam
1028 2305 1052 2328 et
1068 2300 1155 2335 angeli
1170 2299 1297 2326 volebant
1309 2298 1418 2333 quidem
1433 2296 1589 2324 hominibus
1602 2303 1670 2330 prie-

884 2350 948 2377 berc
961 2348 1140 2380 auxilium,ct
1153 2346 1193 2373 eis
1203 2346 1237 2372 ab
1250 2344 1471 2380 aegrotationibus
1483 2343 1540 2370 suis
1552 2343 1670 2369 tribuere

887 2395 1046 2425 sanitatem,
1066 2393 1129 2427 quia
1145 2399 1233 2418 mune:
1253 2395 1312 2417 sunt
1332 2390 1494 2424 apparitores
1512 2389 1620 2422 spiritus
1642 2388 1670 2414 in

886 2439 1063 2468 ministerium
1079 2438 1153 2465 missi
1168 2441 1274 2472 propter
1287 2444 1329 2463 eos
1344 2435 1388 2470 qui
1403 2435 1534 2461 consecuti
1548 2440 1606 2460 sunt
1623 2443 1669 2460 sa-

886 2485 1019 2512 lnlcnr”:
1043 2483 1089 2518 qui
1107 2487 1238 2517 quantum
1259 2481 1285 2507 in
1306 2481 1363 2507 suis
1386 2480 1489 2506 viribus
1503 2483 1571 2512 erat,
1589 2478 1670 2513 adju—

883 2533 983 2558 vabant
1001 2530 1134 2557 homines.
1153 2527 1287 2554 Videbam
1306 2531 1395 2553 autem
1413 2525 1498 2552 multo
1514 2524 1668 2551 inferiorem

884 2586 961 2606 suam
974 2585 1033 2604 csse
1047 2575 1220 2606 medicinam,
1234 2581 1315 2608 quam
1328 2573 1435 2599 illorum
1450 2579 1513 2597 cura
1529 2570 1668 2604 poscebat.

885 2622 969 2649 Porro
986 2625 1016 2648 ut
1040 2621 1072 2648 de
1094 2619 1219 2654 exemplo
1235 2619 1324 2653 possis
1345 2617 1493 2651 intelligere
1513 2615 1584 2650 quod
1601 2615 1670 2641 dici-

884 2676 957 2700 mus,
974 2667 1034 2694 vide
1050 2666 1115 2693 mihi
1132 2666 1226 2692 urbem
1244 2664 1270 2690 in
1286 2671 1337 2698 qua
1353 2666 1482 2697 asgrotent
1502 2660 1621 2696 plurimi,
1642 2665 1669 2686 et

89 2728 99 2743 '
113 2727 120 2753 l
135 2729 197 2756 Cor.
212 2737 252 2761 in,
267 2730 294 2756 9.
328 2727 440 2754 "Joan.
457 2736 483 2755 ι.
512 2727 522 2743 ⁸
534 2727 632 2762 Ephcs.
654 2727 748 2759 iv,ll,
766 2725 808 2753 12.
844 2726 853 2740 τ
865 2725 924 2752 Act.
941 2732 996 2756 xvr,
1013 2725 1039 2751 9.
1074 2723 1173 2751 'Dcut.
1185 2729 1261 2754 mn,
1278 2721 1303 2753 ἲ,
1315 2722 1340 2746 8.
1379 2718 1497 2746 ’Joann.
1514 2725 1549 2750 rt,
1567 2717 1607 2749 l9,
1621 2716 1666 2743 2i.

56 2761 75 2776 ιο
89 2762 190 2796 lluhrJ,
206 2765 247 2791 ti.

91 2809 146 2844 (ΒΞ)
161 2810 196 2836 De
217 2811 319 2845 angelis
331 2809 472 2845 hominum
493 2806 758 2845 provinciarumqth
770 2804 907 2845 custotli_:e_
922 2803 1056 2845 przofecfis
1075 2803 1256 2845 exnflrigenis
1277 2801 1409 2830 sententia
1436 2799 1494 2834 (qui
1514 2803 1601 2825 tamen
1631 2795 1670 2825 si-

55 2838 243 2880 hinxct'parum
254 2838 386 2873 ‘constans
404 2843 471 2878 fuit)
488 2838 608 2869 dicemus
622 2838 829 2876 paulo'inrerins
848 2840 881 2867 ad
902 2839 996 2866 homil.
1012 2838 1046 2865 25
1060 2843 1086 2866 et
1102 2838 1147 2866 55.
