1846 3053
35 126 100 154 557

630 127 663 155 ΙΝ
682 128 800 156 LUCAM
821 129 962 157 110?.“le
985 129 1041 159 XV.

1591 139 1601 164 1
1608 138 1660 165 858

25 184 215 210 'cnerandum
231 188 293 211 ante
311 183 478 211 nativitatem
496 183 596 212 Christi
613 185 752 218 masculus
763 194 820 214 om-
834 191 856 217 Α
872 196 930 220 nes,
946 188 990 214 ille
1003 188 1048 222 qui
1067 195 1114 222 pro
1127 193 1183 216 toro
1200 187 1302 217 mundo
1319 191 1491 225 nascebatur,
1506 198 1531 220 et
1546 195 1598 228 pati
1613 195 1660 222 ha-

25 230 95 256 iino
112 237 166 256 non
192 229 287 264 tetigit.
308 229 402 256 Audeo
422 231 486 265 quid
500 231 587 265 loqui,
603 231 667 265 quia
693 236 721 258 et
745 232 771 259 in
788 240 821 259 eo

25 275 105 309 ιιιοᾱ
125 275 256 309 scriptutn
273 279 332 302 est:
355 275 470 309 Spiritus
491 275 538 302 Dei
559 277 641 303 veniet
657 285 735 311 super
748 283 781 309 te,
797 281 821 304 et

25 321 112 346 νῖν-ηις
128 320 260 347 Altissimi
275 319 440 347 obumbrabit
459 325 483 347 te
499 321 532 354 “,
547 321 713 357 principium
737 323 821 350 semi—

25 365 64 391 iis
86 370 114 392 et
138 369 285 400 conceptus
309 364 400 397 fuerit,
422 370 448 393 et
464 366 524 393 sine
543 368 630 395 vulvae
654 368 822 396 reseratione

25 418 117 438 novus
141 411 168 437 in
190 415 267 437 utero
283 410 353 438 fetus
370 411 529 440 adoleverit.
555 411 631 440 Unde
647 417 673 440 ct
697 413 821 442 Salvator

25 456 168 490 oquitnr:
189 456 244 490 Ego
262 465 320 483 sum
333 457 426 484 vermis
438 461 526 485 etnon
542 459 629 492 homo,
651 459 820 494 opprobrium

25 503 175 533 rominum,
199 507 222 528 et
244 502 355 536 abjectio
377 503 461 537 plebis
484 504 516 531 ".
540 503 656 532 Videbat
681 505 708 532 in
726 507 820 534 matris

25 552 106 574 itero
120 548 320 575 immunditiam
339 557 494 583 corporum,
512 550 663 578 visceribus
679 551 739 586 ejus
757 552 820 580 |.inc

25 594 89 620 mle
107 586 371 627 \'allattts,‘tcrt'ena-
394 595 469 623 faecis
491 597 645 631 patiebatur
668 601 818 633 angustias,

25 639 99 665 inde
114 640 247 667 assimilat
269 648 299 667 se
313 641 410 673 vermi,
431 646 457 668 et
470 641 553 669 dicit:
571 641 627 676 Ego
643 650 701 668 sum
714 643 818 676 vermis,

30 689 38 709 t
58 692 114 710 non
131 685 218 712 homo.
234 685 272 712 Ex
290 694 364 713 mare
376 687 476 722 quippe
489 695 520 714 ac
533 686 632 714 femina
646 687 728 716 homo
745 689 819 716 nasci

25 730 107 761 .ulct,
124 738 174 764 ego
190 738 254 757 vero
271 740 323 758 non
339 739 370 759 ex
383 733 506 760 masculo
519 737 545 760 et
557 732 657 760 femina
669 735 818 762 secundum

25 777 110 802 ‘ituxn
135 776 284 805 humanum
301 783 382 812 atque
401 783 539 812 naturam,
556 779 603 806 sed
621 779 647 805 in
663 780 817 815 exemplum

25 823 129 848 νιξιηιιιίε
155 827 234 850 natus
258 831 329 857 smn,
348 825 427 859 cujus
442 833 497 852 non
519 832 561 853 est
585 826 694 854 aliunde
713 835 816 860 semen,

25 869 69 895 ινα
97 868 125 895 in
147 869 223 903 ipsis,
241 874 266 896 ct
289 878 322 897 ex
337 871 421 907 949
441 872 507 906 ipsis
530 873 556 899 in
571 873 672 907 quibus
689 874 819 901 coalescit
834 860 853 887 Β

25 914 188 947 toi-poribus
203 915 279 949 origo
291 920 342 942 est.
361 914 474 950 Propter
488 917 560 951 quod
573 918 637 952 quia
653 924 733 945 omne
746 926 818 946 mas-

25 959 148 990 -nlinnm
166 960 238 993 quod
252 961 339 994 aperit
356 961 476 993 vulvam,
494 967 620 990 sanetum
640 962 755 991 Domino
770 971 817 991 vo-

25 1005 144 1037 -abitur,
159 1005 257 1032 ductus
273 1011 315 1034 est
339 1007 366 1034 in
391 1006 599 1043 Jerosolymam,
621 1013 650 1036 ut
676 1015 817 1044 appareret

25 1056 87 1078 ιιιιο
110 1056 285 1086 conspectum
302 1052 359 1086 Dei,
377 1058 404 1081 et
425 1059 536 1089 propter
552 1055 617 1082 illud
635 1056 707 1090 quod
726 1056 818 1091 sequi-

29 1105 66 1122 ιιι·
83 1107 90 1124 :
111 1097 144 1124 Ut
165 1098 275 1126 daretur
296 1108 390 1126 manus
402 1108 449 1135 pro
463 1109 491 1127 eo
509 1100 578 1136 quod
592 1102 617 1127 in
632 1101 686 1136 lege
712 1102 817 1128 Domini

25 1143 154 1176 .rriptum
169 1149 207 1170 est
221 1153 230 1171 :
249 1145 302 1171 Par
315 1150 449 1172 turturum
468 1151 515 1173 aut
533 1147 598 1173 duos
617 1147 702 1181 pullos
717 1147 817 1175 colum-

25 1197 131 1216 mrum.
145 1190 294 1218 Turturum
306 1199 366 1226 par,
384 1196 410 1219 et
426 1192 495 1219 duos
512 1193 600 1227 pullos
615 1193 814 1228 columbarum,

28 1244 71 1262 u‘o
98 1235 238 1264 Salvatore
262 1237 386 1264 videmus
403 1237 521 1265 oblatos.
539 1237 594 1272 Ego
616 1243 643 1265 et
660 1246 724 1266 aves
749 1239 816 1268 istas

27 1285 120 1308 beatas
136 1285 201 1315 puto
216 1289 277 1316 qua:
292 1290 341 1316 pro
365 1286 425 1309 ortu
450 1281 556 1309 Domini
579 1283 675 1310 oblatae
699 1289 771 1316 sunt,
790 1289 816 1312 et

26 1327 165 1360 tnontodo
181 1327 286 1354 asinam
310 1327 418 1354 Balaam
435 1327 530 1360 miror,
545 1333 572 1355 et
594 1328 720 1357 felicitate
734 1338 815 1358 accu-

25 1373 111 1405 nulo,
131 1374 194 1407 quia
209 1373 290 1408 digna
309 1373 388 1401 fuerit
403 1382 455 1401 non
474 1375 563 1401 Su'tum
577 1375 669 1402 videre
687 1376 814 1411 angelum

25 1419 81 1450 Dei,
101 1420 147 1446 sed
162 1419 244 1446 etiam
257 1427 304 1446 ore
318 1425 437 1447 reserato
449 1420 474 1447 in
492 1421 642 1448 humanum
660 1429 813 1450 sermonem

25 1473 167 1499 :rumpere
181 1474 187 1491 :
199 1465 240 1492 sie
252 1465 337 1493 multo
352 1466 468 1500 amplius
484 1465 533 1493 bas
546 1466 670 1494 volucres
686 1466 813 1501 praadico,

25 1518 126 1546 )asque
139 1511 265 1544 sustolle,
281 1512 352 1545 quod
367 1519 415 1546 pro
432 1511 546 1539 Domino
562 1517 657 1540 nostro
678 1515 705 1539 et
720 1512 814 1539 Salva-

25 1564 83 1584 .ore
95 1557 192 1584 oblata:
206 1561 279 1584 sunt.
303 1557 336 1584 Ut
352 1558 475 1591 o/fert'ettt
494 1566 541 1592 pro
556 1567 585 1585 ea
600 1566 649 1593 par
669 1563 813 1591 turturum,

25 1608 69 1628 int
95 1603 162 1629 duos
179 1603 264 1633 pullos
284 1603 476 1630 columbarum.
494 1603 600 1632 Novum
617 1603 682 1639 quid
698 1603 813 1632 forsitan

25 1648 117 1675 ridear
133 1649 244 1680 inferre,
268 1649 313 1676 sed
329 1657 378 1683 pro
403 1649 545 1684 majestate
569 1657 666 1684 parum
690 1650 812 1685 dignum.

25 1693 102 1721 "sicut
115 1701 184 1721 neva
199 1694 249 1721 fuit
267 1695 405 1730 generatio
421 1694 582 1728 Salvator-is,
602 1703 655 1723 non
672 1704 705 1723 ex
718 1696 777 1724 viro
788 1701 815 1723 et

27 1740 148 1772 nuliere,
174 1740 220 1767 sed
243 1748 275 1767 cx
294 1741 350 1768 sola
375 1746 479 1768 tantum
500 1741 631 1776 Virgine:
652 1742 692 1769 sic
713 1746 740 1769 et
764 1750 813 1776 par

30 1792 161 1812 urturum
177 1791 203 1812 et
218 1786 272 1812 duo
288 1786 352 1820 pulli
374 1786 561 1814 columbarum
581 1794 636 1814 non
648 1785 758 1813 fuerunt
773 1791 814 1814 ta-

29 1840 60 1859 cs
79 1833 174 1867 quales
188 1832 275 1859 oculis
290 1833 382 1860 carnis
397 1833 561 1868 aspicimus;
579 1833 626 1860 sed
642 1833 735 1868 quales
752 1833 812 1868 Spi-

28 1879 94 1905 'itns
113 1883 224 1906 sanctus
241 1883 293 1910 est,
310 1879 355 1913 qui
371 1879 396 1906 in
416 1879 505 1913 specie
522 1879 654 1907 columbae
675 1879 813 1907 descendit

26 1929 46 1950 rt
64 1924 140 1951 venit
161 1931 241 1958 super
258 1923 440 1956 Salvatorem,
456 1923 566 1959 quando
583 1924 610 1951 iu
625 1923 743 1951 Jordane
765 1924 813 1951 ba-

25 1971 140 1997 .itizatus
151 1971 246 1997 cst'l‘.
258 1970 323 1998 Tale
338 1970 388 1997 fuit
399 1974 425 1996 et
435 1977 481 2004 par
491 1974 627 1997 turturum
641 1977 647 1995 :
665 1976 719 1996 non
735 1974 811 1996 erant

30 2016 74 2042 llze
93 2016 217 2043 volucres
234 2016 289 2050 (4|)
306 2021 334 2042 Iit
354 2016 412 2043 ista:
433 2023 494 2050 qua:
515 2023 561 2050 per
582 2022 671 2041 acrem
687 2014 811 2046 volitant,

25 2062 66 2088 scd
92 2062 214 2089 divinum
239 2062 368 2096 quiddam
393 2067 420 2089 ct
444 2062 563 2088 humana
586 2060 812 2095 contemplatione

25 2108 175 2141 augustius,
200 2108 251 2134 sub
268 2107 358 2142 specie
372 2107 505 2134 columbze
521 2111 549 2134 et
566 2105 680 2133 turturis
696 2113 811 2140 appare-

25 2158 77 2185 σει,
97 2157 126 2180 ιιι
141 2161 195 2180 non
214 2153 313 2180 talibus
329 2153 446 2180 victimis
467 2152 593 2188 qualibus
609 2159 705 2179 omnes
723 2152 811 2179 homi-

55 2233 79 2248 ’³
97 2231 164 2260 Luc.
184 2239 203 2264 ι,
220 2231 267 2258 55.
305 2232 327 2248 ’³
347 2231 420 2260 Psal.
447 2240 503 2266 xxi,
525 2231 551 2259 6.
591 2233 624 2248 ’θ’
644 2232 739 2260 Matth.
760 2241 803 2260 ιιι.

873 234 962 265 bebat,
975 242 1066 261 coram
1083 234 1197 261 Domino
1212 236 1400 268 mundaretur,
1417 238 1463 264 sed
1479 243 1506 265 nt
1519 239 1659 274 dispensa-

872 278 909 304 tio
926 278 985 312 ejus
1008 286 1076 305 nova
1089 279 1191 310 omnia,
1205 279 1240 306 ita
1259 288 1343 308 novas
1357 289 1466 316 quoque
1484 283 1595 310 haberet
1611 284 1660 310 ho-

872 324 949 356 stias,
978 325 1126 350 secundum
1150 325 1318 353 voluntatem
1343 327 1537 361 omnipotentis
1563 328 1608 355 Dei
1634 329 1660 356 in

871 368 980 396 Christo
995 368 1070 402 Jesu,
1086 370 1129 397 cui
1151 375 1192 397 est
1206 371 1290 406 gloria
1306 375 1333 399 et
1353 372 1497 406 imperium
1516 373 1542 400 in
1560 375 1659 401 sarcula

872 414 1042 442 saeculorum.
1060 415 1157 443 Amen.

1160 470 1301 499 HOMILIA
1319 472 1377 500 XV.

872 528 910 556 De
936 527 1067 561 Simeone,
1092 529 1161 563 quod
1187 529 1214 555 in
1230 529 1327 562 spiritu
1343 529 1379 556 ad
1405 529 1529 563 templum
1550 532 1660 564 venerit,

905 572 986 599 usque
1001 565 1035 590 ad
1051 572 1110 590 eum
1122 564 1218 596 locant,
1231 564 1276 590 ubi
1291 565 1328 590 ait
1340 573 1350 592 :
1366 574 1375 589 ι
1392 564 1471 591 Nunc
1486 566 1597 592 dimittis
1609 575 1657 592 ser-

905 607 964 625 vum
980 605 1063 632 tuum,
1081 599 1201 631 Domine,
1215 600 1241 625 in
1255 606 1327 633 pace.
1348 610 1356 625 ι
1374 600 1439 634 Cap.
1458 607 1487 626 ll.

904 644 988 679 Digna
1002 644 1048 671 Dei
1064 651 1175 671 munere
1190 645 1335 679 quaerenda
1350 650 1391 672 est
1406 645 1485 672 ratio.
1499 644 1603 672 Simeou
1619 646 1659 672 vir

869 695 977 715 sanctus
994 693 1018 716 et
1041 689 1152 715 Domino
1166 690 1282 723 placens,
1301 690 1371 717 sicut
1388 690 1414 716 iu
1433 690 1578 726 Evangelio
1593 691 1653 718 scriv

869 739 945 769 ptum
963 739 1014 767 est,
1033 740 1187 768 exspectans
1209 735 1414 762 consolationem
1431 735 1527 769 Israel,
1551 745 1659 771 respon-

869 787 927 806 sum
943 786 1077 814 aceeperut
1091 788 1108 806 α
1122 779 1225 814 Spiritu
1239 786 1341 814 sancto,
1358 789 1408 807 non
1422 790 1448 808 se
1462 782 1536 815 prius
1549 787 1658 808 mortem

869 824 1002 852 obiturum
1018 834 1097 860 quam
1121 825 1221 852 rideret
1243 825 1377 853 Christum
1398 827 1517 855 Domini.
1542 827 1613 860 Quid
1634 827 1659 855 ei

869 870 979 905 profuit,
996 876 1025 898 ut
1037 871 1138 898 videret
1151 870 1309 898 Christum?
1324 871 1421 898 Utrum
1440 872 1494 899 hoc
1510 876 1614 900 tantum
1631 873 1658 900 in

869 917 1051 952 promissione
1075 917 1178 948 habuit,
1198 921 1227 944 ut
1249 918 1352 944 videret
1376 917 1462 950 illum,
1487 918 1609 953 nihilque
1625 927 1658 947 ex

869 963 927 990 visu
945 963 1004 997 ejus
1020 967 1230 998 consequeretur
1242 963 1391 991 utilitatis?
1406 972 1439 991 an
1463 964 1529 991 latet
1548 965 1658 999 aliquod

868 1009 968 1036 donum
984 1009 1094 1044 dignum
1116 1008 1173 1042 Dei,
1190 1009 1262 1044 quod
1275 1009 1370 1037 beatus
1388 1009 1499 1038 Simcon
1513 1015 1540 1038 et
1562 1012 1659 1039 meruit

868 1060 894 1082 et
910 1055 1032 1089 accepit?
1046 1054 1193 1082 Fimbriam
1208 1055 1363 1082 vestimenti
1380 1055 1445 1083 Jesu
1464 1056 1561 1083 mulier
1574 1057 1660 1091 tetigit

868 1105 894 1128 et
907 1105 1000 1128 sanata
1017 1105 1058 1128 est
1074 1101 1106 1127 '°.
1128 1100 1155 1127 Si
1172 1101 1216 1128 illa
1237 1101 1269 1128 ad
1283 1105 1433 1128 extremam
1455 1105 1559 1136 partem
1575 1103 1659 1130 vesti-

868 1147 950 1174 menti
975 1151 1078 1174 tantum
1096 1147 1272 1174 emolumenti
1297 1147 1402 1179 habuit,
1425 1148 1490 1183 quid
1508 1148 1658 1183 putandum

866 1198 908 1221 est
918 1192 951 1220 de
965 1192 1101 1227 Simeone,
1118 1193 1165 1228 qui
1182 1193 1209 1220 in
1223 1201 1288 1220 suas
1303 1193 1382 1221 ulnas
1395 1194 1499 1228 accepit
1515 1193 1656 1228 infantem,

866 1245 893 1266 et
906 1238 1024 1266 brachiis
1041 1243 1136 1266 tenens
1153 1238 1294 1265 lmtahatur
1311 1242 1392 1273 atque
1409 1239 1544 1274 gaudebat
1559 1239 1655 1267 videns

866 1285 1011 1320 parvulum
1029 1292 1044 1311 a
1065 1292 1094 1311 se
1114 1285 1225 1319 gestari,
1244 1285 1290 1320 qui
1309 1285 1342 1312 ad
1358 1285 1462 1312 vinctos
1477 1290 1587 1312 venerat
1612 1293 1658 1312 τας

866 1331 1021 1362 solvendos,
1038 1338 1121 1364 seque
1134 1331 1221 1365 ipsum
1239 1330 1316 1358 no‘dis
1329 1330 1453 1365 corporis
1469 1330 1656 1358 liberandum:

866 1378 956 1404 sciens
970 1377 1104 1404 neminem
1123 1385 1203 1411 posse
1219 1377 1253 1404 de
1277 1377 1398 1405 claustro
1415 1378 1538 1412 corporis
1559 1385 1655 1412 quem-

866 1422 938 1457 piam
954 1423 1078 1450 emittere
1090 1430 1152 1449 eum
1170 1430 1217 1457 spe
1233 1422 1331 1450 futura:
1346 1424 1416 1455 vitae,
1430 1423 1482 1450 nisi
1498 1431 1560 1451 eum
1574 1431 1656 1458 quem

867 1469 895 1496 in
922 1468 1042 1496 brachiis
1066 1469 1232 1496 continebat.
1257 1467 1335 1496 Unde
1360 1469 1394 1496 ad
1421 1477 1483 1496 eum
1510 1469 1654 1503 loquitur:

868 1514 946 1541 Nunc
959 1514 1082 1547 dimittis,
1095 1514 1216 1548 Domine,
1229 1523 1331 1541 seruum
1345 1519 1418 1541 tuum
1432 1515 1459 1541 in
1470 1523 1544 1549 pace.
1565 1515 1656 1548 Quan-

866 1560 911 1588 diu
933 1560 1005 1586 enim
1029 1559 1170 1587 Christum
1194 1567 1246 1586 non
1272 1560 1407 1593 tenebam,
1433 1561 1554 1595 quandiu
1579 1561 1653 1588 illum

865 1605 933 1633 meis
947 1604 1067 1632 brachiis
1089 1612 1143 1631 non
1165 1604 1313 1637 arctabam,
1337 1604 1448 1632 clausus
1472 1613 1557 1637 eram,
1573 1610 1599 1632 et
1621 1605 1655 1633 de

865 1651 982 1679 vinculis
997 1651 1071 1678 exire
1090 1658 1142 1678 non
1162 1656 1294 1686 poteram.
1310 1650 1367 1678 lloc
1385 1656 1476 1678 autem
1498 1659 1551 1678 non
1566 1652 1655 1679 solum

865 1696 898 1724 de
911 1696 1048 1728 Simeone,
1066 1696 1113 1723 scd
1127 1696 1160 1723 de
1175 1696 1248 1723 omni
1266 1696 1388 1723 humano
1405 1704 1502 1731 genere
1515 1697 1655 1724 sciendum

865 1748 916 1770 cst.
936 1743 963 1769 Si
982 1742 1044 1777 quis
1061 1743 1199 1777 egreditur
1213 1750 1228 1769 e
1251 1742 1364 1774 mundo,
1388 1742 1410 1769 si
1428 1742 1490 1776 quis
1513 1750 1529 1769 e
1546 1750 1655 1769 carcere

865 1789 1018 1816 vinctorum
1034 1788 1116 1815 domo
1140 1787 1295 1818 dimittitur,
1311 1792 1340 1814 ut
1360 1787 1393 1814 ad
1418 1787 1584 1822 regnandum
1607 1796 1654 1814 va-

864 1835 919 1867 dat,
944 1833 1140 1861 sutnatJesum
1168 1835 1194 1860 in
1219 1834 1344 1860 manibus
1367 1833 1435 1866 suis,
1459 1837 1485 1859 ct
1503 1833 1654 1860 circumdet

863 1889 925 1908 eum
944 1880 1061 1907 brachiis
1083 1880 1151 1912 suis,
1176 1884 1261 1906 totunt
1282 1879 1381 1906 habeat
1405 1879 1430 1906 in
1455 1879 1528 1911 sinu,
1544 1883 1571 1905 et
1586 1883 1652 1906 tunc

863 1927 1003 1954 exsultans
1030 1926 1070 1952 ire
1097 1925 1204 1960 poterit,
1227 1932 1281 1959 quo
1302 1924 1447 1951 desiderat.
1474 1923 1652 1952 Considerate

863 1976 964 2006 quanta
984 1969 1150 2004 dispensatio
1169 1968 1348 2003 pratcesserit,
1366 1971 1394 1994 ut
1416 1966 1513 1993 Filium
1542 1966 1589 1993 Dei
1612 1965 1654 1994 Si-

863 2023 942 2042 meon
961 2020 1110 2042 mereretur
1127 2019 1227 2041 tenere.
1244 2012 1363 2039 Primum
1377 2020 1536 2047 responsum
1553 2020 1567 2038 EI
1582 2019 1647 2039 sau-

862 2066 906 2089 clo
931 2060 1033 2095 Spiritu
1059 2064 1209 2095 acceperat,
1237 2067 1291 2086 non
1315 2067 1377 2086 eum
1403 2060 1494 2086 videre
1520 2064 1646 2092 inertem,

863 2107 914 2134 nisi
941 2107 1015 2141 pritts
1036 2107 1149 2134 vidisset
1168 2106 1307 2133 Christum
1332 2104 1450 2132 Domini.
1474 2104 1574 2133 Deinde
1593 2112 1647 2132 non

863 2153 974 2180 foztuitn
991 2160 1022 2180 ac
1043 2152 1204 2187 simpliciter
1224 2152 1364 2186 ingressus
1380 2155 1422 2178 est
1443 2151 1584 2185 templum,
1603 2151 1649 2178 sed

842 2233 865 2250 "
887 2232 979 2260 Matth.
995 2239 1032 2264 ix,
1047 2231 1093 2265 20,
1108 2229 1153 2257 22.

25 2311 100 2329 ἀνιιε
122 2302 233 2332 Clu-isti,
250 2309 309 2336 cap.
332 2300 376 2330 ‘23.
400 2306 482 2335 atque
504 2308 611 2332 eorum,
627 2308 696 2335 quos
721 2301 808 2328 Gene-
824 2305 846 2334 υ
860 2308 946 2335 eoque
960 2299 1110 2327 Ezechielis
1121 2299 1233 2336 oraculo
1251 2296 1459 2336 corroboratum
1474 2309 1480 2325 :
1500 2297 1581 2336 Porto
1594 2299 1649 2327 lttL'C

25 2338 137 2365 orardus
151 2343 232 2371 atque
245 2335 357 2364 lluctius
371 2340 532 2371 praetexunt,
542 2335 677 2363 Ambrosii
691 2336 805 2368 scilicet,

25 2373 172 2404 ’lthanasii,
186 2372 288 2403 Basilii,
306 2372 352 2405 qtti
366 2371 399 2398 de
412 2371 525 2405 virginei
541 2370 650 2397 claustri
667 2372 806 2405 apertione

25 2416 46 2433 .n
62 2413 141 2442 partu
157 2407 305 2434 disserunt.
317 2404 410 2433 ’Probe
429 2404 637 2442 autcmmﬂuetiu
651 2404 804 2442 notandum

25 2440 71 2473 ast,
95 2442 223 2469 omnibus
249 2442 283 2468 iis
304 2442 490 2475 exceptionem
518 2441 591 2467 illam
624 2440 804 2468 adhibendam

25 2485 92 2512 Esse,
107 2485 160 2512 qua
178 2477 211 2504 ad
229 2476 387 2512 solvendum
408 2475 546 2512 Ambrosii
567 2475 666 2512 locum,
684 2483 750 2512 usus
765 2480 806 2502 est

25 2509 141 2539 Thomas
157 2518 229 2546 p.ltl,
247 2520 273 2545 q.
291 2511 336 2542 ΞΒ,
349 2510 402 2542 n.2,
420 2511 455 2537 ita
475 2517 571 2545 nempe
585 2511 692 2546 locutos
711 2509 805 2538 Patres

25 2547 94 2578 illos,
109 2545 170 2574 cum
185 2547 249 2572 illud
261 2546 431 2580 evangelistze
442 2551 609 2579 exponerent
624 2554 630 2571 :
650 2545 732 2571 Omne
747 2553 804 2571 nm-

25 2582 151 2608 mulinum
167 2581 321 2616 adaperiens
335 2579 449 2616 uuluam,
464 2585 585 2616 sanctum
603 2579 714 2616 Domino
729 2588 805 2607 uoca-

25 2617 112 2643 bitnr:
131 2617 203 2651 quod
216 2616 325 2650 quidem
341 2624 373 2642 ex
389 2615 495 2651 vulgata
518 2615 642 2651 loquendi
661 2620 805 2651 consuetu:

25 2652 84 2678 [line
97 2650 256 2686 usurpatum
273 2655 324 2681 est,
343 2659 395 2677 nou
415 2651 446 2677 ad
471 2650 803 2686 signiticandamrvirginei

25 2687 103 2720 sigilli
122 2687 147 2712 in
161 2684 303 2721 puerperio
320 2685 471 2721 hesionem,
485 2684 532 2711 sed
553 2685 655 2721 exitum
673 2684 804 2721 duntaxat

25 2722 104 2754 prolis
120 2719 257 2748 deiuter’o.
274 2720 407 2747 Cancrum
423 2720 517 2747 eodem
536 2719 681 2746 adnotante
697 2719 803 2754 Iluctio,

25 2753 74 2782 hoc
94 2761 133 2783 est
152 2756 262 2791 optima:
275 2755 385 2791 Patrum
407 2760 460 2791 tam
477 2754 644 2786 Graacorum,
657 2762 739 2791 quam
758 2753 806 2782 La-

25 2791 139 2817 linorttm
153 2789 247 2825 partis,
264 2795 290 2817 et
302 2789 429 2824 Ephesini
446 2794 573 2824 prieterea
586 2789 692 2817 concilii
711 2789 805 2816 decre-

25 2830 91 2858 tum,
119 2824 248 2860 perpetuo
274 2824 401 2853 Ecclesiae
422 2833 558 2853 consensu
587 2825 803 2859 comprobatum,

860 2336 951 2362 clausa
968 2336 1042 2362 erit:
1059 2342 1109 2361 non
1128 2335 1269 2368 aperietur,
1285 2338 1309 2360 et
1332 2335 1370 2361 vir
1391 2343 1441 2360 non
1460 2335 1583 2360 transibit
1604 2343 1651 2368 per

859 2379 916 2397 eam
928 2379 937 2402 ,'
951 2371 1075 2405 quoniam
1089 2369 1217 2396 Dominus
1232 2369 1399 2405 DeasVIsrael
1410 2370 1542 2405 ingressus
1555 2373 1593 2395 est
1604 2378 1650 2403 per

859 2413 933 2436 eam;
955 2403 1055 2439 eritque
1078 2405 1170 2431 clausa
1192 2404 1317 2438 principi,
1338 2404 1469 2430 illibatam
1485 2407 1519 2439 et,
1536 2403 1562 2439 in
1586 2412 1648 2431 cott-

860 2445 938 2474 ccptu
960 2445 986 2467 et
1010 2437 1035 2467 in
1058 2444 1137 2474 partu
1163 2439 1254 2466 Mariae
1273 2439 1465 2474 virginitatem,
1489 2437 1647 2474 Christique

860 2473 960 2509 corpus
975 2473 1070 2502 eodem
1086 2475 1167 2501 modo
1182 2474 1255 2501 foras
1269 2474 1431 2508 prodidisse,
1448 2481 1503 2507 quo
1518 2473 1551 2499 ad
1566 2473 1647 2501 disci-

860 2509 938 2544 pulos
953 2509 1208 2544 obseratisrforibus
1223 2509 1381 2543 penetravit.

895 2545 951 2579 (41)
972 2544 1067 2571 Merito
1081 2543 1221 2579 Origenes,
1242 2543 1313 2579 quod
1334 2544 1360 2570 in
1376 2543 1527 2579 Scripturis
1545 2543 1646 2571 edisse-

859 2579 961 2611 rendis,
975 2578 1150 2614 pessumdata
1170 2579 1268 2613 saepius
1288 2578 1418 2605 historico
1434 2585 1526 2609 sensu,
1544 2578 1645 2612 allego-

859 2614 922 2641 ricis
944 2614 1160 2648 expositionibus
1181 2614 1219 2640 rei
1247 2613 1387 2639 veritatem
1413 2613 1558 2648 praevertit,
1575 2614 1645 2640 male

858 2649 928 2684 apud
950 2647 1078 2676 Ecclesia:
1100 2649 1192 2676 Patres
1213 2648 1343 2675 contimto
1367 2648 1464 2675 audiit.
1482 2647 1558 2684 Haud
1572 2653 1645 2675 certe

859 2683 926 2716 seio,
943 2692 996 2718 qua
1019 2685 1105 2719 possit
1120 2685 1176 2711 haec
1190 2683 1564 2719 interpretatioexcusatione
1580 2684 1644 2710 obli~

859 2720 922 2750 niri,
939 2717 1000 2746 cum
1017 2717 1138 2746 turtures
1152 2726 1201 2753 pro
1215 2719 1324 2745 Christo
1340 2718 1446 2745 oblatos
1457 2717 1541 2744 fuisse
1555 2724 1643 2753 negat.

859 2755 986 2786 volucres,
998 2759 1026 2781 ut
1041 2755 1099 2782 ista:
1124 2759 1194 2785 sunt.
1210 2762 1268 2788 qua:
1290 2761 1335 2788 per
1357 2761 1442 2780 aerem
1459 2753 1578 2785 volitant,
1600 2753 1645 2779 sed

858 2790 975 2816 divinum
997 2789 1123 2824 quiddam
1144 2793 1169 2815 et
1183 2790 1299 2815 hanmna
1325 2788 1544 2822 contemplatione
1560 2797 1644 2823 augu-

858 2830 935 2857 st-us,
954 2823 1095 2858 sub-specie
1115 2823 1243 2851 columba:
1255 2829 1278 2850 et
1293 2824 1404 2852 turturis
1417 2825 1581 2858 apparuisse.
