1846 3053
171 129 239 155 18τ9

915 126 1076 155 ORICENIS

1757 125 1797 151 illi
1807 129 1811 149 t

169 187 242 213 venit
255 187 280 212 in
297 185 427 220 templum
443 185 468 212 in
483 184 586 220 Spiritu
601 184 657 211 Dei.
672 184 804 219 Quotan
817 185 885 211 enim
899 184 956 218 Spi-
975 185 996 214 Λ
1012 184 1155 219 vigilantes
1169 189 1195 212 et
1222 186 1401 213 ohsnrvantes
1433 183 1588 212 custodias
1617 182 1708 210 noctis
1737 191 1808 218 supra

170 234 224 259 ritu
236 233 284 259 Dei
300 237 426 267 aguntur,
443 232 470 258 lti
486 231 536 265 ﬁlii
552 235 612 257 sunt
627 231 672 257 Dei
690 231 722 257 “.
741 231 859 265 Spiritus
877 230 960 266 igitur

169 284 281 306 sanctus
302 286 364 305 eum
388 278 467 305 duxit
492 277 517 303 in
541 277 682 311 templum.
699 276 738 303 Tu
756 284 865 312 quoqtte
879 277 901 303 si
919 277 960 303 vis

170 328 262 350 tenere
274 323 380 356 Iesum,
397 329 423 350 et
436 322 590 357 amplexare
602 322 737 354 manibus,
750 327 776 350 et
790 323 888 358 dignus
901 322 960 349 lieri

169 369 244 396 exire
259 369 292 396 de
307 377 426 401 carcere,
446 369 520 396 omni
536 368 628 395 labore
640 369 736 400 nitere,
754 373 782 395 ut
796 368 892 395 ducem
911 368 961 394 Ita-

171 416 235 443 beas
261 416 403 450 Spiritum,
424 416 572 450 veniasque
594 415 626 442 ad
652 415 781 450 templum
811 414 868 442 Dei.
893 413 962 442 Ecce

171 470 243 488 ttttnc
258 466 314 488 stas
337 462 363 487 itt
381 462 481 496 tetnplo
497 461 606 489 Domini
625 460 699 493 Jesu,
721 461 772 488 hoc
789 465 840 492 est,
861 460 888 487 in
912 459 963 487 Ec-

169 507 251 534 clesia
267 507 337 540 ejus,
355 507 405 533 ltoc
420 512 460 533 est
476 507 607 542 templum
620 507 654 533 de
671 507 742 533 vitis
764 506 899 540 lapidibus
919 514 964 532 ex-

169 557 312 579 structum.
333 553 394 580 Stas
415 559 504 579 autem
527 553 553 579 itt
579 553 680 587 templo
709 552 826 583 Domini,
852 552 962 586 quando

169 599 222 626 vita
241 603 296 630 tua,
315 603 340 625 et
356 599 528 625 conversatio
543 597 671 625 Ecclesia!
689 597 771 624 fuerit
783 597 963 632 appellatiotte

169 644 339 680 dignissima.
358 643 385 671 Si
401 644 507 671 veneris
519 644 617 678 spiritu
635 644 666 670 ad
685 644 826 679 templum,
842 643 964 670 invenies

169 690 311 722 parvulum
331 689 436 722 Jesum,
459 690 561 717 levabis
580 690 655 716 illum
671 690 792 717 brachiis
809 690 863 717 tuis
886 689 965 717 etdi-

169 744 214 763 ces
228 744 234 762 :
258 735 336 763 Nunc
355 737 467 762 dimittis
482 745 585 762 sert'nm
606 741 692 769 tuum,
712 735 833 768 Domine,
848 737 875 763 in
890 744 962 770 pare,

170 782 314 808 secundum
331 783 436 809 verbum
451 787 536 809 tuum.
554 782 695 817 Simulque
709 783 817 810 attende
829 783 902 818 quod
920 790 965 809 so-

171 828 267 854 lutioni
284 832 311 854 et
331 827 486 854 ditnissioni
507 835 558 862 pax
580 827 671 854 addita
690 828 734 855 sit.
752 827 810 855 Non
825 829 898 855 enim
915 829 962 860 ait,

171 873 276 900 Ditttitti
290 874 360 906 volo,
377 873 423 900 sed
437 882 499 900 ctttn
516 873 712 906 additamettto,
728 874 755 900 in
770 882 836 908 pace
852 874 961 901 dimitti.

170 919 238 946 Nam
257 924 284 946 et
306 920 384 946 beato
402 919 517 946 Abraha:
541 918 593 946 hoc
616 919 688 946 idem
715 919 881 954 prontissnm
898 925 962 947 est:

172 965 212 993 Tu
228 971 315 993 autent
330 966 408 992 cades
431 966 465 992 ad
481 970 569 999 patres
591 969 648 992 tuos
668 965 694 992 in
709 973 782 1000 pace,
804 966 921 992 nutritus
937 966 965 992 in

170 1019 274 1039 senecta
291 1012 368 1039 bona.
390 1011 456 1044 Quis
478 1016 518 1038 est
541 1010 587 1046 qui
608 1010 743 1038 moriatur
758 1011 784 1037 in
808 1018 884 1045 pace,
911 1011 964 1037 nisi

171 1059 216 1094 qtti
234 1058 314 1085 habet
327 1066 420 1093 pacem
437 1057 493 1089 Dei,
511 1065 571 1092 quae
588 1064 697 1084 onmem
715 1064 826 1084 sensum
842 1061 963 1091 superat,

171 1103 346 1138 cnstoditque
368 1111 416 1130 eor
436 1102 605 1137 possessoris
625 1102 687 1129 sui?
707 1102 774 1136 Quis
797 1106 839 1129 est
863 1102 910 1136 qui
932 1102 965 1129 de

171 1150 271 1177 smculo
297 1150 349 1176 isto
368 1149 470 1176 recedit
492 1148 518 1174 itt
546 1155 624 1183 pace,
647 1148 700 1175 nisi
726 1148 748 1175 is
767 1148 813 1182 qui
838 1147 965 1183 intelligit

171 1195 244 1227 quod
271 1194 342 1222 Deus
366 1199 422 1221 erat
442 1194 469 1220 in
488 1193 600 1221 Christo
624 1193 755 1221 muttdum
783 1194 965 1221 reconcilians

172 1241 234 1271 sibi,
255 1240 375 1275 nihilque
390 1239 531 1267 inimicum
547 1239 629 1267 habet
644 1239 830 1267 adversarium
849 1239 906 1273 Dei,
918 1239 964 1267 sed

172 1295 280 1315 ontnetn
300 1294 392 1321 pacem
409 1291 489 1321 atque
507 1285 682 1313 concordiam
696 1285 774 1313 bonis
792 1286 819 1312 in
835 1293 864 1314 se
876 1286 966 1320 operi-

172 1333 224 1360 ltus
238 1333 397 1368 assumpsit,
413 1336 439 1360 et
455 1332 494 1359 sic
511 1332 538 1359 in
554 1339 619 1367 pace
639 1332 785 1359 dimittitur
806 1339 918 1367 pergere
932 1331 966 1359 ad

173 1385 283 1407 sanctos
301 1379 405 1411 Patres,
425 1379 457 1406 ad
478 1386 547 1414 quos
568 1383 594 1406 et
614 1383 726 1406 sanctus
751 1378 888 1405 Abraham
903 1386 967 1413 pro-

173 1425 261 1452 fertus
275 1430 313 1451 est
326 1425 337 1451 ’ἒ
353 1425 421 1458 Quid
434 1425 467 1452 de
479 1424 606 1451 Patribus
621 1424 736 1459 loquar?
749 1424 781 1451 ad
799 1424 887 1458 ipsum
901 1431 967 1458 quo-

173 1479 226 1506 que
249 1471 295 1506 qui
314 1471 534 1506 patriarcharum
560 1470 686 1506 princeps
709 1475 735 1498 et
758 1470 891 1498 Dominus
912 1475 964 1504 est,

1012 238 1119 265 gregem
1135 238 1225 258 suum.
1241 231 1319 258 Venit
1333 231 1451 266 angelus
1476 230 1532 258 sub
1553 231 1617 264 ipsa
1640 229 1708 256 hora
1725 231 1808 256 nativi-

1012 277 1075 305 tatis
1090 277 1164 309 Jesu,
1183 282 1209 305 et
1223 278 1258 305 ait
1273 278 1306 305 ad
1324 286 1372 306 eos
1389 287 1396 305 :
1421 277 1570 304 Annuntio
1601 277 1676 303 vobis
1698 278 1809 311 gaudium

1015 331 1150 358 magnam.
1166 323 1218 356 Ite,
1235 330 1258 351 et
1276 325 1411 351 invenietis
1434 324 1574 358 infantem
1591 323 1741 350 involutum
1753 331 1808 356 pun—

1013 371 1064 403 nis,
1081 376 1105 397 et
1120 371 1236 405 positum
1252 371 1278 397 in
1301 370 1439 405 pra'sepio.
1465 369 1596 397 Necdum
1613 368 1730 403 angelus
1741 369 1808 395 verba

1012 416 1130 449 ﬁnierat,
1155 420 1182 444 et
1199 424 1261 444 ecce
1288 416 1435 443 multitudo
1452 415 1581 443 caelestis
1607 414 1748 442 exercitus
1760 414 1809 440 lau-

1013 462 1078 490 dare
1094 463 1176 498 erepit
1187 467 1214 490 et
1227 463 1387 490 benedicere
1401 462 1502 490 Dettttt.
1532 461 1609 489 Cum
1627 461 1683 488 boc
1696 466 1808 496 pastores

1014 509 1109 543 trepidi
1129 509 1341 544 perspexissent,
1353 513 1380 534 et
1398 508 1516 543 angelus
1537 507 1708 535 recessisset
1723 507 1756 533 ab
1764 507 1806 537 eis.

1014 553 1141 580 dixerunt
1158 553 1191 580 ad
1207 553 1320 580 invicem
1337 562 1343 579 :
1361 552 1462 580 Eamus
1488 552 1663 584 Bethleltem,
1678 557 1705 579 et
1731 553 1808 578 vidu-

1014 606 1072 624 mus
1088 599 1189 632 fartum
1205 599 1275 633 quod
1289 597 1419 624 Dominus
1432 598 1550 624 ostendit
1567 597 1663 624 nobis.
1679 597 1808 625 Venerunt

1014 647 1041 669 et
1057 643 1221 669 invenerunt
1236 643 1390 676 parvulum.
1418 642 1486 669 Tam
1512 643 1553 670 illi
1576 649 1667 678 quam
1680 648 1807 677 parentes.

1015 688 1138 715 videntes
1163 695 1224 722 qua:
1254 688 1323 714 facta
1353 687 1473 721 fuerant,
1496 689 1719 716 admirabantur
1740 697 1810 724 sup):

1015 733 1076 761 hoc.
1092 733 1124 760 Et
1139 734 1172 762 de
1183 733 1313 761 Simeone
1334 734 1473 767 set-ibitur,
1501 735 1579 770 quod
1596 743 1743 762 rumorem
1770 743 1809 762 al-

1016 781 1085 808 xerit
1112 781 1247 813 miraculi,
1272 781 1314 808 vel
1340 789 1437 817 magna
1466 789 1531 816 pars
1550 781 1652 814 fuerit,
1680 783 1809 816 tenuitque

1015 835 1130 861 ptterum
1146 827 1172 853 in
1188 827 1307 854 brachiis
1321 827 1389 858 suis,
1402 831 1429 854 et
1442 827 1496 854 ait:
1513 826 1598 854 Nunc
1621 828 1753 859 dimittis,
1767 827 1810 854 De-

1017 873 1096 905 mt'nr,
1109 881 1211 899 servant
1227 877 1298 898 tuum
1314 873 1340 898 in
1354 880 1429 906 pare,
1443 873 1592 899 secundum
1607 873 1722 899 verbum
1736 878 1809 901 tum

1015 919 1077 954 quia
1096 918 1216 946 viderunt
1233 919 1303 945 oculi
1330 919 1380 945 mei
1407 918 1529 945 salutare
1543 924 1637 946 tuum.
1668 918 1807 954 Fasligiut-a

1015 970 1051 997 et,
1067 969 1097 992 ut
1111 965 1147 992 ita
1161 964 1262 995 dicam,
1275 964 1382 992 culmen
1401 971 1485 998 super
1505 964 1550 991 his
1562 972 1629 999 quae
1644 966 1809 1000 iactabantur

1014 1013 1047 1040 de
1058 1011 1134 1044 Jesu,
1149 1016 1175 1039 et
1190 1017 1266 1046 pater
1284 1017 1311 1039 et
1334 1016 1423 1039 mater
1434 1012 1506 1039 illius
1519 1012 1716 1043 mirabantur,
1730 1020 1808 1039 seruo

1016 1057 1152 1087 Simeonis
1168 1059 1228 1086 fuit.
1244 1058 1303 1086 Non
1315 1060 1387 1086 ettim
1402 1059 1502 1086 sullicit
1514 1059 1538 1086 ei
1551 1063 1652 1086 tenere
1662 1059 1807 1094 parvulum,

1015 1110 1042 1133 et
1057 1113 1086 1132 ea
1099 1113 1161 1140 qua:
1174 1105 1208 1133 de
1224 1106 1370 1140 semetipso
1393 1105 1496 1140 scripta
1515 1110 1583 1133 sunt
1612 1106 1756 1140 proloqui,
1771 1106 1807 1132 sed

1014 1151 1154 1178 benedixit
1167 1152 1236 1186 patri
1264 1152 1337 1179 illius
1357 1156 1384 1179 et
1399 1152 1481 1178 matri
1499 1161 1506 1178 :
1531 1156 1559 1179 et
1584 1152 1619 1178 de
1634 1152 1700 1186 ipso
1713 1159 1808 1186 (prope

1015 1197 1187 1232 prophetarit
1199 1197 1309 1230 infante,
1323 1197 1417 1225 dicens
1431 1206 1437 1224 :
1455 1197 1523 1224 Ecce
1535 1198 1581 1224 Itic
1596 1199 1708 1232 positus
1727 1202 1765 1224 est
1787 1199 1807 1223 in

1016 1244 1123 1270 ruinam
1150 1248 1175 1270 et
1197 1244 1413 1270 resurrectionem
1442 1243 1593 1270 multorum
1611 1244 1641 1270 in
1671 1243 1769 1272 Israel.
1787 1251 1806 1270 τι

1016 1290 1043 1316 in
1066 1290 1169 1325 signum
1189 1291 1231 1316 tui
1253 1290 1460 1318 contradicetur.
1491 1290 1581 1317 Tuam
1601 1299 1711 1325 quoque
1737 1291 1806 1324 ipsis:

1016 1336 1133 1363 animam
1151 1336 1324 1371 pertransibit
1343 1337 1460 1372 gladius,
1482 1342 1510 1364 ut
1524 1336 1679 1364 rerelmlur
1695 1337 1728 1363 de
1749 1338 1805 1362 mll-

1018 1382 1049 1408 tis
1063 1381 1186 1408 cordibus
1211 1381 1392 1416 cogitationes.
1413 1381 1483 1414 Quid
1512 1381 1567 1409 sibi
1587 1383 1650 1408 vult
1673 1382 1746 1416 quod
1758 1382 1804 1408 ait:

1018 1427 1086 1454 Ecce
1104 1428 1146 1454 hic
1165 1427 1267 1462 positus
1295 1432 1333 1454 est
1362 1428 1388 1454 in
1405 1428 1512 1454 ruinam
1536 1433 1564 1454 et
1597 1428 1805 1454 resurrectione!

1017 1472 1160 1498 multarunt
1176 1473 1202 1498 in
1223 1471 1331 1499 Israel?
1355 1471 1423 1499 Huic
1438 1472 1503 1507 qttid
1519 1472 1614 1500 simile
1627 1473 1656 1499 in
1675 1472 1805 1507 Evangelia

175 1518 214 1544 ire
226 1516 331 1548 Iesum,
345 1517 378 1544 de
392 1525 447 1551 quo
464 1517 581 1543 dicitur:
600 1515 696 1542 Melius
709 1520 748 1543 est
764 1517 857 1544 resolvi
872 1522 896 1544 et
911 1525 967 1544 esse
980 1520 1001 1548 C
1018 1519 1167 1546 secundant
1181 1517 1312 1545 Joannem
1331 1518 1419 1552 reperi
1436 1518 1572 1553 seriptttm
1594 1527 1601 1545 :
1625 1517 1661 1545 In
1686 1519 1804 1553 judicia:

174 1571 233 1590 cum
249 1563 354 1590 Christo
369 1563 400 1588 ³¹.
421 1562 466 1589 ille
484 1562 563 1590 habet
582 1562 686 1596 Iesum,
701 1563 746 1598 qui
767 1563 849 1590 audet
869 1563 942 1598 loqui
957 1572 964 1590 :

183 1608 242 1634 l’ivo
260 1608 318 1642 jam
336 1616 386 1634 non
403 1616 460 1642 ego,
475 1608 537 1634 vivit
553 1616 611 1634 vero
628 1609 656 1635 in
674 1617 714 1635 nte
737 1608 860 1636 Christus
882 1609 914 1637 ³³.
932 1609 968 1638 Ut

175 1653 257 1687 igitur
277 1658 302 1679 et
318 1660 368 1680 nos
386 1652 469 1688 950
494 1657 598 1680 stantes
616 1653 643 1680 itt
672 1655 781 1689 templo,
802 1658 829 1682 et.
844 1660 967 1684 tenentes

177 1700 221 1726 Dei
237 1699 347 1732 Filium,
362 1699 600 1734 amplexantesque
610 1707 683 1732 eum,
700 1700 774 1735 digni
793 1701 964 1733 remissione,

176 1751 202 1774 et
219 1746 387 1782 proiectione
407 1745 439 1773 ad
464 1745 577 1772 meliora
599 1746 697 1777 simus,
714 1754 825 1774 orentus
842 1747 966 1782 omnipo—

177 1797 275 1820 tetttem
293 1792 386 1825 Deum,
404 1799 514 1818 oremus
531 1795 558 1818 et
579 1791 635 1826 (42)
650 1791 740 1826 ipsum
761 1792 902 1826 parvulum
922 1792 966 1820 Je-

176 1846 249 1871 sutn,
270 1845 350 1872 quem
368 1837 470 1872 alloqui
490 1841 517 1864 et
539 1841 631 1863 tenere
653 1836 842 1864 desideramus
861 1837 887 1864 in
904 1837 966 1864 bra-

177 1884 245 1910 eltiis
259 1893 266 1910 :
281 1884 323 1910 cui
340 1888 381 1910 est
393 1883 478 1918 gloria
492 1887 519 1909 et
534 1881 679 1917 imperium
695 1882 722 1909 in
739 1883 838 1909 saecula
856 1883 967 1910 smculo-

177 1938 248 1957 tum.
264 1929 361 1956 Amen.

460 1973 603 2000 HOMILIA
614 1973 683 2000 XVI.

175 2021 214 2049 De
227 2030 255 2048 eo
270 2021 338 2056 quod
357 2021 483 2055 srriptum
499 2025 561 2056 est;
581 2029 590 2044 l
606 2018 699 2056 Erant
711 2024 786 2054 pater
799 2020 856 2054 ejus
872 2026 896 2047 et
910 2029 968 2048 ma-

213 2062 251 2084 ter
273 2054 502 2089 init-atttes'sttper
528 2055 568 2081 Itis
593 2061 651 2089 qua:
673 2054 829 2082 dicebantur
851 2056 882 2082 de
897 2064 938 2089 eo,
953 2066 964 2082 ι

211 2099 292 2126 usque
311 2091 345 2116 ad
363 2091 448 2116 locum
468 2090 512 2116 ubi
534 2090 574 2126 ait
590 2097 598 2116 :
626 2097 635 2114 ι
659 2089 727 2126 Ecce
749 2091 798 2117 iste
812 2092 913 2126 positus
928 2096 966 2118 est

210 2127 239 2152 in
253 2126 358 2152 ruinam
373 2130 397 2151 et
411 2125 630 2152 resurrectionem
645 2125 788 2152 multorum
804 2127 830 2152 in
848 2125 963 2153 Israel.»

209 2161 276 2194 Cap.
290 2168 320 2186 tt.

212 2205 244 2232 Et
256 2210 343 2239 erant,
366 2205 464 2239 inquit,
478 2209 553 2240 pater
568 2205 642 2233 illius
664 2211 689 2234 et
706 2211 791 2233 mater
802 2207 966 2234 admirantes

177 2260 254 2286 super
277 2252 316 2278 his
340 2259 398 2287 qua:
424 2252 580 2278 dicebautur
602 2252 633 2279 de
658 2261 698 2279 eo.
721 2252 923 2288 Congregemus
939 2254 965 2281 in

178 2307 262 2326 unuttt
277 2306 308 2326 ea
322 2306 384 2333 qua:
399 2299 425 2325 in
439 2303 500 2325 ortu
519 2297 583 2325 Jesu
602 2298 673 2326 dicta
688 2299 844 2334 scriptaqtte
858 2305 922 2327 sunt
934 2300 967 2328 de

176 2352 220 2378 eo,
234 2348 261 2371 et
272 2352 345 2370 ttunc
362 2343 432 2370 seire
447 2343 598 2378 poterimus
622 2344 728 2380 singula
747 2353 862 2380 qumque
886 2345 967 2381 digna

177 2397 239 2417 esse
256 2390 398 2417 miraculo.
413 2389 596 2422 Quamobrem
613 2390 766 2418 mirabatur
781 2395 808 2417 et
826 2395 901 2425 pater
915 2391 966 2426 (sic

178 2436 250 2463 extim
263 2436 414 2471 appellatus
433 2440 475 2463 est
500 2435 612 2471 Ioseph,
643 2437 707 2471 quia
733 2437 864 2464 nutritius
880 2436 966 2472 fuit),

179 2482 330 2510 mirabatur
342 2487 370 2510 et
381 2487 467 2510 mater
482 2490 563 2517 super
580 2483 708 2510 omnibus
723 2491 784 2518 qum
808 2483 966 2510 dicebantur

180 2529 211 2555 de
227 2536 269 2556 eo.
285 2528 415 2561 Quanam
440 2536 505 2563 ergo
531 2533 604 2561 sunt,
635 2537 696 2563 qua:
713 2528 747 2556 de
775 2529 888 2563 parvulo
901 2528 965 2557 Jesu

180 2575 251 2602 lama
283 2575 468 2610 disperserat?
494 2575 622 2603 Psstores
640 2580 718 2602 erant
735 2575 761 2602 itt
784 2575 894 2610 regione
908 2575 965 2608 illa,

215 2655 235 2671 ³¹
254 2655 334 2683 Rom.
348 2663 407 2688 vnt,
422 2655 466 2682 Η.
509 2656 531 2671 ³²
547 2655 619 2682 Phil.
638 2662 657 2689 ι,
672 2655 718 2682 '25.
758 2655 780 2670 "
796 2654 884 2683 Galat.
903 2663 923 2689 ι,
935 2655 980 2682 20.

216 2721 272 2755 (t2)
286 2721 417 2756 Colligere
428 2720 492 2756 hinc
500 2720 573 2752 licet.
587 2721 707 2748 sensisse
715 2720 872 2756 Origenem,
883 2729 966 2749 oran-

180 2756 245 2783 dum
260 2755 368 2790 quidem
383 2763 446 2783 cum
463 2755 543 2782 Patre
555 2755 664 2788 Filium,
677 2756 722 2782 sed
740 2755 848 2784 diverso
861 2757 965 2784 oratio-

182 2792 335 2830 ttis_gettere
348 2799 354 2817 :
365 2798 435 2830 quae
455 2790 491 2817 illi
505 2791 618 2830 multam
632 2791 758 2830 invidiam
777 2792 901 2819 doctrina
913 2799 966 2830 _pe-

181 2826 260 2860 perit.
278 2825 395 2863 perinde
405 2829 486 2860 atque
501 2826 631 2853 sensisset
644 2835 653 2853 .-
673 2825 733 2852 Non
751 2834 807 2854 seu
835 2825 964 2855 arandum

984 2191 1005 2218 D

1018 1573 1063 1599 ego
1081 1564 1105 1591 in
1123 1563 1250 1590 mtmdam
1280 1564 1359 1590 istum
1375 1563 1443 1595 veni,
1475 1569 1504 1590 ut
1529 1564 1576 1598 qui
1598 1573 1654 1590 non
1680 1565 1763 1591 rident
1778 1565 1805 1590 ri-

1017 1611 1108 1643 deant,
1128 1615 1152 1637 et
1169 1611 1215 1645 qui
1228 1610 1312 1636 rident
1327 1609 1391 1636 ra’ci
1411 1609 1477 1644 fiant
1494 1610 1527 1636 ".
1544 1609 1698 1642 Quomodo
1712 1619 1772 1645 ergo
1785 1610 1805 1636 in

1016 1657 1149 1693 judicium
1168 1656 1250 1688 venit,
1264 1661 1294 1683 ut
1310 1663 1364 1682 non
1380 1655 1502 1683 videntes
1518 1658 1552 1683 de
1565 1657 1731 1684 nationibus
1748 1656 1807 1683 vid-c-

1018 1708 1087 1735 t-ent,
1106 1707 1133 1729 et
1147 1702 1193 1737 qtti
1211 1702 1287 1736 prius
1304 1702 1433 1729 videbant
1456 1702 1489 1729 de
1509 1701 1595 1730 Israel
1611 1703 1681 1730 caeci
1706 1703 1806 1730 tierent:

1018 1750 1058 1777 sic
1071 1749 1144 1776 venit
1165 1749 1192 1776 in
1215 1748 1323 1775 ruinam
1341 1753 1367 1775 et
1392 1749 1628 1776 resurrectionem
1659 1750 1806 1776 multorum.

1019 1794 1046 1821 ln
1065 1795 1181 1821 adventu
1198 1794 1270 1821 enim
1289 1793 1396 1820 Domini
1423 1793 1588 1826 Salvatoris,
1604 1795 1654 1829 qui
1679 1795 1807 1830 priusste

1020 1843 1118 1871 terant,
1134 1842 1306 1871 corruerunt,
1322 1842 1349 1865 et
1370 1838 1416 1873 qui
1433 1839 1602 1870 ceciderant,
1627 1846 1806 1867 surrexerunt.

1018 1885 1079 1912 Utta
1097 1884 1155 1911 hmc
1170 1889 1211 1911 est
1227 1883 1413 1919 interpretatio
1431 1885 1464 1911 de
1487 1893 1521 1912 eo
1543 1885 1619 1919 quod
1636 1886 1742 1912 dictum
1756 1891 1805 1912 est:

1020 1930 1088 1957 Ecce
1116 1930 1157 1956 lu'c
1186 1929 1287 1964 positus
1314 1935 1352 1956 est
1373 1931 1399 1956 in
1428 1931 1535 1957 ruinam
1556 1937 1581 1958 et
1599 1933 1804 1958 resurrectio-cu

1020 1976 1164 2003 multorum
1184 1976 1210 2002 in
1225 1975 1322 2002 Israel.
1339 1975 1386 2002 Est
1403 1982 1496 2003 autem
1512 1981 1539 2004 et
1554 1977 1642 2004 altius
1663 1977 1729 2012 quid
1744 1978 1805 2003 intri-

1019 2023 1156 2058 ligendum
1171 2023 1302 2051 adversus
1315 2031 1362 2051 θος
1376 2023 1419 2050 vel
1436 2023 1566 2056 maxime,
1578 2025 1627 2058 qui
1644 2030 1741 2051 ccutra
1751 2024 1796 2050 Cm:

1019 2070 1134 2097 ditorem
1153 2071 1262 2103 latrant,
1272 2075 1299 2097 et
1314 2069 1377 2096 hinc
1393 2070 1455 2096 inde
1469 2070 1502 2096 de
1516 2069 1608 2097 Veteri
1632 2069 1802 2098 Testamento.

1019 2124 1079 2150 quae
1093 2124 1147 2143 tton
1161 2115 1325 2151 intelligunt,
1346 2116 1502 2143 testimonia
1522 2123 1738 2152 congregantes,
1751 2117 1801 2143 sitn-

1020 2161 1132 2196 plicium
1153 2161 1235 2188 corda
1249 2160 1398 2196 decipiunt.
1425 2160 1510 2188 Aiunt
1538 2161 1614 2188 enirn
1633 2170 1640 2188 :
1665 2161 1734 2189 Ecce
1748 2161 1801 2187 Deus

1021 2207 1088 2241 legis
1102 2211 1129 2233 et
1150 2206 1357 2241 prophetarum,
1381 2205 1471 2233 videte
1492 2205 1585 2240 qualis
1604 2205 1666 2233 sit:
1697 2205 1800 2241 Ego,itr

1021 2253 1081 2287 quit
1094 2252 1128 2284 ",
1145 2251 1276 2284 oecidam,
1294 2251 1378 2278 vivere
1395 2250 1517 2285 faciam:
1545 2251 1715 2284 percutiam,
1728 2252 1750 2277 et
1769 2257 1800 2283 eg:

1021 2298 1120 2325 sonabo
1136 2305 1145 2324 .'
1160 2302 1185 2324 et
1202 2305 1254 2324 non
1264 2301 1302 2324 est
1317 2297 1363 2332 qui
1375 2301 1452 2324 eruat
1467 2297 1499 2323 de
1524 2296 1655 2324 matribus
1677 2306 1748 2324 rum.
1762 2298 1801 2322 An-

1021 2344 1109 2376 dittnt,
1125 2344 1256 2377 occidam,
1272 2347 1299 2371 et
1311 2351 1366 2370 nott
1380 2343 1507 2376 audiunt,
1518 2343 1663 2375 rieiﬁcabo
1675 2352 1684 2371 :
1698 2344 1798 2371 audiuit.

1022 2389 1181 2424 percutiam,
1196 2393 1223 2417 et
1249 2389 1345 2416 audire
1372 2393 1567 2422 contemnunt,
1593 2394 1619 2416 et
1642 2398 1692 2425 ego
1711 2388 1799 2416 amba.

1018 2435 1179 2464 Istiusmodi
1203 2435 1394 2463 occasionibus
1421 2435 1583 2463 Creatorem
1605 2437 1798 2464 calumniantur.

1018 2481 1104 2517 igitur
1113 2486 1257 2516 antequam
1268 2481 1463 2517 interpretetur
1474 2489 1556 2516 quem
1575 2490 1693 2510 sensum
1705 2482 1798 2510 habent:

1018 2527 1076 2563 Ego
1090 2528 1250 2562 iuterﬁciam
1273 2532 1299 2555 et
1317 2528 1467 2563 viviﬁcabo,
1493 2529 1651 2563 percutiam
1674 2534 1698 2556 et
1713 2528 1798 2556 sanato.

1019 2579 1155 2608 opponam
1167 2573 1207 2601 eis
1219 2573 1408 2602 testimonium
1431 2572 1589 2610 Evangelii,
1611 2575 1755 2611 dicamque
1764 2574 1798 2601 td-

1020 2654 1043 2671 ”
1058 2653 1136 2682 Joan.
1154 2654 1252 2690 ttt,59.
1291 2655 1314 2672 "
1328 2655 1408 2683 Deut.
1426 2663 1518 2689 χχιιι,
1540 2656 1590 2685 39.

1023 2719 1135 2758 Filium,
1153 2730 1235 2758 neque
1248 2731 1307 2750 cum
1323 2722 1395 2750 Filia
1409 2723 1536 2753 Patrem.
1557 2725 1619 2755 Hoc
1631 2728 1751 2756 niminttn
1760 2726 1792 2753 tri

1019 2756 1141 2799 mittatur
1155 2756 1323 2799 Theophilus
1338 2759 1365 2785 in
1392 2760 1574 2799 synodica_a
1606 2765 1687 2792 nobis
1707 2766 1793 2799 primum

1019 2792 1130 2832 vulgata
1161 2792 1239 2832 inter
1255 2792 1490 2832 llieronymianas
1503 2797 1594 2832 epist.
1614 2799 1662 2832 9%,
1689 2792 1792 2831 ηἶὶαιιι

1019 2825 1085 2862 δη,
1103 2835 1186 2864 quam
1199 2828 1307 2864 juvabit
1321 2825 1486 2858 recoluisse.
