1879 3046
146 119 198 152 “‘7

681 111 844 143 DlthENlS
862 110 895 140 IN
914 109 1094 140 CANTICUM
1113 109 1250 142 CANIIC.

1720 109 1775 144 its

144 179 202 214 dem
214 186 270 205 ecce
281 186 307 205 es
319 178 461 211 speciosus,
472 176 556 206 cubile
567 180 687 202 nostrum
702 172 929 206 umbrosum(6l).
946 173 968 200 Λ
983 171 1063 204 bilis;
1080 171 1127 199 sed
1143 171 1187 199 ille
1201 172 1287 206 magis
1301 171 1347 206 qui
1363 180 1392 199 se
1409 171 1583 205 transﬁgurat
1601 169 1628 196 in
1644 169 1773 204 angelum

144 223 223 254 Nunc
246 223 364 259 primum
392 223 498 250 videtur
532 221 662 248 attentius
699 218 851 254 inspexisse
876 217 932 253 69

145 269 240 306 sponsi
262 269 305 297 sui
327 268 555 304 pulchritudinem
574 274 683 302 sponsa,
701 270 727 293 et
743 265 932 293 considerasse

144 314 200 343 illis
214 315 302 343 oculis
316 315 361 350 qui
378 315 510 343 columba:
526 322 586 342 esse
607 313 670 340 dicti
698 316 772 345 sunt,
797 311 880 338 decus
904 313 931 336 et

137 358 264 396 speciem
290 360 370 388 Verbi
394 360 451 388 Dei.
477 360 546 394 Quia
572 368 666 388 revera
684 367 737 386 non
754 362 842 393 potest
855 357 931 392 prius

147 407 263 445 perspici
280 414 329 434 nec
342 407 453 442 agnosci
469 411 568 441 quanta
595 405 631 433 sit
653 405 680 432 in
700 403 789 432 Verbo
807 403 931 443 magniti-

146 453 244 486 centia,
267 453 319 481 nisi
336 453 412 488 prius
433 452 526 480 oculos
539 451 619 490 quasi
636 451 780 483 columbat,
795 449 822 477 id
837 453 878 477 est
889 448 931 478 in-

144 499 319 534 teiligentiam
342 498 490 534 spiritalem
514 497 640 532 accipiat.
662 497 815 524 Commune
838 502 930 523 autem

144 544 234 573 cubile
246 545 297 572 sibi
313 545 384 580 quod
401 545 467 572 dicit
481 552 541 572 esse
553 551 616 572 cum
634 550 746 578 sponso,
762 549 862 576 corpus
877 541 930 568 hoc

145 591 212 618 mihi
231 590 338 618 videtur
360 590 474 618 indicari
496 590 605 622 animae,
630 590 657 617 in
672 596 727 624 quo
740 588 830 615 adhuc
842 587 930 623 posita

144 636 224 671 digna
244 636 335 663 habita
360 636 396 663 sit
420 636 517 664 ascisci
536 637 569 663 ad
590 636 757 664 consortium
774 634 854 662 Verbi
871 634 928 661 Dei.

143 680 224 715 quue
242 682 413 714 umbrosum,
430 686 523 716 utpote
538 690 592 709 non
609 682 726 713 aridum,
745 681 792 708 sed
808 680 931 708 fructuo-

142 733 202 754 sum
218 731 362 757 memorat,
375 731 403 757 et
415 731 545 761 tanquam
558 726 691 754 densitate
707 725 771 754 boni
784 726 874 761 operis
887 733 931 752 ne-

142 778 293 801 morosum.
313 771 365 798 Sed
388 771 445 798 haec
467 779 568 806 sponsa
593 772 668 804 dicit,
691 772 782 799 anima
799 772 931 799 duntaxat

141 823 202 850 qua:
218 815 353 843 columba:
366 816 422 850 jam
444 817 540 846 oculos
555 817 646 845 habet.
667 816 699 843 lli
715 825 779 844 vero
800 817 845 852 qui
870 821 930 844 tan-

141 862 283 897 tummodo
305 862 421 890 credunt
447 870 559 897 sponso,
589 870 643 891 non
661 867 753 892 tamen
778 863 930 898 perspicere

142 911 291 941 potuerunt
304 907 331 934 in
350 906 439 935 Verbo
452 907 498 935 Dei
519 913 620 943 quanta
640 908 676 937 sit
689 908 873 943 pulchritudo,
889 908 930 936 di-

141 945 208 986 cunt
227 960 234 978 :
251 951 284 978 Et
300 952 413 979 vidimus
431 960 500 984 eum,
516 957 540 980 et
556 961 608 981 non
625 953 736 980 habebat
751 954 873 987 speciem,
886 961 930 980 ne-

141 1005 192 1032 que
207 997 336 1030 decorem,
360 999 405 1025 ml
428 999 525 1033 species
544 999 600 1034 ejus
621 999 745 1027 indecora
765 1005 789 1029 et
806 1000 930 1035 deﬁciens

142 1050 199 1083 pne
211 1043 275 1076 ﬁliis
288 1043 422 1075 hominum
433 1044 466 1071 θ’.
481 1043 547 1077 Qum
562 1049 652 1072 autem
672 1044 741 1073 bene
765 1045 880 1080 profecit
902 1050 930 1074 et

142 1095 318 1123 supergressa
334 1093 376 1116 est
390 1087 653 1120 adolescentularum
673 1093 700 1117 et
713 1091 850 1125 octoginta
863 1097 930 1118 con-

141 1135 314 1171 cubinarum.
339 1139 366 1162 et
388 1134 528 1170 sexaginta
553 1136 709 1170 reginarum
725 1136 860 1170 ordinem,
876 1136 930 1164 ista

141 1181 233 1207 anima
265 1185 351 1215 potest
376 1179 468 1208 dicere
488 1189 496 1208 :
522 1180 590 1211 Ecce
615 1189 642 1208 es
669 1182 778 1209 decorus
794 1182 928 1217 fraternus

140 1233 224 1263 meus,
242 1229 267 1252 et
280 1224 385 1260 quidem
396 1225 540 1262 speciosus.
566 1225 619 1253 Sed
633 1230 660 1255 et
673 1227 697 1255 si
717 1227 806 1255 adhuc
827 1228 854 1256 in
867 1235 929 1255 cor-

139 1278 205 1307 pore
219 1271 325 1305 positus
343 1270 492 1306 intelligam
508 1271 672 1299 densitatem
686 1273 852 1308 spiritalium
867 1281 930 1301 sen-

139 1325 220 1345 suum
232 1322 259 1345 et
270 1318 475 1352 intelligentiam
493 1317 697 1354 Scripturarum
707 1320 861 1349 divinarum
873 1326 928 1350 tam

139 1366 235 1393 crebra
257 1365 392 1400 opacitate
412 1370 577 1399 contextam,
593 1371 624 1394 ut
639 1367 758 1401 rapidior
771 1373 865 1401 :estus,
882 1369 929 1404 qui

139 1411 241 1438 multos
263 1411 332 1438 solet
352 1411 466 1438 adurere
489 1416 516 1439 et
535 1412 674 1440 arefacere
691 1412 797 1442 l‘ructus
819 1423 928 1450 eorum,

140 1464 184 1490 me
200 1461 289 1484 tamen
306 1457 449 1490 tenebrare
461 1465 516 1486 non
532 1458 631 1493 possit,
649 1466 700 1486 nec
716 1460 768 1487 ulla
780 1460 821 1488 vis
839 1465 929 1488 tenta-

141 1501 244 1528 tionum
256 1500 318 1528 lidei
332 1501 359 1529 in
376 1509 419 1529 me
432 1509 542 1536 germen
566 1502 713 1536 arefacere,
737 1508 802 1532 tunc
816 1512 927 1539 possunt

140 1546 231 1576 dicere
263 1547 326 1581 quia
349 1547 439 1576 cubile
459 1551 584 1579 nostrum
601 1549 771 1577 umbrosum.
786 1549 864 1583 Quod
880 1558 930 1578 au-

139 1596 194 1632 tem
220 1592 286 1619 dicit
311 1592 401 1620 cubile
423 1597 558 1626 nostrum,
582 1594 661 1628 quasi
683 1602 856 1623 communem
875 1597 927 1624 sibi

140 1645 204 1669 cum
218 1644 320 1672 sponso
334 1637 458 1672 corporis
479 1638 523 1665 sui
539 1638 663 1667 indicans
687 1647 747 1668 eSSe
771 1641 872 1674 locum,
894 1642 930 1670 ad

140 1683 214 1725 illam
228 1684 434 1711 similirndinem
450 1683 552 1711 dictum
567 1684 696 1720 intelligo,
716 1694 770 1721 qua
785 1692 812 1714 et
828 1687 929 1715 Paulus

140 1729 239 1763 dixitt,
260 1730 324 1764 quia
345 1736 460 1763 corpora
475 1734 570 1758 nostra
589 1731 709 1758 membra
731 1732 833 1760 Christi
854 1737 928 1761 sunt.

140 1775 209 1813 Cum
229 1775 303 1802 enim
326 1775 393 1803 dicit
415 1784 529 1811 corpora
545 1781 649 1811 nostra,
674 1778 750 1812 quasi
777 1786 883 1813 sponsae
902 1780 928 1807 id

140 1828 202 1857 esse
229 1828 329 1856 corpus
353 1822 482 1855 ostendit.
512 1821 579 1849 Cum
602 1830 667 1858 vero
687 1824 808 1856 membra
827 1823 929 1853 Christi

140 1872 286 1908 memOrat,
301 1867 395 1894 eadem
412 1875 527 1903 corpora
545 1868 627 1897 etiam
643 1869 736 1903 sponsi
755 1878 816 1898 esse
828 1878 928 1905 corpus

141 1913 253 1940 indicat.
272 1912 335 1949 Hice
348 1921 413 1949 ergo
428 1921 542 1952 corpora
560 1915 582 1942 si
599 1915 727 1951 umbrosa
741 1921 815 1951 sunt,
834 1921 864 1944 ut
880 1925 928 1945 su-

139 1959 231 1994 perius
245 1959 377 2002 diximus,
394 1959 474 1988 bonis
492 1960 624 1999 duntaxat
643 1962 773 1996 operibus
789 1963 887 1991 referta
902 1969 929 1992 et

140 2004 302 2039 spiritalium
318 2012 449 2033 sensuum
467 2005 602 2033 densitate
620 2007 767 2045 cumulata,
781 2007 814 2035 dc
831 2008 874 2036 his
888 2015 928 2036 ta-

139 2049 211 2091 libus
225 2050 278 2077 dici
297 2055 405 2085 potest:
425 2050 478 2078 Per
498 2051 567 2077 diem
583 2053 622 2083 sol
645 2060 697 2087 non
717 2057 774 2079 uret
796 2059 830 2086 te,
848 2063 928 2090 neque

139 2096 205 2123 luna
220 2105 265 2131 per
283 2098 416 2124 noctem'.
439 2096 548 2135 Iustum
571 2105 690 2132 namque
710 2099 867 2128 tentationis
887 2101 928 2131 sol

140 2149 194 2175 non
216 2142 307 2169 adurit
330 2143 544 2179 requiescentem
568 2143 619 2170 sub
640 2144 738 2182 umbra
762 2143 843 2173 Verbi
869 2145 926 2173 Dei.

941 1530 965 1562 C

984 218 1063 246 lucis.
1088 218 1180 245 Bonus
1194 225 1259 253 ergo
1273 222 1301 245 et
1320 217 1436 245 decorus
1456 217 1555 244 dicitur
1573 216 1728 248 fraternus;
1744 219 1775 242 et

982 268 1085 298 quanto
1102 264 1189 297 magis
1219 262 1315 298 inspici
1339 262 1458 297 potuerit
1480 262 1567 290 oculis
1588 260 1772 296 spiritalibus,

983 313 1058 337 tanto
1073 309 1221 343 speciosior
1248 309 1384 336 invenitur
1409 313 1437 336 et
1454 308 1608 343 pulchrior;
1626 307 1692 342 quia
1714 314 1771 333 non

982 357 1071 384 solum
1091 356 1164 383 illius
1179 356 1283 390 species
1300 359 1327 382 et
1343 354 1516 390 pulchritudo
1535 353 1669 380 mirabilis
1686 359 1773 387 appa-

982 402 1062 435 rebit,
1077 410 1170 429 verum
1186 406 1213 429 et
1223 400 1378 436 iuspicienti
1389 405 1470 435 atque
1481 399 1596 427 intuenti
1611 406 1674 426 eum
1685 398 1773 426 decus

981 448 1078 484 ingens
1093 452 1121 474 et
1137 448 1242 482 species
1262 447 1358 474 formae
1372 454 1442 474 nova
1456 453 1489 474 ac
1504 445 1638 473 mirabilis
1653 445 1771 477 orietur.

981 494 1130 522 secundum
1148 493 1214 521 illud
1232 493 1305 528 quod
1321 492 1467 527 Apostolus
1485 491 1565 518 Verbi
1592 490 1639 517 Dei
1659 490 1774 519 intuem

981 539 1211 576 pulchritudinem
1225 538 1290 566 dicit
1300 548 1306 567 :
1318 537 1389 564 Nam
1402 538 1451 565 etsi
1469 538 1492 565 is
1503 537 1546 573 qui
1563 537 1628 572 faris
1640 540 1678 563 est
1692 536 1773 562 homo

981 591 1070 614 noster
1084 585 1273 620 corrumpitur,
1291 584 1337 611 sed
1358 584 1403 619 qui
1423 584 1495 610 intus
1517 588 1556 609 est
1579 587 1719 609 renovatur
1739 581 1775 609 de

981 632 1024 658 die
1035 632 1063 658 in
1077 631 1146 658 diem
1155 630 1175 658 ³.
1191 629 1288 657 Merito
1300 637 1365 664 ergo
1376 628 1438 656 talis
1451 628 1508 655 haec
1518 627 1609 654 anima
1621 633 1773 653 commune

980 677 1062 705 habet
1071 676 1159 704 cubile
1171 683 1231 704 eum
1246 674 1334 702 Verbo
1346 681 1446 708 corpus
1457 681 1548 700 suum.
1559 671 1685 699 Pervenit
1696 671 1771 698 enim

981 722 1073 750 divina
1089 722 1177 749 virtus
1191 728 1276 756 usque
1292 720 1324 748 ad
1338 719 1462 754 corporis
1475 718 1601 753 gratiam,
1615 725 1678 744 eum
1693 719 1720 744 in
1739 725 1774 744 eo

981 770 1024 797 vel
1042 769 1176 797 castitatis
1196 768 1310 800 donum,
1331 767 1372 794 Vel
1389 766 1574 798 continentiae,
1598 765 1774 798 aliorumque

982 816 1116 843 honorum
1135 822 1248 850 operum
1263 813 1379 840 collocat
1392 812 1515 848 gratiam.
1531 810 1679 838 Considera
1693 817 1771 842 sane,

981 870 1014 890 ne
1027 861 1097 889 forte
1115 861 1203 896 possit
1220 861 1301 888 etiam
1322 859 1387 887 illud
1404 866 1503 893 corpus
1523 857 1597 893 quod
1620 857 1774 891 assumpsit

980 908 1059 936 Jesus
1086 914 1232 936 commune
1258 906 1282 934 ei
1302 913 1363 933 eum
1387 912 1488 940 sponsa
1510 903 1600 931 cubile
1622 902 1771 934 nominari,

980 955 1110 991 quoniam
1124 954 1234 990 quidem
1247 953 1354 981 videtur
1365 959 1412 987 per
1424 952 1511 986 ipsum
1526 949 1647 977 Ecclesia
1659 948 1773 976 Christo

980 1009 1041 1030 esse
1056 1001 1171 1034 sociata,
1188 1004 1215 1028 et
1227 999 1397 1034 participium
1421 996 1503 1025 Verbi
1529 996 1573 1023 Dei
1600 1003 1697 1030 capere
1724 1002 1774 1029 po-

980 1047 1076 1079 tuisse,
1101 1046 1251 1074 secundum
1280 1044 1353 1080 quod
1372 1045 1505 1072 mediator
1522 1043 1568 1070 Dei
1583 1047 1611 1070 et
1625 1042 1771 1069 hominum

979 1093 1090 1124 dicitur,
1107 1096 1135 1120 et
1157 1091 1307 1119 secundum
1333 1090 1405 1125 quod
1430 1089 1577 1125 Apostolus
1592 1088 1658 1115 dicit
1674 1097 1680 1114 :
1699 1087 1773 1120 Quo-

980 1139 1053 1166 niam
1065 1140 1093 1165 in
1104 1139 1161 1173 ipso
1173 1137 1297 1165 habemus
1314 1144 1447 1165 accessum
1462 1144 1507 1171 per
1521 1135 1598 1170 [idem
1611 1135 1639 1161 in
1654 1141 1699 1168 spe
1714 1133 1772 1168 910-

980 1185 1029 1213 rice
1044 1184 1092 1212 Dei
1105 1185 1126 1212 ".

1020 1230 1097 1258 Vcr-s.
1110 1230 1154 1256 l7.
1169 1229 1253 1264 Tigna
1270 1229 1409 1256 domorum
1425 1232 1575 1255 nostrarum
1588 1226 1670 1256 cedri,
1685 1225 1772 1251 trabes

980 1283 1078 1306 nostra:
1103 1277 1230 1312 cupressi.
1251 1275 1364 1303 Videtur
1383 1274 1418 1302 ab
1437 1281 1537 1309 sponso
1558 1271 1716 1306 responderi
1737 1270 1772 1298 ad

981 1325 1097 1360 gratiam
1115 1330 1211 1350 eorum
1229 1329 1290 1357 quze
1304 1321 1377 1349 dicta
1389 1320 1500 1348 fuerunt
1512 1319 1588 1354 prius
1605 1318 1639 1344 ab
1656 1324 1770 1351 sponsa,

980 1370 1080 1407 quibus
1093 1369 1204 1397 edoceat
1219 1375 1279 1395 eam
1299 1366 1452 1402 cuiusmodi
1470 1366 1523 1393 sint
1541 1368 1609 1392 tecta
1627 1363 1679 1390 ista
1693 1369 1771 1390 com-

980 1416 1084 1448 munia,
1100 1420 1128 1443 et
1144 1414 1233 1450 qualis
1252 1415 1279 1441 in
1304 1413 1344 1441 eis
1364 1412 1477 1440 materia
1491 1409 1703 1446 contignationis
1722 1408 1771 1435 lia.

979 1462 1086 1490 bentur.
1098 1461 1160 1488 Haec
1173 1461 1254 1488 habet
1266 1459 1397 1487 historica
1410 1458 1539 1485 narratio.
1554 1456 1664 1484 Videtur
1677 1459 1769 1482 autem

981 1509 1103 1537 Ecclesia
1118 1506 1235 1535 describi
1251 1514 1265 1533 a
1281 1505 1400 1538 Christo,
1420 1512 1481 1539 qua:
1497 1504 1649 1531 estdomus
1660 1502 1771 1537 spirita-

980 1556 1025 1588 lis,
1047 1559 1074 1582 et
1101 1554 1200 1581 domus
1225 1552 1284 1584 Dei,
1307 1551 1379 1579 sicut
1393 1551 1472 1578 docet
1489 1549 1590 1577 Paulus
1603 1549 1697 1576 dicens
1713 1558 1720 1574 :
1739 1546 1771 1576 Si

981 1604 1067 1628 autem
1083 1599 1186 1626 tardius
1202 1606 1304 1629 venero,
1320 1601 1348 1623 ut
1368 1597 1437 1624 scias
1453 1595 1581 1631 quomodo
1606 1599 1629 1621 te
1651 1598 1772 1628 oporteat

980 1647 1008 1673 in
1031 1645 1109 1672 domo
1137 1644 1182 1670 Dei
1198 1643 1356 1673 conversari,
1374 1649 1433 1676 qua:
1444 1645 1483 1667 est
1506 1638 1624 1666 Ecclesia
1640 1637 1688 1664 Dei
1707 1637 1771 1668 uiui.

980 1691 1103 1719 columna
1117 1694 1140 1717 et
1156 1690 1351 1724 firmamentum
1362 1685 1510 1714 veritatis’.
1530 1684 1558 1712 Si
1569 1691 1634 1720 ergo
1645 1683 1771 1711 Ecclesia

980 1737 1079 1765 domus
1096 1735 1143 1763 Dei
1157 1740 1209 1767 est,
1230 1734 1294 1769 quia
1315 1732 1406 1760 omnia
1421 1740 1482 1767 quae
1501 1731 1582 1758 habet
1596 1730 1688 1764 Pater,
1706 1728 1771 1756 Filii

981 1789 1054 1816 sunt,
1072 1781 1194 1810 Ecclesia
1212 1780 1309 1807 domus
1326 1778 1388 1806 Filii
1404 1777 1451 1805 Dei
1468 1781 1519 1805 est.
1535 1776 1704 1811 Frequenter
1720 1783 1772 1802 au-

981 1835 1034 1857 tem
1047 1834 1074 1856 et
1091 1827 1189 1863 plurali
1208 1832 1321 1853 numero
1335 1824 1504 1859 appellantur
1519 1822 1657 1855 Ecclesiae,
1677 1825 1707 1848 ut
1723 1821 1772 1848 ubi

980 1875 1018 1902 ait
1032 1883 1038 1901 :
1052 1873 1109 1900 Nos
1132 1872 1213 1900 talem
1231 1869 1445 1897 consuetudinem
1468 1876 1518 1895 non
1539 1867 1674 1899 habemus,
1688 1874 1773 1900 neque

979 1919 1107 1947 Ecclesia
1129 1917 1177 1944 Dei
1190 1918 1211 1942 °.
1233 1916 1266 1943 Et
1281 1916 1390 1948 iterum,
1405 1913 1498 1942 scribit
1512 1913 1639 1940 Ecclesiis
1657 1913 1772 1940 Galatia:

980 1966 1090 1998 Paulus,
1115 1969 1142 1991 et
1156 1963 1275 1990 Joannes
1292 1966 1394 1997 septem
1419 1959 1549 1988 Ecclesiis
1560 1959 1582 1986 ⁷.
1610 1958 1680 1986 Sunt
1703 1966 1771 1993 ergo

980 2013 1037 2040 sive
1050 2010 1170 2038 Ecclesia
1186 2009 1227 2036 vel
1241 2007 1379 2040 Ecclesiae,
1391 2007 1491 2034 domus
1505 2005 1597 2040 sponsi
1611 2009 1637 2032 et
1650 2011 1769 2039 sponsm,

980 2058 1038 2088 sive
1058 2057 1156 2085 animae
1179 2059 1206 2082 et
1231 2053 1312 2081 Verbi
1333 2053 1441 2085 domus,
1459 2053 1486 2079 in
1501 2051 1601 2086 quibus
1617 2050 1690 2085 tigna
1705 2054 1774 2078 sunt

980 2103 1100 2132 eedrina.
1114 2100 1243 2135 Legimus
1256 2099 1338 2126 etiam
1352 2097 1482 2133 quasdam
1501 2097 1597 2124 cedros
1613 2095 1671 2128 Dei,
1685 2103 1771 2129 super

979 2156 1049 2184 quas
1064 2148 1143 2175 vinea
1157 2153 1219 2181 qua:
1235 2145 1365 2173 translata
1378 2148 1419 2172 est
1429 2144 1462 2171 de
1473 2143 1599 2178 Egypto,
1612 2141 1772 2169 extendisse

141 2190 194 2217 Iste
213 2190 285 2217 cnim
309 2189 350 2217 sol
373 2189 420 2224 qui
443 2190 532 2227 adurit
546 2190 661 2225 justum,
683 2197 737 2219 non
756 2195 798 2218 est
813 2192 928 2219 damna-
946 2196 967 2224 ι)
980 2195 1080 2224 dicitur
1096 2191 1233 2223 traduces,
1248 2191 1305 2217 sive
1319 2189 1432 2217 arbusta
1449 2195 1508 2220 sua,
1521 2187 1592 2214 sicut
1604 2185 1679 2213 aitin
1692 2184 1772 2213 Psalo

175 2260 262 2302 "nlsa.
275 2261 381 2302 “lu-2,
402 2260 437 2302 5._
457 2260 478 2302 _‘
499 2259 632 2302 iCOt'.n\"‘|,
647 2259 689 2298 l5.
739 2260 832 2299 *Psal,
847 2271 920 2298 εχχι,

1037 2265 1056 2294 ιι
1072 2265 1136 2301 Cor.
1150 2271 1187 2296 tv,
1202 2263 1243 2291 l6.
1287 2263 1298 2278 ⁸
1314 2262 1394 2296 Rom.
1414 2269 1440 2293 ν,
1453 2262 1480 2290 Et.
1519 2260 1529 2275 ⁸
1547 2259 1555 2290 l
1573 2258 1643 2286 Tim.
1666 2266 1707 2289 Ill.
1723 2257 1768 2286 l3.

140 2295 173 2322 ‘l
191 2296 256 2323 Cor.
281 2303 319 2329 st,
336 2295 378 2333 l6.
427 2295 437 2311 ⁷
450 2295 535 2339 Apoc.
552 2303 569 2329 ι,
583 2295 627 2329 20.
675 2295 678 2298 ’

175 2364 232 2405 (61)
252 2364 386 2405 Μυιμῃης
401 2365 490 2392 locant
503 2364 613 2405 ‘rel‘ero_
626 2364 720 2393 Graeca
734 2365 881 2405 Procopii»
892 2376 925 2397 ex

139 2398 255 2440 Origene
270 2399 348 2439 τμῡν
370 2398 441 2426 ἔοικε
458 2399 589 2461 arpi-.2903:
605 2401 787 2437 ὲνεωρακέναι
801 2398 927 2438 τρὶινότε-

141 2444 186 2461 τιον
200 2444 239 2461 τω
256 2443 302 2461 του
317 2435 433 2461 νυμφίου
447 2435 484 2461 κά
515 2443 539 2461 ει
552 2435 567 2461 ἠ
582 2435 685 2461 νύμφη.
701 2436 747 2461 καὶ
761 2436 805 2461 διὰ
814 2437 867 2461 τῶν
882 2447 927 2461 πε.

139 2444 186 2471 ρον
200 2435 433 2476 nimam?
447 2435 539 2476 ξάλὲει
552 2435 568 2476 tu
582 2435 685 2476 tinea;
701 2435 927 2476 §¢\_5t&f-E)v_na-

139 2468 272 2512 ριςτξρῶν
285 2468 368 2514 ali-:71:
380 2468 526 2530 ὰξθᾳλλῗῶν
537 2468 679 2513 αἶ’σθέέτθᾳὶ
691 2471 738 2506 τῆς
747 2471 824 2514 ἐνιτῷ
834 2473 927 2505 κάλλει

138 2514 186 2531 του
203 2504 281 2540 λόγου
297 2513 442 2540 υπεροχης.
488 2505 541 2540 άχα
558 2505 586 2532 δὲ
605 2505 699 2540 κλίνην
715 2514 806 2540 κοινῃν
827 2508 926 2540 ἑαυτῆς

140 2514 186 2547 sou
203 2514 281 2544 Αοχου
297 2514 442 2566 υπεροχτξ.
466 2514 541 2546 saxa
558 2514 586 2532 οε
605 2514 699 2540 κΑινην
715 2514 806 2542 κοινην
827 2514 926 2544 εαυτης

140 2548 250 2591 1’22:
265 2540 536 2591 V3E3i33.‘-.;‘i‘”‘ﬁfn
544 2539 927 2591 ἪἮῗἾἎΞΥηὲἶὶέτἮῖσα

139 2574 156 2614 ᾖ
174 2574 250 2614 ψυχῇ
271 2572 536 2614 ἐξιόῦταξξτῆςῇτοῦ
556 2574 646 2614 Λόγοιί
669 2572 820 2614 x’otvpgviag.
842 2578 925 2614 Λέγεῗι

158 2608 350 2652 οῷνῌαςῖιλος·
382 2608 565 2652 (decimare.
587 2610 670 2652 ὑμῶν
692 2611 770 2652 μεξλη
796 2608 924 2652 gigneret?

363 2644 410 2689 799
426 2644 502 2689 ire?
517 2643 778 2689 assensere
801 2643 925 2689 tiens

155 2651 213 2670 στι.
230 2644 278 2670 Διὰ
292 2645 327 2678 γὰ
363 2644 410 2671 τοῦ
426 2644 478 2679 ὑμᾶ

155 2678 237 2714 ηῶμαῆ
250 2679 293 2714 διὰ
313 2654 346 2706 δῖ
359 2678 406 2706 τοῦ
419 2679 478 2714 μέλ

140 2678 229 2712 σῶμα·
250 2679 293 2706 διὰ
313 2679 327 2706 δ

140 2721 219 2753 autem
230 2712 258 2739 δέ
271 2722 336 2753 φηρι
350 2714 394 2753 εδν
411 2712 526 2753 ὖνξμςρέον
539 2714 581 2742 διὰ
590 2714 648 2753 ’τὴν
661 2712 815 2753 πὲεγόὲῃῖτς.
827 2716 881 2753 τῶν
897 2718 926 2753 ἀγ

138 2747 183 2792 ξεῖ),
191 2747 262 2792 Wst
275 2747 321 2792 ἐξέέ
333 2747 458 2792 signati
470 2747 664 2792 θευεεπθιέιτώνο
681 2749 743 2792 Ἑέιν
757 2747 813 2792 iiii
823 2752 839 2786 ἡ
849 2751 926 2792 amvi

140 2782 216 2817 still-an
234 2781 335 2820 ᾇμεροίν
350 2781 567 2820 mammatae;
584 2785 739 2820 θαυμαστὸν
756 2781 926 2818 θειᾶξδυνάέ

143 2825 214 2859 pro);
237 2817 425 2854 διικνουμένης
444 2817 488 2844 uad.
511 2819 555 2845 ἐπὶ
576 2819 604 2845 τὺ
623 2817 701 2854 σῶμα
722 2821 811 2847 πᾶσαν
822 2817 871 2858 ἑὴν
885 2821 928 2849 διὰ

516 2680 643 2716 Χριᾳτᾳῦ
660 2680 707 2707 τοῦ
723 2681 849 2716 νυμφίου.
874 2682 925 2709 Σύ-

976 2368 1022 2398 τοῦ
1040 2367 1163 2403 σώματος
1179 2366 1277 2403 πρᾶξιν
1298 2366 1401 2403 ἀγαθὴν
1424 2364 1580 2403 ᾂηλοῦσβαι.
1607 2363 1686 2403 Nunc
1708 2365 1768 2403 pri.

978 2400 1173 2431 mumoidetur
1188 2400 1283 2436 sponsa
1306 2400 1405 2428 clarius
1429 2401 1573 2435 inspexisse
1595 2400 1684 2436 sponsi
1707 2401 1769 2433 pul-

978 2438 1165 2470 chritudinem,
1178 2435 1255 2472 atque
1268 2437 1325 2463 suis
1343 2436 1525 2472 columbarum
1537 2435 1623 2472 oculis
1639 2435 1696 2468 ejus
1707 2443 1769 2470 qua
1805 2443 1806 2450 ‘

977 2471 1006 2500 in
1028 2471 1222 2508 pulchritudine
1243 2476 1280 2498 est
1299 2471 1460 2498 excellentiae
1473 2471 1542 2508 verbi
1557 2477 1663 2508 sensum
1676 2478 1769 2504 perce-

977 2504 1055 2544 pisse.
1070 2506 1215 2544 Fortassis
1231 2515 1389 2544 vero__suum
1406 2514 1436 2532 ac
1446 2506 1542 2544 sponsi
1568 2504 1766 2544 cultile_corpus

979 2539 1139 2574 subindical,
1155 2542 1182 2568 in
1197 2550 1247 2577 quo
1265 2541 1351 2576 adhuc
1365 2541 1452 2575 agenti
1466 2539 1565 2577 animi;
1587 2539 1666 2577 Verbi
1691 2549 1766 2566 cont-

978 2577 1121 2605 municatio
1134 2575 1293 2612 impertitum
1310 2577 1380 2604 Dicit
1395 2577 1475 2612 igitur
1489 2575 1589 2602 Paulus
1602 2582 1612 2602 :
1624 2584 1635 2612 μ
1646 2575 1767 2608 Corpora

978 2618 1063 2640 uestra
1075 2610 1190 2639 membra
1201 2611 1301 2642 Christi
1316 2616 1388 2638 sunt.
1401 2621 1409 2636 ι
1424 2610 1489 2638 Cum
1503 2616 1591 2637 autent
1603 2610 1640 2637 ait
1649 2617 1657 2636 :
1666 2619 1676 2636 ί
1686 2618 1768 2636 mom-

979 2648 1025 2674 bra
1039 2647 1148 2680 Christi,
1169 2657 1177 2671 ι
1194 2647 1308 2675 ntetnbt'a
1323 2646 1411 2680 sponsi
1430 2646 1504 2673 dicit.
1533 2645 1690 2672 Umbrosum
1705 2653 1766 2673 vero

978 2682 1093 2717 appellat
1107 2689 1231 2717 sponsum
1248 2681 1278 2707 ob
1295 2680 1500 2717 condensitatem
1515 2688 1639 2717 sensuum
1653 2681 1700 2715 qui
1709 2688 1767 2717 ocr-

979 2715 1046 2744 boet
1062 2717 1199 2750 sapientia
1220 2716 1317 2743 insunt.
1345 2716 1421 2748 Quod
1434 2716 1456 2743 si
1472 2715 1598 2742 ambobus
1619 2715 1767 2742 communis

979 2751 1089 2779 lectulus
1113 2750 1235 2785 floridus,
1254 2751 1319 2778 nihil
1342 2750 1449 2783 mirum,
1469 2751 1560 2777 clivum
1573 2751 1668 2777 virtute
1685 2751 1767 2777 etiam

980 2787 1014 2813 ad
1030 2795 1123 2820 corpus
1136 2785 1300 2819 pervadente,
1316 2794 1417 2812 onmem
1427 2794 1486 2820 qttcc
1499 2793 1544 2819 per
1556 2793 1649 2820 corpus
1662 2793 1766 2812 ρει-ινσε-

982 2827 1024 2848 tur
1039 2822 1214 2857 operationem
1232 2820 1325 2848 bonum
1343 2820 1468 2850 exhiberi.
