  <div class='ocr_page' id='page_1' title='image "/cluster/home/n/w/nwhite01/storage/ocr_20150623/13/njp.32101077772430/1132.png"; bbox 0 0 1846 3053; ppageno 0'>
   <div class='ocr_carea' id='block_1_1' title="bbox 46 150 108 178">
    <p class='ocr_par' dir='ltr' id='par_1_1' title="bbox 46 150 108 178">
     <span class='ocr_line' id='line_1_1' title="bbox 46 150 108 178; baseline -0.016 0"><span class='ocrx_word' id='word_1_1' title='bbox 46 150 108 178; x_wconf 61' lang='lat' dir='ltr'><strong>lilii</strong></span> 
     </span>
    </p>
   </div>
   <div class='ocr_carea' id='block_1_2' title="bbox 614 146 1046 177">
    <p class='ocr_par' dir='ltr' id='par_1_2' title="bbox 614 146 1046 177">
     <span class='ocr_line' id='line_1_2' title="bbox 614 146 1046 177; baseline -0.005 -1"><span class='ocrx_word' id='word_1_2' title='bbox 614 148 649 176; x_wconf 82' lang='grc' dir='ltr'><strong>ΙΝ</strong></span> <span class='ocrx_word' id='word_1_3' title='bbox 669 149 784 177; x_wconf 74' lang='lat' dir='ltr'><strong>LUCAle</strong></span> <span class='ocrx_word' id='word_1_4' title='bbox 802 147 945 175; x_wconf 80' lang='lat' dir='ltr'><strong>ilOMiLIA</strong></span> <span class='ocrx_word' id='word_1_5' title='bbox 963 146 1046 175; x_wconf 71' lang='lat' dir='ltr'><strong>XV&quot;.</strong></span> 
     </span>
    </p>
   </div>
   <div class='ocr_carea' id='block_1_3' title="bbox 1590 146 1657 174">
    <p class='ocr_par' dir='ltr' id='par_1_3' title="bbox 1590 146 1657 174">
     <span class='ocr_line' id='line_1_3' title="bbox 1590 146 1657 174; baseline 0.015 -1"><span class='ocrx_word' id='word_1_6' title='bbox 1590 146 1657 174; x_wconf 67' lang='grc'><strong>1846</strong></span> 
     </span>
    </p>
   </div>
   <div class='ocr_carea' id='block_1_4' title="bbox 43 203 1657 242">
    <p class='ocr_par' dir='ltr' id='par_1_4' title="bbox 43 203 1657 242">
     <span class='ocr_line' id='line_1_4' title="bbox 43 203 1657 242; baseline -0.001 -10"><span class='ocrx_word' id='word_1_7' title='bbox 43 206 97 239; x_wconf 81' lang='lat' dir='ltr'><strong>ejus</strong></span> <span class='ocrx_word' id='word_1_8' title='bbox 109 203 220 238; x_wconf 71' lang='lat' dir='ltr'><strong>qumstio</strong></span> <span class='ocrx_word' id='word_1_9' title='bbox 241 205 404 239; x_wconf 78' lang='lat' dir='ltr'><strong>concitetur,</strong></span> <span class='ocrx_word' id='word_1_10' title='bbox 417 209 445 233; x_wconf 89' lang='lat' dir='ltr'><strong>et</strong></span> <span class='ocrx_word' id='word_1_11' title='bbox 462 206 491 234; x_wconf 83' lang='lat' dir='ltr'><strong>ﬁt</strong></span> <span class='ocrx_word' id='word_1_12' title='bbox 514 207 621 242; x_wconf 82' lang='lat' dir='ltr'><strong>signum</strong></span> <span class='ocrx_word' id='word_1_13' title='bbox 638 208 681 235; x_wconf 91' lang='lat' dir='ltr'><strong>cui</strong></span> <span class='ocrx_word' id='word_1_14' title='bbox 708 212 818 236; x_wconf 81' lang='lat' dir='ltr'><strong>contra-</strong></span> <span class='ocrx_word' id='word_1_15' title='bbox 834 210 856 239; x_wconf 73' lang='grc' dir='ltr'>Α</span> <span class='ocrx_word' id='word_1_16' title='bbox 871 211 995 234; x_wconf 87' lang='lat' dir='ltr'><strong>mortuus</strong></span> <span class='ocrx_word' id='word_1_17' title='bbox 1015 210 1076 233; x_wconf 85' lang='lat' dir='ltr'><strong>est:</strong></span> <span class='ocrx_word' id='word_1_18' title='bbox 1102 204 1222 239; x_wconf 90' lang='lat' dir='ltr'><strong>quandiu</strong></span> <span class='ocrx_word' id='word_1_19' title='bbox 1240 204 1313 232; x_wconf 91' lang='lat' dir='ltr'><strong>cnim</strong></span> <span class='ocrx_word' id='word_1_20' title='bbox 1337 203 1506 232; x_wconf 56' lang='lat' dir='ltr'><strong>absconditae</strong></span> <span class='ocrx_word' id='word_1_21' title='bbox 1520 209 1598 232; x_wconf 82' lang='lat' dir='ltr'><strong>erant</strong></span> <span class='ocrx_word' id='word_1_22' title='bbox 1612 213 1657 232; x_wconf 89' lang='lat' dir='ltr'><strong>co-</strong></span> 
     </span>
    </p>
   </div>
   <div class='ocr_carea' id='block_1_5' title="bbox 42 249 822 287">
    <p class='ocr_par' dir='ltr' id='par_1_5' title="bbox 42 249 822 287">
     <span class='ocr_line' id='line_1_5' title="bbox 42 249 822 287; baseline 0.005 -11"><span class='ocrx_word' id='word_1_23' title='bbox 42 251 145 277; x_wconf 72' lang='lat' dir='ltr'><strong>tilCillll‘o</strong></span> <span class='ocrx_word' id='word_1_24' title='bbox 163 249 219 284; x_wconf 77' lang='lat' dir='ltr'><strong>Ego</strong></span> <span class='ocrx_word' id='word_1_25' title='bbox 239 255 266 278; x_wconf 84' lang='lat' dir='ltr'><strong>et</strong></span> <span class='ocrx_word' id='word_1_26' title='bbox 285 250 338 278; x_wconf 89' lang='lat' dir='ltr'><strong>hoc</strong></span> <span class='ocrx_word' id='word_1_27' title='bbox 358 252 430 285; x_wconf 90' lang='lat' dir='ltr'><strong>quod</strong></span> <span class='ocrx_word' id='word_1_28' title='bbox 455 252 647 287; x_wconf 83' lang='lat' dir='ltr'><strong>prophetarum</strong></span> <span class='ocrx_word' id='word_1_29' title='bbox 664 260 711 280; x_wconf 90' lang='lat' dir='ltr'><strong>ore</strong></span> <span class='ocrx_word' id='word_1_30' title='bbox 724 254 822 287; x_wconf 68' lang='lat' dir='ltr'><strong>praedi-</strong></span> 
     </span>
    </p>
   </div>
   <div class='ocr_carea' id='block_1_6' title="bbox 41 297 822 331">
    <p class='ocr_par' dir='ltr' id='par_1_6' title="bbox 41 297 822 331">
     <span class='ocr_line' id='line_1_6' title="bbox 41 297 822 331; baseline 0.003 -7"><span class='ocrx_word' id='word_1_31' title='bbox 41 303 108 324; x_wconf 87' lang='lat' dir='ltr'><strong>ctum</strong></span> <span class='ocrx_word' id='word_1_32' title='bbox 123 301 172 329; x_wconf 77' lang='lat' dir='ltr'><strong>est,</strong></span> <span class='ocrx_word' id='word_1_33' title='bbox 188 301 254 331; x_wconf 89' lang='lat' dir='ltr'><strong>puto</strong></span> <span class='ocrx_word' id='word_1_34' title='bbox 273 297 380 331; x_wconf 83' lang='lat' dir='ltr'><strong>signum</strong></span> <span class='ocrx_word' id='word_1_35' title='bbox 397 305 459 325; x_wconf 85' lang='lat' dir='ltr'><strong>esse</strong></span> <span class='ocrx_word' id='word_1_36' title='bbox 473 298 516 325; x_wconf 88' lang='lat' dir='ltr'><strong>cui</strong></span> <span class='ocrx_word' id='word_1_37' title='bbox 530 298 737 326; x_wconf 74' lang='lat' dir='ltr'><strong>contradicitur.</strong></span> <span class='ocrx_word' id='word_1_38' title='bbox 754 299 822 326; x_wconf 89' lang='lat' dir='ltr'><strong>Sunt</strong></span> 
     </span>
    </p>
   </div>
   <div class='ocr_carea' id='block_1_7' title="bbox 40 342 822 380">
    <p class='ocr_par' dir='ltr' id='par_1_7' title="bbox 40 342 822 380">
     <span class='ocr_line' id='line_1_7' title="bbox 40 342 822 380; baseline 0.003 -10"><span class='ocrx_word' id='word_1_39' title='bbox 40 343 108 370; x_wconf 89' lang='lat' dir='ltr'><strong>en‘m</strong></span> <span class='ocrx_word' id='word_1_40' title='bbox 124 342 212 376; x_wconf 82' lang='lat' dir='ltr'><strong>plures</strong></span> <span class='ocrx_word' id='word_1_41' title='bbox 229 342 359 376; x_wconf 65' lang='lat' dir='ltr'><strong>haeretici,</strong></span> <span class='ocrx_word' id='word_1_42' title='bbox 376 343 422 378; x_wconf 89' lang='lat' dir='ltr'><strong>qui</strong></span> <span class='ocrx_word' id='word_1_43' title='bbox 435 349 562 371; x_wconf 84' lang='lat' dir='ltr'><strong>asserunt</strong></span> <span class='ocrx_word' id='word_1_44' title='bbox 577 351 640 372; x_wconf 88' lang='lat' dir='ltr'><strong>eum</strong></span> <span class='ocrx_word' id='word_1_45' title='bbox 657 351 671 372; x_wconf 72' lang='grc' dir='ltr'>ι</span> <span class='ocrx_word' id='word_1_46' title='bbox 684 345 822 380; x_wconf 78' lang='lat' dir='ltr'><strong>prophetis</strong></span> 
     </span>
    </p>
   </div>
   <div class='ocr_carea' id='block_1_8' title="bbox 42 387 822 424">
    <p class='ocr_par' dir='ltr' id='par_1_8' title="bbox 42 387 822 424">
     <span class='ocr_line' id='line_1_8' title="bbox 42 387 822 424; baseline 0.004 -10"><span class='ocrx_word' id='word_1_47' title='bbox 42 389 143 423; x_wconf 74' lang='lat' dir='ltr'><strong>penitus</strong></span> <span class='ocrx_word' id='word_1_48' title='bbox 160 396 214 415; x_wconf 90' lang='lat' dir='ltr'><strong>non</strong></span> <span class='ocrx_word' id='word_1_49' title='bbox 232 387 317 416; x_wconf 84' lang='lat' dir='ltr'><strong>fuisse</strong></span> <span class='ocrx_word' id='word_1_50' title='bbox 333 389 557 424; x_wconf 61' lang='lat' dir='ltr'><strong>prmdicatum.Et</strong></span> <span class='ocrx_word' id='word_1_51' title='bbox 572 389 637 424; x_wconf 86' lang='lat' dir='ltr'><strong>quid</strong></span> <span class='ocrx_word' id='word_1_52' title='bbox 654 397 697 417; x_wconf 92' lang='lat' dir='ltr'><strong>me</strong></span> <span class='ocrx_word' id='word_1_53' title='bbox 713 397 822 417; x_wconf 79' lang='lat' dir='ltr'><strong>necesse</strong></span> 
     </span>
    </p>
   </div>
   <div class='ocr_carea' id='block_1_9' title="bbox 40 433 822 469">
    <p class='ocr_par' dir='ltr' id='par_1_9' title="bbox 40 433 822 469">
     <span class='ocr_line' id='line_1_9' title="bbox 40 433 822 469; baseline 0.004 -9"><span class='ocrx_word' id='word_1_54' title='bbox 40 438 78 461; x_wconf 85' lang='lat' dir='ltr'><strong>rst</strong></span> <span class='ocrx_word' id='word_1_55' title='bbox 93 433 174 460; x_wconf 86' lang='lat' dir='ltr'><strong>multa</strong></span> <span class='ocrx_word' id='word_1_56' title='bbox 190 433 440 469; x_wconf 86' lang='lat' dir='ltr'><strong>prosequi?0mnia</strong></span> <span class='ocrx_word' id='word_1_57' title='bbox 456 442 517 469; x_wconf 74' lang='lat' dir='ltr'><strong>quae</strong></span> <span class='ocrx_word' id='word_1_58' title='bbox 531 435 564 463; x_wconf 88' lang='lat' dir='ltr'><strong>de</strong></span> <span class='ocrx_word' id='word_1_59' title='bbox 574 443 606 463; x_wconf 85' lang='lat' dir='ltr'><strong>eo</strong></span> <span class='ocrx_word' id='word_1_60' title='bbox 618 441 727 463; x_wconf 86' lang='lat' dir='ltr'><strong>enarrat</strong></span> <span class='ocrx_word' id='word_1_61' title='bbox 737 436 822 463; x_wconf 89' lang='lat' dir='ltr'><strong>histo-</strong></span> 
     </span>
    </p>
   </div>
   <div class='ocr_carea' id='block_1_10' title="bbox 41 479 821 516">
    <p class='ocr_par' dir='ltr' id='par_1_10' title="bbox 41 479 821 516">
     <span class='ocr_line' id='line_1_10' title="bbox 41 479 821 516; baseline 0.004 -11"><span class='ocrx_word' id='word_1_62' title='bbox 41 480 88 512; x_wconf 85' lang='lat' dir='ltr'><strong>iia,</strong></span> <span class='ocrx_word' id='word_1_63' title='bbox 103 480 209 514; x_wconf 81' lang='lat' dir='ltr'><strong>signum</strong></span> <span class='ocrx_word' id='word_1_64' title='bbox 226 483 268 506; x_wconf 90' lang='lat' dir='ltr'><strong>est</strong></span> <span class='ocrx_word' id='word_1_65' title='bbox 287 479 330 506; x_wconf 90' lang='lat' dir='ltr'><strong>cui</strong></span> <span class='ocrx_word' id='word_1_66' title='bbox 352 480 559 508; x_wconf 77' lang='lat' dir='ltr'><strong>contradicitur.</strong></span> <span class='ocrx_word' id='word_1_67' title='bbox 588 481 647 508; x_wconf 86' lang='lat' dir='ltr'><strong>Non</strong></span> <span class='ocrx_word' id='word_1_68' title='bbox 667 481 739 516; x_wconf 87' lang='lat' dir='ltr'><strong>quod</strong></span> <span class='ocrx_word' id='word_1_69' title='bbox 754 489 821 509; x_wconf 92' lang='lat' dir='ltr'><strong>con-</strong></span> 
     </span>
    </p>
   </div>
   <div class='ocr_carea' id='block_1_11' title="bbox 39 524 822 562">
    <p class='ocr_par' dir='ltr' id='par_1_11' title="bbox 39 524 822 562">
     <span class='ocr_line' id='line_1_11' title="bbox 39 524 822 562; baseline 0.005 -12"><span class='ocrx_word' id='word_1_70' title='bbox 39 524 203 551; x_wconf 80' lang='lat' dir='ltr'><strong>trailicaiitlii</strong></span> <span class='ocrx_word' id='word_1_71' title='bbox 216 525 261 560; x_wconf 91' lang='lat' dir='ltr'><strong>qui</strong></span> <span class='ocrx_word' id='word_1_72' title='bbox 278 525 393 552; x_wconf 86' lang='lat' dir='ltr'><strong>credunt</strong></span> <span class='ocrx_word' id='word_1_73' title='bbox 409 525 436 552; x_wconf 92' lang='lat' dir='ltr'><strong>in</strong></span> <span class='ocrx_word' id='word_1_74' title='bbox 456 533 518 553; x_wconf 83' lang='lat' dir='ltr'><strong>eum</strong></span> <span class='ocrx_word' id='word_1_75' title='bbox 532 536 538 553; x_wconf 93' lang='lat'>:</span> <span class='ocrx_word' id='word_1_76' title='bbox 555 534 606 554; x_wconf 90' lang='lat' dir='ltr'><strong>nos</strong></span> <span class='ocrx_word' id='word_1_77' title='bbox 617 527 716 562; x_wconf 89' lang='lat' dir='ltr'><strong>quippe</strong></span> <span class='ocrx_word' id='word_1_78' title='bbox 730 527 822 554; x_wconf 90' lang='lat' dir='ltr'><strong>omnia</strong></span> 
     </span>
    </p>
   </div>
   <div class='ocr_carea' id='block_1_12' title="bbox 39 569 821 606">
    <p class='ocr_par' dir='ltr' id='par_1_12' title="bbox 39 569 821 606">
     <span class='ocr_line' id='line_1_12' title="bbox 39 569 821 606; baseline 0.004 -11"><span class='ocrx_word' id='word_1_79' title='bbox 39 569 139 596; x_wconf 82' lang='lat' dir='ltr'><strong>scimus</strong></span> <span class='ocrx_word' id='word_1_80' title='bbox 154 576 215 596; x_wconf 90' lang='lat' dir='ltr'><strong>vera</strong></span> <span class='ocrx_word' id='word_1_81' title='bbox 237 577 299 597; x_wconf 88' lang='lat' dir='ltr'><strong>esse</strong></span> <span class='ocrx_word' id='word_1_82' title='bbox 321 577 382 604; x_wconf 75' lang='lat' dir='ltr'><strong>quae</strong></span> <span class='ocrx_word' id='word_1_83' title='bbox 399 570 502 605; x_wconf 72' lang='lat' dir='ltr'><strong>scripta</strong></span> <span class='ocrx_word' id='word_1_84' title='bbox 512 575 575 598; x_wconf 89' lang='lat' dir='ltr'><strong>sunt</strong></span> <span class='ocrx_word' id='word_1_85' title='bbox 588 580 594 598; x_wconf 92' lang='lat'><strong>:</strong></span> <span class='ocrx_word' id='word_1_86' title='bbox 605 571 651 598; x_wconf 89' lang='lat' dir='ltr'><strong>sed</strong></span> <span class='ocrx_word' id='word_1_87' title='bbox 667 572 731 606; x_wconf 88' lang='lat' dir='ltr'><strong>qitia</strong></span> <span class='ocrx_word' id='word_1_88' title='bbox 751 571 821 606; x_wconf 87' lang='lat' dir='ltr'><strong>apud</strong></span> 
     </span>
    </p>
   </div>
   <div class='ocr_carea' id='block_1_13' title="bbox 38 613 821 650">
    <p class='ocr_par' dir='ltr' id='par_1_13' title="bbox 38 613 821 650">
     <span class='ocr_line' id='line_1_13' title="bbox 38 613 821 650; baseline 0.005 -11"><span class='ocrx_word' id='word_1_89' title='bbox 38 613 190 641; x_wconf 75' lang='lat' dir='ltr'><strong>incredulos</strong></span> <span class='ocrx_word' id='word_1_90' title='bbox 200 614 336 644; x_wconf 86' lang='lat' dir='ltr'><strong>universa.</strong></span> <span class='ocrx_word' id='word_1_91' title='bbox 352 622 412 649; x_wconf 80' lang='lat' dir='ltr'><strong>qua:</strong></span> <span class='ocrx_word' id='word_1_92' title='bbox 422 615 456 642; x_wconf 90' lang='lat' dir='ltr'><strong>de</strong></span> <span class='ocrx_word' id='word_1_93' title='bbox 468 623 501 642; x_wconf 86' lang='lat' dir='ltr'><strong>eo</strong></span> <span class='ocrx_word' id='word_1_94' title='bbox 515 616 614 650; x_wconf 90' lang='lat' dir='ltr'><strong>scripta</strong></span> <span class='ocrx_word' id='word_1_95' title='bbox 631 621 704 648; x_wconf 86' lang='lat' dir='ltr'><strong>sunt,</strong></span> <span class='ocrx_word' id='word_1_96' title='bbox 714 617 821 649; x_wconf 72' lang='lat' dir='ltr'><strong>signum</strong></span> 
     </span>
    </p>
   </div>
   <div class='ocr_carea' id='block_1_14' title="bbox 38 658 822 688">
    <p class='ocr_par' dir='ltr' id='par_1_14' title="bbox 38 658 822 688">
     <span class='ocr_line' id='line_1_14' title="bbox 38 658 822 688; baseline 0.001 -2"><span class='ocrx_word' id='word_1_97' title='bbox 38 662 72 686; x_wconf 79' lang='lat' dir='ltr'><strong>sit</strong></span> <span class='ocrx_word' id='word_1_98' title='bbox 89 659 132 686; x_wconf 91' lang='lat' dir='ltr'><strong>cui</strong></span> <span class='ocrx_word' id='word_1_99' title='bbox 152 659 359 686; x_wconf 82' lang='lat' dir='ltr'><strong>contradicitur.</strong></span> <span class='ocrx_word' id='word_1_100' title='bbox 381 659 484 687; x_wconf 85' lang='lat' dir='ltr'><strong>Deinde</strong></span> <span class='ocrx_word' id='word_1_101' title='bbox 499 658 608 687; x_wconf 83' lang='lat' dir='ltr'><strong>Simeon</strong></span> <span class='ocrx_word' id='word_1_102' title='bbox 624 660 680 687; x_wconf 83' lang='lat' dir='ltr'><strong>ait:</strong></span> <span class='ocrx_word' id='word_1_103' title='bbox 697 659 732 688; x_wconf 88' lang='lat' dir='ltr'><strong>Et</strong></span> <span class='ocrx_word' id='word_1_104' title='bbox 748 665 822 687; x_wconf 85' lang='lat' dir='ltr'><strong>tuam</strong></span> 
     </span>
    </p>
   </div>
   <div class='ocr_carea' id='block_1_15' title="bbox 37 705 823 740">
    <p class='ocr_par' dir='ltr' id='par_1_15' title="bbox 37 705 823 740">
     <span class='ocr_line' id='line_1_15' title="bbox 37 705 823 740; baseline 0.004 -10"><span class='ocrx_word' id='word_1_105' title='bbox 37 705 117 738; x_wconf 75' lang='lat' dir='ltr'><strong>ipsius</strong></span> <span class='ocrx_word' id='word_1_106' title='bbox 140 707 257 731; x_wconf 85' lang='lat' dir='ltr'><strong>animam</strong></span> <span class='ocrx_word' id='word_1_107' title='bbox 279 705 450 739; x_wconf 77' lang='lat' dir='ltr'><strong>pertransibit</strong></span> <span class='ocrx_word' id='word_1_108' title='bbox 472 705 587 740; x_wconf 79' lang='lat' dir='ltr'><strong>gladius.</strong></span> <span class='ocrx_word' id='word_1_109' title='bbox 617 705 685 738; x_wconf 83' lang='lat' dir='ltr'><strong>Quis</strong></span> <span class='ocrx_word' id='word_1_110' title='bbox 708 710 750 733; x_wconf 80' lang='lat' dir='ltr'><strong>est</strong></span> <span class='ocrx_word' id='word_1_111' title='bbox 772 706 823 733; x_wconf 84' lang='lat' dir='ltr'><strong>iste</strong></span> 
     </span>
    </p>
   </div>
   <div class='ocr_carea' id='block_1_16' title="bbox 36 750 823 785">
    <p class='ocr_par' dir='ltr' id='par_1_16' title="bbox 36 750 823 785">
     <span class='ocr_line' id='line_1_16' title="bbox 36 750 823 785; baseline 0.005 -9"><span class='ocrx_word' id='word_1_112' title='bbox 36 750 152 785; x_wconf 78' lang='lat' dir='ltr'><strong>gladius,</strong></span> <span class='ocrx_word' id='word_1_113' title='bbox 168 751 215 785; x_wconf 90' lang='lat' dir='ltr'><strong>qui</strong></span> <span class='ocrx_word' id='word_1_114' title='bbox 229 758 284 777; x_wconf 92' lang='lat' dir='ltr'><strong>non</strong></span> <span class='ocrx_word' id='word_1_115' title='bbox 303 751 418 778; x_wconf 88' lang='lat' dir='ltr'><strong>aliorum</strong></span> <span class='ocrx_word' id='word_1_116' title='bbox 435 755 550 785; x_wconf 88' lang='lat' dir='ltr'><strong>tantum,</strong></span> <span class='ocrx_word' id='word_1_117' title='bbox 572 752 618 779; x_wconf 88' lang='lat' dir='ltr'><strong>sed</strong></span> <span class='ocrx_word' id='word_1_118' title='bbox 639 753 720 780; x_wconf 87' lang='lat' dir='ltr'><strong>etiam</strong></span> <span class='ocrx_word' id='word_1_119' title='bbox 733 752 823 780; x_wconf 75' lang='lat' dir='ltr'><strong>Maria:</strong></span> 
     </span>
    </p>
   </div>
   <div class='ocr_carea' id='block_1_17' title="bbox 35 796 822 833">
    <p class='ocr_par' dir='ltr' id='par_1_17' title="bbox 35 796 822 833">
     <span class='ocr_line' id='line_1_17' title="bbox 35 796 822 833; baseline 0.004 -11"><span class='ocrx_word' id='word_1_120' title='bbox 35 803 81 822; x_wconf 90' lang='lat' dir='ltr'><strong>cor</strong></span> <span class='ocrx_word' id='word_1_121' title='bbox 95 796 260 830; x_wconf 82' lang='lat' dir='ltr'><strong>pertransit?</strong></span> <span class='ocrx_word' id='word_1_122' title='bbox 277 796 376 830; x_wconf 77' lang='lat' dir='ltr'><strong>Aperte</strong></span> <span class='ocrx_word' id='word_1_123' title='bbox 399 797 539 829; x_wconf 87' lang='lat' dir='ltr'><strong>scribitur,</strong></span> <span class='ocrx_word' id='word_1_124' title='bbox 556 798 628 832; x_wconf 80' lang='lat' dir='ltr'><strong>quod</strong></span> <span class='ocrx_word' id='word_1_125' title='bbox 656 798 682 824; x_wconf 93' lang='lat' dir='ltr'><strong>in</strong></span> <span class='ocrx_word' id='word_1_126' title='bbox 701 803 822 833; x_wconf 86' lang='lat' dir='ltr'><strong>tempore</strong></span> 
     </span>
    </p>
   </div>
   <div class='ocr_carea' id='block_1_18' title="bbox 35 841 822 878">
    <p class='ocr_par' dir='ltr' id='par_1_18' title="bbox 35 841 822 878">
     <span class='ocr_line' id='line_1_18' title="bbox 35 841 822 878; baseline 0.004 -11"><span class='ocrx_word' id='word_1_127' title='bbox 35 841 170 875; x_wconf 78' lang='lat' dir='ltr'><strong>passionis</strong></span> <span class='ocrx_word' id='word_1_128' title='bbox 196 849 292 869; x_wconf 83' lang='lat' dir='ltr'><strong>omnes</strong></span> <span class='ocrx_word' id='word_1_129' title='bbox 316 842 372 869; x_wconf 87' lang='lat' dir='ltr'><strong>sint</strong></span> <span class='ocrx_word' id='word_1_130' title='bbox 393 842 507 876; x_wconf 89' lang='lat' dir='ltr'><strong>apostoli</strong></span> <span class='ocrx_word' id='word_1_131' title='bbox 536 843 731 875; x_wconf 80' lang='lat' dir='ltr'><strong>scandalizati,</strong></span> <span class='ocrx_word' id='word_1_132' title='bbox 763 843 822 878; x_wconf 91' lang='lat' dir='ltr'><strong>ipso</strong></span> 
     </span>
    </p>
   </div>
   <div class='ocr_carea' id='block_1_19' title="bbox 871 248 1658 286">
    <p class='ocr_par' dir='ltr' id='par_1_19' title="bbox 871 248 1658 286">
     <span class='ocr_line' id='line_1_19' title="bbox 871 248 1658 286; baseline -0.003 -8"><span class='ocrx_word' id='word_1_133' title='bbox 871 251 1025 286; x_wconf 83' lang='lat' dir='ltr'><strong>gitationes,</strong></span> <span class='ocrx_word' id='word_1_134' title='bbox 1043 257 1092 276; x_wconf 88' lang='lat' dir='ltr'><strong>nec</strong></span> <span class='ocrx_word' id='word_1_135' title='bbox 1107 249 1216 283; x_wconf 75' lang='lat' dir='ltr'><strong>piolata:</strong></span> <span class='ocrx_word' id='word_1_136' title='bbox 1234 249 1259 275; x_wconf 94' lang='lat' dir='ltr'><strong>in</strong></span> <span class='ocrx_word' id='word_1_137' title='bbox 1276 248 1406 282; x_wconf 87' lang='lat' dir='ltr'><strong>medium,</strong></span> <span class='ocrx_word' id='word_1_138' title='bbox 1423 249 1589 283; x_wconf 84' lang='lat' dir='ltr'><strong>impossibile</strong></span> <span class='ocrx_word' id='word_1_139' title='bbox 1600 254 1658 276; x_wconf 83' lang='lat' dir='ltr'><strong>erat</strong></span> 
     </span>
    </p>
   </div>
   <div class='ocr_carea' id='block_1_20' title="bbox 871 292 1657 331">
    <p class='ocr_par' dir='ltr' id='par_1_20' title="bbox 871 292 1657 331">
     <span class='ocr_line' id='line_1_20' title="bbox 871 292 1657 331; baseline -0.004 -7"><span class='ocrx_word' id='word_1_140' title='bbox 871 304 918 324; x_wconf 90' lang='lat' dir='ltr'><strong>eas</strong></span> <span class='ocrx_word' id='word_1_141' title='bbox 929 296 1036 331; x_wconf 82' lang='lat' dir='ltr'><strong>penitus</strong></span> <span class='ocrx_word' id='word_1_142' title='bbox 1049 294 1171 322; x_wconf 91' lang='lat' dir='ltr'><strong>interﬁci.</strong></span> <span class='ocrx_word' id='word_1_143' title='bbox 1195 292 1272 320; x_wconf 78' lang='lat' dir='ltr'><strong>Unde</strong></span> <span class='ocrx_word' id='word_1_144' title='bbox 1288 299 1314 321; x_wconf 90' lang='lat' dir='ltr'><strong>et</strong></span> <span class='ocrx_word' id='word_1_145' title='bbox 1331 302 1391 326; x_wconf 88' lang='lat' dir='ltr'><strong>nos,</strong></span> <span class='ocrx_word' id='word_1_146' title='bbox 1405 295 1427 321; x_wconf 88' lang='lat' dir='ltr'><strong>si</strong></span> <span class='ocrx_word' id='word_1_147' title='bbox 1443 295 1657 329; x_wconf 81' lang='lat' dir='ltr'><strong>peccaverimus,</strong></span> 
     </span>
    </p>
   </div>
   <div class='ocr_carea' id='block_1_21' title="bbox 871 339 1657 374">
    <p class='ocr_par' dir='ltr' id='par_1_21' title="bbox 871 339 1657 374">
     <span class='ocr_line' id='line_1_21' title="bbox 871 339 1657 374; baseline -0.004 -5"><span class='ocrx_word' id='word_1_148' title='bbox 871 341 1002 369; x_wconf 83' lang='lat' dir='ltr'><strong>debemus</strong></span> <span class='ocrx_word' id='word_1_149' title='bbox 1016 340 1105 367; x_wconf 84' lang='lat' dir='ltr'><strong>dicere</strong></span> <span class='ocrx_word' id='word_1_150' title='bbox 1125 349 1132 367; x_wconf 90' lang='lat'><strong>:</strong></span> <span class='ocrx_word' id='word_1_151' title='bbox 1156 339 1298 366; x_wconf 81' lang='lat' dir='ltr'><strong>Peccatum</strong></span> <span class='ocrx_word' id='word_1_152' title='bbox 1319 347 1404 366; x_wconf 87' lang='lat' dir='ltr'><strong>meum</strong></span> <span class='ocrx_word' id='word_1_153' title='bbox 1425 346 1516 366; x_wconf 80' lang='lat' dir='ltr'><strong>notum</strong></span> <span class='ocrx_word' id='word_1_154' title='bbox 1535 340 1584 374; x_wconf 77' lang='lat' dir='ltr'><strong>feci</strong></span> <span class='ocrx_word' id='word_1_155' title='bbox 1598 339 1657 373; x_wconf 82' lang='lat' dir='ltr'><strong>tibi,</strong></span> 
     </span>
    </p>
   </div>
   <div class='ocr_carea' id='block_1_22' title="bbox 871 383 1656 421">
    <p class='ocr_par' dir='ltr' id='par_1_22' title="bbox 871 383 1656 421">
     <span class='ocr_line' id='line_1_22' title="bbox 871 383 1656 421; baseline -0.003 -8"><span class='ocrx_word' id='word_1_156' title='bbox 871 391 896 413; x_wconf 84' lang='lat' dir='ltr'><strong>et</strong></span> <span class='ocrx_word' id='word_1_157' title='bbox 911 386 1079 421; x_wconf 72' lang='lat' dir='ltr'><strong>iniquitatem</strong></span> <span class='ocrx_word' id='word_1_158' title='bbox 1093 392 1177 411; x_wconf 81' lang='lat' dir='ltr'><strong>meam</strong></span> <span class='ocrx_word' id='word_1_159' title='bbox 1191 393 1242 411; x_wconf 88' lang='lat' dir='ltr'><strong>non</strong></span> <span class='ocrx_word' id='word_1_160' title='bbox 1253 383 1334 419; x_wconf 81' lang='lat'><strong>953</strong></span> <span class='ocrx_word' id='word_1_161' title='bbox 1352 385 1487 413; x_wconf 81' lang='lat' dir='ltr'><strong>abscondi.</strong></span> <span class='ocrx_word' id='word_1_162' title='bbox 1502 385 1586 411; x_wconf 68' lang='lat' dir='ltr'><strong>Dixi:</strong></span> <span class='ocrx_word' id='word_1_163' title='bbox 1604 386 1656 412; x_wconf 67' lang='grc' dir='ltr'><strong>Αηι</strong></span> 
     </span>
    </p>
   </div>
   <div class='ocr_carea' id='block_1_23' title="bbox 872 430 1659 465">
    <p class='ocr_par' dir='ltr' id='par_1_23' title="bbox 872 430 1659 465">
     <span class='ocr_line' id='line_1_23' title="bbox 872 430 1659 465; baseline 0 -7"><span class='ocrx_word' id='word_1_164' title='bbox 872 431 1001 459; x_wconf 78' lang='lat' dir='ltr'><strong>nuntiabo</strong></span> <span class='ocrx_word' id='word_1_165' title='bbox 1015 431 1177 465; x_wconf 75' lang='lat' dir='ltr'><strong>injustitiam</strong></span> <span class='ocrx_word' id='word_1_166' title='bbox 1193 438 1278 458; x_wconf 83' lang='lat' dir='ltr'><strong>meam</strong></span> <span class='ocrx_word' id='word_1_167' title='bbox 1291 436 1384 457; x_wconf 79' lang='lat' dir='ltr'><strong>contra</strong></span> <span class='ocrx_word' id='word_1_168' title='bbox 1396 438 1437 457; x_wconf 85' lang='lat' dir='ltr'><strong>me</strong></span> <span class='ocrx_word' id='word_1_169' title='bbox 1449 430 1563 457; x_wconf 82' lang='lat' dir='ltr'><strong>Domino</strong></span> <span class='ocrx_word' id='word_1_170' title='bbox 1577 431 1610 456; x_wconf 84' lang='lat'><strong>“.</strong></span> <span class='ocrx_word' id='word_1_171' title='bbox 1629 430 1659 458; x_wconf 87' lang='lat' dir='ltr'><strong>Si</strong></span> 
     </span>
    </p>
   </div>
   <div class='ocr_carea' id='block_1_24' title="bbox 872 476 1660 511">
    <p class='ocr_par' dir='ltr' id='par_1_24' title="bbox 872 476 1660 511">
     <span class='ocr_line' id='line_1_24' title="bbox 872 476 1660 511; baseline -0.001 -6"><span class='ocrx_word' id='word_1_172' title='bbox 872 478 944 505; x_wconf 88' lang='lat' dir='ltr'><strong>enim</strong></span> <span class='ocrx_word' id='word_1_173' title='bbox 962 478 1013 504; x_wconf 88' lang='lat' dir='ltr'><strong>hoc</strong></span> <span class='ocrx_word' id='word_1_174' title='bbox 1035 477 1191 509; x_wconf 80' lang='lat' dir='ltr'><strong>fecerimus,</strong></span> <span class='ocrx_word' id='word_1_175' title='bbox 1206 481 1232 504; x_wconf 92' lang='lat' dir='ltr'><strong>et</strong></span> <span class='ocrx_word' id='word_1_176' title='bbox 1251 476 1460 503; x_wconf 73' lang='lat' dir='ltr'><strong>revelaverimus</strong></span> <span class='ocrx_word' id='word_1_177' title='bbox 1479 481 1589 511; x_wconf 83' lang='lat' dir='ltr'><strong>peccata</strong></span> <span class='ocrx_word' id='word_1_178' title='bbox 1613 485 1660 504; x_wconf 83' lang='lat' dir='ltr'><strong>no-</strong></span> 
     </span>
    </p>
   </div>
   <div class='ocr_carea' id='block_1_25' title="bbox 873 522 1657 557">
    <p class='ocr_par' dir='ltr' id='par_1_25' title="bbox 873 522 1657 557">
     <span class='ocr_line' id='line_1_25' title="bbox 873 522 1657 557; baseline -0.001 -6"><span class='ocrx_word' id='word_1_179' title='bbox 873 529 929 551; x_wconf 86' lang='lat' dir='ltr'><strong>stra</strong></span> <span class='ocrx_word' id='word_1_180' title='bbox 946 531 999 551; x_wconf 91' lang='lat' dir='ltr'><strong>non</strong></span> <span class='ocrx_word' id='word_1_181' title='bbox 1017 523 1106 551; x_wconf 90' lang='lat' dir='ltr'><strong>solum</strong></span> <span class='ocrx_word' id='word_1_182' title='bbox 1121 523 1185 556; x_wconf 88' lang='lat' dir='ltr'><strong>Deo,</strong></span> <span class='ocrx_word' id='word_1_183' title='bbox 1201 523 1248 550; x_wconf 89' lang='lat' dir='ltr'><strong>sed</strong></span> <span class='ocrx_word' id='word_1_184' title='bbox 1263 527 1289 549; x_wconf 92' lang='lat' dir='ltr'><strong>et</strong></span> <span class='ocrx_word' id='word_1_185' title='bbox 1303 523 1346 549; x_wconf 88' lang='lat' dir='ltr'><strong>his</strong></span> <span class='ocrx_word' id='word_1_186' title='bbox 1361 522 1407 557; x_wconf 87' lang='lat' dir='ltr'><strong>qui</strong></span> <span class='ocrx_word' id='word_1_187' title='bbox 1422 526 1537 557; x_wconf 87' lang='lat' dir='ltr'><strong>possunt</strong></span> <span class='ocrx_word' id='word_1_188' title='bbox 1556 523 1657 550; x_wconf 84' lang='lat' dir='ltr'><strong>mederi</strong></span> 
     </span>
    </p>
   </div>
   <div class='ocr_carea' id='block_1_26' title="bbox 873 568 1659 603">
    <p class='ocr_par' dir='ltr' id='par_1_26' title="bbox 873 568 1659 603">
     <span class='ocr_line' id='line_1_26' title="bbox 873 568 1659 603; baseline -0.003 -6"><span class='ocrx_word' id='word_1_189' title='bbox 873 570 1031 598; x_wconf 87' lang='lat' dir='ltr'><strong>vulneribus</strong></span> <span class='ocrx_word' id='word_1_190' title='bbox 1047 569 1149 597; x_wconf 86' lang='lat' dir='ltr'><strong>nostris</strong></span> <span class='ocrx_word' id='word_1_191' title='bbox 1168 575 1250 603; x_wconf 86' lang='lat' dir='ltr'><strong>atque</strong></span> <span class='ocrx_word' id='word_1_192' title='bbox 1266 569 1396 603; x_wconf 75' lang='lat' dir='ltr'><strong>peccatis,</strong></span> <span class='ocrx_word' id='word_1_193' title='bbox 1413 568 1576 596; x_wconf 84' lang='lat' dir='ltr'><strong>delebuntur</strong></span> <span class='ocrx_word' id='word_1_194' title='bbox 1596 577 1659 603; x_wconf 85' lang='lat' dir='ltr'><strong>pec-</strong></span> 
     </span>
    </p>
   </div>
   <div class='ocr_carea' id='block_1_27' title="bbox 872 613 1659 649">
    <p class='ocr_par' dir='ltr' id='par_1_27' title="bbox 872 613 1659 649">
     <span class='ocr_line' id='line_1_27' title="bbox 872 613 1659 649; baseline -0.003 -6"><span class='ocrx_word' id='word_1_195' title='bbox 872 620 932 643; x_wconf 86' lang='lat' dir='ltr'><strong>cata</strong></span> <span class='ocrx_word' id='word_1_196' title='bbox 945 620 1036 643; x_wconf 86' lang='lat' dir='ltr'><strong>nostra</strong></span> <span class='ocrx_word' id='word_1_197' title='bbox 1048 615 1082 642; x_wconf 91' lang='lat' dir='ltr'><strong>ab</strong></span> <span class='ocrx_word' id='word_1_198' title='bbox 1096 622 1139 646; x_wconf 86' lang='lat' dir='ltr'><strong>eo,</strong></span> <span class='ocrx_word' id='word_1_199' title='bbox 1150 614 1195 649; x_wconf 86' lang='lat' dir='ltr'><strong>qui</strong></span> <span class='ocrx_word' id='word_1_200' title='bbox 1210 615 1247 641; x_wconf 89' lang='lat' dir='ltr'><strong>ait</strong></span> <span class='ocrx_word' id='word_1_201' title='bbox 1261 622 1267 640; x_wconf 90' lang='lat'><strong>:</strong></span> <span class='ocrx_word' id='word_1_202' title='bbox 1282 613 1348 640; x_wconf 69' lang='lat' dir='ltr'><strong>Ecce</strong></span> <span class='ocrx_word' id='word_1_203' title='bbox 1363 613 1451 640; x_wconf 84' lang='lat' dir='ltr'><strong>delebo</strong></span> <span class='ocrx_word' id='word_1_204' title='bbox 1462 618 1491 640; x_wconf 84' lang='lat' dir='ltr'><strong>ut</strong></span> <span class='ocrx_word' id='word_1_205' title='bbox 1500 614 1593 640; x_wconf 88' lang='lat' dir='ltr'><strong>nubem</strong></span> <span class='ocrx_word' id='word_1_206' title='bbox 1608 615 1659 641; x_wconf 84' lang='lat' dir='ltr'><strong>ini-</strong></span> 
     </span>
    </p>
   </div>
   <div class='ocr_carea' id='block_1_28' title="bbox 871 659 1659 696">
    <p class='ocr_par' dir='ltr' id='par_1_28' title="bbox 871 659 1659 696">
     <span class='ocr_line' id='line_1_28' title="bbox 871 659 1659 696; baseline -0.001 -8"><span class='ocrx_word' id='word_1_207' title='bbox 871 662 984 696; x_wconf 83' lang='lat' dir='ltr'><strong>quitates</strong></span> <span class='ocrx_word' id='word_1_208' title='bbox 1000 666 1070 694; x_wconf 82' lang='lat' dir='ltr'><strong>tuas,</strong></span> <span class='ocrx_word' id='word_1_209' title='bbox 1085 665 1111 688; x_wconf 77' lang='lat' dir='ltr'><strong>et</strong></span> <span class='ocrx_word' id='word_1_210' title='bbox 1125 661 1192 687; x_wconf 80' lang='lat' dir='ltr'><strong>sicut</strong></span> <span class='ocrx_word' id='word_1_211' title='bbox 1208 659 1348 694; x_wconf 83' lang='lat' dir='ltr'><strong>caliginem</strong></span> <span class='ocrx_word' id='word_1_212' title='bbox 1368 664 1475 693; x_wconf 84' lang='lat' dir='ltr'><strong>peccata</strong></span> <span class='ocrx_word' id='word_1_213' title='bbox 1487 665 1532 686; x_wconf 83' lang='lat' dir='ltr'><strong>tua</strong></span> <span class='ocrx_word' id='word_1_214' title='bbox 1546 660 1579 686; x_wconf 84' lang='lat'><strong>&quot;.</strong></span> <span class='ocrx_word' id='word_1_215' title='bbox 1594 660 1659 687; x_wconf 84' lang='lat' dir='ltr'><strong>Post</strong></span> 
     </span>
    </p>
   </div>
   <div class='ocr_carea' id='block_1_29' title="bbox 874 705 1659 741">
    <p class='ocr_par' dir='ltr' id='par_1_29' title="bbox 874 705 1659 741">
     <span class='ocr_line' id='line_1_29' title="bbox 874 705 1659 741; baseline 0 -8"><span class='ocrx_word' id='word_1_216' title='bbox 874 706 1010 734; x_wconf 87' lang='lat' dir='ltr'><strong>Simeonis</strong></span> <span class='ocrx_word' id='word_1_217' title='bbox 1024 706 1206 741; x_wconf 80' lang='lat' dir='ltr'><strong>prophetiam,</strong></span> <span class='ocrx_word' id='word_1_218' title='bbox 1219 705 1283 740; x_wconf 82' lang='lat' dir='ltr'><strong>quia</strong></span> <span class='ocrx_word' id='word_1_219' title='bbox 1299 712 1409 732; x_wconf 84' lang='lat' dir='ltr'><strong>necesse</strong></span> <span class='ocrx_word' id='word_1_220' title='bbox 1419 710 1477 732; x_wconf 88' lang='lat' dir='ltr'><strong>erat</strong></span> <span class='ocrx_word' id='word_1_221' title='bbox 1491 710 1519 732; x_wconf 94' lang='lat' dir='ltr'><strong>ut</strong></span> <span class='ocrx_word' id='word_1_222' title='bbox 1532 706 1659 733; x_wconf 80' lang='lat' dir='ltr'><strong>mulieres</strong></span> 
     </span>
    </p>
   </div>
   <div class='ocr_carea' id='block_1_30' title="bbox 872 750 1657 786">
    <p class='ocr_par' dir='ltr' id='par_1_30' title="bbox 872 750 1657 786">
     <span class='ocr_line' id='line_1_30' title="bbox 872 750 1657 786; baseline -0.001 -7"><span class='ocrx_word' id='word_1_223' title='bbox 872 752 954 779; x_wconf 86' lang='lat' dir='ltr'><strong>etiam</strong></span> <span class='ocrx_word' id='word_1_224' title='bbox 978 752 1158 784; x_wconf 85' lang='lat' dir='ltr'><strong>salvarcntiir,</strong></span> <span class='ocrx_word' id='word_1_225' title='bbox 1176 750 1252 778; x_wconf 88' lang='lat' dir='ltr'><strong>venit</strong></span> <span class='ocrx_word' id='word_1_226' title='bbox 1268 750 1414 785; x_wconf 87' lang='lat' dir='ltr'><strong>prophetes</strong></span> <span class='ocrx_word' id='word_1_227' title='bbox 1433 751 1541 782; x_wconf 81' lang='lat' dir='ltr'><strong>mulier,</strong></span> <span class='ocrx_word' id='word_1_228' title='bbox 1558 751 1591 778; x_wconf 86' lang='lat' dir='ltr'><strong>de</strong></span> <span class='ocrx_word' id='word_1_229' title='bbox 1605 759 1657 786; x_wconf 87' lang='lat' dir='ltr'><strong>qua</strong></span> 
     </span>
    </p>
   </div>
   <div class='ocr_carea' id='block_1_31' title="bbox 873 796 1658 830">
    <p class='ocr_par' dir='ltr' id='par_1_31' title="bbox 873 796 1658 830">
     <span class='ocr_line' id='line_1_31' title="bbox 873 796 1658 830; baseline -0.001 -6"><span class='ocrx_word' id='word_1_230' title='bbox 873 797 1002 825; x_wconf 87' lang='lat' dir='ltr'><strong>scribitur</strong></span> <span class='ocrx_word' id='word_1_231' title='bbox 1024 805 1030 823; x_wconf 86' lang='lat'><strong>:</strong></span> <span class='ocrx_word' id='word_1_232' title='bbox 1054 796 1088 823; x_wconf 88' lang='lat' dir='ltr'><strong>Et</strong></span> <span class='ocrx_word' id='word_1_233' title='bbox 1110 802 1168 824; x_wconf 86' lang='lat' dir='ltr'><strong>erat</strong></span> <span class='ocrx_word' id='word_1_234' title='bbox 1182 796 1259 822; x_wconf 82' lang='lat' dir='ltr'><strong>Anna</strong></span> <span class='ocrx_word' id='word_1_235' title='bbox 1273 796 1448 830; x_wconf 75' lang='lat' dir='ltr'><strong>prophetissa,</strong></span> <span class='ocrx_word' id='word_1_236' title='bbox 1466 796 1523 830; x_wconf 78' lang='lat' dir='ltr'><strong>ﬁlia</strong></span> <span class='ocrx_word' id='word_1_237' title='bbox 1540 797 1658 823; x_wconf 79' lang='lat' dir='ltr'><strong>Phanuel</strong></span> 
     </span>
    </p>
   </div>
   <div class='ocr_carea' id='block_1_32' title="bbox 873 841 1659 876">
    <p class='ocr_par' dir='ltr' id='par_1_32' title="bbox 873 841 1659 876">
     <span class='ocr_line' id='line_1_32' title="bbox 873 841 1659 876; baseline -0.001 -7"><span class='ocrx_word' id='word_1_238' title='bbox 873 843 906 870; x_wconf 89' lang='lat' dir='ltr'><strong>de</strong></span> <span class='ocrx_word' id='word_1_239' title='bbox 924 843 995 870; x_wconf 80' lang='lat' dir='ltr'><strong>tribu</strong></span> <span class='ocrx_word' id='word_1_240' title='bbox 1008 843 1084 870; x_wconf 79' lang='lat' dir='ltr'><strong>Aser.</strong></span> <span class='ocrx_word' id='word_1_241' title='bbox 1100 841 1187 875; x_wconf 85' lang='lat' dir='ltr'><strong>Quam</strong></span> <span class='ocrx_word' id='word_1_242' title='bbox 1201 842 1313 876; x_wconf 83' lang='lat' dir='ltr'><strong>pulcher</strong></span> <span class='ocrx_word' id='word_1_243' title='bbox 1328 842 1409 869; x_wconf 84' lang='lat' dir='ltr'><strong>ordo!</strong></span> <span class='ocrx_word' id='word_1_244' title='bbox 1428 841 1487 868; x_wconf 88' lang='lat' dir='ltr'><strong>Non</strong></span> <span class='ocrx_word' id='word_1_245' title='bbox 1504 843 1576 869; x_wconf 89' lang='lat' dir='ltr'><strong>venit</strong></span> <span class='ocrx_word' id='word_1_246' title='bbox 1597 847 1659 869; x_wconf 84' lang='lat' dir='ltr'><strong>ante</strong></span> 
     </span>
    </p>
   </div>
   <div class='ocr_carea' id='block_1_33' title="bbox 34 885 1659 921">
    <p class='ocr_par' dir='ltr' id='par_1_33' title="bbox 34 885 1659 921">
     <span class='ocr_line' id='line_1_33' title="bbox 34 885 1659 921; baseline 0.001 -9"><span class='ocrx_word' id='word_1_247' title='bbox 34 894 142 920; x_wconf 88' lang='lat' dir='ltr'><strong>quoque</strong></span> <span class='ocrx_word' id='word_1_248' title='bbox 160 886 275 913; x_wconf 90' lang='lat' dir='ltr'><strong>Domino</strong></span> <span class='ocrx_word' id='word_1_249' title='bbox 293 887 399 914; x_wconf 83' lang='lat' dir='ltr'><strong>dicente</strong></span> <span class='ocrx_word' id='word_1_250' title='bbox 413 886 436 903; x_wconf 70' lang='grc'><strong>⁸³</strong></span> <span class='ocrx_word' id='word_1_251' title='bbox 454 896 462 914; x_wconf 87' lang='lat'><strong><em>:</em></strong></span> <span class='ocrx_word' id='word_1_252' title='bbox 477 887 572 914; x_wconf 81' lang='lat' dir='ltr'><strong>Omnes</strong></span> <span class='ocrx_word' id='word_1_253' title='bbox 593 895 635 914; x_wconf 83' lang='lat' dir='ltr'><strong>ros</strong></span> <span class='ocrx_word' id='word_1_254' title='bbox 652 887 819 914; x_wconf 74' lang='lat' dir='ltr'><strong>scandaliza-</strong></span> <span class='ocrx_word' id='word_1_255' title='bbox 837 885 857 912; x_wconf 88' lang='lat' dir='ltr'>B</span> <span class='ocrx_word' id='word_1_256' title='bbox 872 887 960 914; x_wconf 88' lang='lat' dir='ltr'><strong>virum</strong></span> <span class='ocrx_word' id='word_1_257' title='bbox 978 887 1086 919; x_wconf 88' lang='lat' dir='ltr'><strong>mulier,</strong></span> <span class='ocrx_word' id='word_1_258' title='bbox 1109 886 1155 914; x_wconf 81' lang='lat' dir='ltr'><strong>sed</strong></span> <span class='ocrx_word' id='word_1_259' title='bbox 1175 887 1292 920; x_wconf 91' lang='lat' dir='ltr'><strong>primum</strong></span> <span class='ocrx_word' id='word_1_260' title='bbox 1309 887 1384 913; x_wconf 89' lang='lat' dir='ltr'><strong>venit</strong></span> <span class='ocrx_word' id='word_1_261' title='bbox 1409 885 1532 918; x_wconf 90' lang='lat' dir='ltr'><strong>Simeon,</strong></span> <span class='ocrx_word' id='word_1_262' title='bbox 1547 887 1593 921; x_wconf 89' lang='lat' dir='ltr'><strong>qui</strong></span> <span class='ocrx_word' id='word_1_263' title='bbox 1612 895 1659 921; x_wconf 90' lang='lat' dir='ltr'><strong>ap-</strong></span> 
     </span>
    </p>
   </div>
   <div class='ocr_carea' id='block_1_34' title="bbox 34 931 818 966">
    <p class='ocr_par' dir='ltr' id='par_1_34' title="bbox 34 931 818 966">
     <span class='ocr_line' id='line_1_34' title="bbox 34 931 818 966; baseline 0.003 -9"><span class='ocrx_word' id='word_1_264' title='bbox 34 931 125 958; x_wconf 85' lang='lat' dir='ltr'><strong>bimim&#39;</strong></span> <span class='ocrx_word' id='word_1_265' title='bbox 139 932 166 958; x_wconf 85' lang='lat' dir='ltr'><strong>in</strong></span> <span class='ocrx_word' id='word_1_266' title='bbox 178 936 251 958; x_wconf 84' lang='lat' dir='ltr'><strong>nocte</strong></span> <span class='ocrx_word' id='word_1_267' title='bbox 264 931 322 958; x_wconf 82' lang='lat' dir='ltr'><strong>huc.</strong></span> <span class='ocrx_word' id='word_1_268' title='bbox 336 931 406 966; x_wconf 84' lang='lat' dir='ltr'><strong>Ergo</strong></span> <span class='ocrx_word' id='word_1_269' title='bbox 418 932 593 959; x_wconf 86' lang='lat' dir='ltr'><strong>scandalizati</strong></span> <span class='ocrx_word' id='word_1_270' title='bbox 611 937 674 960; x_wconf 89' lang='lat' dir='ltr'><strong>stiiit</strong></span> <span class='ocrx_word' id='word_1_271' title='bbox 687 933 818 965; x_wconf 84' lang='lat' dir='ltr'><strong>universi,</strong></span> 
     </span>
    </p>
   </div>
   <div class='ocr_carea' id='block_1_35' title="bbox 33 975 820 1012">
    <p class='ocr_par' dir='ltr' id='par_1_35' title="bbox 33 975 820 1012">
     <span class='ocr_line' id='line_1_35' title="bbox 33 975 820 1012; baseline 0.004 -10"><span class='ocrx_word' id='word_1_272' title='bbox 33 976 59 1002; x_wconf 91' lang='lat' dir='ltr'><strong>in</strong></span> <span class='ocrx_word' id='word_1_273' title='bbox 77 980 182 1003; x_wconf 91' lang='lat' dir='ltr'><strong>tantum</strong></span> <span class='ocrx_word' id='word_1_274' title='bbox 198 980 229 1003; x_wconf 93' lang='lat' dir='ltr'><strong>ut</strong></span> <span class='ocrx_word' id='word_1_275' title='bbox 248 975 346 1004; x_wconf 87' lang='lat' dir='ltr'><strong>Petrus</strong></span> <span class='ocrx_word' id='word_1_276' title='bbox 358 984 469 1011; x_wconf 89' lang='lat' dir='ltr'><strong>quoque</strong></span> <span class='ocrx_word' id='word_1_277' title='bbox 491 978 675 1012; x_wconf 83' lang='lat' dir='ltr'><strong>apostolorum</strong></span> <span class='ocrx_word' id='word_1_278' title='bbox 694 978 820 1012; x_wconf 76' lang='lat' dir='ltr'><strong>princeps</strong></span> 
     </span>
    </p>
   </div>
   <div class='ocr_carea' id='block_1_36' title="bbox 33 1021 820 1057">
    <p class='ocr_par' dir='ltr' id='par_1_36' title="bbox 33 1021 820 1057">
     <span class='ocr_line' id='line_1_36' title="bbox 33 1021 820 1057; baseline 0.001 -9"><span class='ocrx_word' id='word_1_279' title='bbox 33 1021 111 1048; x_wconf 83' lang='lat' dir='ltr'><strong>tertio</strong></span> <span class='ocrx_word' id='word_1_280' title='bbox 126 1021 277 1057; x_wconf 86' lang='lat' dir='ltr'><strong>denegarit.</strong></span> <span class='ocrx_word' id='word_1_281' title='bbox 294 1022 386 1054; x_wconf 79' lang='lat' dir='ltr'><strong>Quid?</strong></span> <span class='ocrx_word' id='word_1_282' title='bbox 401 1026 529 1056; x_wconf 84' lang='lat' dir='ltr'><strong>putamus</strong></span> <span class='ocrx_word' id='word_1_283' title='bbox 544 1022 627 1057; x_wconf 89' lang='lat' dir='ltr'><strong>quod,</strong></span> <span class='ocrx_word' id='word_1_284' title='bbox 651 1022 820 1050; x_wconf 82' lang='lat' dir='ltr'><strong>scandaliza—</strong></span> 
     </span>
    </p>
   </div>
   <div class='ocr_carea' id='block_1_37' title="bbox 32 1066 821 1102">
    <p class='ocr_par' dir='ltr' id='par_1_37' title="bbox 32 1066 821 1102">
     <span class='ocr_line' id='line_1_37' title="bbox 32 1066 821 1102; baseline 0.003 -9"><span class='ocrx_word' id='word_1_285' title='bbox 32 1066 66 1094; x_wconf 89' lang='lat' dir='ltr'><strong>tis</strong></span> <span class='ocrx_word' id='word_1_286' title='bbox 83 1066 227 1101; x_wconf 85' lang='lat' dir='ltr'><strong>apostolis,</strong></span> <span class='ocrx_word' id='word_1_287' title='bbox 249 1066 303 1102; x_wconf 77' lang='grc'><strong>(47)</strong></span> <span class='ocrx_word' id='word_1_288' title='bbox 319 1066 405 1094; x_wconf 87' lang='lat' dir='ltr'><strong>Mater</strong></span> <span class='ocrx_word' id='word_1_289' title='bbox 422 1066 530 1094; x_wconf 86' lang='lat' dir='ltr'><strong>Domini</strong></span> <span class='ocrx_word' id='word_1_290' title='bbox 555 1075 571 1094; x_wconf 88' lang='lat' dir='ltr'><strong>a</strong></span> <span class='ocrx_word' id='word_1_291' title='bbox 585 1067 714 1095; x_wconf 84' lang='lat' dir='ltr'><strong>scandan</strong></span> <span class='ocrx_word' id='word_1_292' title='bbox 737 1067 821 1095; x_wconf 80' lang='lat' dir='ltr'><strong>fuerit</strong></span> 
     </span>
    </p>
   </div>
   <div class='ocr_carea' id='block_1_38' title="bbox 32 1111 820 1148">
    <p class='ocr_par' dir='ltr' id='par_1_38' title="bbox 32 1111 820 1148">
     <span class='ocr_line' id='line_1_38' title="bbox 32 1111 820 1148; baseline 0.005 -11"><span class='ocrx_word' id='word_1_293' title='bbox 32 1111 187 1138; x_wconf 78' lang='lat' dir='ltr'><strong>immunis?</strong></span> <span class='ocrx_word' id='word_1_294' title='bbox 208 1111 237 1138; x_wconf 90' lang='lat' dir='ltr'><strong>Si</strong></span> <span class='ocrx_word' id='word_1_295' title='bbox 252 1112 412 1140; x_wconf 82' lang='lat' dir='ltr'><strong>scandalum</strong></span> <span class='ocrx_word' id='word_1_296' title='bbox 440 1113 466 1140; x_wconf 92' lang='lat' dir='ltr'><strong>in</strong></span> <span class='ocrx_word' id='word_1_297' title='bbox 483 1112 591 1140; x_wconf 88' lang='lat' dir='ltr'><strong>Domini</strong></span> <span class='ocrx_word' id='word_1_298' title='bbox 615 1113 742 1148; x_wconf 84' lang='lat' dir='ltr'><strong>passione</strong></span> <span class='ocrx_word' id='word_1_299' title='bbox 765 1121 820 1142; x_wconf 91' lang='lat' dir='ltr'><strong>non</strong></span> 
     </span>
    </p>
   </div>
   <div class='ocr_carea' id='block_1_39' title="bbox 30 1157 819 1195">
    <p class='ocr_par' dir='ltr' id='par_1_39' title="bbox 30 1157 819 1195">
     <span class='ocr_line' id='line_1_39' title="bbox 30 1157 819 1195; baseline 0.006 -12"><span class='ocrx_word' id='word_1_300' title='bbox 30 1165 110 1191; x_wconf 86' lang='lat' dir='ltr'><strong>passa</strong></span> <span class='ocrx_word' id='word_1_301' title='bbox 125 1161 177 1190; x_wconf 85' lang='lat' dir='ltr'><strong>est,</strong></span> <span class='ocrx_word' id='word_1_302' title='bbox 191 1164 245 1184; x_wconf 90' lang='lat' dir='ltr'><strong>non</strong></span> <span class='ocrx_word' id='word_1_303' title='bbox 261 1162 303 1185; x_wconf 89' lang='lat' dir='ltr'><strong>est</strong></span> <span class='ocrx_word' id='word_1_304' title='bbox 318 1162 442 1185; x_wconf 89' lang='lat' dir='ltr'><strong>mortuus</strong></span> <span class='ocrx_word' id='word_1_305' title='bbox 455 1157 535 1187; x_wconf 83' lang='lat' dir='ltr'><strong>Jesus</strong></span> <span class='ocrx_word' id='word_1_306' title='bbox 553 1167 602 1194; x_wconf 88' lang='lat' dir='ltr'><strong>pro</strong></span> <span class='ocrx_word' id='word_1_307' title='bbox 617 1159 736 1195; x_wconf 81' lang='lat' dir='ltr'><strong>peccatis</strong></span> <span class='ocrx_word' id='word_1_308' title='bbox 749 1160 819 1195; x_wconf 85' lang='lat' dir='ltr'><strong>ejus.</strong></span> 
     </span>
    </p>
   </div>
   <div class='ocr_carea' id='block_1_40' title="bbox 30 1201 820 1240">
    <p class='ocr_par' dir='ltr' id='par_1_40' title="bbox 30 1201 820 1240">
     <span class='ocr_line' id='line_1_40' title="bbox 30 1201 820 1240; baseline 0.005 -12"><span class='ocrx_word' id='word_1_309' title='bbox 30 1201 57 1229; x_wconf 88' lang='lat' dir='ltr'><strong>Si</strong></span> <span class='ocrx_word' id='word_1_310' title='bbox 77 1207 170 1229; x_wconf 86' lang='lat' dir='ltr'><strong>autem</strong></span> <span class='ocrx_word' id='word_1_311' title='bbox 189 1210 285 1231; x_wconf 90' lang='lat' dir='ltr'><strong>omnes</strong></span> <span class='ocrx_word' id='word_1_312' title='bbox 304 1208 497 1238; x_wconf 85' lang='lat' dir='ltr'><strong>peccaverunt,</strong></span> <span class='ocrx_word' id='word_1_313' title='bbox 513 1209 540 1232; x_wconf 91' lang='lat' dir='ltr'><strong>et</strong></span> <span class='ocrx_word' id='word_1_314' title='bbox 558 1209 639 1239; x_wconf 75' lang='lat' dir='ltr'><strong>egent</strong></span> <span class='ocrx_word' id='word_1_315' title='bbox 660 1205 745 1240; x_wconf 85' lang='lat' dir='ltr'><strong>gloria</strong></span> <span class='ocrx_word' id='word_1_316' title='bbox 760 1205 820 1239; x_wconf 85' lang='lat' dir='ltr'><strong>Dei,</strong></span> 
     </span>
    </p>
   </div>
   <div class='ocr_carea' id='block_1_41' title="bbox 29 1247 820 1285">
    <p class='ocr_par' dir='ltr' id='par_1_41' title="bbox 29 1247 820 1285">
     <span class='ocr_line' id='line_1_41' title="bbox 29 1247 820 1285; baseline 0.008 -13"><span class='ocrx_word' id='word_1_317' title='bbox 29 1247 172 1281; x_wconf 75' lang='lat' dir='ltr'><strong>iustiﬁcati</strong></span> <span class='ocrx_word' id='word_1_318' title='bbox 188 1248 273 1283; x_wconf 80' lang='lat' dir='ltr'><strong>gratia</strong></span> <span class='ocrx_word' id='word_1_319' title='bbox 291 1248 350 1283; x_wconf 86' lang='lat' dir='ltr'><strong>ejus</strong></span> <span class='ocrx_word' id='word_1_320' title='bbox 367 1255 393 1276; x_wconf 86' lang='lat' dir='ltr'><strong>et</strong></span> <span class='ocrx_word' id='word_1_321' title='bbox 411 1249 553 1283; x_wconf 83' lang='lat' dir='ltr'><strong>redempti,</strong></span> <span class='ocrx_word' id='word_1_322' title='bbox 575 1249 669 1285; x_wconf 91' lang='lat' dir='ltr'><strong>utique</strong></span> <span class='ocrx_word' id='word_1_323' title='bbox 692 1255 720 1277; x_wconf 89' lang='lat' dir='ltr'><strong>et</strong></span> <span class='ocrx_word' id='word_1_324' title='bbox 735 1250 820 1279; x_wconf 80' lang='lat' dir='ltr'><strong>Maria</strong></span> 
     </span>
    </p>
   </div>
   <div class='ocr_carea' id='block_1_42' title="bbox 29 1293 820 1329">
    <p class='ocr_par' dir='ltr' id='par_1_42' title="bbox 29 1293 820 1329">
     <span class='ocr_line' id='line_1_42' title="bbox 29 1293 820 1329; baseline 0.005 -10"><span class='ocrx_word' id='word_1_325' title='bbox 29 1293 76 1319; x_wconf 89' lang='lat' dir='ltr'><strong>illo</strong></span> <span class='ocrx_word' id='word_1_326' title='bbox 91 1297 216 1327; x_wconf 86' lang='lat' dir='ltr'><strong>tempore</strong></span> <span class='ocrx_word' id='word_1_327' title='bbox 230 1293 415 1321; x_wconf 84' lang='lat' dir='ltr'><strong>scandalizata</strong></span> <span class='ocrx_word' id='word_1_328' title='bbox 430 1299 482 1321; x_wconf 89' lang='lat' dir='ltr'><strong>est.</strong></span> <span class='ocrx_word' id='word_1_329' title='bbox 494 1293 527 1321; x_wconf 87' lang='lat' dir='ltr'><strong>Et</strong></span> <span class='ocrx_word' id='word_1_330' title='bbox 542 1295 594 1322; x_wconf 91' lang='lat' dir='ltr'><strong>hoc</strong></span> <span class='ocrx_word' id='word_1_331' title='bbox 606 1299 647 1322; x_wconf 89' lang='lat' dir='ltr'><strong>est</strong></span> <span class='ocrx_word' id='word_1_332' title='bbox 658 1295 729 1329; x_wconf 88' lang='lat' dir='ltr'><strong>quod</strong></span> <span class='ocrx_word' id='word_1_333' title='bbox 747 1304 820 1324; x_wconf 89' lang='lat' dir='ltr'><strong>nunc</strong></span> 
     </span>
    </p>
   </div>
   <div class='ocr_carea' id='block_1_43' title="bbox 29 1338 821 1375">
    <p class='ocr_par' dir='ltr' id='par_1_43' title="bbox 29 1338 821 1375">
     <span class='ocr_line' id='line_1_43' title="bbox 29 1338 821 1375; baseline 0.003 -9"><span class='ocrx_word' id='word_1_334' title='bbox 29 1338 144 1366; x_wconf 86' lang='lat' dir='ltr'><strong>Sinieon</strong></span> <span class='ocrx_word' id='word_1_335' title='bbox 159 1340 312 1374; x_wconf 77' lang='lat' dir='ltr'><strong>prophetat,</strong></span> <span class='ocrx_word' id='word_1_336' title='bbox 327 1340 420 1368; x_wconf 87' lang='lat' dir='ltr'><strong>dicens</strong></span> <span class='ocrx_word' id='word_1_337' title='bbox 433 1349 440 1367; x_wconf 94' lang='lat'><strong>:</strong></span> <span class='ocrx_word' id='word_1_338' title='bbox 455 1340 488 1367; x_wconf 84' lang='lat' dir='ltr'><strong>Et</strong></span> <span class='ocrx_word' id='word_1_339' title='bbox 502 1344 575 1367; x_wconf 85' lang='lat' dir='ltr'><strong>tuam</strong></span> <span class='ocrx_word' id='word_1_340' title='bbox 587 1341 671 1375; x_wconf 77' lang='lat' dir='ltr'><strong>ipsius</strong></span> <span class='ocrx_word' id='word_1_341' title='bbox 685 1341 821 1375; x_wconf 78' lang='lat' dir='ltr'><strong>animant;</strong></span> 
     </span>
    </p>
   </div>
   <div class='ocr_carea' id='block_1_44' title="bbox 29 1385 821 1421">
    <p class='ocr_par' dir='ltr' id='par_1_44' title="bbox 29 1385 821 1421">
     <span class='ocr_line' id='line_1_44' title="bbox 29 1385 821 1421; baseline 0.004 -10"><span class='ocrx_word' id='word_1_342' title='bbox 29 1393 91 1419; x_wconf 81' lang='lat' dir='ltr'><strong>quae</strong></span> <span class='ocrx_word' id='word_1_343' title='bbox 112 1385 292 1420; x_wconf 79' lang='lat' dir='ltr'><strong>scisabsque</strong></span> <span class='ocrx_word' id='word_1_344' title='bbox 311 1386 370 1412; x_wconf 92' lang='lat' dir='ltr'><strong>viro</strong></span> <span class='ocrx_word' id='word_1_345' title='bbox 394 1385 529 1420; x_wconf 87' lang='lat' dir='ltr'><strong>peperisse</strong></span> <span class='ocrx_word' id='word_1_346' title='bbox 555 1391 581 1413; x_wconf 89' lang='lat' dir='ltr'><strong>te</strong></span> <span class='ocrx_word' id='word_1_347' title='bbox 596 1385 743 1420; x_wconf 78' lang='lat' dir='ltr'><strong>Virginem,</strong></span> <span class='ocrx_word' id='word_1_348' title='bbox 760 1395 821 1421; x_wconf 63' lang='lat' dir='ltr'><strong>quae</strong></span> 
     </span>
    </p>
   </div>
   <div class='ocr_carea' id='block_1_45' title="bbox 29 1430 818 1467">
    <p class='ocr_par' dir='ltr' id='par_1_45' title="bbox 29 1430 818 1467">
     <span class='ocr_line' id='line_1_45' title="bbox 29 1430 818 1467; baseline 0.004 -11"><span class='ocrx_word' id='word_1_349' title='bbox 29 1431 131 1457; x_wconf 85' lang='lat' dir='ltr'><strong>audisti</strong></span> <span class='ocrx_word' id='word_1_350' title='bbox 150 1439 165 1458; x_wconf 89' lang='lat' dir='ltr'><strong>a</strong></span> <span class='ocrx_word' id='word_1_351' title='bbox 181 1431 305 1458; x_wconf 84' lang='lat' dir='ltr'><strong>Gabriele</strong></span> <span class='ocrx_word' id='word_1_352' title='bbox 317 1440 323 1458; x_wconf 90' lang='lat'>:</span> <span class='ocrx_word' id='word_1_353' title='bbox 337 1430 453 1465; x_wconf 84' lang='lat' dir='ltr'><strong>Spiritus</strong></span> <span class='ocrx_word' id='word_1_354' title='bbox 468 1436 575 1458; x_wconf 70' lang='lat' dir='ltr'><strong>sanctus</strong></span> <span class='ocrx_word' id='word_1_355' title='bbox 590 1432 671 1459; x_wconf 80' lang='lat' dir='ltr'><strong>ueniet</strong></span> <span class='ocrx_word' id='word_1_356' title='bbox 688 1440 768 1467; x_wconf 82' lang='lat' dir='ltr'><strong>super</strong></span> <span class='ocrx_word' id='word_1_357' title='bbox 783 1436 818 1466; x_wconf 85' lang='lat' dir='ltr'><strong>te,</strong></span> 
     </span>
    </p>
   </div>
   <div class='ocr_carea' id='block_1_46' title="bbox 29 1476 819 1512">
    <p class='ocr_par' dir='ltr' id='par_1_46' title="bbox 29 1476 819 1512">
     <span class='ocr_line' id='line_1_46' title="bbox 29 1476 819 1512; baseline 0.005 -10"><span class='ocrx_word' id='word_1_358' title='bbox 29 1481 51 1502; x_wconf 84' lang='lat' dir='ltr'><strong>et</strong></span> <span class='ocrx_word' id='word_1_359' title='bbox 67 1477 153 1503; x_wconf 81' lang='lat' dir='ltr'><strong>virtus</strong></span> <span class='ocrx_word' id='word_1_360' title='bbox 164 1476 297 1504; x_wconf 79' lang='lat' dir='ltr'><strong>Altissimi</strong></span> <span class='ocrx_word' id='word_1_361' title='bbox 314 1477 481 1504; x_wconf 82' lang='lat' dir='ltr'><strong>ubumbrabit</strong></span> <span class='ocrx_word' id='word_1_362' title='bbox 500 1477 560 1512; x_wconf 82' lang='lat' dir='ltr'><strong>tibi,</strong></span> <span class='ocrx_word' id='word_1_363' title='bbox 572 1479 745 1512; x_wconf 80' lang='lat' dir='ltr'><strong>pertransibit</strong></span> <span class='ocrx_word' id='word_1_364' title='bbox 759 1478 819 1506; x_wconf 81' lang='lat' dir='ltr'><strong>inli-</strong></span> 
     </span>
    </p>
   </div>
   <div class='ocr_carea' id='block_1_47' title="bbox 29 1522 817 1558">
    <p class='ocr_par' dir='ltr' id='par_1_47' title="bbox 29 1522 817 1558">
     <span class='ocr_line' id='line_1_47' title="bbox 29 1522 817 1558; baseline 0.004 -10"><span class='ocrx_word' id='word_1_365' title='bbox 29 1522 151 1549; x_wconf 84' lang='lat' dir='ltr'><strong>tlclitatis</strong></span> <span class='ocrx_word' id='word_1_366' title='bbox 174 1522 291 1557; x_wconf 74' lang='lat' dir='ltr'><strong>gladius,</strong></span> <span class='ocrx_word' id='word_1_367' title='bbox 305 1526 333 1550; x_wconf 85' lang='lat' dir='ltr'><strong>et</strong></span> <span class='ocrx_word' id='word_1_368' title='bbox 347 1523 533 1558; x_wconf 79' lang='lat' dir='ltr'><strong>ambiguitatis</strong></span> <span class='ocrx_word' id='word_1_369' title='bbox 554 1531 684 1551; x_wconf 87' lang='lat' dir='ltr'><strong>mucrone</strong></span> <span class='ocrx_word' id='word_1_370' title='bbox 701 1523 817 1556; x_wconf 77' lang='lat' dir='ltr'><strong>ferieris,</strong></span> 
     </span>
    </p>
   </div>
   <div class='ocr_carea' id='block_1_48' title="bbox 29 1568 816 1602">
    <p class='ocr_par' dir='ltr' id='par_1_48' title="bbox 29 1568 816 1602">
     <span class='ocr_line' id='line_1_48' title="bbox 29 1568 816 1602; baseline 0.003 -8"><span class='ocrx_word' id='word_1_371' title='bbox 29 1572 50 1594; x_wconf 63' lang='grc' dir='ltr'><strong>ει</strong></span> <span class='ocrx_word' id='word_1_372' title='bbox 66 1568 252 1602; x_wconf 85' lang='lat' dir='ltr'><strong>cogitaliones</strong></span> <span class='ocrx_word' id='word_1_373' title='bbox 275 1574 328 1597; x_wconf 73' lang='lat' dir='ltr'><strong>tua:</strong></span> <span class='ocrx_word' id='word_1_374' title='bbox 344 1574 370 1596; x_wconf 89' lang='lat' dir='ltr'><strong>te</strong></span> <span class='ocrx_word' id='word_1_375' title='bbox 392 1576 419 1595; x_wconf 93' lang='lat' dir='ltr'><strong>in</strong></span> <span class='ocrx_word' id='word_1_376' title='bbox 440 1569 547 1595; x_wconf 85' lang='lat' dir='ltr'><strong>diversa</strong></span> <span class='ocrx_word' id='word_1_377' title='bbox 566 1569 734 1599; x_wconf 81' lang='lat' dir='ltr'><strong>lacerabunt.</strong></span> <span class='ocrx_word' id='word_1_378' title='bbox 755 1577 816 1596; x_wconf 86' lang='lat' dir='ltr'><strong>cum</strong></span> 
     </span>
    </p>
   </div>
   <div class='ocr_carea' id='block_1_49' title="bbox 29 1613 817 1649">
    <p class='ocr_par' dir='ltr' id='par_1_49' title="bbox 29 1613 817 1649">
     <span class='ocr_line' id='line_1_49' title="bbox 29 1613 817 1649; baseline 0.005 -10"><span class='ocrx_word' id='word_1_379' title='bbox 29 1613 130 1640; x_wconf 83' lang='lat' dir='ltr'><strong>videris</strong></span> <span class='ocrx_word' id='word_1_380' title='bbox 148 1613 236 1647; x_wconf 93' lang='lat' dir='ltr'><strong>illum,</strong></span> <span class='ocrx_word' id='word_1_381' title='bbox 250 1622 330 1649; x_wconf 90' lang='lat' dir='ltr'><strong>quem</strong></span> <span class='ocrx_word' id='word_1_382' title='bbox 346 1614 444 1640; x_wconf 85' lang='lat' dir='ltr'><strong>Filium</strong></span> <span class='ocrx_word' id='word_1_383' title='bbox 458 1613 504 1641; x_wconf 91' lang='lat' dir='ltr'><strong>Dei</strong></span> <span class='ocrx_word' id='word_1_384' title='bbox 518 1613 655 1646; x_wconf 85' lang='lat' dir='ltr'><strong>audieras,</strong></span> <span class='ocrx_word' id='word_1_385' title='bbox 671 1618 698 1641; x_wconf 90' lang='lat' dir='ltr'><strong>et</strong></span> <span class='ocrx_word' id='word_1_386' title='bbox 712 1614 817 1643; x_wconf 85' lang='lat' dir='ltr'><strong>sciebas</strong></span> 
     </span>
    </p>
   </div>
   <div class='ocr_carea' id='block_1_50' title="bbox 29 1658 818 1694">
    <p class='ocr_par' dir='ltr' id='par_1_50' title="bbox 29 1658 818 1694">
     <span class='ocr_line' id='line_1_50' title="bbox 29 1658 818 1694; baseline 0.001 -8"><span class='ocrx_word' id='word_1_387' title='bbox 29 1658 133 1693; x_wconf 85' lang='lat' dir='ltr'><strong>ibsqiie</strong></span> <span class='ocrx_word' id='word_1_388' title='bbox 158 1659 262 1687; x_wconf 90' lang='lat' dir='ltr'><strong>semine</strong></span> <span class='ocrx_word' id='word_1_389' title='bbox 284 1659 335 1686; x_wconf 85' lang='lat' dir='ltr'><strong>viri</strong></span> <span class='ocrx_word' id='word_1_390' title='bbox 358 1667 419 1687; x_wconf 88' lang='lat' dir='ltr'><strong>esse</strong></span> <span class='ocrx_word' id='word_1_391' title='bbox 447 1663 621 1694; x_wconf 84' lang='lat' dir='ltr'><strong>generatum,</strong></span> <span class='ocrx_word' id='word_1_392' title='bbox 646 1659 767 1694; x_wconf 80' lang='lat' dir='ltr'><strong>criiciﬁgi</strong></span> <span class='ocrx_word' id='word_1_393' title='bbox 791 1663 818 1687; x_wconf 85' lang='lat' dir='ltr'><strong>ct</strong></span> 
     </span>
    </p>
   </div>
   <div class='ocr_carea' id='block_1_51' title="bbox 29 1705 816 1741">
    <p class='ocr_par' dir='ltr' id='par_1_51' title="bbox 29 1705 816 1741">
     <span class='ocr_line' id='line_1_51' title="bbox 29 1705 816 1741; baseline 0.001 -9"><span class='ocrx_word' id='word_1_394' title='bbox 29 1706 108 1738; x_wconf 69' lang='lat' dir='ltr'><strong>mori,</strong></span> <span class='ocrx_word' id='word_1_395' title='bbox 126 1710 156 1733; x_wconf 90' lang='lat' dir='ltr'><strong>et</strong></span> <span class='ocrx_word' id='word_1_396' title='bbox 175 1706 316 1741; x_wconf 89' lang='lat' dir='ltr'><strong>suppliciis</strong></span> <span class='ocrx_word' id='word_1_397' title='bbox 336 1706 464 1733; x_wconf 86' lang='lat' dir='ltr'><strong>humanis</strong></span> <span class='ocrx_word' id='word_1_398' title='bbox 481 1713 541 1733; x_wconf 88' lang='lat' dir='ltr'><strong>esse</strong></span> <span class='ocrx_word' id='word_1_399' title='bbox 565 1705 728 1740; x_wconf 74' lang='lat' dir='ltr'><strong>subjectum,</strong></span> <span class='ocrx_word' id='word_1_400' title='bbox 742 1711 768 1732; x_wconf 87' lang='lat' dir='ltr'><strong>et</strong></span> <span class='ocrx_word' id='word_1_401' title='bbox 783 1706 816 1733; x_wconf 85' lang='lat' dir='ltr'><strong>ad</strong></span> 
     </span>
    </p>
   </div>
   <div class='ocr_carea' id='block_1_52' title="bbox 29 1751 819 1787">
    <p class='ocr_par' dir='ltr' id='par_1_52' title="bbox 29 1751 819 1787">
     <span class='ocr_line' id='line_1_52' title="bbox 29 1751 819 1787; baseline 0.001 -10"><span class='ocrx_word' id='word_1_402' title='bbox 29 1755 199 1779; x_wconf 71' lang='lat' dir='ltr'><strong>)OSll&#39;cllHlln</strong></span> <span class='ocrx_word' id='word_1_403' title='bbox 221 1752 432 1787; x_wconf 86' lang='lat' dir='ltr'><strong>lacrymabilitcr</strong></span> <span class='ocrx_word' id='word_1_404' title='bbox 453 1755 661 1786; x_wconf 85' lang='lat' dir='ltr'><strong>conquerentem</strong></span> <span class='ocrx_word' id='word_1_405' title='bbox 683 1756 764 1785; x_wconf 88' lang='lat' dir='ltr'><strong>atque</strong></span> <span class='ocrx_word' id='word_1_406' title='bbox 778 1751 819 1778; x_wconf 92' lang='lat' dir='ltr'><strong>di-</strong></span> 
     </span>
    </p>
   </div>
   <div class='ocr_carea' id='block_1_53' title="bbox 29 1797 819 1833">
    <p class='ocr_par' dir='ltr' id='par_1_53' title="bbox 29 1797 819 1833">
     <span class='ocr_line' id='line_1_53' title="bbox 29 1797 819 1833; baseline 0 -9"><span class='ocrx_word' id='word_1_407' title='bbox 29 1802 134 1825; x_wconf 85' lang='lat' dir='ltr'><strong>:entcni</strong></span> <span class='ocrx_word' id='word_1_408' title='bbox 150 1807 157 1824; x_wconf 91' lang='lat'>:</span> <span class='ocrx_word' id='word_1_409' title='bbox 176 1797 268 1830; x_wconf 82' lang='lat' dir='ltr'><strong>Pater,</strong></span> <span class='ocrx_word' id='word_1_410' title='bbox 290 1798 314 1825; x_wconf 81' lang='lat' dir='ltr'><strong>si</strong></span> <span class='ocrx_word' id='word_1_411' title='bbox 334 1798 458 1833; x_wconf 77' lang='lat' dir='ltr'><strong>possibile</strong></span> <span class='ocrx_word' id='word_1_412' title='bbox 479 1803 534 1831; x_wconf 81' lang='lat' dir='ltr'><strong>est,</strong></span> <span class='ocrx_word' id='word_1_413' title='bbox 558 1802 723 1831; x_wconf 71' lang='lat' dir='ltr'><strong>per/ransom</strong></span> <span class='ocrx_word' id='word_1_414' title='bbox 747 1798 819 1824; x_wconf 72' lang='lat' dir='ltr'><strong>calix</strong></span> 
     </span>
    </p>
   </div>
   <div class='ocr_carea' id='block_1_54' title="bbox 29 1843 818 1879">
    <p class='ocr_par' dir='ltr' id='par_1_54' title="bbox 29 1843 818 1879">
     <span class='ocr_line' id='line_1_54' title="bbox 29 1843 818 1879; baseline 0 -9"><span class='ocrx_word' id='word_1_415' title='bbox 29 1848 69 1870; x_wconf 80' lang='lat' dir='ltr'><strong>ste</strong></span> <span class='ocrx_word' id='word_1_416' title='bbox 90 1852 108 1870; x_wconf 92' lang='lat' dir='ltr'><strong>a</strong></span> <span class='ocrx_word' id='word_1_417' title='bbox 128 1852 172 1871; x_wconf 81' lang='lat' dir='ltr'><strong>me</strong></span> <span class='ocrx_word' id='word_1_418' title='bbox 185 1844 217 1871; x_wconf 85' lang='lat'><strong>&quot;.</strong></span> <span class='ocrx_word' id='word_1_419' title='bbox 233 1843 310 1870; x_wconf 82' lang='lat' dir='ltr'><strong>—Et</strong></span> <span class='ocrx_word' id='word_1_420' title='bbox 332 1850 405 1871; x_wconf 87' lang='lat' dir='ltr'><strong>tuam</strong></span> <span class='ocrx_word' id='word_1_421' title='bbox 425 1852 486 1879; x_wconf 86' lang='lat' dir='ltr'><strong>ergo</strong></span> <span class='ocrx_word' id='word_1_422' title='bbox 507 1844 624 1870; x_wconf 81' lang='lat' dir='ltr'><strong>animant</strong></span> <span class='ocrx_word' id='word_1_423' title='bbox 645 1843 818 1878; x_wconf 85' lang='lat' dir='ltr'><strong>pertransibit</strong></span> 
     </span>
    </p>
   </div>
   <div class='ocr_carea' id='block_1_55' title="bbox 29 1889 819 1924">
    <p class='ocr_par' dir='ltr' id='par_1_55' title="bbox 29 1889 819 1924">
     <span class='ocr_line' id='line_1_55' title="bbox 29 1889 819 1924; baseline -0.003 -7"><span class='ocrx_word' id='word_1_424' title='bbox 29 1889 152 1922; x_wconf 77' lang='lat' dir='ltr'><strong>iludius,</strong></span> <span class='ocrx_word' id='word_1_425' title='bbox 173 1895 200 1917; x_wconf 89' lang='lat' dir='ltr'><strong>ut</strong></span> <span class='ocrx_word' id='word_1_426' title='bbox 221 1890 368 1917; x_wconf 72' lang='lat' dir='ltr'><strong>revelantur</strong></span> <span class='ocrx_word' id='word_1_427' title='bbox 385 1897 416 1916; x_wconf 66' lang='lat' dir='ltr'><strong>ex</strong></span> <span class='ocrx_word' id='word_1_428' title='bbox 437 1889 580 1916; x_wconf 84' lang='lat' dir='ltr'><strong>multarunt</strong></span> <span class='ocrx_word' id='word_1_429' title='bbox 602 1889 724 1916; x_wconf 80' lang='lat' dir='ltr'><strong>cordibus</strong></span> <span class='ocrx_word' id='word_1_430' title='bbox 746 1889 819 1924; x_wconf 56' lang='lat' dir='ltr'><strong>cogi-</strong></span> 
     </span>
    </p>
   </div>
   <div class='ocr_carea' id='block_1_56' title="bbox 29 1934 819 1971">
    <p class='ocr_par' dir='ltr' id='par_1_56' title="bbox 29 1934 819 1971">
     <span class='ocr_line' id='line_1_56' title="bbox 29 1934 819 1971; baseline -0.003 -9"><span class='ocrx_word' id='word_1_431' title='bbox 29 1936 154 1963; x_wconf 84' lang='lat' dir='ltr'><strong>ationes.</strong></span> <span class='ocrx_word' id='word_1_432' title='bbox 182 1935 367 1971; x_wconf 79' lang='lat' dir='ltr'><strong>Cogitationes</strong></span> <span class='ocrx_word' id='word_1_433' title='bbox 392 1939 470 1962; x_wconf 84' lang='lat' dir='ltr'><strong>erant</strong></span> <span class='ocrx_word' id='word_1_434' title='bbox 496 1934 574 1961; x_wconf 65' lang='lat' dir='ltr'><strong>malae</strong></span> <span class='ocrx_word' id='word_1_435' title='bbox 597 1934 623 1960; x_wconf 93' lang='lat' dir='ltr'><strong>in</strong></span> <span class='ocrx_word' id='word_1_436' title='bbox 650 1934 819 1967; x_wconf 89' lang='lat' dir='ltr'><strong>hominibus,</strong></span> 
     </span>
    </p>
   </div>
   <div class='ocr_carea' id='block_1_57' title="bbox 29 1979 815 2016">
    <p class='ocr_par' dir='ltr' id='par_1_57' title="bbox 29 1979 815 2016">
     <span class='ocr_line' id='line_1_57' title="bbox 29 1979 815 2016; baseline -0.005 -7"><span class='ocrx_word' id='word_1_437' title='bbox 29 1989 82 2015; x_wconf 56' lang='lat' dir='ltr'><strong>iure</strong></span> <span class='ocrx_word' id='word_1_438' title='bbox 107 1985 255 2016; x_wconf 86' lang='lat' dir='ltr'><strong>propterea</strong></span> <span class='ocrx_word' id='word_1_439' title='bbox 279 1981 404 2008; x_wconf 53' lang='lat' dir='ltr'><strong>revelat-te</strong></span> <span class='ocrx_word' id='word_1_440' title='bbox 428 1985 503 2011; x_wconf 86' lang='lat' dir='ltr'><strong>sunt,</strong></span> <span class='ocrx_word' id='word_1_441' title='bbox 527 1983 556 2006; x_wconf 89' lang='lat' dir='ltr'><strong>ut</strong></span> <span class='ocrx_word' id='word_1_442' title='bbox 577 1980 687 2013; x_wconf 66' lang='lat' dir='ltr'><strong>prolatae</strong></span> <span class='ocrx_word' id='word_1_443' title='bbox 708 1979 734 2006; x_wconf 95' lang='lat' dir='ltr'><strong>in</strong></span> <span class='ocrx_word' id='word_1_444' title='bbox 759 1986 815 2006; x_wconf 88' lang='lat' dir='ltr'><strong>me-</strong></span> 
     </span>
    </p>
   </div>
   <div class='ocr_carea' id='block_1_58' title="bbox 29 2025 817 2061">
    <p class='ocr_par' dir='ltr' id='par_1_58' title="bbox 29 2025 817 2061">
     <span class='ocr_line' id='line_1_58' title="bbox 29 2025 817 2061; baseline -0.001 -8"><span class='ocrx_word' id='word_1_445' title='bbox 29 2027 97 2053; x_wconf 86' lang='lat' dir='ltr'><strong>‘ium</strong></span> <span class='ocrx_word' id='word_1_446' title='bbox 129 2027 322 2061; x_wconf 87' lang='lat' dir='ltr'><strong>perderentur,</strong></span> <span class='ocrx_word' id='word_1_447' title='bbox 352 2029 379 2052; x_wconf 93' lang='lat' dir='ltr'><strong>et</strong></span> <span class='ocrx_word' id='word_1_448' title='bbox 406 2025 555 2052; x_wconf 62' lang='lat' dir='ltr'><strong>interfectae</strong></span> <span class='ocrx_word' id='word_1_449' title='bbox 580 2028 661 2058; x_wconf 82' lang='lat' dir='ltr'><strong>atque</strong></span> <span class='ocrx_word' id='word_1_450' title='bbox 687 2028 817 2052; x_wconf 76' lang='lat' dir='ltr'><strong>cniortute</strong></span> 
     </span>
    </p>
   </div>
   <div class='ocr_carea' id='block_1_59' title="bbox 29 2069 816 2105">
    <p class='ocr_par' dir='ltr' id='par_1_59' title="bbox 29 2069 816 2105">
     <span class='ocr_line' id='line_1_59' title="bbox 29 2069 816 2105; baseline -0.003 -7"><span class='ocrx_word' id='word_1_451' title='bbox 29 2079 80 2099; x_wconf 85' lang='lat' dir='ltr'><strong>ssc</strong></span> <span class='ocrx_word' id='word_1_452' title='bbox 99 2072 274 2105; x_wconf 79' lang='lat' dir='ltr'><strong>desinerent,</strong></span> <span class='ocrx_word' id='word_1_453' title='bbox 295 2076 322 2098; x_wconf 90' lang='lat' dir='ltr'><strong>ct</strong></span> <span class='ocrx_word' id='word_1_454' title='bbox 335 2071 471 2099; x_wconf 87' lang='lat' dir='ltr'><strong>occideret</strong></span> <span class='ocrx_word' id='word_1_455' title='bbox 488 2078 534 2098; x_wconf 88' lang='lat' dir='ltr'><strong>eas</strong></span> <span class='ocrx_word' id='word_1_456' title='bbox 553 2070 596 2097; x_wconf 89' lang='lat' dir='ltr'><strong>ille</strong></span> <span class='ocrx_word' id='word_1_457' title='bbox 610 2069 656 2103; x_wconf 91' lang='lat' dir='ltr'><strong>qui</strong></span> <span class='ocrx_word' id='word_1_458' title='bbox 672 2077 720 2103; x_wconf 93' lang='lat' dir='ltr'><strong>pro</strong></span> <span class='ocrx_word' id='word_1_459' title='bbox 738 2069 816 2096; x_wconf 85' lang='lat' dir='ltr'><strong>nobis</strong></span> 
     </span>
    </p>
   </div>
   <div class='ocr_carea' id='block_1_60' title="bbox 48 2115 833 2149">
    <p class='ocr_par' dir='ltr' id='par_1_60' title="bbox 48 2115 833 2149">
     <span class='ocr_line' id='line_1_60' title="bbox 48 2115 833 2149; baseline -0.001 -5"><span class='ocrx_word' id='word_1_460' title='bbox 48 2118 74 2134; x_wconf 73' lang='lat'>&quot;</span> <span class='ocrx_word' id='word_1_461' title='bbox 88 2117 194 2144; x_wconf 88' lang='lat' dir='ltr'><strong>Matth.</strong></span> <span class='ocrx_word' id='word_1_462' title='bbox 210 2125 284 2149; x_wconf 80' lang='lat' dir='ltr'><strong>xxvi,</strong></span> <span class='ocrx_word' id='word_1_463' title='bbox 298 2118 343 2144; x_wconf 76' lang='lat' dir='ltr'><strong>5i.</strong></span> <span class='ocrx_word' id='word_1_464' title='bbox 380 2117 403 2133; x_wconf 77' lang='grc' dir='ltr'><strong>⁵ο</strong></span> <span class='ocrx_word' id='word_1_465' title='bbox 417 2117 482 2144; x_wconf 90' lang='lat' dir='ltr'><strong>ibid.</strong></span> <span class='ocrx_word' id='word_1_466' title='bbox 503 2116 549 2143; x_wconf 75' lang='lat'><strong>39.</strong></span> <span class='ocrx_word' id='word_1_467' title='bbox 585 2116 606 2132; x_wconf 84' lang='lat'>“</span> <span class='ocrx_word' id='word_1_468' title='bbox 620 2115 691 2142; x_wconf 80' lang='lat' dir='ltr'><strong>Psal.</strong></span> <span class='ocrx_word' id='word_1_469' title='bbox 707 2123 793 2148; x_wconf 71' lang='lat' dir='ltr'><strong>xuii,</strong></span> <span class='ocrx_word' id='word_1_470' title='bbox 807 2116 833 2143; x_wconf 83' lang='grc'><strong>5.</strong></span> 
     </span>
    </p>
   </div>
   <div class='ocr_carea' id='block_1_61' title="bbox 49 2159 817 2198">
    <p class='ocr_par' dir='ltr' id='par_1_61' title="bbox 49 2159 817 2198">
     <span class='ocr_line' id='line_1_61' title="bbox 49 2159 817 2198; baseline -0.007 -7"><span class='ocrx_word' id='word_1_471' title='bbox 49 2164 114 2197; x_wconf 63' lang='grc'><strong>(47)</strong></span> <span class='ocrx_word' id='word_1_472' title='bbox 135 2162 197 2198; x_wconf 82' lang='lat' dir='ltr'><strong>Hoc</strong></span> <span class='ocrx_word' id='word_1_473' title='bbox 209 2170 318 2198; x_wconf 83' lang='lat' dir='ltr'><strong>quoque</strong></span> <span class='ocrx_word' id='word_1_474' title='bbox 333 2170 415 2198; x_wconf 84' lang='lat' dir='ltr'><strong>supra</strong></span> <span class='ocrx_word' id='word_1_475' title='bbox 432 2166 555 2198; x_wconf 78' lang='lat' dir='ltr'><strong>notatum</strong></span> <span class='ocrx_word' id='word_1_476' title='bbox 568 2165 610 2198; x_wconf 78' lang='lat' dir='ltr'><strong>est</strong></span> <span class='ocrx_word' id='word_1_477' title='bbox 623 2160 705 2198; x_wconf 75' lang='lat' dir='ltr'><strong>nobis</strong></span> <span class='ocrx_word' id='word_1_478' title='bbox 718 2159 750 2198; x_wconf 77' lang='lat' dir='ltr'><strong>ad</strong></span> <span class='ocrx_word' id='word_1_479' title='bbox 767 2160 817 2186; x_wconf 90' lang='lat' dir='ltr'><strong>ho-</strong></span> 
     </span>
    </p>
   </div>
   <div class='ocr_carea' id='block_1_62' title="bbox 29 2194 814 2232">
    <p class='ocr_par' dir='ltr' id='par_1_62' title="bbox 29 2194 814 2232">
     <span class='ocr_line' id='line_1_62' title="bbox 29 2194 814 2232; baseline -0.008 -6"><span class='ocrx_word' id='word_1_480' title='bbox 29 2194 128 2227; x_wconf 73' lang='lat' dir='ltr'><strong>iiliarn</strong></span> <span class='ocrx_word' id='word_1_481' title='bbox 144 2197 180 2224; x_wconf 74' lang='lat' dir='ltr'><strong>M</strong></span> <span class='ocrx_word' id='word_1_482' title='bbox 190 2194 285 2224; x_wconf 77' lang='lat' dir='ltr'><strong>contra</strong></span> <span class='ocrx_word' id='word_1_483' title='bbox 297 2194 451 2232; x_wconf 79' lang='lat' dir='ltr'><strong>Origenem,</strong></span> <span class='ocrx_word' id='word_1_484' title='bbox 461 2197 505 2223; x_wconf 92' lang='lat' dir='ltr'><strong>ubi</strong></span> <span class='ocrx_word' id='word_1_485' title='bbox 520 2195 631 2232; x_wconf 80' lang='lat' dir='ltr'><strong>Mariam</strong></span> <span class='ocrx_word' id='word_1_486' title='bbox 643 2194 742 2232; x_wconf 76' lang='lat' dir='ltr'><strong>Christi</strong></span> <span class='ocrx_word' id='word_1_487' title='bbox 761 2202 814 2221; x_wconf 85' lang='lat' dir='ltr'><strong>ina-</strong></span> 
     </span>
    </p>
   </div>
   <div class='ocr_carea' id='block_1_63' title="bbox 31 2230 812 2267">
    <p class='ocr_par' dir='ltr' id='par_1_63' title="bbox 31 2230 812 2267">
     <span class='ocr_line' id='line_1_63' title="bbox 31 2230 812 2267; baseline -0.006 -6"><span class='ocrx_word' id='word_1_488' title='bbox 31 2243 101 2266; x_wconf 87' lang='lat' dir='ltr'><strong>-em,</strong></span> <span class='ocrx_word' id='word_1_489' title='bbox 121 2236 220 2267; x_wconf 89' lang='lat' dir='ltr'><strong>utpote</strong></span> <span class='ocrx_word' id='word_1_490' title='bbox 233 2230 381 2263; x_wconf 77' lang='lat' dir='ltr'><strong>hominem,</strong></span> <span class='ocrx_word' id='word_1_491' title='bbox 395 2232 554 2267; x_wconf 82' lang='lat' dir='ltr'><strong>purgatione</strong></span> <span class='ocrx_word' id='word_1_492' title='bbox 568 2230 716 2267; x_wconf 84' lang='lat' dir='ltr'><strong>indiguisse</strong></span> <span class='ocrx_word' id='word_1_493' title='bbox 727 2237 812 2267; x_wconf 77' lang='lat' dir='ltr'><strong>apec~</strong></span> 
     </span>
    </p>
   </div>
   <div class='ocr_carea' id='block_1_64' title="bbox 29 2265 816 2301">
    <p class='ocr_par' dir='ltr' id='par_1_64' title="bbox 29 2265 816 2301">
     <span class='ocr_line' id='line_1_64' title="bbox 29 2265 816 2301; baseline -0.008 -5"><span class='ocrx_word' id='word_1_494' title='bbox 29 2275 78 2296; x_wconf 90' lang='lat' dir='ltr'><strong>ato</strong></span> <span class='ocrx_word' id='word_1_495' title='bbox 93 2265 214 2298; x_wconf 14' lang='lat' dir='ltr'><strong>iseiisit,</strong></span> <span class='ocrx_word' id='word_1_496' title='bbox 233 2267 362 2301; x_wconf 79' lang='lat' dir='ltr'><strong>refragari</strong></span> <span class='ocrx_word' id='word_1_497' title='bbox 385 2265 458 2294; x_wconf 71' lang='lat' dir='ltr'><strong>hanc</strong></span> <span class='ocrx_word' id='word_1_498' title='bbox 476 2265 816 2301; x_wconf 72' lang='lat' dir='ltr'><strong>sententiamorthodoxae</strong></span> 
     </span>
    </p>
   </div>
   <div class='ocr_carea' id='block_1_65' title="bbox 29 2299 814 2334">
    <p class='ocr_par' dir='ltr' id='par_1_65' title="bbox 29 2299 814 2334">
     <span class='ocr_line' id='line_1_65' title="bbox 29 2299 814 2334; baseline -0.008 -3"><span class='ocrx_word' id='word_1_499' title='bbox 29 2303 161 2332; x_wconf 69' lang='lat' dir='ltr'><strong>lcclesiie</strong></span> <span class='ocrx_word' id='word_1_500' title='bbox 177 2299 335 2333; x_wconf 74' lang='lat' dir='ltr'><strong>consensui,</strong></span> <span class='ocrx_word' id='word_1_501' title='bbox 351 2301 556 2334; x_wconf 82' lang='lat' dir='ltr'><strong>Tridentinique</strong></span> <span class='ocrx_word' id='word_1_502' title='bbox 572 2300 679 2328; x_wconf 89' lang='lat' dir='ltr'><strong>concilii</strong></span> <span class='ocrx_word' id='word_1_503' title='bbox 695 2299 814 2331; x_wconf 86' lang='lat' dir='ltr'><strong>decreto,</strong></span> 
     </span>
    </p>
   </div>
   <div class='ocr_carea' id='block_1_66' title="bbox 29 2334 815 2371">
    <p class='ocr_par' dir='ltr' id='par_1_66' title="bbox 29 2334 815 2371">
     <span class='ocr_line' id='line_1_66' title="bbox 29 2334 815 2371; baseline -0.009 -4"><span class='ocrx_word' id='word_1_504' title='bbox 29 2346 85 2368; x_wconf 76' lang='lat' dir='ltr'><strong>:ct.</strong></span> <span class='ocrx_word' id='word_1_505' title='bbox 105 2340 139 2369; x_wconf 81' lang='lat'><strong>6,</strong></span> <span class='ocrx_word' id='word_1_506' title='bbox 163 2344 225 2363; x_wconf 81' lang='lat' dir='ltr'><strong>can.</strong></span> <span class='ocrx_word' id='word_1_507' title='bbox 242 2337 288 2368; x_wconf 72' lang='grc'><strong>25,</strong></span> <span class='ocrx_word' id='word_1_508' title='bbox 304 2345 358 2371; x_wconf 87' lang='lat' dir='ltr'><strong>quo</strong></span> <span class='ocrx_word' id='word_1_509' title='bbox 376 2337 405 2363; x_wconf 87' lang='grc' dir='ltr'><strong>Β.</strong></span> <span class='ocrx_word' id='word_1_510' title='bbox 424 2336 505 2369; x_wconf 79' lang='lat' dir='ltr'><strong>Virgo</strong></span> <span class='ocrx_word' id='word_1_511' title='bbox 523 2335 625 2371; x_wconf 85' lang='lat' dir='ltr'><strong>nullum</strong></span> <span class='ocrx_word' id='word_1_512' title='bbox 638 2342 762 2371; x_wconf 75' lang='lat' dir='ltr'><strong>unquam</strong></span> <span class='ocrx_word' id='word_1_513' title='bbox 776 2334 815 2371; x_wconf 90' lang='lat' dir='ltr'><strong>_iii</strong></span> 
     </span>
    </p>
   </div>
   <div class='ocr_carea' id='block_1_67' title="bbox 29 2369 814 2408">
    <p class='ocr_par' dir='ltr' id='par_1_67' title="bbox 29 2369 814 2408">
     <span class='ocr_line' id='line_1_67' title="bbox 29 2369 814 2408; baseline -0.01 -6"><span class='ocrx_word' id='word_1_514' title='bbox 29 2383 40 2402; x_wconf 65' lang='grc' dir='ltr'>Ξ</span> <span class='ocrx_word' id='word_1_515' title='bbox 60 2376 217 2408; x_wconf 72' lang='lat' dir='ltr'><strong>peccatum</strong></span> <span class='ocrx_word' id='word_1_516' title='bbox 236 2369 379 2408; x_wconf 70' lang='lat' dir='ltr'><strong>admisisse</strong></span> <span class='ocrx_word' id='word_1_517' title='bbox 393 2371 500 2405; x_wconf 77' lang='lat' dir='ltr'><strong>speciali</strong></span> <span class='ocrx_word' id='word_1_518' title='bbox 516 2371 560 2408; x_wconf 57' lang='lat' dir='ltr'><strong>[let</strong></span> <span class='ocrx_word' id='word_1_519' title='bbox 573 2369 814 2408; x_wconf 58' lang='lat' dir='ltr'><strong>pririlcgiodccla-</strong></span> 
     </span>
    </p>
   </div>
   <div class='ocr_carea' id='block_1_68' title="bbox 29 2403 817 2440">
    <p class='ocr_par' dir='ltr' id='par_1_68' title="bbox 29 2403 817 2440">
     <span class='ocr_line' id='line_1_68' title="bbox 29 2403 817 2440; baseline -0.009 -4"><span class='ocrx_word' id='word_1_520' title='bbox 29 2403 107 2437; x_wconf 70' lang='grc' dir='ltr'><strong>ιιίιν.</strong></span> <span class='ocrx_word' id='word_1_521' title='bbox 124 2407 248 2440; x_wconf 89' lang='lat' dir='ltr'><strong>ldipsuin</strong></span> <span class='ocrx_word' id='word_1_522' title='bbox 264 2407 307 2434; x_wconf 90' lang='lat' dir='ltr'><strong>hic</strong></span> <span class='ocrx_word' id='word_1_523' title='bbox 324 2403 479 2440; x_wconf 82' lang='lat' dir='ltr'><strong>reponimus</strong></span> <span class='ocrx_word' id='word_1_524' title='bbox 494 2403 666 2436; x_wconf 78' lang='lat' dir='ltr'><strong>Adaniantio,</strong></span> <span class='ocrx_word' id='word_1_525' title='bbox 679 2403 724 2438; x_wconf 88' lang='lat' dir='ltr'><strong>qui</strong></span> <span class='ocrx_word' id='word_1_526' title='bbox 741 2411 817 2440; x_wconf 79' lang='lat' dir='ltr'><strong>scan-</strong></span> 
     </span>
    </p>
   </div>
   <div class='ocr_carea' id='block_1_69' title="bbox 29 2438 817 2476">
    <p class='ocr_par' dir='ltr' id='par_1_69' title="bbox 29 2438 817 2476">
     <span class='ocr_line' id='line_1_69' title="bbox 29 2438 817 2476; baseline -0.01 -4"><span class='ocrx_word' id='word_1_527' title='bbox 29 2445 85 2476; x_wconf 81' lang='lat' dir='ltr'><strong>oli,</strong></span> <span class='ocrx_word' id='word_1_528' title='bbox 106 2438 297 2476; x_wconf 70' lang='lat' dir='ltr'><strong>inﬁdelitatis,</strong></span> <span class='ocrx_word' id='word_1_529' title='bbox 316 2438 551 2476; x_wconf 75' lang='lat' dir='ltr'><strong>anibiguitatisque</strong></span> <span class='ocrx_word' id='word_1_530' title='bbox 573 2447 635 2476; x_wconf 79' lang='lat' dir='ltr'><strong>reas</strong></span> <span class='ocrx_word' id='word_1_531' title='bbox 652 2444 739 2476; x_wconf 76' lang='lat' dir='ltr'><strong>notas,</strong></span> <span class='ocrx_word' id='word_1_532' title='bbox 759 2438 817 2465; x_wconf 93' lang='lat' dir='ltr'><strong>cul-</strong></span> 
     </span>
    </p>
   </div>
   <div class='ocr_carea' id='block_1_70' title="bbox 29 2474 816 2513">
    <p class='ocr_par' dir='ltr' id='par_1_70' title="bbox 29 2474 816 2513">
     <span class='ocr_line' id='line_1_70' title="bbox 29 2474 816 2513; baseline -0.011 -6"><span class='ocrx_word' id='word_1_533' title='bbox 29 2474 148 2513; x_wconf 43' lang='lat' dir='ltr'><strong>aiii&#39;qué</strong></span> <span class='ocrx_word' id='word_1_534' title='bbox 183 2477 363 2504; x_wconf 70' lang='lat' dir='ltr'><strong>sanctissima:</strong></span> <span class='ocrx_word' id='word_1_535' title='bbox 382 2474 554 2513; x_wconf 17' lang='lat' dir='ltr'><strong>V&#39;Deidblatri</strong></span> <span class='ocrx_word' id='word_1_536' title='bbox 580 2474 660 2502; x_wconf 81' lang='lat' dir='ltr'><strong>audet</strong></span> <span class='ocrx_word' id='word_1_537' title='bbox 679 2474 816 2513; x_wconf 36' lang='lat' dir='ltr'><strong>linurcre.</strong></span> 
     </span>
    </p>
   </div>
   <div class='ocr_carea' id='block_1_71' title="bbox 33 2508 814 2547">
    <p class='ocr_par' dir='ltr' id='par_1_71' title="bbox 33 2508 814 2547">
     <span class='ocr_line' id='line_1_71' title="bbox 33 2508 814 2547; baseline -0.01 -5"><span class='ocrx_word' id='word_1_538' title='bbox 33 2508 212 2547; x_wconf 52' lang='lat' dir='ltr'><strong>tuan-quam,</strong></span> <span class='ocrx_word' id='word_1_539' title='bbox 238 2517 267 2538; x_wconf 88' lang='lat' dir='ltr'><strong>nt</strong></span> <span class='ocrx_word' id='word_1_540' title='bbox 289 2519 321 2539; x_wconf 88' lang='lat' dir='ltr'><strong>ne</strong></span> <span class='ocrx_word' id='word_1_541' title='bbox 341 2512 406 2546; x_wconf 88' lang='lat' dir='ltr'><strong>quid</strong></span> <span class='ocrx_word' id='word_1_542' title='bbox 432 2511 619 2547; x_wconf 83' lang='lat' dir='ltr'><strong>dissimulem,</strong></span> <span class='ocrx_word' id='word_1_543' title='bbox 647 2509 714 2547; x_wconf 77' lang='lat' dir='ltr'><strong>scio.</strong></span> <span class='ocrx_word' id='word_1_544' title='bbox 733 2512 759 2534; x_wconf 90' lang='lat' dir='ltr'><strong>et</strong></span> <span class='ocrx_word' id='word_1_545' title='bbox 780 2508 814 2547; x_wconf 81' lang='lat' dir='ltr'><strong>cl.</strong></span> 
     </span>
    </p>
   </div>
   <div class='ocr_carea' id='block_1_72' title="bbox 34 2543 817 2581">
    <p class='ocr_par' dir='ltr' id='par_1_72' title="bbox 34 2543 817 2581">
     <span class='ocr_line' id='line_1_72' title="bbox 34 2543 817 2581; baseline -0.008 -5"><span class='ocrx_word' id='word_1_546' title='bbox 34 2543 144 2576; x_wconf 74' lang='lat' dir='ltr'><strong>uetitis</strong></span> <span class='ocrx_word' id='word_1_547' title='bbox 160 2550 244 2578; x_wconf 84' lang='lat' dir='ltr'><strong>notat,</strong></span> <span class='ocrx_word' id='word_1_548' title='bbox 262 2547 330 2573; x_wconf 78' lang='lat' dir='ltr'><strong>hunc</strong></span> <span class='ocrx_word' id='word_1_549' title='bbox 344 2543 428 2581; x_wconf 78' lang='lat' dir='ltr'><strong>ipsam</strong></span> <span class='ocrx_word' id='word_1_550' title='bbox 441 2546 565 2580; x_wconf 81' lang='lat' dir='ltr'><strong>Origenis</strong></span> <span class='ocrx_word' id='word_1_551' title='bbox 580 2544 741 2581; x_wconf 85' lang='lat' dir='ltr'><strong>sententiam</strong></span> <span class='ocrx_word' id='word_1_552' title='bbox 758 2543 817 2581; x_wconf 63' lang='lat' dir='ltr'><strong>toti:</strong></span> 
     </span>
    </p>
   </div>
   <div class='ocr_carea' id='block_1_73' title="bbox 29 2578 816 2616">
    <p class='ocr_par' dir='ltr' id='par_1_73' title="bbox 29 2578 816 2616">
     <span class='ocr_line' id='line_1_73' title="bbox 29 2578 816 2616; baseline -0.009 -5"><span class='ocrx_word' id='word_1_553' title='bbox 29 2592 75 2611; x_wconf 65' lang='lat' dir='ltr'><strong>ein</strong></span> <span class='ocrx_word' id='word_1_554' title='bbox 111 2581 314 2616; x_wconf 80' lang='lat' dir='ltr'><strong>propemodum</strong></span> <span class='ocrx_word' id='word_1_555' title='bbox 339 2578 427 2608; x_wconf 69' lang='lat' dir='ltr'><strong>vei-bis</strong></span> <span class='ocrx_word' id='word_1_556' title='bbox 453 2581 480 2607; x_wconf 87' lang='lat' dir='ltr'><strong>in</strong></span> <span class='ocrx_word' id='word_1_557' title='bbox 493 2578 642 2616; x_wconf 50' lang='lat' dir='ltr'><strong>_epistolaiii</strong></span> <span class='ocrx_word' id='word_1_558' title='bbox 668 2586 743 2616; x_wconf 83' lang='lat' dir='ltr'><strong>suam</strong></span> <span class='ocrx_word' id='word_1_559' title='bbox 765 2578 816 2616; x_wconf 62' lang='grc' dir='ltr'><strong>ξΠ</strong></span> 
     </span>
    </p>
   </div>
   <div class='ocr_carea' id='block_1_74' title="bbox 29 2614 815 2650">
    <p class='ocr_par' dir='ltr' id='par_1_74' title="bbox 29 2614 815 2650">
     <span class='ocr_line' id='line_1_74' title="bbox 29 2614 815 2650; baseline -0.01 -3"><span class='ocrx_word' id='word_1_560' title='bbox 29 2614 160 2648; x_wconf 49' lang='lat' dir='ltr'><strong>milis-se</strong></span> <span class='ocrx_word' id='word_1_561' title='bbox 172 2614 303 2650; x_wconf 81' lang='lat' dir='ltr'><strong>maguum</strong></span> <span class='ocrx_word' id='word_1_562' title='bbox 321 2616 461 2647; x_wconf 87' lang='lat' dir='ltr'><strong>Basilium,</strong></span> <span class='ocrx_word' id='word_1_563' title='bbox 480 2615 527 2649; x_wconf 92' lang='lat' dir='ltr'><strong>qui</strong></span> <span class='ocrx_word' id='word_1_564' title='bbox 542 2615 623 2650; x_wconf 81' lang='lat' dir='ltr'><strong>gladii</strong></span> <span class='ocrx_word' id='word_1_565' title='bbox 640 2614 749 2641; x_wconf 87' lang='lat' dir='ltr'><strong>nomine</strong></span> <span class='ocrx_word' id='word_1_566' title='bbox 763 2614 815 2640; x_wconf 80' lang='lat' dir='ltr'><strong>ilu-</strong></span> 
     </span>
    </p>
   </div>
   <div class='ocr_carea' id='block_1_75' title="bbox 29 2649 814 2685">
    <p class='ocr_par' dir='ltr' id='par_1_75' title="bbox 29 2649 814 2685">
     <span class='ocr_line' id='line_1_75' title="bbox 29 2649 814 2685; baseline -0.009 -3"><span class='ocrx_word' id='word_1_567' title='bbox 29 2654 198 2682; x_wconf 84' lang='lat' dir='ltr'><strong>.uationem</strong></span> <span class='ocrx_word' id='word_1_568' title='bbox 221 2649 366 2685; x_wconf 73' lang='lat' dir='ltr'><strong>quamdam</strong></span> <span class='ocrx_word' id='word_1_569' title='bbox 395 2650 509 2678; x_wconf 90' lang='lat' dir='ltr'><strong>indicari</strong></span> <span class='ocrx_word' id='word_1_570' title='bbox 532 2657 547 2676; x_wconf 89' lang='lat' dir='ltr'><strong>a</strong></span> <span class='ocrx_word' id='word_1_571' title='bbox 565 2649 692 2676; x_wconf 88' lang='lat' dir='ltr'><strong>Simeone</strong></span> <span class='ocrx_word' id='word_1_572' title='bbox 710 2649 814 2681; x_wconf 87' lang='lat' dir='ltr'><strong>scribit,</strong></span> 
     </span>
    </p>
   </div>
   <div class='ocr_carea' id='block_1_76' title="bbox 29 2685 816 2720">
    <p class='ocr_par' dir='ltr' id='par_1_76' title="bbox 29 2685 816 2720">
     <span class='ocr_line' id='line_1_76' title="bbox 29 2685 816 2720; baseline -0.01 -3"><span class='ocrx_word' id='word_1_573' title='bbox 29 2692 182 2717; x_wconf 82' lang='lat' dir='ltr'><strong>ivisurani</strong></span> <span class='ocrx_word' id='word_1_574' title='bbox 209 2685 235 2712; x_wconf 89' lang='lat' dir='ltr'><strong>in</strong></span> <span class='ocrx_word' id='word_1_575' title='bbox 258 2691 348 2720; x_wconf 80' lang='lat' dir='ltr'><strong>partes</strong></span> <span class='ocrx_word' id='word_1_576' title='bbox 364 2685 453 2713; x_wconf 75' lang='lat' dir='ltr'><strong>Maria:</strong></span> <span class='ocrx_word' id='word_1_577' title='bbox 474 2685 610 2717; x_wconf 86' lang='lat' dir='ltr'><strong>animam,</strong></span> <span class='ocrx_word' id='word_1_578' title='bbox 635 2688 748 2720; x_wconf 79' lang='lat' dir='ltr'><strong>mortem</strong></span> <span class='ocrx_word' id='word_1_579' title='bbox 769 2692 816 2718; x_wconf 87' lang='lat' dir='ltr'><strong>pa-</strong></span> 
     </span>
    </p>
   </div>
   <div class='ocr_carea' id='block_1_77' title="bbox 29 2718 817 2756">
    <p class='ocr_par' dir='ltr' id='par_1_77' title="bbox 29 2718 817 2756">
     <span class='ocr_line' id='line_1_77' title="bbox 29 2718 817 2756; baseline -0.013 -3"><span class='ocrx_word' id='word_1_580' title='bbox 29 2729 106 2752; x_wconf 68' lang='lat' dir='ltr'><strong>cutn</strong></span> <span class='ocrx_word' id='word_1_581' title='bbox 125 2720 209 2751; x_wconf 79' lang='lat' dir='ltr'><strong>Filio,</strong></span> <span class='ocrx_word' id='word_1_582' title='bbox 224 2718 301 2754; x_wconf 65' lang='lat' dir='ltr'><strong>justa</strong></span> <span class='ocrx_word' id='word_1_583' title='bbox 320 2721 440 2756; x_wconf 83' lang='lat' dir='ltr'><strong>ejusdem</strong></span> <span class='ocrx_word' id='word_1_584' title='bbox 456 2720 615 2756; x_wconf 77' lang='lat' dir='ltr'><strong>oraculum:</strong></span> <span class='ocrx_word' id='word_1_585' title='bbox 631 2718 726 2756; x_wconf 60' lang='lat' dir='ltr'><strong>Omnes</strong></span> <span class='ocrx_word' id='word_1_586' title='bbox 742 2727 817 2756; x_wconf 69' lang='lat' dir='ltr'><strong>scan-</strong></span> 
     </span>
    </p>
   </div>
   <div class='ocr_carea' id='block_1_78' title="bbox 29 2753 815 2790">
    <p class='ocr_par' dir='ltr' id='par_1_78' title="bbox 29 2753 815 2790">
     <span class='ocr_line' id='line_1_78' title="bbox 29 2753 815 2790; baseline -0.01 -3"><span class='ocrx_word' id='word_1_587' title='bbox 29 2753 229 2787; x_wconf 68' lang='lat' dir='ltr'><strong>ulizabintiui</strong></span> <span class='ocrx_word' id='word_1_588' title='bbox 239 2756 266 2782; x_wconf 77' lang='lat' dir='ltr'><strong>in</strong></span> <span class='ocrx_word' id='word_1_589' title='bbox 280 2753 342 2783; x_wconf 48' lang='lat' dir='ltr'><strong>mef</strong></span> <span class='ocrx_word' id='word_1_590' title='bbox 353 2756 480 2790; x_wconf 84' lang='lat' dir='ltr'><strong>Alioquin</strong></span> <span class='ocrx_word' id='word_1_591' title='bbox 495 2754 663 2790; x_wconf 12' lang='lat' dir='ltr'><strong>allisanctam</strong></span> <span class='ocrx_word' id='word_1_592' title='bbox 680 2753 815 2788; x_wconf 75' lang='lat' dir='ltr'><strong>Virginem</strong></span> 
     </span>
    </p>
   </div>
   <div class='ocr_carea' id='block_1_79' title="bbox 35 2789 814 2823">
    <p class='ocr_par' dir='ltr' id='par_1_79' title="bbox 35 2789 814 2823">
     <span class='ocr_line' id='line_1_79' title="bbox 35 2789 814 2823; baseline -0.008 -3"><span class='ocrx_word' id='word_1_593' title='bbox 35 2794 123 2822; x_wconf 73' lang='lat' dir='ltr'><strong>ortis</strong></span> <span class='ocrx_word' id='word_1_594' title='bbox 150 2790 252 2817; x_wconf 76' lang='lat' dir='ltr'><strong>Christi</strong></span> <span class='ocrx_word' id='word_1_595' title='bbox 278 2791 395 2818; x_wconf 79' lang='lat' dir='ltr'><strong>fructum</strong></span> <span class='ocrx_word' id='word_1_596' title='bbox 422 2789 475 2818; x_wconf 82' lang='lat' dir='ltr'><strong>non</strong></span> <span class='ocrx_word' id='word_1_597' title='bbox 503 2789 587 2816; x_wconf 79' lang='lat' dir='ltr'><strong>fuisse</strong></span> <span class='ocrx_word' id='word_1_598' title='bbox 612 2793 814 2823; x_wconf 77' lang='lat' dir='ltr'><strong>perventurum.</strong></span> 
     </span>
    </p>
   </div>
   <div class='ocr_carea' id='block_1_80' title="bbox 29 2822 814 2859">
    <p class='ocr_par' dir='ltr' id='par_1_80' title="bbox 29 2822 814 2859">
     <span class='ocr_line' id='line_1_80' title="bbox 29 2822 814 2859; baseline -0.008 -6"><span class='ocrx_word' id='word_1_599' title='bbox 29 2830 102 2857; x_wconf 64' lang='lat' dir='ltr'><strong>.Lli;</strong></span> <span class='ocrx_word' id='word_1_600' title='bbox 130 2825 264 2852; x_wconf 78' lang='lat' dir='ltr'><strong>laudatus</strong></span> <span class='ocrx_word' id='word_1_601' title='bbox 287 2826 462 2853; x_wconf 82' lang='lat' dir='ltr'><strong>Abrincensis</strong></span> <span class='ocrx_word' id='word_1_602' title='bbox 487 2824 631 2859; x_wconf 74' lang='lat' dir='ltr'><strong>episcopus</strong></span> <span class='ocrx_word' id='word_1_603' title='bbox 648 2822 738 2850; x_wconf 87' lang='lat' dir='ltr'><strong>Tittiin</strong></span> <span class='ocrx_word' id='word_1_604' title='bbox 762 2822 814 2859; x_wconf 70' lang='grc' dir='ltr'><strong>Βυ-</strong></span> 
     </span>
    </p>
   </div>
   <div class='ocr_carea' id='block_1_81' title="bbox 32 2858 815 2895">
    <p class='ocr_par' dir='ltr' id='par_1_81' title="bbox 32 2858 815 2895">
     <span class='ocr_line' id='line_1_81' title="bbox 32 2858 815 2895; baseline -0.011 -3"><span class='ocrx_word' id='word_1_605' title='bbox 32 2869 156 2893; x_wconf 67' lang='lat' dir='ltr'><strong>renum</strong></span> <span class='ocrx_word' id='word_1_606' title='bbox 167 2880 174 2893; x_wconf 92' lang='lat'><strong>,</strong></span> <span class='ocrx_word' id='word_1_607' title='bbox 195 2860 432 2895; x_wconf 83' lang='lat' dir='ltr'><strong>Amphilochium,</strong></span> <span class='ocrx_word' id='word_1_608' title='bbox 457 2858 527 2888; x_wconf 76' lang='lat' dir='ltr'><strong>orat.</strong></span> <span class='ocrx_word' id='word_1_609' title='bbox 544 2859 571 2892; x_wconf 78' lang='lat'><strong>5,</strong></span> <span class='ocrx_word' id='word_1_610' title='bbox 589 2858 624 2885; x_wconf 82' lang='lat' dir='ltr'><strong>De</strong></span> <span class='ocrx_word' id='word_1_611' title='bbox 639 2866 748 2885; x_wconf 77' lang='lat' dir='ltr'><strong>occursu</strong></span> <span class='ocrx_word' id='word_1_612' title='bbox 764 2858 815 2884; x_wconf 48' lang='lat' dir='ltr'><strong>Uo&lt;</strong></span> 
     </span>
    </p>
   </div>
   <div class='ocr_carea' id='block_1_82' title="bbox 834 2219 856 2245">
    <p class='ocr_par' dir='ltr' id='par_1_82' title="bbox 834 2219 856 2245">
     <span class='ocr_line' id='line_1_82' title="bbox 834 2219 856 2245; baseline 0 0"><span class='ocrx_word' id='word_1_613' title='bbox 834 2219 856 2245; x_wconf 83' lang='grc' dir='ltr'><strong>ι)</strong></span> 
     </span>
    </p>
   </div>
   <div class='ocr_carea' id='block_1_83' title="bbox 872 931 1656 968">
    <p class='ocr_par' dir='ltr' id='par_1_83' title="bbox 872 931 1656 968">
     <span class='ocr_line' id='line_1_83' title="bbox 872 931 1656 968; baseline -0.001 -8"><span class='ocrx_word' id='word_1_614' title='bbox 872 933 1012 968; x_wconf 89' lang='lat' dir='ltr'><strong>prehendit</strong></span> <span class='ocrx_word' id='word_1_615' title='bbox 1035 931 1175 965; x_wconf 80' lang='lat' dir='ltr'><strong>infantem,</strong></span> <span class='ocrx_word' id='word_1_616' title='bbox 1191 936 1216 959; x_wconf 91' lang='lat' dir='ltr'><strong>ei</strong></span> <span class='ocrx_word' id='word_1_617' title='bbox 1238 932 1323 959; x_wconf 90' lang='lat' dir='ltr'><strong>tenuit</strong></span> <span class='ocrx_word' id='word_1_618' title='bbox 1340 932 1366 958; x_wconf 95' lang='lat' dir='ltr'><strong>in</strong></span> <span class='ocrx_word' id='word_1_619' title='bbox 1383 932 1502 959; x_wconf 89' lang='lat' dir='ltr'><strong>brachiis</strong></span> <span class='ocrx_word' id='word_1_620' title='bbox 1518 932 1596 960; x_wconf 86' lang='lat' dir='ltr'><strong>suis:</strong></span> <span class='ocrx_word' id='word_1_621' title='bbox 1609 933 1656 959; x_wconf 87' lang='lat' dir='ltr'><strong>de-</strong></span> 
     </span>
    </p>
   </div>
   <div class='ocr_carea' id='block_1_84' title="bbox 871 978 1655 1013">
    <p class='ocr_par' dir='ltr' id='par_1_84' title="bbox 871 978 1655 1013">
     <span class='ocr_line' id='line_1_84' title="bbox 871 978 1655 1013; baseline 0 -7"><span class='ocrx_word' id='word_1_622' title='bbox 871 979 935 1007; x_wconf 88' lang='lat' dir='ltr'><strong>inde</strong></span> <span class='ocrx_word' id='word_1_623' title='bbox 952 980 1061 1011; x_wconf 90' lang='lat' dir='ltr'><strong>mulier,</strong></span> <span class='ocrx_word' id='word_1_624' title='bbox 1074 979 1153 1013; x_wconf 87' lang='lat' dir='ltr'><strong>cujus</strong></span> <span class='ocrx_word' id='word_1_625' title='bbox 1168 985 1221 1005; x_wconf 92' lang='lat' dir='ltr'><strong>non</strong></span> <span class='ocrx_word' id='word_1_626' title='bbox 1240 982 1303 1005; x_wconf 89' lang='lat' dir='ltr'><strong>sunt</strong></span> <span class='ocrx_word' id='word_1_627' title='bbox 1318 978 1429 1013; x_wconf 90' lang='lat' dir='ltr'><strong>quidem</strong></span> <span class='ocrx_word' id='word_1_628' title='bbox 1445 979 1526 1006; x_wconf 88' lang='lat' dir='ltr'><strong>verba</strong></span> <span class='ocrx_word' id='word_1_629' title='bbox 1540 979 1655 1013; x_wconf 71' lang='lat' dir='ltr'><strong>digesta,</strong></span> 
     </span>
    </p>
   </div>
   <div class='ocr_carea' id='block_1_85' title="bbox 871 1023 1658 1058">
    <p class='ocr_par' dir='ltr' id='par_1_85' title="bbox 871 1023 1658 1058">
     <span class='ocr_line' id='line_1_85' title="bbox 871 1023 1658 1058; baseline -0.004 -5"><span class='ocrx_word' id='word_1_630' title='bbox 871 1026 918 1054; x_wconf 88' lang='lat' dir='ltr'><strong>sed</strong></span> <span class='ocrx_word' id='word_1_631' title='bbox 937 1025 1039 1052; x_wconf 83' lang='lat' dir='ltr'><strong>dictum</strong></span> <span class='ocrx_word' id='word_1_632' title='bbox 1064 1029 1105 1052; x_wconf 88' lang='lat' dir='ltr'><strong>est</strong></span> <span class='ocrx_word' id='word_1_633' title='bbox 1124 1024 1286 1058; x_wconf 78' lang='lat' dir='ltr'><strong>generaliter</strong></span> <span class='ocrx_word' id='word_1_634' title='bbox 1308 1024 1381 1058; x_wconf 93' lang='lat' dir='ltr'><strong>quod</strong></span> <span class='ocrx_word' id='word_1_635' title='bbox 1404 1023 1530 1051; x_wconf 82' lang='lat' dir='ltr'><strong>confessa</strong></span> <span class='ocrx_word' id='word_1_636' title='bbox 1550 1025 1585 1051; x_wconf 88' lang='lat' dir='ltr'><strong>sit</strong></span> <span class='ocrx_word' id='word_1_637' title='bbox 1605 1024 1658 1050; x_wconf 79' lang='lat' dir='ltr'><strong>Do-</strong></span> 
     </span>
    </p>
   </div>
   <div class='ocr_carea' id='block_1_86' title="bbox 872 1068 1659 1103">
    <p class='ocr_par' dir='ltr' id='par_1_86' title="bbox 872 1068 1659 1103">
     <span class='ocr_line' id='line_1_86' title="bbox 872 1068 1659 1103; baseline -0.005 -6"><span class='ocrx_word' id='word_1_638' title='bbox 872 1069 957 1103; x_wconf 91' lang='lat' dir='ltr'><strong>mino,</strong></span> <span class='ocrx_word' id='word_1_639' title='bbox 980 1073 1008 1096; x_wconf 89' lang='lat' dir='ltr'><strong>et</strong></span> <span class='ocrx_word' id='word_1_640' title='bbox 1030 1069 1120 1096; x_wconf 90' lang='lat' dir='ltr'><strong>locuta</strong></span> <span class='ocrx_word' id='word_1_641' title='bbox 1144 1068 1177 1095; x_wconf 86' lang='lat' dir='ltr'><strong>de</strong></span> <span class='ocrx_word' id='word_1_642' title='bbox 1193 1075 1226 1095; x_wconf 89' lang='lat' dir='ltr'><strong>eo</strong></span> <span class='ocrx_word' id='word_1_643' title='bbox 1247 1068 1375 1095; x_wconf 89' lang='lat' dir='ltr'><strong>omnibus</strong></span> <span class='ocrx_word' id='word_1_644' title='bbox 1397 1068 1443 1102; x_wconf 91' lang='lat' dir='ltr'><strong>qui</strong></span> <span class='ocrx_word' id='word_1_645' title='bbox 1465 1069 1659 1102; x_wconf 82' lang='lat' dir='ltr'><strong>exspectabant</strong></span> 
     </span>
    </p>
   </div>
   <div class='ocr_carea' id='block_1_87' title="bbox 870 1111 1658 1148">
    <p class='ocr_par' dir='ltr' id='par_1_87' title="bbox 870 1111 1658 1148">
     <span class='ocr_line' id='line_1_87' title="bbox 870 1111 1658 1148; baseline -0.003 -7"><span class='ocrx_word' id='word_1_646' title='bbox 870 1113 1086 1148; x_wconf 84' lang='lat' dir='ltr'><strong>redemptionem</strong></span> <span class='ocrx_word' id='word_1_647' title='bbox 1104 1112 1195 1139; x_wconf 88' lang='lat' dir='ltr'><strong>Israel.</strong></span> <span class='ocrx_word' id='word_1_648' title='bbox 1215 1111 1247 1137; x_wconf 87' lang='lat' dir='ltr'><strong>Et</strong></span> <span class='ocrx_word' id='word_1_649' title='bbox 1262 1111 1335 1146; x_wconf 89' lang='lat' dir='ltr'><strong>juste</strong></span> <span class='ocrx_word' id='word_1_650' title='bbox 1351 1117 1444 1139; x_wconf 85' lang='lat' dir='ltr'><strong>sancta</strong></span> <span class='ocrx_word' id='word_1_651' title='bbox 1465 1113 1562 1139; x_wconf 83' lang='lat' dir='ltr'><strong>mulier</strong></span> <span class='ocrx_word' id='word_1_652' title='bbox 1577 1113 1658 1147; x_wconf 88' lang='lat' dir='ltr'><strong>spiri-</strong></span> 
     </span>
    </p>
   </div>
   <div class='ocr_carea' id='block_1_88' title="bbox 871 1157 1657 1194">
    <p class='ocr_par' dir='ltr' id='par_1_88' title="bbox 871 1157 1657 1194">
     <span class='ocr_line' id='line_1_88' title="bbox 871 1157 1657 1194; baseline -0.001 -7"><span class='ocrx_word' id='word_1_653' title='bbox 871 1163 927 1187; x_wconf 81' lang='lat' dir='ltr'><strong>tum</strong></span> <span class='ocrx_word' id='word_1_654' title='bbox 945 1158 1122 1194; x_wconf 84' lang='lat' dir='ltr'><strong>prophetandi</strong></span> <span class='ocrx_word' id='word_1_655' title='bbox 1137 1157 1235 1184; x_wconf 88' lang='lat' dir='ltr'><strong>meruit</strong></span> <span class='ocrx_word' id='word_1_656' title='bbox 1250 1157 1381 1192; x_wconf 87' lang='lat' dir='ltr'><strong>accipere,</strong></span> <span class='ocrx_word' id='word_1_657' title='bbox 1397 1158 1460 1192; x_wconf 91' lang='lat' dir='ltr'><strong>quia</strong></span> <span class='ocrx_word' id='word_1_658' title='bbox 1480 1158 1558 1193; x_wconf 82' lang='lat' dir='ltr'><strong>longa</strong></span> <span class='ocrx_word' id='word_1_659' title='bbox 1573 1159 1657 1186; x_wconf 86' lang='lat' dir='ltr'><strong>casti—</strong></span> 
     </span>
    </p>
   </div>
   <div class='ocr_carea' id='block_1_89' title="bbox 872 1203 1655 1240">
    <p class='ocr_par' dir='ltr' id='par_1_89' title="bbox 872 1203 1655 1240">
     <span class='ocr_line' id='line_1_89' title="bbox 872 1203 1655 1240; baseline 0.003 -9"><span class='ocrx_word' id='word_1_660' title='bbox 872 1209 925 1232; x_wconf 91' lang='lat' dir='ltr'><strong>tate</strong></span> <span class='ocrx_word' id='word_1_661' title='bbox 947 1205 1088 1240; x_wconf 74' lang='lat' dir='ltr'><strong>longisque</strong></span> <span class='ocrx_word' id='word_1_662' title='bbox 1102 1203 1214 1239; x_wconf 86' lang='lat' dir='ltr'><strong>jejuniis</strong></span> <span class='ocrx_word' id='word_1_663' title='bbox 1233 1203 1267 1229; x_wconf 87' lang='lat' dir='ltr'><strong>ad</strong></span> <span class='ocrx_word' id='word_1_664' title='bbox 1289 1203 1340 1231; x_wconf 88' lang='lat' dir='ltr'><strong>hoc</strong></span> <span class='ocrx_word' id='word_1_665' title='bbox 1357 1205 1464 1231; x_wconf 89' lang='lat' dir='ltr'><strong>culmen</strong></span> <span class='ocrx_word' id='word_1_666' title='bbox 1486 1205 1655 1233; x_wconf 66' lang='lat' dir='ltr'><strong>ascenderat.</strong></span> 
     </span>
    </p>
   </div>
   <div class='ocr_carea' id='block_1_90' title="bbox 873 1249 1656 1284">
    <p class='ocr_par' dir='ltr' id='par_1_90' title="bbox 873 1249 1656 1284">
     <span class='ocr_line' id='line_1_90' title="bbox 873 1249 1656 1284; baseline 0.003 -8"><span class='ocrx_word' id='word_1_667' title='bbox 873 1249 976 1282; x_wconf 85' lang='lat' dir='ltr'><strong>Videte,</strong></span> <span class='ocrx_word' id='word_1_668' title='bbox 995 1251 1134 1283; x_wconf 90' lang='lat' dir='ltr'><strong>mulieres,</strong></span> <span class='ocrx_word' id='word_1_669' title='bbox 1150 1250 1335 1278; x_wconf 87' lang='lat' dir='ltr'><strong>testimonium</strong></span> <span class='ocrx_word' id='word_1_670' title='bbox 1354 1250 1449 1284; x_wconf 65' lang='lat' dir='ltr'><strong>Anum,</strong></span> <span class='ocrx_word' id='word_1_671' title='bbox 1466 1255 1492 1278; x_wconf 88' lang='lat' dir='ltr'><strong>et</strong></span> <span class='ocrx_word' id='word_1_672' title='bbox 1509 1251 1656 1278; x_wconf 85' lang='lat' dir='ltr'><strong>imitamini</strong></span> 
     </span>
    </p>
   </div>
   <div class='ocr_carea' id='block_1_91' title="bbox 869 1295 1654 1331">
    <p class='ocr_par' dir='ltr' id='par_1_91' title="bbox 869 1295 1654 1331">
     <span class='ocr_line' id='line_1_91' title="bbox 869 1295 1654 1331; baseline 0.004 -9"><span class='ocrx_word' id='word_1_673' title='bbox 869 1295 946 1329; x_wconf 88' lang='lat' dir='ltr'><strong>illud,</strong></span> <span class='ocrx_word' id='word_1_674' title='bbox 969 1296 991 1323; x_wconf 89' lang='lat' dir='ltr'><strong>si</strong></span> <span class='ocrx_word' id='word_1_675' title='bbox 1012 1296 1123 1331; x_wconf 88' lang='lat' dir='ltr'><strong>quando</strong></span> <span class='ocrx_word' id='word_1_676' title='bbox 1142 1297 1220 1323; x_wconf 85' lang='lat' dir='ltr'><strong>vobis</strong></span> <span class='ocrx_word' id='word_1_677' title='bbox 1239 1297 1359 1324; x_wconf 88' lang='lat' dir='ltr'><strong>evenerit</strong></span> <span class='ocrx_word' id='word_1_678' title='bbox 1383 1301 1413 1324; x_wconf 90' lang='lat' dir='ltr'><strong>ut</strong></span> <span class='ocrx_word' id='word_1_679' title='bbox 1435 1297 1552 1331; x_wconf 71' lang='lat' dir='ltr'><strong>perdatis</strong></span> <span class='ocrx_word' id='word_1_680' title='bbox 1571 1298 1654 1325; x_wconf 87' lang='lat' dir='ltr'><strong>viros.</strong></span> 
     </span>
    </p>
   </div>
   <div class='ocr_carea' id='block_1_92' title="bbox 869 1341 1656 1378">
    <p class='ocr_par' dir='ltr' id='par_1_92' title="bbox 869 1341 1656 1378">
     <span class='ocr_line' id='line_1_92' title="bbox 869 1341 1656 1378; baseline 0.003 -9"><span class='ocrx_word' id='word_1_681' title='bbox 869 1341 1049 1370; x_wconf 83' lang='lat' dir='ltr'><strong>Considerate</strong></span> <span class='ocrx_word' id='word_1_682' title='bbox 1061 1343 1127 1377; x_wconf 92' lang='lat' dir='ltr'><strong>quid</strong></span> <span class='ocrx_word' id='word_1_683' title='bbox 1140 1343 1173 1370; x_wconf 89' lang='lat' dir='ltr'><strong>de</strong></span> <span class='ocrx_word' id='word_1_684' title='bbox 1190 1350 1222 1370; x_wconf 87' lang='lat' dir='ltr'><strong>ea</strong></span> <span class='ocrx_word' id='word_1_685' title='bbox 1238 1342 1369 1377; x_wconf 89' lang='lat' dir='ltr'><strong>scriptum</strong></span> <span class='ocrx_word' id='word_1_686' title='bbox 1383 1343 1419 1370; x_wconf 89' lang='lat' dir='ltr'><strong>sit</strong></span> <span class='ocrx_word' id='word_1_687' title='bbox 1434 1352 1441 1370; x_wconf 90' lang='lat'>:</span> <span class='ocrx_word' id='word_1_688' title='bbox 1455 1343 1560 1378; x_wconf 81' lang='lat' dir='ltr'><strong>Septem</strong></span> <span class='ocrx_word' id='word_1_689' title='bbox 1578 1346 1656 1372; x_wconf 82' lang='lat' dir='ltr'><strong>annis</strong></span> 
     </span>
    </p>
   </div>
   <div class='ocr_carea' id='block_1_93' title="bbox 869 1389 1656 1424">
    <p class='ocr_par' dir='ltr' id='par_1_93' title="bbox 869 1389 1656 1424">
     <span class='ocr_line' id='line_1_93' title="bbox 869 1389 1656 1424; baseline 0 -8"><span class='ocrx_word' id='word_1_690' title='bbox 869 1389 936 1416; x_wconf 71' lang='lat' dir='ltr'><strong>vixit</strong></span> <span class='ocrx_word' id='word_1_691' title='bbox 959 1389 1139 1424; x_wconf 79' lang='lat' dir='ltr'><strong>avirginitate</strong></span> <span class='ocrx_word' id='word_1_692' title='bbox 1163 1397 1212 1416; x_wconf 84' lang='lat' dir='ltr'><strong>sua</strong></span> <span class='ocrx_word' id='word_1_693' title='bbox 1237 1397 1296 1415; x_wconf 82' lang='lat' dir='ltr'><strong>cum</strong></span> <span class='ocrx_word' id='word_1_694' title='bbox 1321 1390 1377 1417; x_wconf 82' lang='lat' dir='ltr'><strong>viro</strong></span> <span class='ocrx_word' id='word_1_695' title='bbox 1405 1398 1463 1421; x_wconf 82' lang='lat' dir='ltr'><strong>suo,</strong></span> <span class='ocrx_word' id='word_1_696' title='bbox 1489 1395 1515 1417; x_wconf 89' lang='lat' dir='ltr'><strong>et</strong></span> <span class='ocrx_word' id='word_1_697' title='bbox 1540 1390 1656 1424; x_wconf 85' lang='lat' dir='ltr'><strong>reliqua,</strong></span> 
     </span>
    </p>
   </div>
   <div class='ocr_carea' id='block_1_94' title="bbox 869 1434 1657 1470">
    <p class='ocr_par' dir='ltr' id='par_1_94' title="bbox 869 1434 1657 1470">
     <span class='ocr_line' id='line_1_94' title="bbox 869 1434 1657 1470; baseline 0.003 -10"><span class='ocrx_word' id='word_1_698' title='bbox 869 1438 1007 1470; x_wconf 79' lang='lat' dir='ltr'><strong>propterea</strong></span> <span class='ocrx_word' id='word_1_699' title='bbox 1020 1434 1156 1468; x_wconf 78' lang='lat' dir='ltr'><strong>prop/tetes</strong></span> <span class='ocrx_word' id='word_1_700' title='bbox 1168 1434 1229 1469; x_wconf 82' lang='lat' dir='ltr'><strong>fuit.</strong></span> <span class='ocrx_word' id='word_1_701' title='bbox 1245 1434 1338 1469; x_wconf 83' lang='lat' dir='ltr'><strong>Neque</strong></span> <span class='ocrx_word' id='word_1_702' title='bbox 1352 1435 1424 1462; x_wconf 92' lang='lat' dir='ltr'><strong>enim</strong></span> <span class='ocrx_word' id='word_1_703' title='bbox 1441 1440 1470 1462; x_wconf 88' lang='lat' dir='ltr'><strong>ut</strong></span> <span class='ocrx_word' id='word_1_704' title='bbox 1482 1436 1547 1462; x_wconf 88' lang='lat' dir='ltr'><strong>libet</strong></span> <span class='ocrx_word' id='word_1_705' title='bbox 1563 1440 1590 1462; x_wconf 91' lang='lat' dir='ltr'><strong>et</strong></span> <span class='ocrx_word' id='word_1_706' title='bbox 1603 1435 1657 1462; x_wconf 83' lang='lat' dir='ltr'><strong>ior-</strong></span> 
     </span>
    </p>
   </div>
   <div class='ocr_carea' id='block_1_95' title="bbox 870 1481 1656 1516">
    <p class='ocr_par' dir='ltr' id='par_1_95' title="bbox 870 1481 1656 1516">
     <span class='ocr_line' id='line_1_95' title="bbox 870 1481 1656 1516; baseline 0.001 -8"><span class='ocrx_word' id='word_1_707' title='bbox 870 1483 939 1508; x_wconf 90' lang='lat' dir='ltr'><strong>tuilo</strong></span> <span class='ocrx_word' id='word_1_708' title='bbox 953 1481 1070 1516; x_wconf 89' lang='lat' dir='ltr'><strong>Spiritus</strong></span> <span class='ocrx_word' id='word_1_709' title='bbox 1082 1486 1192 1509; x_wconf 88' lang='lat' dir='ltr'><strong>sanctus</strong></span> <span class='ocrx_word' id='word_1_710' title='bbox 1206 1481 1338 1508; x_wconf 81' lang='lat' dir='ltr'><strong>habitavit</strong></span> <span class='ocrx_word' id='word_1_711' title='bbox 1356 1482 1381 1508; x_wconf 91' lang='lat' dir='ltr'><strong>in</strong></span> <span class='ocrx_word' id='word_1_712' title='bbox 1396 1490 1438 1508; x_wconf 91' lang='lat' dir='ltr'><strong>ea.</strong></span> <span class='ocrx_word' id='word_1_713' title='bbox 1454 1481 1557 1508; x_wconf 82' lang='lat' dir='ltr'><strong>Bonum</strong></span> <span class='ocrx_word' id='word_1_714' title='bbox 1574 1487 1616 1509; x_wconf 89' lang='lat' dir='ltr'><strong>est</strong></span> <span class='ocrx_word' id='word_1_715' title='bbox 1629 1487 1656 1509; x_wconf 88' lang='lat' dir='ltr'><strong>et</strong></span> 
     </span>
    </p>
   </div>
   <div class='ocr_carea' id='block_1_96' title="bbox 870 1527 1657 1562">
    <p class='ocr_par' dir='ltr' id='par_1_96' title="bbox 870 1527 1657 1562">
     <span class='ocr_line' id='line_1_96' title="bbox 870 1527 1657 1562; baseline 0.003 -9"><span class='ocrx_word' id='word_1_716' title='bbox 870 1527 999 1561; x_wconf 84' lang='lat' dir='ltr'><strong>primum,</strong></span> <span class='ocrx_word' id='word_1_717' title='bbox 1022 1527 1044 1553; x_wconf 88' lang='lat' dir='ltr'><strong>si</strong></span> <span class='ocrx_word' id='word_1_718' title='bbox 1065 1534 1117 1561; x_wconf 87' lang='lat' dir='ltr'><strong>qua</strong></span> <span class='ocrx_word' id='word_1_719' title='bbox 1140 1531 1230 1562; x_wconf 85' lang='lat' dir='ltr'><strong>potest</strong></span> <span class='ocrx_word' id='word_1_720' title='bbox 1247 1527 1411 1562; x_wconf 82' lang='lat' dir='ltr'><strong>virginitatis</strong></span> <span class='ocrx_word' id='word_1_721' title='bbox 1436 1528 1549 1562; x_wconf 86' lang='lat' dir='ltr'><strong>gratiam</strong></span> <span class='ocrx_word' id='word_1_722' title='bbox 1568 1527 1657 1562; x_wconf 84' lang='lat' dir='ltr'><strong>possi-</strong></span> 
     </span>
    </p>
   </div>
   <div class='ocr_carea' id='block_1_97' title="bbox 869 1561 1657 1605">
    <p class='ocr_par' dir='ltr' id='par_1_97' title="bbox 869 1561 1657 1605">
     <span class='ocr_line' id='line_1_97' title="bbox 869 1561 1657 1605; baseline 0 -7"><span class='ocrx_word' id='word_1_723' title='bbox 869 1572 943 1599; x_wconf 86' lang='lat' dir='ltr'><strong>dere.</strong></span> <span class='ocrx_word' id='word_1_724' title='bbox 959 1571 988 1598; x_wconf 92' lang='lat' dir='ltr'><strong>Si</strong></span> <span class='ocrx_word' id='word_1_725' title='bbox 1003 1575 1093 1598; x_wconf 86' lang='lat' dir='ltr'><strong>autem</strong></span> <span class='ocrx_word' id='word_1_726' title='bbox 1109 1571 1162 1598; x_wconf 92' lang='lat' dir='ltr'><strong>hoc</strong></span> <span class='ocrx_word' id='word_1_727' title='bbox 1175 1578 1229 1598; x_wconf 83' lang='lat' dir='ltr'><strong>non</strong></span> <span class='ocrx_word' id='word_1_728' title='bbox 1244 1561 1373 1605; x_wconf 72' lang='lat' dir='ltr'><strong>potuerit,</strong></span> <span class='ocrx_word' id='word_1_729' title='bbox 1387 1572 1433 1599; x_wconf 88' lang='lat' dir='ltr'><strong>sed</strong></span> <span class='ocrx_word' id='word_1_730' title='bbox 1441 1561 1575 1599; x_wconf 75' lang='lat' dir='ltr'><strong>evenerit</strong></span> <span class='ocrx_word' id='word_1_731' title='bbox 1584 1572 1609 1599; x_wconf 91' lang='lat' dir='ltr'><strong>ei</strong></span> <span class='ocrx_word' id='word_1_732' title='bbox 1626 1576 1657 1598; x_wconf 92' lang='lat' dir='ltr'><strong>ut</strong></span> 
     </span>
    </p>
   </div>
   <div class='ocr_carea' id='block_1_98' title="bbox 869 1616 1649 1653">
    <p class='ocr_par' dir='ltr' id='par_1_98' title="bbox 869 1616 1649 1653">
     <span class='ocr_line' id='line_1_98' title="bbox 869 1616 1649 1653; baseline 0 -9"><span class='ocrx_word' id='word_1_733' title='bbox 869 1618 965 1653; x_wconf 78' lang='lat' dir='ltr'><strong>perdat</strong></span> <span class='ocrx_word' id='word_1_734' title='bbox 977 1617 1077 1650; x_wconf 88' lang='lat' dir='ltr'><strong>virum,</strong></span> <span class='ocrx_word' id='word_1_735' title='bbox 1094 1616 1176 1644; x_wconf 88' lang='lat' dir='ltr'><strong>vidua</strong></span> <span class='ocrx_word' id='word_1_736' title='bbox 1193 1621 1355 1652; x_wconf 88' lang='lat' dir='ltr'><strong>perseveret.</strong></span> <span class='ocrx_word' id='word_1_737' title='bbox 1372 1616 1449 1650; x_wconf 85' lang='lat' dir='ltr'><strong>Quod</strong></span> <span class='ocrx_word' id='word_1_738' title='bbox 1468 1617 1577 1652; x_wconf 90' lang='lat' dir='ltr'><strong>quidem</strong></span> <span class='ocrx_word' id='word_1_739' title='bbox 1594 1624 1649 1644; x_wconf 90' lang='lat' dir='ltr'><strong>non</strong></span> 
     </span>
    </p>
   </div>
   <div class='ocr_carea' id='block_1_99' title="bbox 870 1662 1658 1698">
    <p class='ocr_par' dir='ltr' id='par_1_99' title="bbox 870 1662 1658 1698">
     <span class='ocr_line' id='line_1_99' title="bbox 870 1662 1658 1698; baseline 0 -8"><span class='ocrx_word' id='word_1_740' title='bbox 870 1664 958 1696; x_wconf 79' lang='lat' dir='ltr'><strong>solum</strong></span> <span class='ocrx_word' id='word_1_741' title='bbox 980 1667 1042 1698; x_wconf 87' lang='lat' dir='ltr'><strong>post</strong></span> <span class='ocrx_word' id='word_1_742' title='bbox 1054 1667 1168 1690; x_wconf 89' lang='lat' dir='ltr'><strong>mortem</strong></span> <span class='ocrx_word' id='word_1_743' title='bbox 1190 1662 1254 1696; x_wconf 89' lang='lat' dir='ltr'><strong>viri,</strong></span> <span class='ocrx_word' id='word_1_744' title='bbox 1276 1662 1322 1690; x_wconf 88' lang='lat' dir='ltr'><strong>sed</strong></span> <span class='ocrx_word' id='word_1_745' title='bbox 1344 1662 1425 1690; x_wconf 85' lang='lat' dir='ltr'><strong>etiam</strong></span> <span class='ocrx_word' id='word_1_746' title='bbox 1448 1671 1509 1690; x_wconf 88' lang='lat' dir='ltr'><strong>cum</strong></span> <span class='ocrx_word' id='word_1_747' title='bbox 1527 1663 1572 1690; x_wconf 90' lang='lat' dir='ltr'><strong>ille</strong></span> <span class='ocrx_word' id='word_1_748' title='bbox 1591 1662 1658 1690; x_wconf 83' lang='lat' dir='ltr'><strong>vivit</strong></span> 
     </span>
    </p>
   </div>
   <div class='ocr_carea' id='block_1_100' title="bbox 870 1708 1657 1741">
    <p class='ocr_par' dir='ltr' id='par_1_100' title="bbox 870 1708 1657 1741">
     <span class='ocr_line' id='line_1_100' title="bbox 870 1708 1657 1741; baseline -0.001 -5"><span class='ocrx_word' id='word_1_749' title='bbox 870 1709 949 1736; x_wconf 85' lang='lat' dir='ltr'><strong>debet</strong></span> <span class='ocrx_word' id='word_1_750' title='bbox 961 1708 1061 1736; x_wconf 86' lang='lat' dir='ltr'><strong>habere</strong></span> <span class='ocrx_word' id='word_1_751' title='bbox 1082 1708 1109 1734; x_wconf 93' lang='lat' dir='ltr'><strong>in</strong></span> <span class='ocrx_word' id='word_1_752' title='bbox 1123 1708 1226 1741; x_wconf 87' lang='lat' dir='ltr'><strong>animo,</strong></span> <span class='ocrx_word' id='word_1_753' title='bbox 1241 1712 1271 1734; x_wconf 93' lang='lat' dir='ltr'><strong>ut</strong></span> <span class='ocrx_word' id='word_1_754' title='bbox 1292 1708 1398 1735; x_wconf 85' lang='lat' dir='ltr'><strong>etiamsi</strong></span> <span class='ocrx_word' id='word_1_755' title='bbox 1423 1716 1477 1736; x_wconf 92' lang='lat' dir='ltr'><strong>non</strong></span> <span class='ocrx_word' id='word_1_756' title='bbox 1492 1708 1594 1735; x_wconf 89' lang='lat' dir='ltr'><strong>venerit</strong></span> <span class='ocrx_word' id='word_1_757' title='bbox 1610 1716 1657 1735; x_wconf 87' lang='lat' dir='ltr'><strong>vo-</strong></span> 
     </span>
    </p>
   </div>
   <div class='ocr_carea' id='block_1_101' title="bbox 870 1751 1655 1787">
    <p class='ocr_par' dir='ltr' id='par_1_101' title="bbox 870 1751 1655 1787">
     <span class='ocr_line' id='line_1_101' title="bbox 870 1751 1655 1787; baseline -0.003 -7"><span class='ocrx_word' id='word_1_758' title='bbox 870 1754 961 1781; x_wconf 88' lang='lat' dir='ltr'><strong>luntas</strong></span> <span class='ocrx_word' id='word_1_759' title='bbox 981 1753 1066 1787; x_wconf 86' lang='lat' dir='ltr'><strong>ipsius</strong></span> <span class='ocrx_word' id='word_1_760' title='bbox 1086 1756 1113 1780; x_wconf 89' lang='lat' dir='ltr'><strong>et</strong></span> <span class='ocrx_word' id='word_1_761' title='bbox 1126 1751 1307 1787; x_wconf 91' lang='lat' dir='ltr'><strong>propositum,</strong></span> <span class='ocrx_word' id='word_1_762' title='bbox 1329 1759 1344 1778; x_wconf 92' lang='lat' dir='ltr'><strong>a</strong></span> <span class='ocrx_word' id='word_1_763' title='bbox 1359 1751 1476 1779; x_wconf 91' lang='lat' dir='ltr'><strong>Domino</strong></span> <span class='ocrx_word' id='word_1_764' title='bbox 1498 1757 1655 1783; x_wconf 89' lang='lat' dir='ltr'><strong>coronetur,</strong></span> 
     </span>
    </p>
   </div>
   <div class='ocr_carea' id='block_1_102' title="bbox 869 1797 1656 1832">
    <p class='ocr_par' dir='ltr' id='par_1_102' title="bbox 869 1797 1656 1832">
     <span class='ocr_line' id='line_1_102' title="bbox 869 1797 1656 1832; baseline -0.001 -6"><span class='ocrx_word' id='word_1_765' title='bbox 869 1803 896 1826; x_wconf 89' lang='lat' dir='ltr'><strong>et</strong></span> <span class='ocrx_word' id='word_1_766' title='bbox 909 1798 999 1825; x_wconf 90' lang='lat' dir='ltr'><strong>dicat:</strong></span> <span class='ocrx_word' id='word_1_767' title='bbox 1014 1797 1071 1825; x_wconf 88' lang='lat' dir='ltr'><strong>Hoc</strong></span> <span class='ocrx_word' id='word_1_768' title='bbox 1089 1804 1174 1824; x_wconf 86' lang='lat' dir='ltr'><strong>voveo</strong></span> <span class='ocrx_word' id='word_1_769' title='bbox 1189 1801 1270 1831; x_wconf 82' lang='lat' dir='ltr'><strong>atque</strong></span> <span class='ocrx_word' id='word_1_770' title='bbox 1286 1797 1423 1832; x_wconf 81' lang='lat' dir='ltr'><strong>promitto,</strong></span> <span class='ocrx_word' id='word_1_771' title='bbox 1440 1797 1462 1824; x_wconf 89' lang='lat' dir='ltr'><strong>si</strong></span> <span class='ocrx_word' id='word_1_772' title='bbox 1476 1797 1543 1831; x_wconf 75' lang='lat' dir='ltr'><strong>mihi</strong></span> <span class='ocrx_word' id='word_1_773' title='bbox 1560 1797 1656 1825; x_wconf 88' lang='lat' dir='ltr'><strong>huma-</strong></span> 
     </span>
    </p>
   </div>
   <div class='ocr_carea' id='block_1_103' title="bbox 869 1842 1655 1878">
    <p class='ocr_par' dir='ltr' id='par_1_103' title="bbox 869 1842 1655 1878">
     <span class='ocr_line' id='line_1_103' title="bbox 869 1842 1655 1878; baseline -0.003 -7"><span class='ocrx_word' id='word_1_774' title='bbox 869 1851 935 1871; x_wconf 89' lang='lat' dir='ltr'><strong>num</strong></span> <span class='ocrx_word' id='word_1_775' title='bbox 953 1843 1055 1878; x_wconf 83' lang='lat' dir='ltr'><strong>aliquid</strong></span> <span class='ocrx_word' id='word_1_776' title='bbox 1070 1842 1143 1877; x_wconf 89' lang='lat' dir='ltr'><strong>quod</strong></span> <span class='ocrx_word' id='word_1_777' title='bbox 1161 1849 1215 1869; x_wconf 90' lang='lat' dir='ltr'><strong>non</strong></span> <span class='ocrx_word' id='word_1_778' title='bbox 1238 1846 1302 1876; x_wconf 90' lang='lat' dir='ltr'><strong>opto</strong></span> <span class='ocrx_word' id='word_1_779' title='bbox 1323 1842 1479 1877; x_wconf 84' lang='lat' dir='ltr'><strong>contigerit,</strong></span> <span class='ocrx_word' id='word_1_780' title='bbox 1496 1842 1565 1869; x_wconf 88' lang='lat' dir='ltr'><strong>nihil</strong></span> <span class='ocrx_word' id='word_1_781' title='bbox 1581 1843 1655 1869; x_wconf 86' lang='lat' dir='ltr'><strong>aliud</strong></span> 
     </span>
    </p>
   </div>
   <div class='ocr_carea' id='block_1_104' title="bbox 869 1887 1653 1924">
    <p class='ocr_par' dir='ltr' id='par_1_104' title="bbox 869 1887 1653 1924">
     <span class='ocr_line' id='line_1_104' title="bbox 869 1887 1653 1924; baseline -0.001 -8"><span class='ocrx_word' id='word_1_782' title='bbox 869 1889 966 1917; x_wconf 80' lang='lat' dir='ltr'><strong>iaciam</strong></span> <span class='ocrx_word' id='word_1_783' title='bbox 981 1896 1063 1924; x_wconf 86' lang='lat' dir='ltr'><strong>quam</strong></span> <span class='ocrx_word' id='word_1_784' title='bbox 1095 1888 1309 1916; x_wconf 86' lang='lat' dir='ltr'><strong>incontaminala</strong></span> <span class='ocrx_word' id='word_1_785' title='bbox 1321 1887 1456 1922; x_wconf 88' lang='lat' dir='ltr'><strong>viduaque</strong></span> <span class='ocrx_word' id='word_1_786' title='bbox 1473 1895 1653 1922; x_wconf 86' lang='lat' dir='ltr'><strong>perseverem.</strong></span> 
     </span>
    </p>
   </div>
   <div class='ocr_carea' id='block_1_105' title="bbox 870 1933 1653 1968">
    <p class='ocr_par' dir='ltr' id='par_1_105' title="bbox 870 1933 1653 1968">
     <span class='ocr_line' id='line_1_105' title="bbox 870 1933 1653 1968; baseline -0.001 -6"><span class='ocrx_word' id='word_1_787' title='bbox 870 1934 948 1962; x_wconf 84' lang='lat' dir='ltr'><strong>Nunc</strong></span> <span class='ocrx_word' id='word_1_788' title='bbox 963 1942 1028 1962; x_wconf 91' lang='lat' dir='ltr'><strong>vero</strong></span> <span class='ocrx_word' id='word_1_789' title='bbox 1043 1937 1070 1961; x_wconf 94' lang='lat' dir='ltr'><strong>et</strong></span> <span class='ocrx_word' id='word_1_790' title='bbox 1085 1934 1212 1961; x_wconf 64' lang='lat' dir='ltr'><strong>secundae</strong></span> <span class='ocrx_word' id='word_1_791' title='bbox 1233 1938 1260 1961; x_wconf 90' lang='lat' dir='ltr'><strong>et</strong></span> <span class='ocrx_word' id='word_1_792' title='bbox 1276 1933 1362 1960; x_wconf 63' lang='lat' dir='ltr'><strong>tertiae</strong></span> <span class='ocrx_word' id='word_1_793' title='bbox 1383 1937 1410 1960; x_wconf 89' lang='lat' dir='ltr'><strong>et</strong></span> <span class='ocrx_word' id='word_1_794' title='bbox 1424 1938 1528 1968; x_wconf 79' lang='lat' dir='ltr'><strong>quartae</strong></span> <span class='ocrx_word' id='word_1_795' title='bbox 1542 1934 1653 1968; x_wconf 62' lang='lat' dir='ltr'><strong>nuptie,</strong></span> 
     </span>
    </p>
   </div>
   <div class='ocr_carea' id='block_1_106' title="bbox 871 1979 1652 2015">
    <p class='ocr_par' dir='ltr' id='par_1_106' title="bbox 871 1979 1652 2015">
     <span class='ocr_line' id='line_1_106' title="bbox 871 1979 1652 2015; baseline -0.003 -8"><span class='ocrx_word' id='word_1_796' title='bbox 871 1984 902 2007; x_wconf 88' lang='lat' dir='ltr'><strong>ut</strong></span> <span class='ocrx_word' id='word_1_797' title='bbox 914 1980 948 2007; x_wconf 83' lang='lat' dir='ltr'><strong>de</strong></span> <span class='ocrx_word' id='word_1_798' title='bbox 963 1980 1086 2015; x_wconf 88' lang='lat' dir='ltr'><strong>pluribus</strong></span> <span class='ocrx_word' id='word_1_799' title='bbox 1105 1983 1221 2012; x_wconf 89' lang='lat' dir='ltr'><strong>taceam,</strong></span> <span class='ocrx_word' id='word_1_800' title='bbox 1236 1979 1419 2013; x_wconf 88' lang='lat' dir='ltr'><strong>reperiuntur,</strong></span> <span class='ocrx_word' id='word_1_801' title='bbox 1435 1983 1462 2005; x_wconf 88' lang='lat' dir='ltr'><strong>ct</strong></span> <span class='ocrx_word' id='word_1_802' title='bbox 1477 1986 1530 2005; x_wconf 91' lang='lat' dir='ltr'><strong>non</strong></span> <span class='ocrx_word' id='word_1_803' title='bbox 1546 1979 1652 2013; x_wconf 85' lang='lat' dir='ltr'><strong>ignora-</strong></span> 
     </span>
    </p>
   </div>
   <div class='ocr_carea' id='block_1_107' title="bbox 870 2023 1652 2060">
    <p class='ocr_par' dir='ltr' id='par_1_107' title="bbox 870 2023 1652 2060">
     <span class='ocr_line' id='line_1_107' title="bbox 870 2023 1652 2060; baseline -0.003 -8"><span class='ocrx_word' id='word_1_804' title='bbox 870 2033 932 2053; x_wconf 88' lang='lat' dir='ltr'><strong>mus</strong></span> <span class='ocrx_word' id='word_1_805' title='bbox 945 2025 1018 2060; x_wconf 87' lang='lat' dir='ltr'><strong>quod</strong></span> <span class='ocrx_word' id='word_1_806' title='bbox 1040 2025 1095 2052; x_wconf 88' lang='lat' dir='ltr'><strong>tale</strong></span> <span class='ocrx_word' id='word_1_807' title='bbox 1112 2024 1269 2060; x_wconf 87' lang='lat' dir='ltr'><strong>conjugium</strong></span> <span class='ocrx_word' id='word_1_808' title='bbox 1283 2023 1339 2059; x_wconf 66' lang='grc'><strong>(48)</strong></span> <span class='ocrx_word' id='word_1_809' title='bbox 1351 2024 1440 2058; x_wconf 85' lang='lat' dir='ltr'><strong>ejiciet</strong></span> <span class='ocrx_word' id='word_1_810' title='bbox 1462 2031 1511 2051; x_wconf 84' lang='lat' dir='ltr'><strong>nos</strong></span> <span class='ocrx_word' id='word_1_811' title='bbox 1525 2024 1558 2051; x_wconf 86' lang='lat' dir='ltr'><strong>de</strong></span> <span class='ocrx_word' id='word_1_812' title='bbox 1570 2031 1652 2059; x_wconf 85' lang='lat' dir='ltr'><strong>regno</strong></span> 
     </span>
    </p>
   </div>
   <div class='ocr_carea' id='block_1_108' title="bbox 871 2069 1651 2105">
    <p class='ocr_par' dir='ltr' id='par_1_108' title="bbox 871 2069 1651 2105">
     <span class='ocr_line' id='line_1_108' title="bbox 871 2069 1651 2105; baseline -0.003 -7"><span class='ocrx_word' id='word_1_813' title='bbox 871 2070 930 2098; x_wconf 88' lang='lat' dir='ltr'><strong>Dei.</strong></span> <span class='ocrx_word' id='word_1_814' title='bbox 957 2071 1033 2098; x_wconf 91' lang='lat' dir='ltr'><strong>Sicut</strong></span> <span class='ocrx_word' id='word_1_815' title='bbox 1050 2071 1122 2098; x_wconf 89' lang='lat' dir='ltr'><strong>cnim</strong></span> <span class='ocrx_word' id='word_1_816' title='bbox 1144 2071 1178 2098; x_wconf 84' lang='lat' dir='ltr'><strong>ab</strong></span> <span class='ocrx_word' id='word_1_817' title='bbox 1202 2069 1393 2098; x_wconf 87' lang='lat' dir='ltr'><strong>ecclesiasticis</strong></span> <span class='ocrx_word' id='word_1_818' title='bbox 1405 2069 1583 2105; x_wconf 80' lang='lat' dir='ltr'><strong>dignitatibus</strong></span> <span class='ocrx_word' id='word_1_819' title='bbox 1597 2077 1651 2097; x_wconf 92' lang='lat' dir='ltr'><strong>non</strong></span> 
     </span>
    </p>
   </div>
   <div class='ocr_carea' id='block_1_109' title="bbox 872 2116 1104 2149">
    <p class='ocr_par' dir='ltr' id='par_1_109' title="bbox 872 2116 1104 2149">
     <span class='ocr_line' id='line_1_109' title="bbox 872 2116 1104 2149; baseline 0 -5"><span class='ocrx_word' id='word_1_820' title='bbox 872 2117 894 2133; x_wconf 84' lang='lat'><strong>&quot;</strong></span> <span class='ocrx_word' id='word_1_821' title='bbox 906 2116 958 2144; x_wconf 88' lang='lat' dir='ltr'><strong>lsa.</strong></span> <span class='ocrx_word' id='word_1_822' title='bbox 973 2125 1045 2149; x_wconf 76' lang='lat' dir='ltr'><strong>XLIV,</strong></span> <span class='ocrx_word' id='word_1_823' title='bbox 1060 2117 1104 2144; x_wconf 76' lang='lat'><strong>22.</strong></span> 
     </span>
    </p>
   </div>
   <div class='ocr_carea' id='block_1_110' title="bbox 871 2159 1654 2196">
    <p class='ocr_par' dir='ltr' id='par_1_110' title="bbox 871 2159 1654 2196">
     <span class='ocr_line' id='line_1_110' title="bbox 871 2159 1654 2196; baseline -0.003 -8"><span class='ocrx_word' id='word_1_824' title='bbox 871 2161 947 2194; x_wconf 84' lang='lat' dir='ltr'><strong>mini,</strong></span> <span class='ocrx_word' id='word_1_825' title='bbox 958 2160 1180 2196; x_wconf 84' lang='lat' dir='ltr'><strong>Chrysostomum</strong></span> <span class='ocrx_word' id='word_1_826' title='bbox 1195 2161 1222 2196; x_wconf 80' lang='lat' dir='ltr'><strong>in</strong></span> <span class='ocrx_word' id='word_1_827' title='bbox 1235 2160 1375 2196; x_wconf 51' lang='grc' dir='ltr'><strong>ρδαμκιμ,</strong></span> <span class='ocrx_word' id='word_1_828' title='bbox 1387 2160 1517 2195; x_wconf 88' lang='lat' dir='ltr'><strong>Cyrillum</strong></span> <span class='ocrx_word' id='word_1_829' title='bbox 1535 2161 1563 2187; x_wconf 85' lang='lat' dir='ltr'><strong>in</strong></span> <span class='ocrx_word' id='word_1_830' title='bbox 1573 2159 1654 2187; x_wconf 79' lang='lat' dir='ltr'><strong>Ioan-</strong></span> 
     </span>
    </p>
   </div>
   <div class='ocr_carea' id='block_1_111' title="bbox 872 2195 1653 2230">
    <p class='ocr_par' dir='ltr' id='par_1_111' title="bbox 872 2195 1653 2230">
     <span class='ocr_line' id='line_1_111' title="bbox 872 2195 1653 2230; baseline -0.004 -7"><span class='ocrx_word' id='word_1_831' title='bbox 872 2205 940 2227; x_wconf 84' lang='lat' dir='ltr'><strong>nem,</strong></span> <span class='ocrx_word' id='word_1_832' title='bbox 956 2197 1079 2230; x_wconf 83' lang='lat' dir='ltr'><strong>aliosque</strong></span> <span class='ocrx_word' id='word_1_833' title='bbox 1096 2195 1253 2228; x_wconf 86' lang='lat' dir='ltr'><strong>nonnullos,</strong></span> <span class='ocrx_word' id='word_1_834' title='bbox 1270 2195 1316 2229; x_wconf 89' lang='lat' dir='ltr'><strong>qui</strong></span> <span class='ocrx_word' id='word_1_835' title='bbox 1334 2195 1469 2223; x_wconf 85' lang='lat' dir='ltr'><strong>Simeonis</strong></span> <span class='ocrx_word' id='word_1_836' title='bbox 1484 2196 1653 2229; x_wconf 86' lang='lat' dir='ltr'><strong>prophetiam</strong></span> 
     </span>
    </p>
   </div>
   <div class='ocr_carea' id='block_1_112' title="bbox 870 2230 1650 2264">
    <p class='ocr_par' dir='ltr' id='par_1_112' title="bbox 870 2230 1650 2264">
     <span class='ocr_line' id='line_1_112' title="bbox 870 2230 1650 2264; baseline -0.004 -7"><span class='ocrx_word' id='word_1_837' title='bbox 870 2231 964 2258; x_wconf 86' lang='lat' dir='ltr'><strong>eodem</strong></span> <span class='ocrx_word' id='word_1_838' title='bbox 981 2231 1117 2264; x_wconf 75' lang='lat' dir='ltr'><strong>explicant</strong></span> <span class='ocrx_word' id='word_1_839' title='bbox 1134 2237 1217 2256; x_wconf 85' lang='lat' dir='ltr'><strong>sensu</strong></span> <span class='ocrx_word' id='word_1_840' title='bbox 1233 2237 1240 2254; x_wconf 82' lang='lat'><strong>:</strong></span> <span class='ocrx_word' id='word_1_841' title='bbox 1256 2230 1362 2256; x_wconf 86' lang='lat' dir='ltr'><strong>tametsi</strong></span> <span class='ocrx_word' id='word_1_842' title='bbox 1380 2235 1441 2264; x_wconf 89' lang='lat' dir='ltr'><strong>post</strong></span> <span class='ocrx_word' id='word_1_843' title='bbox 1457 2230 1650 2257; x_wconf 81' lang='lat' dir='ltr'><strong>dubitatiouem</strong></span> 
     </span>
    </p>
   </div>
   <div class='ocr_carea' id='block_1_113' title="bbox 868 2264 1652 2298">
    <p class='ocr_par' dir='ltr' id='par_1_113' title="bbox 868 2264 1652 2298">
     <span class='ocr_line' id='line_1_113' title="bbox 868 2264 1652 2298; baseline -0.003 -6"><span class='ocrx_word' id='word_1_844' title='bbox 868 2266 958 2293; x_wconf 86' lang='lat' dir='ltr'><strong>statim</strong></span> <span class='ocrx_word' id='word_1_845' title='bbox 974 2267 1065 2291; x_wconf 90' lang='lat' dir='ltr'><strong>animo</strong></span> <span class='ocrx_word' id='word_1_846' title='bbox 1082 2265 1270 2292; x_wconf 85' lang='lat' dir='ltr'><strong>conﬁrmatam</strong></span> <span class='ocrx_word' id='word_1_847' title='bbox 1289 2264 1400 2291; x_wconf 84' lang='lat' dir='ltr'><strong>Mariam</strong></span> <span class='ocrx_word' id='word_1_848' title='bbox 1421 2265 1513 2297; x_wconf 84' lang='lat' dir='ltr'><strong>fuisse,</strong></span> <span class='ocrx_word' id='word_1_849' title='bbox 1530 2264 1652 2298; x_wconf 86' lang='lat' dir='ltr'><strong>plerique</strong></span> 
     </span>
    </p>
   </div>
   <div class='ocr_carea' id='block_1_114' title="bbox 867 2300 1487 2328">
    <p class='ocr_par' dir='ltr' id='par_1_114' title="bbox 867 2300 1487 2328">
     <span class='ocr_line' id='line_1_114' title="bbox 867 2300 1487 2328; baseline -0.005 -1"><span class='ocrx_word' id='word_1_850' title='bbox 867 2308 962 2328; x_wconf 78' lang='lat' dir='ltr'><strong>omnes</strong></span> <span class='ocrx_word' id='word_1_851' title='bbox 977 2300 1089 2326; x_wconf 88' lang='lat' dir='ltr'><strong>minimc</strong></span> <span class='ocrx_word' id='word_1_852' title='bbox 1108 2300 1282 2326; x_wconf 86' lang='lat' dir='ltr'><strong>dilliteantur.</strong></span> <span class='ocrx_word' id='word_1_853' title='bbox 1474 2302 1487 2314; x_wconf 66' lang='lat'><strong>“</strong></span> 
     </span>
    </p>
   </div>
   <div class='ocr_carea' id='block_1_115' title="bbox 903 2332 1650 2369">
    <p class='ocr_par' dir='ltr' id='par_1_115' title="bbox 903 2332 1650 2369">
     <span class='ocr_line' id='line_1_115' title="bbox 903 2332 1650 2369; baseline -0.003 -8"><span class='ocrx_word' id='word_1_854' title='bbox 903 2335 960 2369; x_wconf 69' lang='grc'><strong>(48)</strong></span> <span class='ocrx_word' id='word_1_855' title='bbox 982 2334 1044 2360; x_wconf 75' lang='lat' dir='ltr'><strong>lla-e</strong></span> <span class='ocrx_word' id='word_1_856' title='bbox 1058 2342 1165 2369; x_wconf 85' lang='lat' dir='ltr'><strong>quoque</strong></span> <span class='ocrx_word' id='word_1_857' title='bbox 1180 2335 1281 2369; x_wconf 85' lang='lat' dir='ltr'><strong>absona</strong></span> <span class='ocrx_word' id='word_1_858' title='bbox 1297 2332 1568 2369; x_wconf 18' lang='lat' dir='ltr'><strong>Ecclesieerdogmatis</strong></span> <span class='ocrx_word' id='word_1_859' title='bbox 1588 2340 1650 2359; x_wconf 90' lang='lat' dir='ltr'><strong>sen-</strong></span> 
     </span>
    </p>
   </div>
   <div class='ocr_carea' id='block_1_116' title="bbox 868 2367 1648 2402">
    <p class='ocr_par' dir='ltr' id='par_1_116' title="bbox 868 2367 1648 2402">
     <span class='ocr_line' id='line_1_116' title="bbox 868 2367 1648 2402; baseline -0.003 -6"><span class='ocrx_word' id='word_1_860' title='bbox 868 2367 955 2396; x_wconf 73' lang='lat' dir='ltr'><strong>tentia</strong></span> <span class='ocrx_word' id='word_1_861' title='bbox 966 2375 1006 2396; x_wconf 81' lang='lat' dir='ltr'><strong>cst</strong></span> <span class='ocrx_word' id='word_1_862' title='bbox 1018 2370 1050 2396; x_wconf 77' lang='lat' dir='ltr'><strong>ile</strong></span> <span class='ocrx_word' id='word_1_863' title='bbox 1066 2367 1169 2395; x_wconf 69' lang='lat' dir='ltr'><strong>iteratis</strong></span> <span class='ocrx_word' id='word_1_864' title='bbox 1185 2368 1296 2402; x_wconf 86' lang='lat' dir='ltr'><strong>nuptiis,</strong></span> <span class='ocrx_word' id='word_1_865' title='bbox 1312 2368 1383 2402; x_wconf 88' lang='lat' dir='ltr'><strong>quod</strong></span> <span class='ocrx_word' id='word_1_866' title='bbox 1397 2368 1505 2401; x_wconf 85' lang='lat' dir='ltr'><strong>ejiciant</strong></span> <span class='ocrx_word' id='word_1_867' title='bbox 1518 2367 1552 2393; x_wconf 85' lang='lat' dir='ltr'><strong>de</strong></span> <span class='ocrx_word' id='word_1_868' title='bbox 1565 2374 1648 2401; x_wconf 80' lang='lat' dir='ltr'><strong>regno</strong></span> 
     </span>
    </p>
   </div>
   <div class='ocr_carea' id='block_1_117' title="bbox 867 2402 1648 2438">
    <p class='ocr_par' dir='ltr' id='par_1_117' title="bbox 867 2402 1648 2438">
     <span class='ocr_line' id='line_1_117' title="bbox 867 2402 1648 2438; baseline -0.001 -8"><span class='ocrx_word' id='word_1_869' title='bbox 867 2404 926 2432; x_wconf 86' lang='lat' dir='ltr'><strong>Dei.</strong></span> <span class='ocrx_word' id='word_1_870' title='bbox 942 2403 974 2431; x_wconf 91' lang='lat' dir='ltr'><strong>Et</strong></span> <span class='ocrx_word' id='word_1_871' title='bbox 993 2404 1056 2430; x_wconf 81' lang='lat' dir='ltr'><strong>licet</strong></span> <span class='ocrx_word' id='word_1_872' title='bbox 1069 2403 1149 2438; x_wconf 79' lang='lat' dir='ltr'><strong>paulo</strong></span> <span class='ocrx_word' id='word_1_873' title='bbox 1168 2408 1229 2435; x_wconf 85' lang='lat' dir='ltr'><strong>post</strong></span> <span class='ocrx_word' id='word_1_874' title='bbox 1244 2410 1378 2429; x_wconf 82' lang='lat' dir='ltr'><strong>summam</strong></span> <span class='ocrx_word' id='word_1_875' title='bbox 1400 2403 1569 2438; x_wconf 78' lang='lat' dir='ltr'><strong>severitatem</strong></span> <span class='ocrx_word' id='word_1_876' title='bbox 1591 2402 1648 2435; x_wconf 83' lang='lat' dir='ltr'><strong>ipse</strong></span> 
     </span>
    </p>
   </div>
   <div class='ocr_carea' id='block_1_118' title="bbox 867 2436 1645 2473">
    <p class='ocr_par' dir='ltr' id='par_1_118' title="bbox 867 2436 1645 2473">
     <span class='ocr_line' id='line_1_118' title="bbox 867 2436 1645 2473; baseline -0.004 -7"><span class='ocrx_word' id='word_1_877' title='bbox 867 2443 999 2473; x_wconf 87' lang='lat' dir='ltr'><strong>temperet</strong></span> <span class='ocrx_word' id='word_1_878' title='bbox 1024 2436 1214 2469; x_wconf 79' lang='lat' dir='ltr'><strong>Adamantius,</strong></span> <span class='ocrx_word' id='word_1_879' title='bbox 1241 2442 1268 2473; x_wconf 88' lang='lat' dir='ltr'><strong>et</strong></span> <span class='ocrx_word' id='word_1_880' title='bbox 1281 2436 1426 2463; x_wconf 85' lang='lat' dir='ltr'><strong>metuentis</strong></span> <span class='ocrx_word' id='word_1_881' title='bbox 1451 2437 1540 2470; x_wconf 86' lang='lat' dir='ltr'><strong>potius</strong></span> <span class='ocrx_word' id='word_1_882' title='bbox 1564 2444 1645 2470; x_wconf 89' lang='lat' dir='ltr'><strong>quam</strong></span> 
     </span>
    </p>
   </div>
   <div class='ocr_carea' id='block_1_119' title="bbox 868 2472 1646 2507">
    <p class='ocr_par' dir='ltr' id='par_1_119' title="bbox 868 2472 1646 2507">
     <span class='ocr_line' id='line_1_119' title="bbox 868 2472 1646 2507; baseline -0.005 -6"><span class='ocrx_word' id='word_1_883' title='bbox 868 2472 1014 2501; x_wconf 71' lang='lat' dir='ltr'><strong>assei&#39;cnlis</strong></span> <span class='ocrx_word' id='word_1_884' title='bbox 1035 2474 1114 2500; x_wconf 83' lang='lat' dir='ltr'><strong>modo</strong></span> <span class='ocrx_word' id='word_1_885' title='bbox 1129 2472 1284 2507; x_wconf 82' lang='lat' dir='ltr'><strong>pronuntiet</strong></span> <span class='ocrx_word' id='word_1_886' title='bbox 1298 2481 1305 2498; x_wconf 88' lang='lat'><strong>:</strong></span> <span class='ocrx_word' id='word_1_887' title='bbox 1320 2479 1381 2498; x_wconf 89' lang='lat' dir='ltr'><strong>cum</strong></span> <span class='ocrx_word' id='word_1_888' title='bbox 1400 2475 1488 2507; x_wconf 76' lang='lat' dir='ltr'><strong>tamen</strong></span> <span class='ocrx_word' id='word_1_889' title='bbox 1506 2478 1552 2497; x_wconf 76' lang='lat' dir='ltr'><strong>cas</strong></span> <span class='ocrx_word' id='word_1_890' title='bbox 1568 2473 1646 2504; x_wconf 82' lang='lat' dir='ltr'><strong>quasi</strong></span> 
     </span>
    </p>
   </div>
   <div class='ocr_carea' id='block_1_120' title="bbox 867 2505 1648 2543">
    <p class='ocr_par' dir='ltr' id='par_1_120' title="bbox 867 2505 1648 2543">
     <span class='ocr_line' id='line_1_120' title="bbox 867 2505 1648 2543; baseline -0.008 -7"><span class='ocrx_word' id='word_1_891' title='bbox 867 2509 912 2543; x_wconf 88' lang='lat' dir='ltr'><strong>pio</strong></span> <span class='ocrx_word' id='word_1_892' title='bbox 930 2513 957 2535; x_wconf 86' lang='lat' dir='ltr'><strong>ct</strong></span> <span class='ocrx_word' id='word_1_893' title='bbox 972 2505 1400 2543; x_wconf 55' lang='lat' dir='ltr'><strong>Christiaiio&#39;liomineindignas</strong></span> <span class='ocrx_word' id='word_1_894' title='bbox 1417 2505 1548 2536; x_wconf 82' lang='lat' dir='ltr'><strong>traducat,</strong></span> <span class='ocrx_word' id='word_1_895' title='bbox 1567 2506 1648 2543; x_wconf 77' lang='lat' dir='ltr'><strong>nolit—_</strong></span> 
     </span>
    </p>
   </div>
   <div class='ocr_carea' id='block_1_121' title="bbox 868 2540 1647 2578">
    <p class='ocr_par' dir='ltr' id='par_1_121' title="bbox 868 2540 1647 2578">
     <span class='ocr_line' id='line_1_121' title="bbox 868 2540 1647 2578; baseline -0.006 -8"><span class='ocrx_word' id='word_1_896' title='bbox 868 2540 920 2578; x_wconf 77' lang='lat' dir='ltr'><strong>que</strong></span> <span class='ocrx_word' id='word_1_897' title='bbox 934 2544 1072 2578; x_wconf 82' lang='lat' dir='ltr'><strong>digamum</strong></span> <span class='ocrx_word' id='word_1_898' title='bbox 1090 2550 1145 2569; x_wconf 74' lang='lat' dir='ltr'><strong>esse</strong></span> <span class='ocrx_word' id='word_1_899' title='bbox 1157 2542 1188 2568; x_wconf 87' lang='lat' dir='ltr'><strong>de</strong></span> <span class='ocrx_word' id='word_1_900' title='bbox 1202 2540 1330 2578; x_wconf 72' lang='lat' dir='ltr'><strong>Ecclesia,</strong></span> <span class='ocrx_word' id='word_1_901' title='bbox 1344 2546 1367 2566; x_wconf 79' lang='lat' dir='ltr'><strong>et</strong></span> <span class='ocrx_word' id='word_1_902' title='bbox 1382 2540 1414 2567; x_wconf 82' lang='lat' dir='ltr'><strong>de</strong></span> <span class='ocrx_word' id='word_1_903' title='bbox 1426 2549 1455 2567; x_wconf 84' lang='lat' dir='ltr'><strong>eo</strong></span> <span class='ocrx_word' id='word_1_904' title='bbox 1469 2547 1586 2578; x_wconf 76' lang='lat' dir='ltr'><strong>numero,</strong></span> <span class='ocrx_word' id='word_1_905' title='bbox 1603 2540 1647 2578; x_wconf 78' lang='lat' dir='ltr'><strong>qui</strong></span> 
     </span>
    </p>
   </div>
   <div class='ocr_carea' id='block_1_122' title="bbox 868 2575 1648 2612">
    <p class='ocr_par' dir='ltr' id='par_1_122' title="bbox 868 2575 1648 2612">
     <span class='ocr_line' id='line_1_122' title="bbox 868 2575 1648 2612; baseline -0.006 -7"><span class='ocrx_word' id='word_1_906' title='bbox 868 2575 919 2605; x_wconf 76' lang='lat' dir='ltr'><strong>non</strong></span> <span class='ocrx_word' id='word_1_907' title='bbox 937 2575 1012 2604; x_wconf 49' lang='lat' dir='ltr'><strong>Ita-bet</strong></span> <span class='ocrx_word' id='word_1_908' title='bbox 1030 2585 1122 2612; x_wconf 81' lang='lat' dir='ltr'><strong>rugam</strong></span> <span class='ocrx_word' id='word_1_909' title='bbox 1144 2581 1190 2602; x_wconf 87' lang='lat' dir='ltr'><strong>aut</strong></span> <span class='ocrx_word' id='word_1_910' title='bbox 1210 2575 1358 2612; x_wconf 69' lang='lat' dir='ltr'><strong>maculant,</strong></span> <span class='ocrx_word' id='word_1_911' title='bbox 1376 2581 1403 2601; x_wconf 90' lang='lat' dir='ltr'><strong>ct</strong></span> <span class='ocrx_word' id='word_1_912' title='bbox 1423 2575 1517 2612; x_wconf 85' lang='lat' dir='ltr'><strong>merito</strong></span> <span class='ocrx_word' id='word_1_913' title='bbox 1539 2576 1648 2612; x_wconf 64' lang='lat' dir='ltr'><strong>vapulat</strong></span> 
     </span>
    </p>
   </div>
   <div class='ocr_carea' id='block_1_123' title="bbox 867 2610 1648 2645">
    <p class='ocr_par' dir='ltr' id='par_1_123' title="bbox 867 2610 1648 2645">
     <span class='ocr_line' id='line_1_123' title="bbox 867 2610 1648 2645; baseline -0.006 -4"><span class='ocrx_word' id='word_1_914' title='bbox 867 2614 902 2640; x_wconf 77' lang='lat' dir='ltr'><strong>ab</strong></span> <span class='ocrx_word' id='word_1_915' title='bbox 925 2610 1117 2640; x_wconf 75' lang='lat' dir='ltr'><strong>ecclesiasticis</strong></span> <span class='ocrx_word' id='word_1_916' title='bbox 1143 2610 1330 2645; x_wconf 81' lang='lat' dir='ltr'><strong>scriptoribus,</strong></span> <span class='ocrx_word' id='word_1_917' title='bbox 1357 2611 1543 2645; x_wconf 79' lang='lat' dir='ltr'><strong>praecipueque</strong></span> <span class='ocrx_word' id='word_1_918' title='bbox 1560 2610 1648 2636; x_wconf 85' lang='lat' dir='ltr'><strong>Theo-</strong></span> 
     </span>
    </p>
   </div>
   <div class='ocr_carea' id='block_1_124' title="bbox 867 2645 1649 2683">
    <p class='ocr_par' dir='ltr' id='par_1_124' title="bbox 867 2645 1649 2683">
     <span class='ocr_line' id='line_1_124' title="bbox 867 2645 1649 2683; baseline -0.006 -8"><span class='ocrx_word' id='word_1_919' title='bbox 867 2649 952 2683; x_wconf 86' lang='lat' dir='ltr'><strong>philo,</strong></span> <span class='ocrx_word' id='word_1_920' title='bbox 969 2653 994 2683; x_wconf 70' lang='lat' dir='ltr'><strong>et</strong></span> <span class='ocrx_word' id='word_1_921' title='bbox 1013 2648 1150 2683; x_wconf 78' lang='lat' dir='ltr'><strong>notionem</strong></span> <span class='ocrx_word' id='word_1_922' title='bbox 1166 2645 1293 2683; x_wconf 55' lang='lat' dir='ltr'><strong>Ecclesiae</strong></span> <span class='ocrx_word' id='word_1_923' title='bbox 1312 2646 1428 2683; x_wconf 69' lang='lat' dir='ltr'><strong>pessime</strong></span> <span class='ocrx_word' id='word_1_924' title='bbox 1449 2645 1554 2683; x_wconf 75' lang='lat' dir='ltr'><strong>videtur</strong></span> <span class='ocrx_word' id='word_1_925' title='bbox 1572 2651 1649 2683; x_wconf 73' lang='lat' dir='ltr'><strong>acce-</strong></span> 
     </span>
    </p>
   </div>
   <div class='ocr_carea' id='block_1_125' title="bbox 867 2679 1649 2718">
    <p class='ocr_par' dir='ltr' id='par_1_125' title="bbox 867 2679 1649 2718">
     <span class='ocr_line' id='line_1_125' title="bbox 867 2679 1649 2718; baseline -0.009 -7"><span class='ocrx_word' id='word_1_926' title='bbox 867 2679 949 2718; x_wconf 71' lang='lat' dir='ltr'><strong>pisse.</strong></span> <span class='ocrx_word' id='word_1_927' title='bbox 968 2682 1066 2710; x_wconf 87' lang='lat' dir='ltr'><strong>Notum</strong></span> <span class='ocrx_word' id='word_1_928' title='bbox 1079 2681 1305 2718; x_wconf 79' lang='lat' dir='ltr'><strong>Montanistarum</strong></span> <span class='ocrx_word' id='word_1_929' title='bbox 1327 2685 1354 2706; x_wconf 89' lang='lat' dir='ltr'><strong>et</strong></span> <span class='ocrx_word' id='word_1_930' title='bbox 1368 2679 1649 2718; x_wconf 38' lang='lat' dir='ltr'><strong>Novatiaiiorumuhu-</strong></span> 
     </span>
    </p>
   </div>
   <div class='ocr_carea' id='block_1_126' title="bbox 864 2714 1648 2754">
    <p class='ocr_par' dir='ltr' id='par_1_126' title="bbox 864 2714 1648 2754">
     <span class='ocr_line' id='line_1_126' title="bbox 864 2714 1648 2754; baseline -0.008 -9"><span class='ocrx_word' id='word_1_931' title='bbox 864 2714 983 2754; x_wconf 73' lang='lat' dir='ltr'><strong>jusmodi</strong></span> <span class='ocrx_word' id='word_1_932' title='bbox 997 2718 1094 2754; x_wconf 81' lang='lat' dir='ltr'><strong>placita</strong></span> <span class='ocrx_word' id='word_1_933' title='bbox 1110 2715 1515 2754; x_wconf 43' lang='lat' dir='ltr'><strong>ortliodorioriimIanatliematis</strong></span> <span class='ocrx_word' id='word_1_934' title='bbox 1527 2714 1648 2754; x_wconf 64' lang='lat' dir='ltr'><strong>conlisa;</strong></span> 
     </span>
    </p>
   </div>
   <div class='ocr_carea' id='block_1_127' title="bbox 867 2749 1648 2788">
    <p class='ocr_par' dir='ltr' id='par_1_127' title="bbox 867 2749 1648 2788">
     <span class='ocr_line' id='line_1_127' title="bbox 867 2749 1648 2788; baseline -0.01 -7"><span class='ocrx_word' id='word_1_935' title='bbox 867 2749 918 2781; x_wconf 74' lang='lat' dir='ltr'><strong>nec</strong></span> <span class='ocrx_word' id='word_1_936' title='bbox 933 2749 1023 2780; x_wconf 70' lang='lat' dir='ltr'><strong>tamen</strong></span> <span class='ocrx_word' id='word_1_937' title='bbox 1038 2753 1205 2788; x_wconf 81' lang='lat' dir='ltr'><strong>diilitenduiii</strong></span> <span class='ocrx_word' id='word_1_938' title='bbox 1226 2749 1351 2788; x_wconf 79' lang='lat' dir='ltr'><strong>Qrigeiiis</strong></span> <span class='ocrx_word' id='word_1_939' title='bbox 1369 2757 1425 2776; x_wconf 60' lang='lat' dir='ltr'><strong>aevo</strong></span> <span class='ocrx_word' id='word_1_940' title='bbox 1444 2749 1581 2788; x_wconf 45' lang='lat' dir='ltr'><strong>secundas.</strong></span> <span class='ocrx_word' id='word_1_941' title='bbox 1598 2756 1648 2774; x_wconf 84' lang='lat' dir='ltr'><strong>iiii-</strong></span> 
     </span>
    </p>
   </div>
   <div class='ocr_carea' id='block_1_128' title="bbox 866 2786 1650 2823">
    <p class='ocr_par' dir='ltr' id='par_1_128' title="bbox 866 2786 1650 2823">
     <span class='ocr_line' id='line_1_128' title="bbox 866 2786 1650 2823; baseline -0.006 -9"><span class='ocrx_word' id='word_1_942' title='bbox 866 2789 937 2823; x_wconf 89' lang='lat' dir='ltr'><strong>piias</strong></span> <span class='ocrx_word' id='word_1_943' title='bbox 949 2789 1058 2816; x_wconf 87' lang='lat' dir='ltr'><strong>licuisse</strong></span> <span class='ocrx_word' id='word_1_944' title='bbox 1066 2787 1187 2822; x_wconf 86' lang='lat' dir='ltr'><strong>quidem.</strong></span> <span class='ocrx_word' id='word_1_945' title='bbox 1196 2786 1247 2823; x_wconf 77' lang='lat' dir='ltr'><strong>sed</strong></span> <span class='ocrx_word' id='word_1_946' title='bbox 1256 2786 1373 2819; x_wconf 81' lang='lat' dir='ltr'><strong>aliquam</strong></span> <span class='ocrx_word' id='word_1_947' title='bbox 1383 2788 1471 2810; x_wconf 89' lang='lat' dir='ltr'><strong>tamen</strong></span> <span class='ocrx_word' id='word_1_948' title='bbox 1479 2786 1650 2823; x_wconf 73' lang='lat' dir='ltr'><strong>incontinen—</strong></span> 
     </span>
    </p>
   </div>
   <div class='ocr_carea' id='block_1_129' title="bbox 867 2821 1648 2858">
    <p class='ocr_par' dir='ltr' id='par_1_129' title="bbox 867 2821 1648 2858">
     <span class='ocr_line' id='line_1_129' title="bbox 867 2821 1648 2858; baseline -0.006 -8"><span class='ocrx_word' id='word_1_949' title='bbox 867 2821 911 2850; x_wconf 72' lang='lat' dir='ltr'><strong>tiae</strong></span> <span class='ocrx_word' id='word_1_950' title='bbox 927 2823 1045 2858; x_wconf 83' lang='lat' dir='ltr'><strong>speciem</strong></span> <span class='ocrx_word' id='word_1_951' title='bbox 1061 2821 1116 2857; x_wconf 76' lang='lat' dir='ltr'><strong>pra:</strong></span> <span class='ocrx_word' id='word_1_952' title='bbox 1137 2830 1166 2849; x_wconf 82' lang='lat' dir='ltr'><strong>se</strong></span> <span class='ocrx_word' id='word_1_953' title='bbox 1188 2821 1293 2854; x_wconf 86' lang='lat' dir='ltr'><strong>tulisse,</strong></span> <span class='ocrx_word' id='word_1_954' title='bbox 1307 2825 1334 2847; x_wconf 90' lang='lat' dir='ltr'><strong>ct</strong></span> <span class='ocrx_word' id='word_1_955' title='bbox 1347 2821 1510 2854; x_wconf 71' lang='lat' dir='ltr'><strong>pmnitcntiu:</strong></span> <span class='ocrx_word' id='word_1_956' title='bbox 1534 2821 1648 2852; x_wconf 74' lang='lat' dir='ltr'><strong>imposi-</strong></span> 
     </span>
    </p>
   </div>
   <div class='ocr_carea' id='block_1_130' title="bbox 867 2859 1067 2885">
    <p class='ocr_par' dir='ltr' id='par_1_130' title="bbox 867 2859 1067 2885">
     <span class='ocr_line' id='line_1_130' title="bbox 867 2859 1067 2885; baseline 0.005 -2"><span class='ocrx_word' id='word_1_957' title='bbox 867 2859 939 2885; x_wconf 83' lang='lat' dir='ltr'><strong>tione</strong></span> <span class='ocrx_word' id='word_1_958' title='bbox 952 2863 1067 2885; x_wconf 82' lang='lat' dir='ltr'><strong>notatas.</strong></span> 
     </span>
    </p>
   </div>
  </div>
