1846 3053
194 143 261 170 1887

924 143 1086 172 ORIGENIS
1771 143 1817 169 l8l8

191 200 280 227 solum
305 198 464 231 fornicatio,
486 197 533 225 sed
554 202 580 225 et
600 199 702 233 nuptias
725 199 869 234 repellunt.
892 207 981 234 neque
995 203 1017 230 Α
1033 207 1128 234 puero,
1144 199 1190 234 qui
1220 198 1334 226 necdum
1363 197 1517 225 duodecim
1538 203 1636 224 annos
1666 196 1815 231 impleverat,

192 246 265 272 cnim
286 245 443 280 episcopus,
459 253 509 272 nec
525 245 681 280 presbyter,
703 253 752 272 nec
769 246 917 279 diaconus,
933 254 981 274 nec

192 292 273 317 vidua
291 294 406 325 possunt
420 297 481 317 esse
499 289 599 324 digami
613 298 619 316 z
633 289 673 316 sic
689 289 802 317 forsitan
816 295 843 318 et
857 291 891 318 de
910 297 980 318 coetu

193 336 397 370 primitivorum
427 335 719 369 immaculatorumque
745 336 887 368 Ecclesia,
921 345 982 371 qua:

194 390 248 410 non
268 383 350 410 habet
368 381 514 414 maculam,
534 389 622 416 neque
643 389 749 416 rugam,
768 382 892 417 ejicictur
904 384 978 418 diga-

193 436 256 456 mus
274 437 281 454 :
301 435 354 455 non
376 435 431 462 quo
457 427 483 453 in
514 431 646 454 aeternum
666 429 791 454 mittatur
814 429 980 461 incendium,

193 475 240 502 sed
254 481 309 508 quo
328 478 431 508 partem
452 481 506 500 non
523 473 621 500 haheat
643 473 670 500 in
690 482 773 508 regno
785 474 842 501 Dei.
859 474 980 507 Memini,

192 528 254 547 cum
276 520 469 554 interpretarer
489 519 566 552 illtid,
585 520 658 554 quod
677 519 710 546 ad
731 519 888 548 Corinthios
912 520 980 548 scri-

192 565 266 593 bitur
279 573 286 591 :
303 564 430 591 Ecclesia
443 564 502 595 Dei,
517 572 575 599 qua:
590 569 627 591 est
640 565 771 597 Corinthi,
787 574 847 592 cum
863 566 982 593 omnibus

190 612 236 645 qui
253 611 374 637 invocant
392 618 452 637 eum
463 610 497 642 ⁸³,
515 610 617 637 dixisse
634 618 677 637 me
691 611 876 639 diversitatem
890 612 983 641 Eccle-

189 659 249 690 siae,
267 663 404 685 eteorum
428 657 474 692 qui
500 657 628 683 invocant
654 664 753 684 nomen
771 657 890 685 Domini.
914 658 982 686 Puto

189 706 264 733 enim
280 712 485 740 monogamum,
504 709 531 731 et
551 704 695 738 virginem.
713 709 739 731 et
753 713 815 732 eum
831 706 877 740 qui
897 706 922 733 in
938 715 983 734 ca-

191 750 321 778 stimonia
344 754 511 784 perseverat,
540 756 601 776 esse
624 750 658 776 de
681 749 800 777 Ecclesia
824 751 871 778 Dei
893 760 900 778 :
920 760 982 779 eum

189 804 256 824 vero
272 796 320 830 qui
342 796 377 823 sit
395 795 533 830 digamus,
553 796 615 823 licet
635 796 734 822 bonam
753 797 851 824 haheat
868 805 982 826 conver-

191 843 336 873 sationem.
354 846 381 868 ct
402 842 508 868 caeteris
527 842 675 869 virtutibus
690 842 800 877 polleat,
816 848 906 870 tamen
928 853 981 871 non

189 897 251 917 esse
265 888 297 914 de
311 887 433 915 Ecclesia
450 892 477 914 et
492 887 526 914 de
542 895 575 914 eo
590 895 718 920 numero,
747 889 794 923 qui
811 897 864 916 non
883 889 983 917 habent

191 941 289 968 rugam
307 937 355 959 aut
378 932 524 965 maculam,
549 937 597 960 aut
619 933 721 969 aliquid
748 935 919 968 istiusmodi;
938 936 984 962 sed

191 988 252 1008 esse
277 980 310 1006 de
334 979 454 1006 secundo
483 979 584 1014 gradu.
607 983 633 1006 et
655 981 688 1007 dc
713 981 755 1007 his
778 981 825 1016 qui
856 982 983 1010 invocant

192 1033 290 1053 nomen
307 1025 425 1058 Domini,
440 1029 466 1052 et
480 1025 526 1059 qui
545 1026 684 1053 salvantur
698 1027 808 1061 quidem
829 1027 856 1054 in
870 1029 982 1056 nomine

190 1069 255 1097 Jesu
268 1070 386 1101 Christi,
404 1077 576 1104 nequaquam
600 1075 689 1097 tamen
708 1077 876 1099 coronantur
891 1073 925 1100 ab
941 1081 984 1100 eo.

190 1116 240 1143 Cui
263 1120 305 1143 cst
325 1116 410 1151 gloria
429 1121 455 1142 ct
472 1115 616 1150 imperium
636 1116 662 1143 iti
682 1118 782 1145 sazcula
809 1119 983 1146 saeculorum.

190 1161 288 1189 Amen.

456 1217 600 1245 IIOMILIA
621 1218 718 1245 XVIII.

193 1274 230 1302 De
246 1283 275 1301 eo
290 1275 359 1309 quod
377 1275 503 1310 scriptum
517 1280 555 1302 est
567 1283 576 1301 :
601 1284 610 1300 ‹
629 1275 698 1303 Puer
711 1281 798 1302 autent
813 1276 945 1303 crescebat
959 1281 984 1303 et

228 1310 447 1343 ccnfortabatur,
471 1321 479 1336 ι
505 1319 587 1344 usque
609 1312 643 1336 ad
667 1320 724 1337 enin
750 1312 847 1344 locum,
864 1312 907 1337 ubi
929 1312 983 1338 ait:

231 1355 240 1370 ι
257 1346 298 1372 An
316 1354 331 1371 η
349 1345 472 1372 εεὶεὺαιίδ
492 1346 555 1381 quia
573 1347 601 1371 in
618 1346 657 1372 liis
672 1355 730 1381 qua:
744 1346 835 1373 Patris
854 1347 904 1373 inci
922 1353 984 1374 sunt

226 1386 328 1416 Oportet
344 1389 383 1407 me
396 1381 472 1407 esse?
485 1390 493 1406 I
511 1380 577 1414 Cap.
599 1388 629 1406 lt.

229 1436 313 1464 Natus
336 1442 379 1464 est
393 1437 524 1464 Dominus
546 1445 624 1465 meus
643 1438 734 1471 Jcsus,
761 1444 788 1466 ct
804 1439 985 1466 ascenderunt

192 1488 320 1516 parentes
340 1483 400 1517 ejus
421 1484 448 1510 in
466 1483 675 1519 Jcrosolymam,
705 1489 734 1511 ut
761 1485 930 1518 complerent
952 1492 983 1511 ea

191 1536 253 1562 quae
273 1528 381 1555 fuerant
405 1529 430 1556 in
452 1531 509 1564 lege
529 1535 674 1564 prtecepta,
694 1535 721 1557 et
740 1530 868 1557 otl‘crrent
884 1538 934 1565 pro
950 1538 983 1557 eo

191 1582 242 1609 par
263 1579 412 1608 turturum,
428 1580 456 1602 et
474 1577 543 1603 duos
563 1577 650 1610 ptillos
668 1576 868 1603 columbarum.
885 1575 984 1603 Tenuit

192 1628 254 1646 eum
271 1620 389 1647 brachiis
411 1621 469 1647 suis
484 1621 602 1653 Simeon,
616 1620 752 1647 utdudum
766 1620 864 1647 lectum
889 1625 940 1654 est,
958 1626 984 1649 et

192 1665 363 1698 prophetarit
381 1665 413 1691 de
438 1672 471 1692 eo
493 1673 554 1699 qua:
579 1669 672 1692 narrat
695 1665 808 1692 historia
830 1673 837 1690 ε
860 1670 886 1692 et
909 1670 984 1700 post-

192 1717 274 1744 quam
302 1709 393 1736 omnia
416 1710 443 1736 in
466 1718 542 1737 more
559 1711 692 1744 completa
713 1715 786 1742 sunt,
812 1715 984 1738 revertuntur

191 1759 320 1790 parentes
347 1763 401 1790 quo
420 1755 500 1784 Iesus
529 1761 593 1783 tunc
609 1756 664 1791 (49)
695 1757 812 1791 agebat:
839 1762 865 1784 et
892 1761 983 1784 tamen

192 1801 324 1828 crescebat
344 1807 369 1829 et
384 1802 586 1837 confortabatur
603 1803 736 1836 sapientia
755 1807 779 1829 et
794 1803 892 1838 gratia.
916 1803 985 1830 Nec-

193 1847 258 1874 dum
275 1847 456 1882 quadraginta
473 1847 532 1874 dies
547 1847 717 1881 purgationis
734 1847 902 1881 impleverat,
921 1855 985 1874 nce-

193 1893 258 1920 dum
277 1892 411 1920 Nazareth
432 1898 553 1926 venerat,
577 1898 604 1919 et
626 1892 683 1927 jam
710 1897 794 1919 totam
823 1893 982 1927 sapientiam

193 1939 367 1973 respiciebat.
393 1938 484 1965 Potuit
504 1937 645 1972 Scriptura
670 1938 770 1971 dicere,
799 1939 939 1965 crescebat
957 1943 983 1965 ct

194 1983 410 2012 confortabatur.
426 1988 453 2011 et
468 1984 618 2019 accipiebat
634 1984 777 2018 spiritum;
792 1984 838 2011 sed
859 1984 905 2018 qui
922 1991 985 2010 eta-

194 2033 323 2056 cuaverat
347 2037 376 2057 se
397 2030 513 2057 formam
540 2029 611 2056 servi
640 2029 777 2063 accipiens
791 2030 825 2062 ⁵⁸,
847 2029 940 2056 statim
956 2033 985 2056 ut

194 2082 246 2109 pro
264 2075 442 2102 mundatione
457 2076 513 2110 (50)
533 2077 592 2108 cjus
614 2076 776 2102 sacrificium
793 2075 913 2101 oblatum
931 2080 983 2106 cst,

193 2120 221 2146 id
239 2121 311 2154 quod
326 2121 522 2153 vacucfccerat,
538 2121 695 2155 adimplevit
708 2130 713 2148 :
727 2128 781 2147 non
798 2121 870 2155 quod
887 2128 985 2154 corpus

195 2165 256 2198 ejus
272 2165 346 2192 illico
360 2166 450 2200 majus
465 2166 547 2193 fuerit
572 2168 713 2200 effectum;
741 2167 786 2193 sed
802 2165 875 2200 quod
892 2174 985 2193 sacra-

1032 247 1103 273 dicla
1117 251 1190 273 snnt.
1208 246 1276 273 Cum
1300 249 1392 272 autem
1411 244 1566 271 duodecim
1594 248 1671 270 esset
1694 251 1816 274 annorum,

1032 296 1155 318 retnanet
1172 292 1198 318 ili
1223 290 1384 318 Jerusalem.
1412 290 1550 317 Parentes
1572 289 1638 324 ejus
1666 290 1816 324 ignorantes.

1032 342 1157 372 quaerunt
1172 345 1234 364 eum
1250 337 1381 368 sollicite,
1405 341 1434 363 et
1446 344 1502 363 non
1520 336 1684 362 inveniunt.
1711 335 1816 368 Quarum

1032 384 1103 411 inter
1117 383 1228 416 alliucs,
1249 387 1374 417 quaerunt
1395 382 1423 409 in
1440 382 1581 409 comitatu
1594 403 1602 414 ,
1621 387 1748 416 quzcrunt
1767 382 1818 408 intr'

1032 433 1122 459 notos,
1137 429 1203 455 etin
1227 427 1269 454 liis
1283 428 1411 455 omnibus
1436 435 1492 454 non
1522 427 1686 462 reperiunt.
1708 426 1818 459 Quarum

1032 481 1096 507 ergo
1111 472 1190 500 Jesus
1206 480 1220 499 a
1237 473 1395 507 parentibus
1412 473 1472 500 suis
1483 481 1549 499 cum
1575 477 1660 507 patre
1672 493 1680 502 ,
1699 473 1743 506 qui
1755 479 1820 498 nunt-

1032 520 1087 546 tius
1098 524 1124 546 et
1135 527 1228 546 comes
1246 518 1334 546 fuerat
1350 518 1502 554 [Egyptum
1516 518 1740 545 descendentis:
1755 523 1777 544 et
1791 524 1820 544 ts-

1033 573 1095 592 men
1109 572 1162 592 nou
1178 564 1267 592 statim
1285 570 1313 591 ut
1327 565 1480 598 quaeritur,
1498 564 1662 590 invenitur.
1687 562 1745 590 Non
1765 564 1820 589 enim

1033 608 1104 636 inter
1116 612 1246 643 cognatos
1257 612 1284 635 et
1299 608 1390 635 carnis
1407 608 1585 642 propinquos
1595 608 1741 634 invenitur
1749 606 1813 634 Jesns

1034 662 1088 681 non
1102 654 1128 680 in
1145 654 1187 681 his
1202 655 1247 689 qui
1264 654 1443 688 corporaliter
1456 654 1541 689 954
1562 655 1590 681 ei
1614 654 1710 688 juncti
1725 659 1790 680 snnt.
1803 654 1821 679 In

1033 700 1181 727 multorum
1197 701 1325 727 comitatu
1339 699 1418 727 Jesus
1436 708 1515 726 meus
1529 707 1589 726 non
1608 704 1704 734 potest
1717 699 1821 725 iurenirL

1034 745 1114 773 Disce
1129 745 1174 771 ubi
1191 753 1253 771 cum
1268 749 1420 778 quaerentes
1436 744 1591 778 reperiant,
1619 747 1653 770 ut
1674 748 1703 770 et
1722 748 1750 770 tu
1765 752 1821 777 qna—

1034 800 1098 820 rens
1115 800 1176 819 cum
1193 791 1293 826 Ioseph
1316 791 1456 826 Mariaque
1477 792 1615 826 reperias.
1636 791 1673 818 Et
1685 799 1820 827 quernum,

1035 838 1134 872 inquit,
1150 838 1301 864 inuenerunt
1314 837 1390 863 illan:
1412 837 1440 863 in
1459 838 1569 871 templo.
1593 836 1658 863 Non
1687 837 1821 870 ubicunqa:

1037 883 1062 910 in
1082 884 1136 910 alio
1153 884 1222 915 loco,
1234 883 1280 910 sed
1297 883 1322 910 in
1342 883 1455 917 templo.
1474 882 1571 917 Neque
1598 884 1627 909 in
1645 883 1750 918 templo
1773 884 1822 908 δίω-

1035 930 1152 964 pliciter,
1169 930 1215 957 sed
1236 930 1263 956 in
1282 929 1371 956 medio
1383 929 1540 961 doctorum,
1566 929 1734 955 audientem
1751 934 1774 955 et
1793 930 1821 954 in-

1035 979 1216 1008 terrogantem
1232 983 1289 1001 eos.
1307 973 1340 1001 Et
1355 979 1382 1001 tu
1403 982 1469 1009 ergo
1482 983 1576 1009 quaere
1599 974 1700 1002 Jesum
1720 975 1745 1000 in
1769 980 1820 1000 trut-

1035 1020 1078 1054 plo
1096 1019 1152 1052 Dei,
1171 1027 1261 1054 quaere
1276 1020 1302 1046 in
1318 1019 1461 1048 Ecclesia:
1478 1028 1574 1055 quaere
1600 1028 1669 1047 eum
1688 1021 1759 1054 apud
1776 1029 1819 1045 ni:-

1035 1067 1145 1101 gistros,
1163 1066 1209 1100 qui
1225 1066 1250 1092 in
1265 1066 1365 1100 templo
1383 1071 1457 1099 sunt,
1475 1072 1503 1093 et
1525 1074 1580 1093 non
1609 1067 1818 1101 egrediunturrt

1034 1119 1079 1138 eo.
1095 1111 1123 1137 Si
1140 1111 1213 1138 enim
1225 1112 1260 1138 ita
1280 1113 1438 1147 quaesieris,
1466 1112 1593 1139 invenies
1615 1121 1696 1140 eum.
1715 1112 1790 1138 pt‘l’tt!
1803 1121 1818 1138 si

1035 1157 1171 1191 quispiam
1188 1158 1253 1185 dicit
1277 1165 1306 1184 se
1334 1159 1497 1193 magistrum
1514 1166 1577 1186 esse
1590 1179 1597 1188 .
1615 1164 1644 1185 et
1664 1158 1756 1185 Iesum

1036 1202 1125 1233 habet,
1156 1202 1206 1230 iste
1234 1203 1345 1229 nomine
1363 1207 1468 1229 tantum
1489 1203 1623 1236 magister
1647 1208 1711 1234 est,
1734 1208 1757 1229 (ιι
1775 1204 1811 1228 ἱόν-

1035 1248 1105 1282 apml
1120 1256 1182 1275 eum
1199 1256 1252 1274 non
1269 1253 1355 1282 potest
1370 1249 1487 1275 inveniri
1513 1248 1597 1275 Jesus
1613 1248 1736 1275 Verbum
1754 1248 1790 1275 De:
1801 1254 1818 1273 rt

1035 1294 1177 1328 sapientia.
1193 1293 1318 1320 Inventus
1330 1299 1379 1325 est,
1397 1294 1498 1329 inquit,
1517 1295 1545 1320 in
1573 1295 1665 1320 medio
1690 1295 1816 1320 deﬂenti.

1035 1340 1177 1373 Quomodo
1189 1341 1214 1367 in
1230 1341 1282 1367 alio
1295 1341 1354 1367 loco
1372 1341 1404 1368 de
1421 1341 1567 1376 prophetis
1586 1342 1724 1375 scriptum
1736 1347 1778 1367 est.
1790 1341 1817 1366 si:

1035 1391 1062 1413 ct
1079 1394 1151 1413 nunc
1170 1386 1288 1421 intelligo
1305 1386 1332 1412 in
1347 1387 1437 1413 medio
1463 1387 1625 1413 doctorum.
1649 1387 1689 1418 Si,
1703 1387 1816 1420 inquit".

1034 1433 1112 1458 alteri
1124 1431 1263 1459 revelatum
1276 1431 1357 1466 fuerit
1371 1433 1485 1465 sedenti,
1500 1434 1608 1466 primus
1628 1438 1728 1460 taceat.
1742 1432 1766 1459 In
1779 1442 1790 1458 ις
1801 1447 1816 1457 τ

1035 1477 1080 1504 dio
1095 1477 1235 1505 doctorum
1255 1479 1394 1505 sedentem
1411 1479 1555 1505 inveniunt
1569 1487 1635 1505 eum
1652 1488 1659 1505 :
1677 1484 1703 1505 et
1719 1487 1768 1505 non
1784 1488 1817 1504 ς-ν-

1035 1524 1090 1550 lum
1103 1524 1251 1557 sedentem,
1266 1524 1312 1551 sed
1325 1529 1350 1551 et
1366 1524 1554 1551 sciscitantem
1567 1529 1594 1552 et
1609 1525 1763 1551 audientem
1774 1533 1817 1549 .cn.

1036 1569 1068 1596 Et
1087 1577 1158 1596 nunc
1175 1577 1294 1604 praesens
1309 1574 1350 1596 est
1360 1569 1451 1600 Jcsus,
1468 1572 1622 1605 interrogat
1645 1579 1705 1600 nus.
1722 1575 1783 1596 etsi:
1794 1572 1816 1595 Μ

1036 1615 1185 1650 loquentes.
1204 1615 1237 1642 Et
1252 1615 1428 1647 mirabantur,
1443 1616 1544 1649 inquit,
1559 1624 1664 1642 onum.
1678 1616 1816 1650 Superat-1

1035 1662 1226 1689 mirabantur?
1238 1662 1295 1688 Non
1313 1670 1393 1696 super
1411 1663 1683 1696 interrogationibus
1692 1664 1761 1696 eius,
1772 1664 1819 1689 lica“.

1035 1712 1062 1735 et
1079 1708 1144 1742 ips:e
1161 1708 1299 1735 mirabiles
1316 1713 1394 1735 erant
1408 1730 1415 1740 ,
1442 1709 1489 1735 scd
1508 1717 1594 1743 super
1608 1710 1819 1744 rcsponsionilas

1035 1752 1104 1787 ejus.
1120 1753 1198 1779 Aliud
1212 1758 1252 1779 est
1268 1752 1339 1778 enim
1357 1753 1541 1786 interrogare,
1559 1753 1635 1780 aliud
1660 1754 1816 1787 respondet»,

1035 1797 1223 1833 Interrogahat
1241 1799 1397 1833 magistros,
1409 1802 1437 1825 et
1448 1799 1512 1832 quia
1528 1799 1701 1834 respondere
1714 1807 1765 1826 non
1782 1807 1819 1832 pa-

1036 1847 1134 1877 tcrant,
1151 1844 1208 1878 ipse
1226 1844 1279 1877 his,
1295 1844 1329 1871 de
1345 1845 1446 1879 quihus
1473 1845 1706 1880 interrogaverat,
1722 1853 1818 1878 resimi-

1035 1890 1126 1917 dehat.
1151 1889 1229 1921 Quod
1253 1895 1343 1917 autent
1371 1891 1517 1925 responsio
1542 1899 1599 1918 non
1616 1892 1816 1918 viciSsiltldinm

1036 1933 1250 1966 sermocinandi,
1282 1936 1329 1963 sed
1351 1936 1507 1963 doctrinam
1524 1938 1550 1963 in
1566 1936 1721 1971 Scripturis
1735 1937 1817 1964 sanctis

1036 1987 1125 2014 sanet,
1141 1982 1181 2008 lex
1208 1982 1298 2008 divina
1330 1986 1354 2008 te
1376 1982 1484 2008 doceat.
1505 1982 1616 2017 Moyses
1647 1983 1815 2016 loquebatur.

1036 2026 1108 2053 Deus
1123 2031 1212 2053 autem
1232 2027 1411 2060 respondebat
1427 2028 1450 2054 ei
1465 2035 1544 2054 voce.
1560 2027 1719 2061 Responsio
1733 2029 1772 2054 illa

1037 2079 1097 2098 rum
1118 2077 1188 2103 erat,
1205 2079 1287 2105 super
1301 2072 1401 2105 quihus
1417 2073 1596 2105 ignorantem
1614 2071 1728 2107 Moysen
1744 2072 1814 2097 Damt

1036 2127 1088 2145 nus
1109 2118 1268 2145 instruebat.
1295 2117 1431 2144 Interdum
1457 2118 1612 2153 interrogat
1637 2118 1738 2149 Jesns.
1754 2119 1815 2145 inte--

1035 2164 1099 2190 dum
1127 2163 1282 2198 respondet,
1313 2164 1384 2190 sicut
1409 2171 1494 2197 supra
1521 2164 1656 2191 diximus.
1674 2164 1782 2198 Quanqu
1798 2171 1813 2187 ξι

195 2209 251 2238 tius
265 2210 403 2245 quippiam
420 2211 666 2243 demonstraretur,
678 2212 818 2246 Scriptura
835 2211 982 2238 referente:
1001 2213 1022 2240 υ
1038 2207 1170 2234 mirabilis
1181 2208 1241 2242 ejus
1257 2208 1434 2242 interrogatio
1450 2208 1498 2239 sit,
1516 2212 1607 2235 tamen
1636 2210 1726 2234 multo
1752 2210 1811 2234 ηςλιτ

194 2255 266 2282 Puer
279 2261 368 2282 autent
383 2256 513 2283 crescebat
529 2263 552 2283 et
569 2258 782 2291 confortabatur,
796 2263 819 2284 et
835 2257 984 2291 replebatur

194 2301 335 2335 sapientia.
345 2300 505 2334 Quaeramus
518 2303 605 2330 sicubi
617 2303 680 2330 alibi
690 2304 722 2330 dc
732 2303 843 2337 parvulo
855 2303 984 2337 scriptum

195 2349 240 2380 sit,
253 2348 385 2375 crescebat
397 2353 422 2375 et
435 2350 649 2382 confer-labatur,
665 2356 694 2378 ut
706 2358 737 2377 ex
750 2350 896 2378 collatione
917 2351 986 2377 mul-

195 2397 284 2419 torum
296 2393 359 2427 quid
371 2393 431 2427 plus
443 2391 469 2418 in
479 2393 595 2422 Domino
607 2400 699 2422 nostro
711 2395 827 2427 dicatur,
839 2395 986 2429 intelligere

195 2437 345 2464 valeamus.
355 2437 392 2464 De
401 2436 506 2465 Joanne
516 2448 522 2465 :
532 2438 604 2466 Puer
615 2444 700 2466 autem
711 2441 839 2467 crescebat
850 2445 873 2466 et
883 2441 988 2474 confor-

197 2482 304 2510 tabatur
311 2489 320 2508 :
328 2488 353 2510 et
362 2488 451 2510 tamen
460 2492 515 2511 non
526 2485 644 2517 additur,
654 2491 678 2513 el
688 2486 836 2520 t'cpicbatttr
845 2486 985 2520 sapientia,

197 2527 244 2554 sed
271 2528 475 2561 confortabatur
496 2530 603 2564 spiritu.
631 2530 680 2558 Iiic
701 2539 764 2558 vero
787 2532 820 2558 de
845 2531 959 2558 Domino
978 2541 984 2559 :

196 2571 347 2605 Crescebat,
362 2573 461 2607 inquit,
474 2579 498 2600 et
511 2575 724 2609 confortabatur,
742 2582 766 2603 et
782 2576 932 2610 rrptcbntttr
941 2585 986 2602 sa-

195 2617 306 2650 pientia,
319 2622 343 2644 et
357 2619 445 2651 gratia
460 2617 507 2645 Dei
517 2625 576 2646 erat
593 2629 672 2655 super
682 2629 752 2648 cum.
769 2620 830 2648 lianc
844 2622 936 2648 omnia
953 2621 986 2648 de

230 2685 274 2712 "I
289 2685 352 2713 Cor.
374 2694 393 2719 I,
404 2686 432 2712 2.
471 2687 493 2703 “
509 2688 607 2724 Philip.
623 2698 653 2723 ii,
670 2691 695 2717 7.

234 2753 604 2793 (19)’[ὶθεειῆρείιηυεηιιιηι,
623 2765 672 2793 pro
690 2765 744 2792 quo
760 2766 828 2784 nunc
846 2758 987 2793 legebatur

199 2792 288 2827 antea.
301 2789 382 2823 idque
395 2789 480 2825 genus
496 2789 705 2827 aliainterdum'
715 2794 788 2819 taciti
806 2789 984 2827 castigamus.

199 2819 486 2861 llicnrero'coniextus
501 2826 580 2859 paulo
598 2827 688 2853 adhuc
704 2828 808 2854 videtur
828 2819 984 2861 impucditus.

236 2855 292 2890 (ΞΟ)
317 2857 415 2885 Recole
437 2855 507 2893 quat
518 2861 641 2894 superius
663 2861 695 2888 ad
714 2862 808 2890 homil.
830 2855 930 2890 M'hac
954 2863 987 2890 de

734 2691 757 2706 '“'
773 2690 783 2717 ι
797 2691 860 2718 Cor.
878 2699 934 2724 xw,
951 2692 996 2718 50.

1039 2252 1119 2278 bilior
1132 2256 1173 2278 cst
1186 2251 1339 2286 responsio.
1358 2249 1390 2277 Ut
1402 2250 1486 2285 igitur
1495 2256 1523 2278 et
1539 2259 1590 2277 nos
1603 2251 1750 2279 audiamus
1760 2260 1813 2279 cum.

1039 2303 1066 2323 et
1083 2300 1216 2331 proponat
1231 2296 1310 2322 nobis
1328 2296 1508 2329 quaestiones,
1525 2303 1595 2330 quas
1618 2296 1679 2330 ipse
1693 2297 1813 2323 diSSOIwL.

1040 2343 1217 2369 Obsecremus
1234 2341 1321 2372 illum,
1334 2345 1360 2367 et
1373 2348 1436 2367 cum
1456 2341 1552 2368 labore
1579 2342 1669 2367 nimio
1694 2348 1721 2368 et
1742 2341 1811 2367 dolor-

1039 2395 1205 2423 qutcl'antus,
1218 2392 1244 2414 et
1262 2392 1325 2413 tunc
1340 2386 1492 2420 poterimus
1510 2387 1636 2413 invenire
1646 2395 1728 2421 quem
1739 2395 1812 2421 qum:

1041 2442 1112 2461 inus.
1128 2433 1187 2460 Non
1199 2432 1270 2459 cnim
1289 2431 1391 2459 frustra
1408 2432 1543 2466 scriptum
1555 2438 1598 2459 est
1616 2442 1622 2458 :
1644 2432 1700 2467 Ego
1719 2438 1742 2458 et
1760 2438 1814 2465 pum

1041 2485 1101 2506 tuus
1115 2479 1231 2506 dolentes
1242 2478 1422 2514 qnazrcbamua
1437 2482 1476 2504 te:
1492 2482 1602 2512 oportet
1613 2479 1690 2504 enim
1704 2479 1748 2512 qui
1761 2484 1814 2511 qur

1040 2527 1074 2554 rit
1084 2526 1186 2558 Jcsum,
1197 2534 1250 2553 non
1263 2526 1439 2560 negligenter,
1453 2532 1507 2550 non
1523 2525 1673 2554 dissolute,
1684 2533 1736 2551 non
1747 2530 1812 2550 tum

1039 2574 1118 2600 ilorie
1141 2580 1281 2607 quaerere,
1299 2572 1370 2599 sicut
1392 2575 1522 2605 qumrunt
1550 2571 1699 2602 nonnulli,
1722 2576 1746 2597 et
1771 2571 1813 2595 id“)

1041 2619 1163 2646 invenire
1176 2625 1230 2644 non
1249 2621 1372 2651 possunt.
1386 2615 1443 2642 Nos
1459 2620 1554 2642 autem
1573 2616 1721 2642 dicamus:
1739 2615 1812 2641 Detur

1040 2756 1201 2792 purgatione
1223 2763 1254 2782 ex
1271 2755 1394 2792 Origenis
1417 2762 1504 2792 sensu
1526 2755 1663 2787 diximus,
1686 2752 1809 2792 quil-tts,i-i

1041 2790 1186 2819 tollendam
1198 2790 1372 2824 blasphemia:
1386 2790 1591 2823 suspicionem,
1600 2793 1669 2818 adde
1682 2790 1808 2824 pum-Imm

1040 2835 1072 2854 ex
1088 2827 1264 2860 subsequcnti
1277 2825 1398 2858 ejusdem
1414 2824 1530 2860 lion-ilia
1545 2826 1807 2853 sententiain-Amm

1040 2862 1103 2888 .lesu
1121 2869 1253 2896 nutu/nam
1266 2859 1365 2893 peccati
1383 2859 1461 2886 δυνά(
1479 2861 1623 2888 "tamtum
1637 2867 1686 2888 est.
