1846 3053
46 132 144 159 1849

675 134 708 162 ΙΝ
728 134 844 162 LUCAM
866 133 1007 162 llOMlLH
1026 134 1097 162 XIX.

1639 139 1707 166 1830

44 195 96 216 (es
114 190 272 224 qua'rimus
287 194 320 217 ιρ,
336 189 441 217 Etcum
457 191 508 218 hoc
522 191 683 222 dixerimus,
695 191 727 218 ad
741 191 868 218 laboran-
883 192 905 219 Α
918 190 1110 224 compleretur.
1130 189 1206 217 ibant
1218 190 1309 226 itaque
1324 196 1449 225 parentes
1471 193 1539 227 ejus,
1552 194 1628 228 juxta
1644 205 1707 223 νοη-

44 241 121 261 tem
148 236 269 262 animam
288 240 407 262 nostram
434 240 461 263 et
480 244 541 263 cum
566 237 660 264 dolore
681 243 865 271 quaerentem,

47 282 255 316 respondebit
269 287 296 310 et
309 282 381 310 dicet
394 291 402 309 :
423 282 538 310 Nescitis
560 285 621 318 quia
643 285 670 310 in
682 284 723 311 his
736 292 794 318 quia
806 289 866 310 sunt

49 326 173 355 Patria
188 328 238 354 mei
252 336 291 354 me
302 333 402 362 oportet
413 336 468 355 esse
477 330 489 355 ?
499 328 550 356 Ubi
568 333 632 356 sunt
645 329 765 356 haeretici
790 328 866 362 impii

50 377 159 407 atque
181 374 276 401 vesani
291 393 298 405 ,
321 374 368 408 qui
392 379 519 402 asserunt
542 383 596 401 non
611 382 672 402 esse
696 374 785 401 Patris
801 373 866 401 Jcsu

49 417 181 446 Christi
199 418 284 453 irng
300 423 327 447 et
342 420 509 454 prophetas?
525 419 603 447 Certe
620 419 700 447 Jcsus
717 419 743 446 in
766 419 866 453 templo

50 469 144 496 erat,
161 465 236 499 quod
251 472 266 491 a
281 464 427 492 Salomone
448 469 636 492 constructum
654 469 724 498 erat,
740 469 766 492 et
781 465 866 493 conli—

48 514 147 537 tetur
164 511 294 545 templum
309 510 373 538 illud
388 511 477 538 Patris
492 511 534 538 sui
551 518 621 544 esse,
636 519 716 546 quem
729 511 807 538 nobis
821 519 865 538 re-

51 556 187 588 velavit.
200 556 280 590 cujus
300 555 398 583 Filium
424 564 485 584 esse
507 564 536 584 se
562 556 641 584 dixit.
674 556 866 591 Respondeaut

50 602 215 636 quomodo
234 603 302 630 alter
313 603 412 636 bonus,
427 609 454 630 et
465 604 533 630 alter
546 604 578 630 sit
591 603 683 638 justus
699 603 779 630 Deus.
796 603 864 636 Quia

51 647 158 681 igitur
174 647 299 675 Salvator
313 648 451 676 Creatoris
474 653 515 676 est
537 648 639 681 Filius,
668 649 694 676 in
720 656 865 676 commune

52 691 183 719 Patrem
202 693 355 728 Filiumque
373 694 515 722 laudemus
528 715 535 726 ,
559 694 637 728 cujus
658 694 710 726 lex,
733 695 813 728 cujus
838 698 865 721 et

53 736 206 770 templum
224 741 276 763 est.
295 736 345 764 Cui
361 742 402 765 est
413 738 500 773 gloria
511 743 537 766 et
551 739 693 774 itnperium
713 739 739 766 in
765 739 862 766 saecula

55 780 251 807 saeculorum.
268 781 364 808 Amen.

356 836 496 865 HOMILIA
508 837 580 866 XIX.

57 882 102 909 De
116 891 151 910 eo
165 884 235 917 quod
246 885 371 918 scriptum
382 889 420 910 est
432 893 442 911 :
462 894 472 909 ι
489 884 559 910 Puer
577 889 665 911 autent
687 885 816 912 crescebat
835 890 859 912 et

98 918 320 954 confortabatur,
339 929 347 944 1
364 927 443 954 usque
453 919 487 945 ad
497 928 555 945 eum
567 919 653 945 locant
665 919 709 946 ubi
721 920 776 947 ait:
792 930 800 945 t
814 919 861 947 Sc—

99 953 195 980 niores
208 954 234 980 in
249 954 342 988 templo
356 953 512 989 interrogat.
526 964 535 979 1
549 954 614 988 Cap.
633 962 664 982 tt.

100 1008 179 1042 Quia
193 1010 315 1036 nonnulli
331 1009 376 1044 qui
389 1015 490 1037 sanctae
500 1010 646 1044 Seripturae
657 1010 784 1038 videntur
799 1019 858 1038 ere-

58 1054 146 1087 dere,
163 1055 241 1089 quasi
258 1055 284 1082 in
297 1055 410 1089 gloriam
428 1055 621 1090 omnipotentis
632 1055 679 1082 Dei
692 1056 858 1084 divinitatem

59 1099 223 1126 Salvatoris
238 1105 347 1135 negant,
364 1100 468 1135 justum
483 1100 549 1127 mihi
567 1100 683 1133 videtur,
697 1106 726 1128 ut
739 1101 858 1136 ipsarum

61 1145 277 1180 Scripturarum
300 1146 461 1173 auctoritate
486 1146 636 1173 doceantur
654 1146 681 1173 in
710 1147 857 1173 humanum

59 1199 173 1225 corpus
191 1191 318 1225 quiddam
335 1191 441 1219 venisse
452 1191 574 1219 divinum
592 1201 598 1219 ε
616 1196 643 1219 et
657 1199 711 1219 non
727 1193 815 1220 solum
831 1193 857 1220 in

61 1237 222 1263 humanum
241 1244 351 1272 corpus,
370 1237 416 1265 sed
435 1237 462 1264 iu
491 1237 639 1264 humanam
663 1245 771 1273 quoque
799 1240 858 1265 ani-

62 1290 155 1308 maui.
172 1282 332 1317 Quanquam
352 1283 375 1310 si
398 1283 541 1318 diligenter
555 1291 665 1310 sensum
693 1284 858 1312 intendimus

64 1329 287 1364 Scripturarum,
302 1329 362 1364 plus
373 1330 475 1365 aliquid
490 1330 581 1357 anima
598 1329 642 1357 illa
659 1329 763 1362 habuit,
775 1338 857 1365 quam

63 1379 175 1402 caetera:
193 1375 333 1402 hominum
347 1376 456 1403 animae.
475 1376 570 1403 Omnis
583 1376 682 1410 quippe
699 1377 790 1403 anima
807 1377 858 1404 ho-

65 1420 164 1450 minis.
179 1425 325 1456 antequam
338 1421 371 1448 ad
386 1421 501 1448 virtutes
517 1421 618 1454 veniat,
633 1422 705 1449 vitiis
732 1422 857 1449 sordida-

66 1472 125 1494 tur.
147 1466 234 1494 Porro
247 1468 339 1494 anima
354 1466 417 1496 Jesu
430 1475 569 1502 nunquam
594 1468 696 1502 peccati
706 1468 785 1496 sorde
799 1476 858 1495 ma—

65 1514 160 1540 culata
174 1518 225 1540 est.
244 1513 385 1548 Siquidem
401 1518 546 1548 antequam
561 1514 594 1541 ad
615 1514 805 1541 duodecimum
821 1521 857 1541 a2-

66 1559 134 1586 tatis
152 1559 305 1593 pervenerit
323 1566 425 1586 annum
438 1579 446 1592 ,
470 1559 589 1594 Spiritus
612 1564 723 1587 sanctus
735 1560 768 1587 de
781 1567 813 1587 eo
831 1560 857 1586 in

66 1603 150 1631 Luca:
158 1605 252 1632 scribit
261 1604 406 1640 Erangelio
418 1614 425 1632 ε
441 1603 512 1631 Puer
522 1610 610 1632 autem
622 1607 751 1633 crescebat
762 1610 786 1633 et
797 1614 859 1632 con-

67 1649 232 1683 fortabatur,
254 1654 278 1676 et
303 1650 453 1684 replebatur
476 1651 616 1685 sapientia.
635 1650 692 1678 Hoc
715 1651 857 1679 hominum

68 1700 167 1723 natura
182 1703 235 1722 non
256 1696 401 1731 recipit,ut
416 1701 479 1724 ante
490 1697 632 1724 duodecim
648 1704 735 1724 annos
751 1697 859 1732 sapien-

67 1740 107 1767 tia
125 1740 302 1775 compleatur.
317 1741 398 1768 Aliud
411 1745 452 1768 est
469 1745 573 1776 partem
591 1741 690 1769 habere
705 1742 855 1776 sapientiae,

68 1786 142 1812 aliud
166 1785 299 1820 sapientia
321 1793 382 1813 esse
403 1786 579 1821 completum.
606 1785 664 1813 Non
692 1787 857 1822 ambigimus

69 1834 135 1867 ergo
149 1831 270 1858 divinum
284 1832 386 1866 aliquid
404 1832 431 1859 in
447 1840 528 1860 carne
544 1831 608 1859 Jesu
622 1833 783 1867 apparuisse
798 1843 805 1860 :
831 1838 858 1861 et

68 1885 124 1904 non
139 1877 225 1904 solum
240 1885 322 1912 super
333 1877 484 1910 hominem,
499 1878 544 1905 sed
562 1886 643 1913 super
659 1886 768 1906 omnem
786 1887 855 1914 quo-

69 1932 123 1956 que
148 1923 306 1950 rationalem
335 1927 501 1950 creaturam.
519 1923 553 1949 Et
577 1924 730 1956 crescebat,
756 1925 854 1959 inquit.

69 1968 264 1996 ilumiliaverat
276 1969 348 1997 enim
366 1976 407 2001 se,
422 1969 538 1996 formam
556 1970 626 1997 servi
642 1970 779 2005 accipiens
795 1989 802 2000 .
829 1975 856 1997 et

69 2015 162 2042 eadem
174 2014 274 2042 virtute
289 2021 343 2050 qua
369 2022 399 2042 se
414 2015 615 2046 humiliaverat,
635 2015 744 2042 crescit.
762 2015 854 2049 Appa-

71 2065 160 2087 ruerat
177 2060 302 2087 inﬁrmus
317 2069 324 2087 :
338 2060 402 2095 quia
419 2060 557 2087 inﬁrmum
584 2068 683 2094 corpus
698 2068 856 2095 assumpse-

71 2112 123 2139 rat,
137 2111 162 2134 et
184 2106 220 2133 ob
241 2107 268 2134 id
292 2107 389 2134 iterum
417 2106 597 2134 confortatur.
614 2106 802 2134 Evacuaverat
826 2115 856 2134 se

71 2153 154 2180 Filius
168 2152 215 2181 Dei
229 2153 252 2168 ³⁸
268 2162 276 2179 :
293 2157 320 2180 et
334 2157 476 2187 propterea
499 2160 607 2180 rursum
632 2153 783 2188 completur
810 2161 855 2181 sa-

919 235 1091 262 suetudiuem
1104 255 1112 268 ,
1137 235 1163 262 iu
1176 235 1326 263 Jerusalem
1342 237 1374 263 ad
1393 238 1541 266 solemnem
1553 241 1623 267 diem
1643 241 1706 268 1³ης,-

918 281 986 308 chte.
1000 280 1034 307 Et
1047 289 1106 307 cum
1118 282 1206 315 [actus
1219 281 1312 315 fuisset
1325 290 1455 309 annorum
1471 284 1620 313 duodecim.
1641 286 1706 314 Dili-

918 332 1011 361 genter
1035 327 1160 357 observa,
1190 327 1252 362 quia
1277 328 1439 362 priusquam
1466 329 1608 359 duodecim
1635 339 1707 361 esset

918 380 1063 405 annorum,
1078 374 1210 407 sapientia
1226 373 1271 401 Dei
1284 378 1310 401 et
1317 375 1501 410 carteris,qu:e
1516 377 1549 404 de
1559 385 1591 405 eo
1606 380 1705 413 scripta

917 421 991 449 sunt,
1009 419 1204 453 complebatur.
1214 419 1282 448 Cum
1292 428 1368 456 ergo,
1382 426 1412 448 ut
1422 421 1551 454 diximus,
1562 424 1705 453 duodecim

917 468 989 491 esset
1003 472 1136 492 annorum
1150 471 1176 492 et
1189 466 1267 500 juxta
1279 474 1382 494 morem
1397 467 1454 495 dies
1466 468 1648 498 solemnitatis
1663 479 1708 498 ex-

916 509 979 544 pleti
995 514 1097 543 essent,
1113 515 1139 537 et
1164 517 1365 539 reverterentur
1391 517 1516 548 parentes
1537 522 1598 541 cum
1617 515 1702 542 infan-

916 555 973 582 tulo
986 555 1062 588 Jesu,
1080 557 1212 585 remansit
1227 565 1294 592 puer
1306 558 1332 586 in
1356 558 1507 587 Jerusalem
1521 580 1529 593 ,
1554 565 1581 588 et
1597 562 1703 589 nescie-

915 600 981 629 bant
997 607 1123 636 parentes
1134 602 1201 638 ejus.
1215 603 1248 630 Et
1266 604 1309 631 hic
1321 605 1466 633 Sublimius
1480 606 1608 639 quiddam
1621 615 1703 641 quatit

915 647 1034 674 humana
1050 652 1146 676 natura
1160 649 1271 684 patitur,
1283 650 1410 686 intelligo.
1436 651 1517 686 955
1533 650 1591 678 Non
1624 653 1696 679 enim

915 692 1074 727 simpliciter
1096 694 1249 727 remansit,
1279 699 1306 721 et
1331 701 1455 730 parentes
1482 696 1541 730 ejus
1565 697 1611 723 ubi
1632 703 1705 724 esset

916 737 1097 772 ignorabant;
1126 739 1172 766 sed
1203 739 1341 774 quomodo
1364 739 1390 766 in
1419 739 1532 768 Joannis
1557 741 1704 776 Evangelia

914 784 1044 818 scriptum
1056 789 1098 812 est
1109 785 1142 818 ⁵⁷,
1160 786 1288 820 quoniam
1308 786 1506 814 insidiabantur
1523 788 1547 814 ei
1564 787 1660 820 Juda:i,
1677 794 1705 815 et

913 829 1022 864 elapsus
1037 835 1079 858 est
1094 831 1126 858 de
1137 831 1227 858 medio
1240 839 1344 865 eorum,
1361 837 1387 860 et
1411 840 1464 860 non
1491 835 1616 868 apparuit
1631 843 1638 862 :
1663 836 1704 862 sic

914 879 940 902 et
954 884 1026 904 nunc
1042 881 1107 911 puto
1121 878 1286 905 remansisse
1311 886 1425 913 puerum
1443 879 1470 905 in
1487 878 1637 906 Jerusalem
1651 901 1659 912 ,
1677 885 1704 907 et

914 926 1041 955 parentes
1061 922 1119 957 ejus
1145 923 1190 950 ubi
1204 925 1366 950 remanserit
1383 924 1532 959 ignorasse.
1551 924 1605 952 Nec
1621 926 1703 954 mire-

915 974 976 993 mur
993 973 1118 1001 parentes
1137 973 1248 995 voratos
1264 988 1271 999 .
1300 977 1416 1003 quorum
1441 970 1509 997 alter
1524 970 1559 997 ob
1576 976 1681 1005 partum
1695 993 1701 1004 ,

911 1012 978 1040 alter
990 1013 1024 1040 ob
1041 1014 1202 1048 obsequium
1215 1035 1221 1045 ,
1235 1015 1319 1048 patris
1331 1019 1357 1041 et
1369 1016 1463 1042 matris
1480 1022 1635 1044 meruerunt
1650 1025 1698 1043 vo-

910 1058 1018 1086 cabula.
1038 1058 1187 1094 Sequitur:
1217 1060 1338 1086 Dolentes
1352 1081 1359 1092 ,
1387 1061 1494 1095 inquit,
1518 1063 1700 1096 quwrebamus

911 1108 935 1130 te
947 1103 1014 1140 (51).
1035 1104 1092 1131 Non
1112 1110 1177 1138 puto
1188 1113 1235 1132 eos
1254 1106 1354 1134 idcirco
1372 1106 1513 1139 doluisse,
1534 1108 1596 1142 quia
1624 1112 1704 1142 pitta-

910 1153 970 1175 rent
984 1157 1092 1177 errasse
1103 1157 1228 1184 puerum.
1247 1150 1287 1177 vel
1306 1150 1438 1184 periisse:
1463 1159 1513 1179 nec
1530 1157 1636 1186 poterat
1650 1160 1696 1179 ac-

909 1195 1009 1226 cidere.
1027 1200 1056 1222 ut
1072 1195 1169 1228 Maria,
1186 1204 1246 1230 quae
1257 1196 1360 1224 sciebat
1374 1204 1403 1224 se
1423 1197 1456 1224 de
1484 1197 1586 1232 Spiritu
1603 1204 1699 1227 saneto

910 1241 1082 1275 concepisse,
1099 1249 1159 1275 qum
1173 1245 1199 1268 et
1213 1242 1338 1276 angelum
1356 1242 1523 1278 loquentem,
1543 1248 1569 1271 et
1588 1251 1699 1272 curren-

911 1289 951 1312 tes
964 1290 1098 1320 pastores,
1112 1292 1138 1313 et
1154 1286 1308 1313 Simeonem
1324 1287 1446 1315 audierat
1469 1289 1675 1324 prophetautem
1690 1311 1698 1322 ,

911 1330 1027 1363 timeret,
1045 1339 1079 1358 nc
1109 1339 1223 1366 puerum
1251 1332 1374 1366 perderet
1397 1333 1578 1360 oberrantem.
1597 1334 1700 1362 Amove

911 1375 982 1403 hanc
998 1375 1153 1411 opinionem
1168 1376 1286 1403 maxime
1301 1376 1334 1403 de
1345 1375 1457 1411 Joscph,
1473 1378 1516 1404 cui
1542 1378 1576 1404 ab
1601 1378 1700 1412 angelo

910 1425 1072 1456 praeceptum
1092 1421 1191 1453 fuerat,
1209 1425 1238 1448 ut
1253 1422 1359 1448 tolleret
1377 1429 1502 1456 puerum,
1520 1428 1547 1450 et
1563 1423 1589 1449 iu
1615 1423 1699 1458 Egy—

909 1471 984 1501 ptutn
997 1471 1134 1502 pergeret;
1149 1467 1195 1501 qui
1210 1466 1332 1494 audierat
1351 1476 1357 1493 :
1373 1466 1414 1494 Ne
1427 1467 1518 1494 timeas
1534 1468 1623 1494 tollere
1637 1468 1698 1494 Μα-

871 1519 892 1547 c
911 1512 978 1538 riam
995 1512 1133 1546 conjugem
1145 1519 1228 1544 tuam,
1244 1513 1314 1547 quod
1325 1513 1394 1539 enim
1407 1513 1434 1539 in
1445 1521 1474 1540 ea
1486 1518 1577 1539 natum
1589 1519 1626 1540 est
1638 1534 1645 1546 ,
1665 1515 1697 1542 dc

911 1556 1013 1592 Spiritu
1024 1562 1113 1584 sancto
1124 1564 1161 1585 est
1177 1558 1210 1584 ⁸³.
1229 1557 1374 1593 Nunquam
1400 1558 1458 1585 ﬁeri
1471 1563 1585 1593 poterat,
1600 1565 1626 1586 ut
1638 1569 1700 1595 pcr-

910 1603 996 1631 ditum
1011 1603 1169 1631 fortnidarct
1184 1603 1324 1636 infantem,
1340 1612 1420 1639 quem
1438 1605 1559 1631 divinum
1574 1614 1634 1633 esse
1649 1614 1697 1633 co-

911 1653 1049 1684 gnoverat.
1063 1649 1142 1676 Aliud
1166 1649 1313 1684 quidquam
1329 1649 1407 1676 dolor
1429 1655 1456 1676 et
1471 1650 1585 1684 quaestio
1600 1658 1699 1685 paren-

909 1699 966 1721 tum
981 1716 988 1728 ,
1007 1703 1089 1730 quam
1113 1695 1227 1730 simplex
1251 1695 1335 1722 lector
1352 1695 1496 1730 intelligit,
1518 1701 1608 1733 sonat.
1625 1696 1699 1730 Quo-

910 1741 990 1767 modo
1009 1741 1080 1767 cnim
1096 1744 1135 1773 tu,
1151 1741 1174 1767 si
1185 1740 1294 1775 quando
1310 1740 1465 1775 Scripturas
1489 1741 1573 1776 legis,
1599 1743 1698 1777 quaeris

909 1785 935 1812 in
948 1786 988 1813 eis
1004 1793 1115 1813 sensum
1134 1793 1196 1813 cum
1211 1785 1304 1813 dolore
1316 1787 1434 1821 quodam
1446 1794 1478 1815 ac
1491 1791 1634 1821 tormento,
1644 1796 1698 1816 non

907 1839 963 1866 quo
979 1830 1135 1865 Scripturas
1151 1838 1267 1863 errasse,
1280 1835 1328 1858 aut
1343 1838 1486 1866 perperam
1513 1831 1578 1866 quid
1597 1832 1698 1859 habere

909 1876 1068 1909 arbitreris;
1090 1876 1136 1903 sed
1151 1876 1223 1911 quod
1242 1875 1295 1903 illa:
1315 1876 1480 1904 intrinsecus
1495 1876 1612 1904 habeant
1625 1877 1696 1905 veri-

910 1922 972 1949 tatis
986 1929 1141 1949 sermonem
1156 1925 1237 1956 atque
1246 1921 1389 1954 rationem,
1402 1925 1428 1948 et
1449 1926 1477 1948 tu
1493 1930 1611 1957 nequeas
1622 1922 1697 1950 invc-

908 1968 966 1994 nire
979 1967 1051 2002 quod
1068 1975 1162 1995 verum
1177 1971 1240 2000 est;
1259 1967 1296 1993 ita
1313 1971 1340 1994 et
1353 1966 1390 1993 illi
1406 1967 1564 2002 quiet-ebant
1580 1975 1613 1994 ne
1626 1966 1697 1994 forte

908 2013 1069 2040 recessisset
1080 2012 1114 2039 ab
1126 2011 1177 2045 eis,
1193 2018 1227 2038 ne
1240 2010 1396 2046 relinquens
1413 2019 1470 2042 eos,
1485 2011 1517 2038 ad
1534 2011 1585 2038 alia
1603 2015 1694 2039 trans—

908 2058 1062 2093 migrasset,
1079 2062 1105 2085 et
1117 2058 1189 2092 quod
1207 2058 1294 2094 magis
1308 2063 1391 2093 puto,
1406 2057 1462 2093 (52)
1490 2065 1524 2084 ne
1540 2058 1695 2085 revertisset

906 2105 939 2131 ad
953 2105 1049 2136 caelos,
1067 2112 1130 2132 cum
1143 2104 1181 2132 illi
1197 2105 1362 2140 placuisset,
1378 2104 1476 2132 iterum
1501 2105 1693 2133 descensurus.

907 2150 1034 2178 Dolentes
1050 2158 1115 2185 ergo
1129 2150 1288 2185 quaerebant
1304 2149 1402 2177 Filium
1420 2150 1477 2178 Dei.
1494 2149 1526 2177 Et
1542 2158 1604 2177 cum
1620 2158 1694 2185 quaa-

72 2198 168 2233 pientia
182 2206 188 2231 ;
202 2202 229 2225 et
243 2198 330 2232 gratia
345 2197 392 2225 Dei
406 2202 465 2225 erat
476 2206 558 2233 super
574 2206 647 2226 eum.
665 2198 725 2226 Non
743 2199 853 2234 quando
869 2197 890 2224 D
905 2201 1006 2228 rerent,
1021 2204 1075 2224 non
1090 2196 1253 2223 invenerunt
1270 2196 1340 2223 inter
1360 2201 1501 2231 cognatos.
1515 2195 1607 2232 Neque
1620 2196 1693 2223 enim

72 2244 142 2272 venit
153 2244 186 2272 ad
200 2244 423 2277 adolescentiam,
441 2252 496 2271 non
507 2244 618 2279 quando
635 2245 778 2273 manifeste
801 2246 852 2273 do-

71 2291 163 2323 crbat;
180 2290 226 2317 sed
242 2297 305 2318 cum
323 2288 413 2317 adhuc
426 2294 499 2317 esset
515 2289 644 2324 parvulus
660 2290 776 2318 habebat
790 2299 852 2326 gra—

74 2338 135 2364 tiam
153 2336 200 2364 Dei
214 2346 220 2364 :
237 2340 264 2363 et
280 2336 418 2371 quomodo
431 2336 560 2363 omniain
581 2335 627 2363 illo
639 2336 776 2364 mirabilia
793 2336 852 2364 fue-

74 2387 140 2415 rant,
157 2383 191 2409 ita
208 2386 235 2409 et
251 2382 367 2417 pueritia
378 2381 511 2409 mirabilis
522 2381 583 2414 fuit,
599 2386 627 2408 ut
647 2382 692 2408 Dei
721 2382 852 2416 sapientia

104 2453 126 2469 "
143 2452 256 2486 Philipp.
271 2459 303 2482 11,
320 2451 345 2478 7.
394 2450 416 2467 ⁵⁷
431 2449 529 2477 Joann.
552 2457 611 2482 vui,
624 2449 669 2477 59.

109 2499 160 2534 (51)
173 2498 285 2534 Scltedge
299 2498 394 2534 Grabii
405 2497 599 2534 ettiombelisii
613 2503 620 2524 :
635 2497 671 2534 Tt
682 2497 710 2534 δὲ
727 2497 774 2524 καὶ
788 2497 852 2534 ἐζή-

75 2531 133 2563 my
145 2534 239 2565 αὐτέης
257 2532 311 2569 ἆρα
327 2533 367 2569 ὅττι
383 2532 520 2569 suam?
534 2533 548 2559 ὁ
562 2534 642 2569 παῖς,
658 2531 674 2567 ἢ
692 2532 732 2569 {iri
748 2531 853 2569 πεπλέι-

77 2578 166 2607 νηςαι;
182 2564 384 2607 ᾋτὲαγὲκοῦτε
400 2567 459 2607 γὰρ.
470 2567 519 2607 τῆς
530 2564 673 2607 gravatis-cou-
695 2567 803 2607 μᾳρίας
819 2564 853 2601 ἦν

77 2601 149 2632 τόῦτο
158 2624 164 2636 ,
178 2604 228 2639 τῆς
237 2601 341 2640 νμὺρὶαξ
352 2603 417 2640 περὶ
428 2601 679 2640 ᾀὺτᾳῦ-ξξξριμένης
693 2601 771 2640 ,Θείας
784 2602 853 2640 ἔπος

79 2636 286 2674 καλύψειςξοῦτέ
296 2637 341 2674 1ρῦ
360 2636 468 2674 Ἰώσῄφ.
486 2637 556 2674 ’ᾼλὶσ
567 2636 718 2674 ὥσπερ-ἐάν
731 2645 774 2674 τις
785 2637 852 2672 ζητῇ

79 2671 188 2710 Γμφῆν,
203 2673 381 2710 ὀδυνωμένως
396 2671 479 2710 abs-iw
492 2672 586 2710 ζῃιςιξῖε
597 2671 645 2710 ob]
658 2671 695 2703 ὡς
713 2671 851 2710 πεπλανη-

103 2693 851 2744 aetatesaetas;.far'szasa.c‘gsa.

103 2717 166 2744 ενηυ,
178 2717 239 2736 oues
252 2717 289 2739 ως
304 2717 488 2769 εσφαΑᾸιενην,
502 2717 550 2733 aut
572 2717 609 2738 ως
618 2717 731 2738 εχουσαν
744 2717 792 2740 μεν
806 2717 849 2732 τον

80 2720 156 2786 ἓτιθῆ
171 2745 218 2786 κοξκ
235 2743 387 2786 emoto
402 2751 460 2776 γοκ
470 2741 849 2786 μήτξέυρδξπεςξανξρωκέξηξρ

80 2776 156 2811 esse):
174 2776 294 2805 κάκέῖνοι
317 2778 428 2813 ἐζήτουν
452 2776 620 2813 τὸφΚύριον
643 2776 720 2811 ἡμῶν
749 2776 852 2813 dnuo-"av

81 2814 200 2855 Χριστὸν..
213 2814 321 2855 μήπωςη
328 2810 432 2847 ἀτὲέστη
448 2812 495 2855 ἀ¹π”
511 2810 616 2855 abstini;
628 2810 725 2855 pzﬁmog

81 2846 160 2876 λοὶπεν
172 2846 279 2881 aii-596g.
301 2847 356 2876 Cur
370 2846 522 2883 quaerebant
536 2848 616 2875 eum?
632 2846 673 2873 An
686 2854 717 2874 ne
732 2846 851 2882 periisset

904 2246 1010 2278 poterat
1025 2241 1143 2268 humana
1159 2241 1285 2276 cognatio
1301 2240 1348 2268 Dei
1360 2241 1459 2268 Filium
1471 2241 1621 2269 continere.
1635 2240 1693 2267 Νυιι

904 2287 1066 2314 invenerunt
1083 2286 1155 2313 inter
1170 2290 1311 2320 cognatos,
1325 2285 1389 2320 quia
1402 2286 1492 2312 diuina
1506 2286 1608 2320 majora
1617 2289 1693 2312 erant

904 2334 999 2360 notitia
1023 2332 1192 2367 scientiaque
1219 2331 1338 2358 mortali.
1368 2330 1418 2358 Ubi
1444 2331 1526 2365 igitur
1552 2331 1694 2358 inveniunt

905 2379 988 2407 eum?
1003 2378 1032 2405 In
1049 2378 1160 2413 templo.
1180 2377 1219 2405 lbi
1233 2377 1306 2405 enim
1326 2377 1462 2404 invenitur
1483 2375 1570 2404 Filius
1586 2376 1643 2404 Dei.
1664 2377 1692 2404 Si

709 2450 731 2465 ⁵³
744 2449 841 2476 Matth.
860 2456 879 2482 l,
895 2447 941 2476 20.

905 2503 979 2530 puer,
994 2499 1041 2522 aut
1055 2494 1189 2522 errasset?
1202 2493 1287 2530 Absit.
1307 2492 1398 2528 Neque
1411 2495 1478 2520 enim
1495 2493 1523 2520 id
1542 2494 1692 2521 existimare

905 2528 992 2565 potuit
1003 2529 1207 2565 sapientissimo
1218 2528 1306 2565 Maria
1320 2537 1378 2562 qua:
1394 2529 1595 2565 inhumanae
1606 2537 1635 2554 eo
1649 2530 1691 2555 di-

906 2563 980 2592 cina:
992 2563 1127 2599 acceperat
1141 2563 1320 2599 revelationes,
1333 2571 1415 2597 neque
1425 2563 1532 2597 Ioseph.
1544 2563 1595 2590 Sed
1605 2571 1692 2598 atteni-

906 2597 1057 2626 admodum'
1067 2600 1091 2627 si
1107 2599 1165 2634 quis
1179 2597 1323 2634 Scriptura:
1344 2606 1448 2625 seitsum
1463 2599 1596 2633 qua-sierit
1606 2617 1614 2629 ,
1632 2607 1691 2624 cum

906 2635 996 2662 dolore
1009 2632 1118 2670 quaerit,
1129 2642 1178 2670 non
1188 2633 1258 2670 quod
1269 2632 1407 2670 scriptura
1418 2632 1554 2665 errauerit,
1570 2638 1616 2659 aut
1625 2641 1692 2670 pper-

905 2677 996 2704 peram
1015 2667 1082 2704 quid
1096 2667 1232 2700 habuerit,
1250 2667 1294 2704 sed
1316 2669 1385 2702 quod
1401 2676 1488 2695 verum
1507 2677 1538 2694 ac
1550 2668 1691 2704 mysticum

904 2703 1010 2731 sensum
1024 2703 1142 2736 'Itabeat,
1163 2708 1189 2729 at
1205 2703 1321 2729 nondum
1338 2703 1522 2737 manifestatur;
1547 2704 1584 2730 ita
1602 2708 1626 2730 et
1650 2703 1693 2730 illi

905 2739 1055 2773 quwrebaut
1080 2739 1222 2765 Dominum
1244 2742 1363 2764 nostrum
1377 2737 1470 2765 Iesum
1485 2738 1636 2771 Christum,
1659 2747 1692 2764 ue

907 2774 974 2808 forte
988 2774 1137 2800 recessisset
1155 2773 1187 2799 ab
1203 2773 1252 2805 eis,
1268 2777 1292 2799 et
1306 2781 1348 2800 eos
1359 2773 1524 2800 deseruisset.
1545 2774 1654 2801 livius.

941 2808 997 2844 (52)
1010 2808 1067 2836 Hoc
1078 2816 1142 2837 vero
1153 2812 1193 2836 cst
1211 2815 1266 2843 prae
1282 2809 1392 2844 reliquis
1403 2809 1535 2836 absonum
1551 2809 1688 2836 omnibus.
