1846 3053
155 142 219 169 ιμῖΛ

891 139 1052 169 οηιοιςδιε

1727 146 1737 171 Ι
1744 145 1791 172 $1!

149 197 258 231 quando
274 202 300 224 et
314 203 340 225 tu
359 195 500 233 quaesieris
512 198 609 226 Filium
625 199 683 232 Dei,
711 208 801 235 quierc
817 201 935 236 primum
953 203 974 232 Α
989 206 1023 228 tet
1039 209 1079 228 me
1090 209 1154 229 esse.
1175 201 1343 230 Erubescant
1366 210 1470 230 omnes
1485 199 1633 234 haeretici,
1646 201 1692 236 qui
1707 201 1791 229 Eva:-

151 243 178 269 iu
197 244 307 278 templo,
327 244 390 272 illuc
407 253 531 280 propera,
551 246 587 273 ibi
601 246 738 273 Christum
751 267 758 279 ,
781 254 934 274 sermonem

148 295 230 323 atque
245 290 418 324 sapientiam,
437 291 462 319 id
479 297 529 325 est,
548 292 646 320 Filium
660 292 716 326 Dei,
727 293 856 328 reperies.
867 293 937 326 Quo-

150 338 222 362 niam
241 345 305 364 vero
317 339 446 372 parvulus
464 343 539 371 erat,
561 339 697 368 invenitur
714 339 740 366 in
759 339 849 367 medio
869 348 937 374 pne-

149 387 300 416 ccptorum,
315 383 487 411 saiictiticans
507 388 534 411 et
555 386 684 413 erudiens
697 393 756 413 eos.
776 385 844 419 Quia
874 395 936 422 par-

148 428 229 455 vulus
242 433 309 460 erat,
327 428 463 456 invenitur
478 429 505 457 in
522 430 621 464 medio,
634 439 687 459 non
699 439 747 459 eos
760 432 872 466 docens,
889 433 935 461 sed

149 473 328 508 interrogans,
345 478 373 500 et
387 474 437 501 hoc
449 482 499 509 pro
520 476 606 504 uitatis
623 476 721 510 cilicio,
741 483 770 505 ut
795 486 844 506 nos
855 479 936 507 doce-

148 523 190 545 ret
201 519 265 553 quid
281 519 381 553 pueris,
394 520 520 554 quamvis
537 522 673 556 sapientes
695 528 722 551 et
737 525 836 552 eruditi
859 525 913 552 sint
927 546 934 559 ,

147 565 315 598 conveniret,
334 571 363 593 ut
376 567 487 594 audiant
502 568 592 602 potius
604 569 762 605 magistros,
785 579 866 606 quam
886 572 936 599 do-

147 617 210 638 cere
222 610 386 643 desiderent,
401 617 427 640 et
441 621 470 640 se
485 621 554 641 vana
569 617 749 643 ostentatione
758 625 810 643 noii
821 617 933 651 jactent.

148 655 345 691 liitcrrogabat,
362 658 490 693 inquam,
506 661 652 696 magistros
665 681 673 692 ,
701 670 755 689 non
778 667 807 689 ut
833 663 935 698 aliquid

147 701 273 733 disceret,
291 703 336 730 sed
352 708 381 730 ut
397 704 566 740 interrogans
580 706 708 735 erudiret.
720 707 759 735 Ex
769 716 823 736 uno
836 709 936 744 quippe

146 747 279 775 doctrinae
292 748 367 776 fonte
379 755 470 778 manat
487 755 514 778 et
539 752 707 788 interrogare
728 759 754 781 et
771 756 935 789 respondere

147 793 305 827 sapienter:
321 799 348 822 et
358 795 480 830 ejusdem
503 798 624 825 scientiae
641 804 700 830 est.
722 800 793 827 scire
810 801 875 836 quid
891 801 934 828 iur

147 843 278 874 terroges,
290 841 390 876 quidve
406 843 581 878 respondeas.
598 843 725 879 Oportuit
740 846 857 879 primum
874 846 935 874 Sal-

147 891 268 913 vatorem
284 888 398 916 erudita:
416 889 638 925 interrogationis
648 893 808 928 magistrum
821 895 890 927 ﬁeri,
907 900 935 922 ut

147 936 241 965 postea
256 932 513 968 interrogationibus
529 937 703 971 responderet
712 939 790 973 juxta
802 940 933 968 rationem

147 977 205 1010 Dei,
225 982 307 1013 atque
319 982 548 1009 sermonem.Cui
568 987 609 1011 est
633 983 720 1018 gloria
744 990 771 1013 ct
789 986 934 1021 imperium

148 1024 174 1049 in
189 1024 286 1052 saacula
302 1026 474 1054 saeculorum.
491 1029 586 1056 Amen.

428 1083 571 1112 HOMILIA
586 1086 645 1114 XX.

148 1125 186 1153 De
196 1134 225 1153 eo
234 1129 303 1169 quod
314 1130 442 1169 scriptum
454 1137 513 1169 est:
527 1141 535 1157 ι
554 1132 625 1169 Quid
635 1138 673 1160 est
693 1135 763 1169 quod
774 1136 934 1169 qiiaarebatis

181 1169 222 1198 rue
234 1163 247 1188 Σ)
261 1172 269 1187 i
284 1172 363 1198 usque
375 1165 410 1191 ad
421 1173 479 1192 eum
491 1163 577 1193 locum
588 1168 632 1194 ubi
652 1169 690 1195 ait
698 1163 711 1195 ':
733 1179 741 1195 ι
758 1163 935 1198 Coiiservabat

184 1196 274 1224 Maria
285 1196 373 1225 omnia
384 1200 462 1227 verba
473 1201 528 1228 lucc
537 1204 563 1228 in
575 1203 651 1230 corde
662 1211 721 1232 suo.
738 1214 747 1230 ι
766 1196 835 1239 Capi
852 1213 882 1233 il.

182 1253 346 1286 Quaerebam
360 1256 444 1285 Maria
462 1264 489 1286 ct
501 1259 603 1295 Ioseph
619 1261 690 1288 inter
704 1262 798 1290 amnes
819 1262 912 1291 Jesum
925 1284 933 1296 ,

146 1304 174 1325 et
194 1308 248 1327 non
270 1301 444 1332 inveniebant
461 1315 468 1332 :
485 1306 510 1333 iu
527 1307 668 1340 comitatu,
685 1313 712 1335 ct
732 1309 856 1336 invenire
879 1318 935 1337 non

146 1350 282 1379 poterant.
298 1347 471 1381 Qumsierunt
496 1352 522 1379 in
551 1355 670 1389 templo;
694 1355 742 1382 sed
758 1356 829 1390 apud
848 1355 935 1391 magi—

146 1395 230 1425 stros,
245 1397 272 1420 ct
284 1394 310 1420 in
326 1396 414 1423 medio
424 1403 621 1433 praeceptorum
636 1400 778 1428 inveniunt
789 1409 862 1428 eum.
873 1400 937 1429 Ubi-

147 1444 254 1472 cunque
269 1441 391 1475 magistri
409 1443 519 1476 fuerint,
533 1444 557 1471 in
574 1445 663 1472 medio
681 1446 874 1480 magistrorum
890 1447 934 1473 in-

146 1483 254 1510 venitur
269 1484 348 1513 Jesus
363 1496 369 1514 :
390 1488 412 1514 si
429 1493 518 1516 tamen
537 1490 665 1524 magister
679 1490 770 1517 sedeat
784 1491 810 1518 in
822 1491 933 1525 templo,

988 247 1088 282 gelium
1109 247 1242 282 recipiunt
1256 248 1409 276 secundum
1425 247 1534 275 Lucam
1547 268 1554 280 ,
1573 251 1603 274 et
1628 255 1689 281 qui:
1705 248 1733 274 in
1760 257 1790 276 eo

987 297 1052 321 sunt
1069 294 1169 328 scripta
1183 298 1370 322 contemnunt.
1388 293 1465 325 "me,
1484 298 1516 320 ut
1532 293 1593 320 dixi
1606 314 1614 326 ,
1634 293 1686 320 sint
1712 294 1789 320 intel-

987 339 1054 366 lecta
1069 339 1230 374 simplicius.
1243 339 1378 372 Quoniam
1391 346 1461 365 vero
1475 337 1602 365 infertur
1619 347 1625 364 :
1641 337 1724 373 956
1737 337 1789 372 Ιρεέ

987 391 1075 412 autem
1090 394 1140 413 non
1152 385 1336 414 intellexerunt
1347 393 1497 412 sermonm
1509 405 1517 417 ,
1536 392 1655 412 sensum
1671 384 1790 419 Scriptu-

987 439 1023 459 ne
1037 432 1195 467 diligentius
1209 432 1382 463 ventilenius,
1399 431 1422 458 si
1433 434 1515 458 erant
1525 431 1607 458 stulti
1621 435 1648 458 et
1665 431 1789 465 insipien.

986 482 1037 508 tes,
1054 481 1084 503 ut
1097 477 1233 504 nescirent
1245 477 1308 512 quid
1320 477 1433 506 diceret.
1445 477 1513 511 quia
1530 476 1587 503 hoc
1600 475 1676 510 quod
1688 476 1726 502 ait
1740 486 1746 503 :
1758 476 1787 502 t-

986 523 1026 549 Iiis
1037 530 1096 557 qua:
1106 529 1167 549 sum
1179 522 1268 549 Patris
1279 524 1342 556 mei,
1353 531 1394 549 me
1405 531 1461 549 esse
1473 527 1581 557 oportet
1593 542 1602 553 ,
1623 521 1788 557 signiﬁcant

987 568 1013 594 iii
1027 567 1144 603 templo,
1173 576 1207 595 an
1229 568 1300 595 aliud
1330 568 1462 603 quiddam
1477 569 1564 596 altius
1581 568 1722 602 signiﬁcet
1734 589 1740 601 ,
1764 575 1788 596 rt

986 615 1057 649 quod
1071 615 1157 650 magis
1165 615 1436 643 zediticetaudientes.
1448 614 1653 649 Unusquisque
1666 620 1786 642 nostrum

986 661 1008 688 si
1022 661 1111 689 bonus
1127 661 1208 688 fuerit
1219 666 1300 696 atque
1313 661 1463 697 perfectus,
1477 661 1621 696 possessio
1641 661 1689 688 Dei
1701 661 1788 689 Patris

986 711 1028 734 est
1045 727 1052 738 ,
1065 711 1091 734 ct
1105 707 1185 734 habet
1199 707 1226 734 iii
1238 707 1327 734 medio
1342 707 1384 734 sui
1395 706 1503 735 Jesum.
1522 707 1682 734 Credamus
1689 708 1787 742 quippe

985 753 1086 781 dicenti
1101 763 1107 780 :
1122 753 1254 786 Quoniam
1267 754 1294 780 iu
1313 754 1355 780 liis
1376 762 1437 788 qua:
1456 758 1520 779 sunt
1543 753 1639 779 Patria
1663 754 1715 779 mei
1726 776 1735 787 ,
1750 762 1787 780 ni:

985 805 1086 835 oportet
1098 808 1162 827 esse.
1182 800 1266 835 Magis
1282 800 1443 827 rationabile
1457 804 1543 834 atque
1558 799 1674 832 vivens,
1690 803 1719 825 et
1746 806 1785 824 re—

986 854 1047 873 runi
1062 846 1191 880 templum
1214 845 1261 873 Dei
1283 846 1335 873 hoc
1351 853 1412 873 esse
1441 845 1575 880 suspicor
1587 865 1596 877 ,
1617 853 1705 880 quam
1724 845 1783 873 illini

985 892 1057 926 quod
1086 891 1174 927 Iypice
1188 895 1296 918 terreno
1322 899 1402 926 opere
1421 895 1617 918 constructum
1635 895 1692 917 est.
1712 889 1785 916 L‘nde

986 938 1032 964 illo
1048 938 1073 964 in
1090 938 1199 972 templo,
1218 941 1247 963 ut
1260 937 1348 972 typire
1364 937 1426 968 fuit,
1444 937 1482 963 ita
1498 936 1616 964 recessit
1630 940 1661 963 et
1687 936 1782 970 typice.

986 983 1119 1018 Egressus
1132 988 1174 1010 est
1187 983 1258 1009 enim
1274 983 1305 1009 dc
1318 983 1418 1017 templo
1431 987 1546 1009 terreno
1558 983 1655 1009 dicens
1665 983 1707 1008 ”:
1723 982 1784 1007 Ecce

985 1028 1147 1063 relinquetur
1158 1028 1228 1054 vobis
1238 1027 1331 1054 domus
1344 1032 1429 1054 vestra
1443 1028 1564 1060 deserta,
1583 1032 1609 1053 et
1627 1027 1782 1060 relinquetis

985 1074 1097 1100 domum
1115 1073 1188 1100 illam
1202 1073 1275 1100 venit
1288 1073 1321 1100 ad
1344 1073 1550 1108 possessionem
1575 1072 1622 1099 Dei
1640 1071 1742 1102 Patris,
1753 1073 1782 1097 ad

986 1119 1121 1147 Ecclesias
1137 1120 1163 1146 in
1179 1123 1236 1146 toto
1253 1119 1320 1146 orbe
1343 1118 1498 1154 dispersas,
1524 1124 1551 1146 et
1571 1118 1666 1146 dicit:
1689 1117 1721 1144 In
1747 1118 1782 1143 Ius

978 1174 1037 1201 quae
1048 1168 1108 1192 sunt
1119 1164 1208 1191 Patris
1223 1164 1284 1197 mei,
1298 1173 1336 1191 me
1348 1170 1448 1198 oportet
1470 1173 1537 1191 esse.
1553 1163 1636 1192 Tunc
1647 1171 1716 1198 ergo
1734 1171 1782 1190 nun

986 1211 1176 1238 intellexerunt
1190 1210 1312 1243 verbum,
1329 1211 1402 1245 quod
1426 1210 1536 1238 locutus
1563 1215 1609 1237 est
1628 1210 1683 1236 eis.
1700 1209 1783 1235 Simul

985 1261 1012 1284 et
1034 1256 1096 1283 illud
1123 1256 1272 1288 attendite,
1298 1256 1371 1291 quod
1396 1255 1519 1290 quandiu
1552 1256 1582 1282 in
1609 1256 1783 1291 possessione

985 1302 1073 1329 Patris
1086 1302 1128 1329 sui
1145 1301 1196 1329 fuit
1210 1309 1319 1329 sursum
1336 1306 1404 1334 erat,
1416 1302 1482 1337 quia
1498 1303 1620 1329 necdum
1639 1302 1748 1336 plenam
1759 1301 1782 1329 ﬁ-

986 1349 1045 1376 dem
1054 1348 1153 1383 Ioseph
1164 1353 1190 1375 et
1201 1348 1258 1383 (54)
1267 1347 1349 1374 Maria
1359 1347 1505 1378 habebant,
1513 1352 1664 1382 propterea
1677 1355 1780 1375 sursum

984 1402 1046 1422 cum
1059 1401 1092 1421 eo
1112 1401 1222 1421 manere
1244 1401 1297 1420 non
1314 1398 1458 1428 poterant:
1482 1393 1531 1421 sed
1544 1394 1653 1421 dicitur
1669 1394 1780 1421 descen-

985 1440 1059 1468 disse
1076 1447 1137 1467 cum
1152 1439 1201 1467 eis.
1216 1439 1319 1467 Crebro
1332 1438 1411 1467 Jesus
1422 1439 1565 1467 descendit
1578 1447 1647 1466 cum
1664 1440 1781 1474 discipu—

985 1485 1019 1513 lis
1034 1485 1103 1517 siiis,
1122 1493 1172 1512 nec
1187 1493 1295 1519 semper
1307 1489 1432 1512 versatur
1446 1485 1474 1512 in
1490 1490 1597 1517 monte,
1616 1493 1670 1513 nec
1682 1486 1781 1520 absque

145 1531 173 1553 et
186 1536 323 1562 nunquam
346 1532 500 1565 egrediatur
511 1541 542 1560 ex
560 1541 602 1560 eo.
620 1533 724 1561 Profuit
748 1534 828 1562 Jesus
850 1535 921 1570 magi

1025 1539 1039 1559 e
1059 1531 1186 1559 sublimia
1208 1535 1290 1558 tenet.
1313 1529 1340 1557 lu
1357 1536 1450 1558 monte
1472 1539 1536 1558 cum
1553 1530 1639 1558 Petro
1656 1536 1710 1563 est,
1722 1539 1778 1558 cum

146 1573 210 1600 stris
224 1575 292 1606 suis.
310 1580 336 1602 et
350 1583 398 1604 eos
408 1585 478 1612 quos
491 1580 658 1615 interrogare
673 1581 826 1613 videbatur,
840 1581 935 1609 docuit

146 1619 173 1644 in
193 1620 280 1646 medio
294 1628 389 1648 eorum
408 1623 533 1658 loquens,
545 1629 572 1651 ct
593 1626 793 1660 quodammodo
813 1627 934 1654 concita-

146 1663 192 1694 bat
216 1671 263 1691 eos
287 1666 320 1692 ad
336 1669 495 1701 quaerenda,
521 1678 582 1705 qua:
600 1679 686 1706 usque
698 1671 730 1698 ad
747 1671 773 1698 id
789 1672 910 1699 locorum
925 1693 932 1706 ,

147 1713 238 1737 utrum
255 1712 366 1746 scirent,
390 1722 423 1741 an
441 1715 606 1751 ignorarent,
625 1725 705 1745 nosse
720 1726 772 1745 non
798 1723 932 1753 poterant.

145 1756 287 1784 Invenitur
299 1758 378 1787 Jesus
395 1760 420 1787 iii
438 1762 527 1788 medio
541 1763 747 1797 magistrorum,
764 1768 791 1791 et
806 1764 932 1791 inventus

147 1801 215 1829 dicit
227 1805 420 1837 qumsitoribus
434 1806 491 1834 suis
507 1816 514 1834 :
543 1807 613 1840 Quid
631 1814 670 1834 est
691 1809 754 1843 quia
774 1809 931 1844 quwrebutis

145 1848 208 1874 me?
221 1847 384 1877 Nesciebatis
396 1853 457 1886 quia
469 1853 493 1879 in
504 1853 543 1880 his
556 1859 614 1885 qua:
623 1859 684 1880 sunt
699 1853 787 1881 Patris
800 1855 849 1882 mei
860 1863 933 1888 opor-

146 1897 182 1924 tet
194 1903 233 1921 me
246 1904 300 1922 esse
312 1897 325 1922 ἵ)
338 1897 395 1932 (55)
414 1897 534 1925 Primum
545 1899 705 1934 simpliciter
724 1900 870 1927 sentientes
885 1908 932 1927 ar—

145 1948 252 1967 memur
267 1942 397 1970 adversus
415 1943 514 1978 impios
528 1945 668 1972 haereticos
679 1965 686 1977 ,
708 1946 753 1980 qui
768 1945 861 1972 dicunt
877 1953 930 1973 non

145 1992 207 2011 esse
221 1984 396 2014 Conditorem
411 1987 518 2015 Patrem
532 1988 632 2015 Christi
645 1989 719 2020 Jesu.
737 1998 824 2024 neque
845 1990 930 2017 Deum

147 2029 225 2064 legis,
239 2031 285 2058 sed
299 2039 349 2059 nec
360 2033 562 2067 prophetarum.
583 2033 651 2061 Ecce
671 2033 762 2067 Pater,
775 2035 846 2063 Deus
862 2041 931 2063 teni-

146 2075 183 2109 pli
198 2078 338 2105 asseritur.
354 2078 523 2107 Erubescant
537 2079 716 2108 Valentiniani
732 2082 874 2110 audientes
888 2082 933 2110 Je-

147 2128 207 2149 sum
223 2121 390 2157 iiiquieiitem
408 2133 414 2150 :
436 2123 469 2151 In
487 2125 528 2152 liis
539 2133 598 2160 qua:
613 2131 674 2153 sunt
688 2126 779 2154 Patris
793 2128 843 2155 mei
855 2137 933 2164 opor-

180 2204 204 2220 ’ν
219 2203 314 2237 Matth.
326 2213 406 2240 xxiii,
422 2206 466 2233 58.
506 2207 529 2223 ‘°
546 2207 640 2236 Matth.
658 2217 723 2238 xvii.

987 1575 1098 1608 Iacobo,
1115 1584 1176 1604 cum
1195 1575 1309 1608 Joanne.
1327 1581 1354 1604 ct
1373 1584 1483 1603 rursum
1507 1577 1535 1603 in
1558 1577 1615 1604 alio
1636 1577 1700 1603 loco
1719 1585 1775 1603 cum

987 1623 1092 1651 caeteris
1106 1622 1246 1657 discipulis
1257 1622 1290 1649 '°.
1302 1621 1386 1650 Porro
1402 1622 1466 1656 quia
1485 1629 1541 1649 non
1551 1622 1684 1649 valebant
1697 1622 1724 1649 lii
1734 1623 1776 1656 qui

987 1668 1070 1695 variis
1084 1667 1307 1703 aegrotationibus
1329 1667 1501 1699 laborabant,
1521 1667 1549 1694 in
1570 1672 1698 1694 montem
1712 1675 1772 1694 con-

988 1713 1129 1744 scendere,
1154 1713 1255 1740 idcirco
1278 1713 1428 1744 descendit,
1453 1717 1481 1739 et
1504 1713 1581 1740 venit
1605 1714 1639 1740 ad
1667 1721 1717 1740 eos
1737 1714 1779 1748 qui

987 1759 1115 1786 deorsum
1129 1762 1216 1786 erant.
1238 1757 1315 1786 Nunc
1331 1766 1440 1792 quoque
1464 1759 1600 1785 sci-ibitur
1616 1768 1623 1786 :
1642 1759 1779 1786 Descendii

986 1811 1045 1830 cum
1058 1804 1107 1836 eis,
1120 1808 1144 1829 et
1158 1804 1225 1830 venit
1246 1803 1382 1830 Nazareth
1401 1803 1469 1838 (55),
1483 1808 1511 1830 et
1523 1803 1721 1838 subjiciebatiir
1736 1806 1778 1832 eis.

986 1849 1140 1880 Discamus,
1160 1849 1219 1881 lilii,
1240 1849 1354 1883 subjecti
1378 1856 1440 1876 esse
1462 1849 1630 1884 parentibus
1654 1851 1778 1878 nostris:

987 1894 1075 1929 major
1090 1894 1188 1921 minori
1205 1894 1359 1929 subjicitur.
1371 1893 1438 1921 Nam
1451 1895 1518 1928 quia
1535 1895 1671 1930 majorem
1684 1895 1778 1930 Joseph

986 1941 1094 1969 videbat
1113 1945 1202 1973 aetate,
1225 1946 1364 1975 propterea
1387 1948 1449 1967 eum
1470 1941 1596 1975 parcntis
1615 1942 1722 1969 honore
1738 1951 1779 1969 co-

987 1989 1047 2021 luit,
1073 1987 1200 2014 oiiinibus
1224 1987 1286 2014 ﬁliis
1309 1987 1463 2021 exemplum
1483 1988 1622 2020 tribuens,
1641 1994 1673 2015 ut
1698 1989 1778 2023 subji—

988 2034 1095 2061 ciantur
1110 2032 1277 2068 parentibus.
1293 2033 1370 2064 Quod
1389 2033 1411 2059 si
1429 2037 1522 2067 patres
1544 2033 1578 2060 iis
1596 2041 1652 2060 non
1672 2034 1777 2063 fuerint.

987 2080 1171 2114 subjiciuntur
1190 2079 1232 2106 liis
1251 2078 1298 2114 qui
1320 2082 1426 2113 patrum
1449 2083 1559 2105 aetatem
1577 2079 1694 2106 habent.
1714 2079 1777 2112 Quid

986 2128 1084 2162 loquar
1105 2126 1139 2154 de
1160 2126 1317 2161 parentibus
1341 2130 1367 2152 ct
1385 2125 1467 2153 ﬁliis?
1482 2125 1511 2153 Si
1535 2125 1619 2154 Jesus
1634 2126 1722 2154 Filius
1735 2127 1776 2154 Dei

180 2274 237 2316 (ἥδ)
251 2275 501 2316 Eieclj‘mnsdiedacr
510 2278 641 2316 'Evsai'ibct
653 2279 678 2316 qi
690 2280 744 2307 ἀπὺ
754 2281 921 2316 Οὐαλεντινω

1025 2281 1084 2310 cole
1105 2287 1167 2316 quae
1190 2279 1417 2316 laudatisrlocis,
1446 2280 1481 2307 ad
1506 2279 1709 2316 retundendam
1733 2288 1774 2316 ga-

143 2310 288 2353 ἀκρύγίτες
300 2312 345 2353 ¹ὅτι
356 2310 474 2353 θεοῦ-ἦγ
490 2313 503 2339 ὁ
515 2313 580 2353 val);
595 2314 642 2340 καὶ
656 2313 690 2350 ἦν
702 2316 733 2353 ἐκ(
747 2315 822 2348 ἰδίοις
834 2318 848 2343 ὸ
863 2318 932 2353 Χρι-

144 2345 217 2386 ξιῖῦς,
234 2347 310 2386 ὁ-κίιὶ
328 2347 410 2386 trito:
427 2345 470 2374 διὰ
482 2348 528 2374 τοῦ
546 2349 627 2386 νόμον
644 2345 825 2386 γραφόμενοξ,
839 2345 934 2384 καῖὡς

144 2380 174 2405 ὲν
190 2382 278 2419 σκιαῖς
301 2383 347 2419 καὶ
365 2383 460 2419 τύποις
478 2380 681 2419 μορφοῦμενοξ,
697 2380 874 2413 ἁξᾶείσθῶσαν
891 2380 935 2414 λέξ

144 2422 248 2457 τρξςτες,
261 2417 364 2457 531.091
379 2419 399 2457 6_
410 2417 657 2457 Squtoup~{§;,:ot3§é
668 2422 683 2446 ὸ
697 2421 762 2452 Θεὸς
775 2420 822 2447 τοῦ
840 2422 933 2457 νόμου,

144 2449 205 2491 ερδὲ
226 2450 329 2491 όὴθεὲς
349 2449 400 2491 ὐἰρῦ
428 2449 516 2491 ὐᾲρῦξ
533 2449 709 2491 ὸξτόςγέστιν
730 2449 934 2491 ὁ’Πατὴρ’τοῧ

145 2484 274 2526 ξίρισγοῦ,
293 2487 424 2526 ΗοεΔΙοεο
447 2484 626 2526 Valentiniani
635 2491 777 2526 partientes
794 2484 935 2526 Detnfuisse

146 2521 286 2560 templum,
302 2529 326 2549 et
350 2523 377 2550 in
399 2525 512 2560 propriis
530 2525 612 2558 fuisse
627 2524 763 2552 Christum
775 2521 858 2560 quem.
871 2527 936 2553 olim

144 2554 187 2581 lea:
202 2558 380 2596 prwdixerat,
397 2554 493 2595 quique
510 2554 635 2596 ttinqutim
656 2561 683 2587 iu
704 2554 803 2588 umbris
822 2570 852 2588 ac
868 2563 936 2596 typis

145 2594 401 2630 repra'sentabqtur,
421 2595 575 2621 erubescant
590 2595 692 2628 dicere,
714 2603 794 2630 neque
814 2594 936 2623 condito—

145 2628 408 2665 remtnequerbeum
427 2630 492 2664 legis
503 2649 510 2662 ,
523 2637 605 2665 neque
624 2630 709 2657 Deum
726 2628 814 2665 teinpli
831 2631 938 2658 Putrem

144 2667 200 2688 esse
218 2662 329 2690 Christi.
350 2662 461 2691 Romus:

182 2697 238 2735 (54)
252 2697 360 2735 ‘Verum
377 2703 419 2726 est
435 2699 513 2735 adeo,
530 2699 558 2727 in
572 2700 600 2728 S.
617 2699 754 2735 Virginem
771 2701 934 2735 injuriosum

145 2737 206 2758 esse
220 2732 424 2771 Adamaiilitini,
442 2734 529 2767 Quam
544 2735 652 2763 dixerat
665 2732 753 2771 supra
771 2732 864 2765 liouiil.
891 2737 934 2770 Η,

147 2767 307 2826 purgatione
321 2769 481 2803 indiguisse,
498 2774 525 2797 et
538 2775 632 2804 postea
644 2767 740 2798 hom'il.
757 2771 801 2803 Π,
817 2767 931 2798 ευτιηόίιέ

159 2809 202 2826 tlIII
219 2809 325 2826 nassam
341 2803 593 2826 diiliitalinnnmmm
605 2806 638 2826 ιΙρ
654 2805 721 2826 ΙΤίΙίη
737 2815 743 2821 ·
759 2814 831 2826 ηιιιιι-
849 2807 931 2826 mulin

159 2809 202 2840 uni
219 2809 325 2840 passam
341 2803 593 2840 dubitatioueinque
605 2806 639 2832 de
653 2805 721 2833 Filio
737 2815 743 2833 :
759 2814 831 2832 nunc
849 2807 934 2832 multo

147 2836 279 2866 audacius
305 2837 502 2866 incredulitatis
529 2836 638 2867 accusat
662 2845 709 2868 aut
731 2842 836 2876 exigua:
862 2842 932 2871 lidci.

985 2315 1121 2344 lumniam’
1135 2323 1168 2343 ac
1182 2315 1373 2350 vindicandam
1383 2315 1425 2350 ab
1441 2315 1517 2342 omni
1534 2316 1643 2350 peccati
1660 2315 1720 2343 labe
1732 2315 1773 2342 Dei

985 2352 1109 2383 Matrem,
1123 2350 1253 2378 diximus.
1275 2349 1352 2376 Nunc
1366 2349 1388 2376 si
1405 2350 1473 2376 tanti
1489 2349 1580 2377 estad
1591 2352 1774 2377 excusandum

985 2387 1140 2421 Origenem,
1155 2385 1223 2412 Sixti
1238 2384 1368 2412 Senensis
1384 2384 1432 2421 lib.
1447 2393 1462 2411 v
1480 2385 1656 2412 Bibliotheca
1668 2386 1772 2413 adnota~

986 2420 1088 2449 tionem
1105 2421 1157 2447 Mt)
1175 2421 1379 2455 subiieclamus.
1397 2420 1482 2453 Puto,
1506 2421 1614 2454 inquit,
1643 2421 1771 2455 Origcurni

986 2457 1110 2484 vocabulo
1121 2455 1204 2490 plena-
1219 2455 1292 2490 ﬁdei,
1305 2454 1465 2482 intellexisse
1477 2455 1586 2489 plenam
1606 2454 1770 2490 cognitionem

987 2492 1105 2519 omnium
1120 2493 1304 2525 mysteriorum
1315 2490 1462 2516 divinitatis
1475 2495 1500 2517 et
1512 2491 1693 2518 [inmanitatis
1704 2491 1770 2518 Clui-

989 2527 1034 2559 sti,
1045 2534 1124 2561 quam
1137 2524 1224 2552 Maria
1237 2524 1325 2561 _Virgo
1346 2526 1506 2561 nondumieo
1527 2530 1644 2560 tempore
1659 2526 1770 2557 habebat,

988 2559 1107 2597 quamvis
1123 2569 1153 2587 ea
1171 2559 1260 2586 omnia
1275 2564 1401 2597 quietum
1414 2560 1446 2586 de
1458 2560 1570 2588 Cliri'sto
1581 2559 1709 2593 litorei-at,
1723 2569 1769 2587 cer-

989 2595 1094 2624 tissiiiiu
1104 2601 1128 2622 et
1142 2597 1297 2622 inconcussa
1307 2595 1360 2629 ﬁde
1372 2600 1479 2622 teneret.

1025 2632 1081 2666 (35)
1103 2631 1209 2657 limitem
1235 2626 1342 2666 sclieijze
1360 2638 1367 2656 :
1391 2630 1446 2657 Kal
1467 2626 1508 2666 ἦῧ
1530 2632 1767 2666 ὐποτασσόμπρς

989 2663 1099 2699 aitch.
1108 2665 1164 2702 Aid
1175 2666 1252 2692 τοῦτο
1263 2663 1334 2701 δὲῆν
1346 2663 1571 2701 ὑποτασσόμενος
1583 2663 1766 2702 αὑςοῖςξπαρά-

990 2703 1089 2736 δειγμα
1104 2701 1192 2732 διδοὺς
1211 2701 1278 2737 {uici
1291 2702 1348 2737 sui;
1362 2701 1428 2731 υἱοῖς
1438 2721 1446 2732 ,
1462 2702 1506 2728 ἵνα
1521 2702 1628 2737 τιμῶσι
1640 2704 1703 2734 τοὺς
1717 2703 1767 2728 ἑαν-

988 2737 1041 2763 τῶν
1058 2738 1157 2770 γονεῖς,
1180 2736 1227 2762 καὶ
1242 2736 1446 2762 ὑποτάσσωνται
1460 2737 1567 2768 αὐτοῖς.
1585 2737 1620 2765 Et
1641 2743 1698 2765 erat
1716 2738 1767 2765 sub-

988 2773 1062 2798 ditus
1076 2771 1139 2798 illis.
1152 2771 1294 2805 Propterea
1312 2776 1368 2797 erat
1382 2771 1505 2798 subditus
1520 2773 1590 2804 illis,
1610 2773 1726 2799 omnibus
1742 2771 1766 2805 ῤ-

987 2807 1030 2833 liis
1048 2806 1114 2843 datis
1127 2806 1289 2843 exemplum,
1305 2811 1333 2831 ut
1347 2812 1468 2839 parentes
1484 2806 1588 2834 honore
1604 2809 1731 2843 «meum,
1748 2811 1765 2832 ιι

987 2843 1023 2868 eis
1039 2841 1223 2876 subjiciuntur.
1242 2841 1305 2870 Ιιιιι
1311 2849 1350 2868 us.
