1846 3053
137 142 206 169 1855

872 139 1036 167 ORIGENIS

1719 135 1782 164 ςιιςῡ

113 217 120 228 ξ
134 209 218 235 quam
233 200 293 236 ejus
314 208 375 235 qua:
388 199 471 226 habet
485 199 573 226 virum
587 198 611 214 “
627 206 634 226 :
654 196 755 227 idcirco
769 198 869 227 factum
888 204 930 227 est
944 202 966 230 Λ
981 199 1068 233 Quam
1089 198 1159 225 viam
1177 198 1292 225 Domino
1306 193 1540 232 praeparemus?
1553 191 1683 227 Nunquid
1695 201 1781 226 θοι-νο-

118 265 120 276 .
135 248 246 275 verbum
262 247 308 274 Dei
324 246 356 273 ad
369 245 501 272 Joannem
518 244 602 271 tilium
617 243 755 272 Zacharim
767 245 794 272 in
809 245 927 273 deserto.

137 293 280 328 Simulque
296 291 437 319 considera
455 290 528 325 quod
550 289 638 325 magis
659 289 791 316 rationem
809 290 889 317 habet
905 289 929 318 si

115 327 251 374 :tnystice
278 337 443 372 intelligatur
469 336 620 365 desertum.
643 340 670 362 et
695 343 748 362 ttott
779 336 928 364 secundum

136 383 289 419 simplicem
318 383 446 410 litteram.
464 382 515 414 Qui
531 382 603 408 enim
619 381 646 408 itt
662 382 770 409 deserto
790 382 929 417 praedicat,

136 430 274 465 superﬂue
288 429 351 456 facit
366 428 402 455 ibi
421 427 579 459 vociferari,
595 428 639 455 ubi
656 435 685 455 se
699 427 853 462 loquentem
869 429 930 456 nul-

136 475 178 502 lus
200 473 336 501 exaudiat.
356 472 513 499 PI‘IBCIH'SOI‘
534 479 599 507 ergo
624 471 737 504 Christi,
753 477 780 499 t-t
801 479 854 499 vox
871 472 928 499 cla-

137 519 238 547 mantis
252 519 279 545 in
298 519 418 550 deserto,
430 517 560 552 praedicat
582 517 608 543 in
624 517 731 544 deserto
746 517 854 548 animos,
868 524 930 552 qua:

135 573 188 592 non
204 564 320 592 habebat
339 571 443 598 pacem.
465 561 524 589 Non
549 562 637 590 solum
665 566 754 589 autem
780 566 860 595 tunc,
881 562 930 590 sed

134 616 163 638 et
183 611 209 638 in
230 610 359 646 prmsenti
382 609 501 644 primum
526 609 638 636 lucerna
660 608 759 635 ardens
783 613 811 635 et
835 609 930 636 lucens

135 657 220 690 venit,
235 661 262 684 et
273 655 438 692 pradicabat
451 655 587 689 baptisma
599 654 778 690 pmuiteutias,
789 654 816 681 in
834 654 931 682 remis-

135 702 242 729 sionem
259 704 434 736 peccatorum
452 709 459 727 :
476 699 574 727 deinde
590 699 636 726 lux
660 707 722 726 vera
737 699 928 734 subsequitur,

134 747 245 782 quando
264 747 376 774 lucerna
400 746 459 781 ipsa
479 745 625 780 loquitur:
646 744 730 772 Illum
749 749 851 779 oportet
873 753 930 772 cre-

135 802 217 826 scere,
231 802 271 820 me
280 798 369 820 autem
378 792 491 819 minui"
500 792 556 827 (58)
567 801 574 818 :
585 791 628 818 Fit
639 791 751 819 verbum
769 792 796 819 in
810 792 929 825 deserto,

136 844 162 866 et
175 839 249 866 venit
262 839 295 866 ad
314 846 422 865 omnem
447 838 520 865 circa
542 837 680 873 regionem
705 836 843 865 Jordauis.
862 837 929 871 Quae

135 885 209 912 enim
227 885 279 912 alia
300 884 362 911 loca
382 883 476 910 debuit
488 883 605 910 circuire
622 882 755 918 Baptista,
771 884 824 912 nisi
839 884 927 911 vicina
946 874 967 903 Β

135 929 275 961 Iordanis,
296 934 325 956 ut
347 930 504 965 quicunque
525 929 676 956 voluissent
701 937 780 965 agere
794 931 929 964 perniten-

138 976 216 1010 tiam,
230 980 328 1011 prtesto
341 979 434 1003 essent
449 975 482 1002 ad
499 975 637 1002 lavacrum
654 975 754 1010 aqua}?
769 975 854 1002 Porro
868 975 930 1003 Jor-

136 1021 272 1056 danis(59)
279 1020 435 1047 descendens
445 1020 649 1054 interpretatur.
659 1019 831 1048 Descendens
838 1025 928 1047 autem

135 1072 165 1094 et
178 1068 254 1102 largo
269 1067 369 1101 impetu
388 1073 502 1093 currens
518 1065 618 1092 ﬂuvius
636 1065 682 1092 Dei
698 1065 824 1093 Salvator
838 1071 930 1094 noster

140 1113 273 1140 Dominus
298 1117 350 1143 cst,
376 1112 403 1139 in
434 1119 489 1146 quo
518 1112 701 1146 baptizamur.
717 1111 804 1144 Quam
837 1120 929 1140 veram

136 1167 237 1195 aquam
256 1159 416 1190 salutarem,
432 1158 459 1184 in
472 1157 663 1185 remissionem
678 1165 788 1193 quoque
806 1165 931 1193 peccato-

137 1213 199 1233 rum
222 1205 249 1232 in
273 1205 408 1240 baptismo
431 1204 583 1239 praedicat:
603 1204 703 1236 venite,
728 1205 929 1237 eateehumeni,

137 1252 209 1287 agite
233 1252 432 1286 paenitentiam,
450 1255 480 1279 ut
495 1251 521 1278 in
540 1251 732 1278 remissionem
756 1256 931 1287 peccatorum

139 1298 274 1332 baptisma
286 1297 504 1332 consequamini.
516 1299 545 1324 lu
556 1297 745 1325 remissionem
757 1302 930 1332 peccatorqu

139 1342 185 1370 ille
209 1343 308 1378 accipit
329 1343 476 1378 baptisma,
499 1342 546 1377 qui
562 1349 675 1377 peccare
693 1342 810 1369 desistit.
828 1341 855 1368 Si
871 1343 933 1377 quis

136 1388 211 1416 enim
231 1396 348 1423 peccans
363 1389 395 1416 ad
415 1389 555 1416 lavacrum
572 1389 656 1422 venit,
673 1392 700 1415 et
713 1387 762 1424 [αι.
780 1387 816 1424 ei]
831 1395 885 1415 non
904 1389 933 1415 lit

137 1433 265 1461 remissio
285 1438 471 1468 peccatorum.
495 1433 644 1468 Propterea
667 1433 782 1460 obsecro
803 1441 870 1466 vos,
899 1440 934 1460 ne

137 1479 243 1514 absque
258 1480 364 1507 cautela
380 1484 407 1508 et
427 1480 549 1516 diligenti
565 1481 809 1515 circumspectione
831 1481 865 1508 ad
887 1480 934 1507 ba-

140 1526 271 1561 ptismum
295 1526 423 1559 veniatis,
452 1527 498 1554 sed
516 1526 667 1554 ostendatis
683 1526 800 1561 primum
827 1526 932 1553 fructus
947 1546 968 1575 Ο

141 1572 238 1607 dignos
254 1572 430 1607 poenitentiae.
449 1572 539 1599 Facite
555 1572 659 1606 aliquid
675 1572 806 1606 temporis
823 1572 850 1599 in
866 1579 934 1599 cou-

143 1617 300 1644 versatione
321 1617 404 1650 bona,
427 1617 544 1644 mundos
567 1625 615 1644 vos
639 1625 654 1644 a
677 1618 783 1645 cunctis
807 1617 935 1645 sordibus

142 1661 270 1695 vitiisque
287 1667 393 1689 servate
415 1666 464 1689 τοι
485 1666 551 1689 tunc
573 1662 650 1689 vobis
671 1662 796 1690 remissio
811 1667 936 1697 peccato-

142 1715 204 1735 rum
220 1708 275 1740 liet,
292 1708 402 1742 quando
420 1707 557 1743 emperitis
570 1712 597 1735 et
621 1707 672 1742 ipsi
695 1708 805 1743 propria
826 1713 934 1743 peccata

144 1758 328 1782 contemnere.
346 1753 479 1782 Di.nittite
493 1754 591 1782 delicta
607 1759 706 1787 vestra,
721 1759 747 1781 et
764 1755 935 1781 dimittentur

143 1798 235 1826 vobis.
257 1798 314 1827 Hoc
329 1805 420 1827 autem
440 1800 529 1835 ipsum
546 1800 618 1835 qqu
639 1808 713 1827 nunc
731 1800 764 1827 de
788 1799 877 1827 Veteri
892 1800 935 1826 ln-

144 1849 297 1872 strumcnto
314 1846 435 1880 ponitur,
454 1846 481 1872 in
498 1845 567 1873 Isaia
591 1847 722 1881 propheta
746 1846 875 1881 scriptum
898 1846 936 1872 le-

146 1891 248 1926 gimus,
263 1891 299 1918 ibi
311 1890 383 1918 enim
397 1891 497 1918 dicitur
512 1900 518 1917 :
545 1890 599 1917 νοω
612 1891 754 1918 clamantis
768 1891 796 1918 in
811 1891 911 1918 deserto
926 1898 934 1917 .'

146 1936 247 1963 Parata
267 1937 336 1963 viam
358 1936 475 1969 Domini,
492 1941 577 1963 rectas
599 1937 677 1971 facile
694 1937 801 1963 semitas
825 1937 882 1971 ejus
901 1937 934 1963 "‘.

146 1981 210 2009 Vult
228 1981 360 2009 Dominus
377 1982 403 2008 in
427 1982 505 2009 vobis
524 1982 642 2016 reperire
665 1981 746 2013 viam,
762 1987 789 2008 ιιι
807 1982 893 2016 possit
909 1982 936 2009 in

149 2031 253 2054 vestras
270 2027 377 2054 anitnas
390 2027 507 2062 ingredi,
521 2031 546 2054 et
560 2027 611 2054 iter
623 2035 702 2054 suttm
720 2026 818 2053 facere.
834 2026 937 2061 l’rtcpa-

147 2077 205 2100 rate
218 2073 242 2099 ei
257 2073 393 2105 semitam,
412 2074 444 2100 de
459 2081 511 2108 qtta
527 2073 626 2100 dicitur
639 2082 646 2099 :
661 2072 753 2099 lict-tas
770 2073 848 2107 facite
859 2073 938 2099 semi-

148 2123 189 2144 tus
202 2117 282 2150 ejus:
311 2116 366 2143 Vox
394 2117 533 2143 clamantis
554 2118 580 2143 in
609 2117 720 2144 deserto.
739 2117 797 2144 Vox
825 2117 935 2150 clamat,

148 2167 297 2197 praeparate
314 2163 397 2190 viam.
414 2162 506 2189 l‘rimo
519 2164 592 2189 ettitn
616 2170 667 2189 vox
685 2163 717 2190 ad
736 2171 817 2190 aures
839 2170 936 2197 perve-

981 244 1074 271 ream?
1097 243 1151 270 Aut
1176 247 1263 277 potest
1283 249 1378 270 sermo
1399 240 1448 268 Dei
1476 240 1530 268 tali
1549 239 1649 266 itinere
1670 243 1783 274 pergere?

979 289 1021 315 An
1047 288 1212 316 intrinsecus
1235 288 1417 323 praeparanda
1440 290 1487 312 est
1517 284 1650 316 Domino,
1666 283 1690 310 in
1711 286 1784 311 corde

981 339 1077 362 nostro
1098 338 1171 362 recta
1195 339 1222 360 et
1236 333 1351 368 :cqualis
1372 334 1478 360 semita
1502 330 1719 364 componenda?
1732 329 1784 357 "tt

980 387 1022 410 est
1044 382 1086 408 via
1102 389 1151 416 per
1165 388 1246 416 quam
1268 380 1411 415 ingressus
1434 382 1481 405 cst
1503 385 1606 405 sermo
1630 376 1688 409 Dei,
1702 379 1746 412 qui
1763 387 1783 404 ill

981 427 1094 455 humani
1118 426 1240 462 corporis
1265 425 1418 460 capacitate
1442 423 1596 451 consistit.
1615 423 1786 458 Maguumest

981 481 1028 500 cor
1045 473 1174 505 hominis,
1189 476 1216 499 et
1227 471 1390 506 spatiosum,
1403 476 1432 498 et
1444 478 1554 505 capax,
1570 470 1596 497 si
1614 474 1705 496 tamen
1716 479 1788 496 muu-

981 519 1045 546 dum
1067 519 1158 546 fuerit.
1183 517 1230 545 Vis
1242 517 1302 552 ejus
1314 516 1546 552 magnitudinem
1564 515 1786 549 latitudinemqne

981 564 1162 600 cognoscere?
1174 563 1240 590 Vide
1256 567 1386 598 quantam
1399 563 1572 590 divinorum
1593 570 1727 589 st-nsuum
1740 571 1788 588 tu»

981 612 1149 647 gnitudinem
1173 609 1257 645 958
1281 609 1380 644 capiat.
1405 610 1479 644 ipse,
1496 609 1552 640 ait,
1572 608 1654 635 dedit
1669 608 1734 634 mihi
1750 616 1788 634 eo-

981 665 1053 688 rum,
1072 664 1132 691 quze
1146 660 1220 688 sunt,
1239 655 1376 688 notitiam,
1394 655 1539 682 rationem
1555 653 1661 681 mundi
1675 654 1752 686 scire,
1768 660 1789 680 et

981 710 1064 737 opera
1078 702 1286 734 elementorum,
1304 701 1472 736 principium
1488 706 1520 728 et
1535 701 1628 728 ﬁnem
1650 705 1677 728 et
1699 701 1787 727 medie

981 752 1062 776 tatem
1079 748 1253 781 strculorum,
1272 751 1425 783 temporum
1439 747 1616 779 varietates,
1630 751 1660 774 et
1682 748 1788 773 transla-

982 793 1082 820 tionem
1107 793 1256 827 mensium,
1283 801 1419 820 annorum
1447 793 1595 824 circulos,
1623 798 1652 820 et
1678 792 1788 819 siderum

981 839 1076 872 sedes,
1101 844 1213 867 naturas
1235 839 1413 872 animalium,
1435 842 1464 866 et
1485 838 1608 866 furores
1636 838 1788 867 DeStiarum.

981 885 1126 919 spirituum
1146 885 1300 918 violentias,
1317 889 1345 912 et
1361 884 1552 920 cogitationes
1573 883 1738 914 hominum,
1752 885 1787 909 di-

980 932 1123 959 versitates
1155 931 1304 963 arborum,
1333 935 1361 958 et
1392 931 1449 958 vim
1486 930 1630 958 radicum
1655 931 1691 956 ⁶⁹.
1719 929 1786 957 ηιξ

980 985 1034 1004 non
1059 984 1172 1011 parvum
1201 985 1262 1004 esse
1286 984 1334 1004 cor
1358 976 1504 1010 hominis,
1542 976 1627 1012 quod
1652 980 1728 1002 tanta
1748 984 1785 1002 ra-

980 1021 1046 1057 piat.
1071 1021 1166 1057 Neque
1194 1022 1221 1049 in
1249 1022 1375 1057 corporis
1397 1023 1575 1057 quantitate,
1603 1022 1655 1049 sed
1674 1022 1701 1048 in
1721 1021 1786 1048 forti-

982 1067 1075 1096 tudine
1098 1067 1158 1108 ejus
1176 1067 1304 1102 intelligc,
1322 1075 1383 1103 quae
1405 1072 1512 1095 tantam
1534 1068 1693 1095 scientiam
1709 1069 1787 1102 capiat

981 1113 1110 1140 veritatis.
1132 1112 1165 1140 Ut
1184 1118 1273 1141 autem
1288 1118 1316 1141 et
1337 1115 1477 1150 simplices
1492 1123 1634 1150 quosque
1661 1116 1787 1150 quotidia-

982 1158 1026 1185 nis
1039 1159 1171 1193 exemplis
1185 1160 1218 1186 ad
1236 1160 1402 1188 credendum
1419 1161 1576 1194 adducam,
1598 1162 1681 1196 quod
1698 1163 1786 1196 grande

982 1203 1017 1231 sit
1032 1211 1079 1231 cor
1091 1204 1220 1238 hominis,
1230 1205 1592 1242 videamus.ﬁQuascunque
1607 1207 1699 1235 urbes
1711 1213 1787 1234 transv

982 1247 1091 1282 ivitnus,
1110 1249 1242 1277 habemus
1261 1250 1321 1278 illas
1340 1251 1366 1278 in
1390 1251 1496 1284 anitno,
1531 1256 1561 1278 et
1581 1253 1745 1286 qualitates,
1765 1258 1786 1279 et

982 1293 1053 1322 situs
1076 1295 1239 1329 platearum,
1264 1303 1474 1331 murorumque,
1493 1300 1525 1323 et
1550 1297 1741 1324 aediﬁciorum
1763 1299 1785 1325 ia

983 1341 1066 1369 corde
1078 1347 1174 1370 nostro
1184 1348 1339 1370 versantur.
1354 1342 1432 1370 Viam
1445 1351 1531 1378 quam
1546 1344 1675 1379 ingressi
1691 1353 1786 1375 sumus.

984 1387 1011 1414 in
1035 1387 1173 1415 memorite
1194 1388 1298 1423 pictura
1325 1396 1356 1416 ac
1381 1389 1571 1423 deseriptioue
1606 1391 1784 1417 retinemus:

984 1440 1061 1460 mare
1074 1434 1147 1468 quod
1161 1434 1350 1469 navigavimus
1366 1435 1448 1462 tacita
1463 1435 1645 1470 cogitatione
1657 1437 1786 1471 ampledi

985 1487 1056 1507 mur.
1070 1478 1129 1508 Non
1146 1484 1188 1508 est
1212 1488 1337 1515 parvum,
1356 1485 1387 1508 ut
1409 1481 1478 1513 dixi,
1494 1489 1547 1508 cor
1565 1482 1708 1513 hominis,
1724 1483 1786 1518 quod

986 1529 1074 1560 potest
1086 1529 1160 1553 tanta
1176 1533 1282 1561 capere.
1299 1525 1327 1553 Si
1344 1531 1435 1553 autem
1450 1534 1503 1553 non
1523 1531 1567 1554 est
1583 1535 1708 1562 parvum
1723 1533 1785 1555 tanta

985 1571 1106 1606 capiens,
1123 1576 1323 1606 consequenter
1339 1572 1366 1599 in
1385 1572 1431 1599 illo
1447 1572 1490 1599 via
1509 1571 1631 1600 Domini
1660 1582 1786 1608 prrpara‘

985 1621 1039 1650 tttr,
1055 1622 1082 1644 et
1099 1623 1171 1645 recta
1196 1617 1226 1644 lit
1246 1619 1353 1651 semita,
1374 1623 1404 1645 ut
1422 1618 1547 1646 ambulet
1571 1619 1603 1646 in
1632 1619 1682 1646 illa
1706 1628 1786 1647 sermo

985 1661 1033 1689 Dei
1058 1666 1139 1697 atque
1165 1662 1308 1697 sapientia.
1336 1662 1463 1697 Praepara
1489 1663 1566 1690 viam
1603 1663 1725 1691 Domino
1748 1672 1786 1699 per

985 1708 1221 1734 conversationem
1247 1708 1357 1739 bonam,
1375 1713 1403 1736 et
1424 1709 1545 1743 egregiis
1571 1711 1714 1744 operibus
1736 1715 1787 1737 tene

986 1753 1111 1780 semitam
1129 1762 1136 1780 :
1156 1754 1260 1788 absque
1277 1753 1380 1781 oﬂensa
1395 1755 1448 1781 ulla
1461 1755 1631 1782 deambulet
1645 1756 1674 1782 in
1691 1762 1717 1783 te
1732 1756 1786 1782 Ver-

985 1797 1050 1824 bum
1067 1797 1126 1830 Dei,
1142 1803 1169 1826 et
1180 1798 1263 1826 donet
1278 1799 1326 1826 tibi
1340 1800 1536 1835 mysteriorum
1553 1808 1680 1828 suorum
1696 1802 1786 1829 adven-

986 1845 1085 1877 tusque
1101 1843 1235 1870 notitiam.
1257 1843 1307 1870 Cui
1327 1849 1369 1871 est
1385 1844 1472 1879 gloria
1486 1848 1515 1872 et
1534 1845 1693 1881 imperium
1708 1847 1734 1875 in
1748 1854 1786 1875 ιι-

987 1887 1048 1914 cula
1064 1887 1237 1916 saeculorum.
1255 1889 1352 1915 Amen.

1260 1943 1402 1970 IIOMILIA
1424 1943 1513 1972 XXII.

988 1987 1026 2015 De
1036 1997 1065 2014 eo
1080 1988 1149 2023 quod
1157 1989 1285 2031 scriptito:
1298 1994 1336 2016 est
1351 1997 1360 2016 :
1372 1999 1381 2031 ς
1392 1989 1491 2031 -Οφιιίε
1503 1990 1585 2031 uallis
1599 1991 1782 2031 ἱηψΙειιίιει-,ι

1024 2031 1104 2058 usque
1119 2024 1162 2064 latl
1178 2032 1237 2063 cum
1251 2023 1397 2065 lotam‘ubi
1418 2026 1480 2065 ait;
1503 2034 1513 2050 ι
1540 2023 1647 2052 Potens
1669 2033 1709 2053 est
1725 2027 1783 2054 Dea:

1023 2059 1056 2085 de
1069 2059 1201 2093 lapidibus
1213 2064 1271 2085 Istis
1282 2064 1412 2086 suscitare
1423 2059 1498 2094 filios
1512 2061 1662 2088 Abralma
1673 2062 1741 2097 Cap.
1752 2071 1782 2088 ιιι.

1027 2113 1175 2142 Videamus
1198 2123 1260 2150 quas
1282 2115 1309 2141 in
1328 2115 1430 2143 Christi
1457 2117 1650 2151 praedicentur
1663 2119 1781 2149 adventu,

988 2161 1059 2187 inter
1075 2168 1135 2195 qua
1151 2160 1270 2195 primum
1291 2161 1324 2188 de
1338 2160 1444 2189 Joanne
1467 2162 1604 2190 seribitur
1630 2172 1639 2190 :
1664 2163 1722 2192 Vo:
1736 2165 1782 2190 cla-

147 2209 187 2236 nit
209 2217 216 2235 :
234 2208 331 2235 deinde
355 2213 414 2243 post
437 2216 544 2242 vocem,
563 2209 618 2235 ituo
639 2217 700 2236 cum
722 2216 797 2241 voce,
814 2209 936 2236 auditum
951 2213 976 2243 υ
990 2207 1087 2233 "Iuniis
1107 2206 1134 2232 ἱη
1149 2206 1251 2232 deserto
1267 2214 1276 2233 .'
1298 2205 1396 2233 Parata
1412 2207 1484 2233 viam
1501 2206 1626 2241 Domini,
1644 2214 1731 2235 rectas
1748 2214 1781 2243 μ-

147 2260 238 2281 seruto
261 2258 392 2287 penetrat.
411 2251 492 2280 Juxta
508 2253 580 2280 hunc
598 2261 708 2281 sensum
729 2262 744 2280 a
759 2253 864 2281 Joanne
883 2262 934 2281 att-

147 2299 289 2327 nunliatus
302 2304 344 2327 est
358 2299 495 2327 Christus.
517 2299 661 2327 Videamus
679 2307 744 2334 ergo
757 2300 821 2334 quid
837 2307 886 2327 vox
901 2300 935 2327 de

146 2345 230 2373 verbo
255 2346 407 2372 annttntiet.
424 2345 589 2380 Prtcparate,
608 2345 706 2380 inquit,
723 2345 793 2371 viam
809 2345 933 2373 Domino.

181 2417 205 2433 ⁸⁸
217 2416 277 2445 Gal.
290 2424 326 2451 tv,
341 2416 392 2450 27;
407 2417 458 2445 lsa.
474 2424 529 2450 Liv,
541 2417 565 2444 l.

147 2499 285 2534 mysticam
294 2499 539 2527 considerationem.
550 2498 621 2526 Nam
629 2500 754 2534 quoniam
764 2501 848 2534 futuri
858 2505 935 2528 erant

149 2533 226 2570 multi
240 2534 291 2568 ﬁlii
302 2534 422 2570 desertw,
436 2536 484 2561 hoc
495 2539 544 2565 est,
558 2533 685 2562 Ecclesia
695 2543 728 2562 ea:
740 2536 871 2570 gentibus,
882 2544 935 2562 ma-

148 2569 188 2603 gis
205 2554 284 2604 quam
296 2569 354 2603 ejus
369 2554 427 2604 quae
444 2570 523 2604 legem
537 2554 672 2604 ’tattquam
686 2554 771 2596 virth
787 2556 873 2603 habet:
887 2570 935 2597 hac

147 2607 199 2636 est,
212 2603 537 2639 'Judwarum'synagoga,
552 2603 690 2639 propterea
708 2604 742 2631 ad
752 2604 882 2632 Joannem
893 2606 938 2640 [a-

149 2643 220 2666 ctum
231 2644 269 2667 est
281 2640 386 2666 verbum
399 2640 448 2667 Dei
462 2641 489 2666 in
505 2641 617 2668 deserto.
637 2640 699 2667 Nisi
713 2640 783 2667 enim
793 2640 840 2666 hoc
853 2641 890 2666 ita
910 2648 937 2666 se

150 2673 266 2706 haberet,
280 2674 381 2709 frustra
398 2675 568 2709 praedicasset
578 2676 606 2701 in
616 2675 729 2703 deserto.
742 2674 852 2702 Russus.

189 2709 245 2740 t58)
265 2708 371 2736 Eaedem
394 2708 500 2737 schedaz
519 2719 526 2736 :
547 2708 663 2737 Ἦλθεν
676 2710 720 2742 εις
734 2709 838 2736 πᾶσαν
853 2709 936 2743 περί-

153 2750 250 2780 χωρρν
270 2744 322 2780 τοῦ
342 2744 498 2778 Ἰορδάνου.
513 2745 568 2771 Ποῦ
585 2745 640 2780 γὰρ
654 2745 707 2772 ἔδει
720 2745 765 2780 τὸν
784 2745 938 2780 Bait-ttoth

154 2777 355 2815 nsptépxeoliat,
403 2780 443 2810 εις
455 2780 504 2815 τὴν
518 2777 669 2815 περιχωξκιν
685 2779 733 2806 τοῦ
751 2779 893 2815 Ἰορδάνῳ,
902 2777 934 2805 ar

154 2812 201 2837 Liv
212 2819 253 2850 “tt;
266 2812 394 2850 βρύληται
405 2812 662 2850 peronatus-mem:
676 2812 816 2850 εὐπορήὰῃ
829 2814 874 2840 τοῦ
886 2823 936 2840 πο-

154 2847 259 2880 ταμοῦς
278 2847 456 2882 ἑρμηνεύεται
469 2849 496 2875 δὲ
513 2849 657 2884 Ἰορδάνης,
671 2847 864 2876 ιιατιιῖιὶίίῖων.
881 2850 936 2876 Κα-

988 2252 1039 2279 cita
1060 2252 1167 2279 semitas
1188 2252 1245 2286 ejus
1272 2252 1305 2279 ⁷ο.
1324 2251 1356 2279 Ει
1372 2252 1445 2287 quod
1467 2253 1598 2288 sequitur
1626 2254 1735 2288 proprie
1755 2255 1781 2280 de

989 2297 1105 2325 Domino
1120 2297 1263 2326 Salvatore
1278 2303 1328 2325 est.
1342 2297 1436 2332 Neque
1453 2298 1529 2325 enim
1541 2306 1557 2325 a
1574 2298 1687 2326 Joanne
1701 2300 1780 2326 omnis

988 2344 1065 2371 vallis
1080 2344 1189 2379 itnpleta
1203 2348 1254 2376 est,
1268 2344 1313 2371 sed
1327 2351 1341 2371 a
1354 2343 1470 2371 Domino
1485 2342 1645 2371 Salvatore.
1662 2343 1778 2379 Seipsam

604 2417 625 2433 θ’
641 2416 720 2445 Joan.
737 2425 778 2450 ιιι,
794 2417 839 2444 50.
877 2417 894 2433 ⁶⁴

1041 2416 1070 2444 5.
1108 2415 1130 2432 θ’
1149 2414 1213 2450 Sap.
1229 2422 1278 2447 vn,
1294 2413 1337 2441 t7.
1375 2414 1398 2429 ⁷⁸
1415 2414 1469 2442 isa.
1484 2414 1570 2446 “,3.

987 2499 1124 2526 ταϐαίνων
1140 2498 1198 2534 γάρ
1205 2498 1280 2534 ἐστιν
1297 2497 1405 2534 dimidii);
1419 2498 1434 2523 ὁ
1451 2498 1579 2534 ποταμὸς
1594 2498 1645 2524 τοῦ
1657 2498 1724 2534 θεοῦ
1735 2519 1742 2529 ,
1752 2499 1776 2524 τὸ

989 2535 1060 2570 ὕδωρ
1079 2534 1109 2561 τὸ
1134 2532 1287 2570 ἀλήθινὺνκ
1299 2532 1418 2570 ’τὺ-ὒδῳρ
1431 2532 1469 2570 εδ
1489 2534 1639 2570 σωτήριον.
1656 2533 1774 2570 Ϋκιιίιγίιι

989 2567 1098 2597 omnem
1116 2567 1254 2603 regibnem
1273 2567 1411 2594 Iordanis.
1426 2567 1495 2603 Quor
1512 2567 1585 2594 enini
1601 2569 1712 2595 decebat
1729 2569 1775 2595 Bc-

990 2606 1099 2639 ptistam
1113 2602 1173 2630 loca
1191 2611 1349 2639 peragrare,
1370 2603 1421 2629 nisi
1437 2602 1556 2630 Ιοτάαηὶ
1572 2605 1704 2637 conﬁnia,
1721 2610 1744 2629 ut
1755 2604 1772 2629 si

990 2638 1047 2675 quis
1063 2638 1330 2675 vellet_paanite_ntiam
1343 2646 1418 2675 agere
1429 2657 1437 2669 ,
1452 2639 1577 2671 protinus
1591 2639 1669 2675 ﬂuvii
1683 2640 1771 2673 topior-

988 2673 1115 2701 haberet?
1129 2673 1257 2700 Iordanis
1277 2677 1365 2699 autem
1385 2673 1580 2706 interpretatur
1602 2674 1770 2701 descendens.

987 2709 1127 2770 Illastendilt
1143 2709 1212 2735 enim
1228 2716 1286 2735 vere
1302 2707 1351 2734 Dei
1361 2707 1470 2742 ﬂuvius,
1484 2716 1557 2743 aqua
1568 2717 1644 2742 vero,
1662 2716 1725 2744 aqu
1736 2716 1761 2734 se

999 2749 1092 2770 utam.
1125 2751 1149 2770 υ.

999 2745 1092 2771 utaris.
1113 2745 1149 2770 ID.

1025 2780 1081 2814 (59)
1098 2778 1130 2805 Ει
1150 2786 1213 2805 vero
1233 2778 1259 2805 in
1276 2777 1432 2811 Origenian.
1454 2777 1564 2814 Lexico
1583 2778 1768 2810 κατάϐασις,ὶύ

989 2819 1030 2841 est
1043 2814 1188 2845 descensio,
1205 2814 1407 2848 interpretatur,
1427 2821 1492 2848 qua:
1508 2818 1538 2842 et
1552 2813 1665 2843 Philoni
1681 2819 1765 2849 etym-r

988 2849 1058 2884 logia
1073 2849 1182 2884 placuit.
