1846 3053
5 93 111 122 1857

640 93 672 121 ΙΝ
690 93 807 121 LUCAM
827 90 968 119 IIOMILIA
990 89 1071 118 XXII.

1605 95 1673 122 1858

5 151 228 186 unusquisque
242 151 405 182 consideret,
420 151 481 186 quis
497 157 555 179 erat
575 156 720 186 antequam
737 150 830 178 crede-
846 151 868 179 Α
883 148 934 174 bus
951 147 983 174 ad
1000 147 1163 182 baptismum
1177 147 1296 176 Jnannes
1313 148 1450 184 loquitur,
1465 150 1669 181 attendcudunt.

6 201 76 223 rel.
100 207 106 224 :
123 202 188 225 tunc
203 198 410 231 animadvertet,
427 198 524 225 vallem
539 198 681 228 humilem,
694 199 789 225 vallent
802 205 831 225 se

6 241 125 270 fuisse
145 243 310 279 pra=cipitem
329 244 355 272 iu
373 244 425 271 ima
444 244 609 271 demersam.
627 243 742 276 Quando
757 244 831 270 venit

10 286 174 317 Dominus
194 288 286 321 Jesus,
312 294 338 316 et
354 290 429 317 tuisit
454 289 586 325 Spiritum
608 295 732 317 sanetum
757 289 831 317 vica-

5 333 110 360 rium
140 341 232 367 suum,
258 334 336 362 vallis
355 334 445 362 ouutis
469 335 576 370 expleta
593 339 644 362 est.
661 334 773 369 Expleta
789 339 831 362 est

5 382 129 406 autem
148 379 281 414 operibus,
297 379 378 407 bonis
396 384 424 407 et
439 379 576 407 fluctibus
592 380 711 415 Spiritus
729 380 828 408 sancti.

5 423 165 452 Charitas
190 432 245 452 non
264 425 330 452 sinit
353 432 512 460 permanere
533 430 559 453 te
580 426 688 454 vallem.
712 426 789 460 Quod
806 426 829 453 si

6 476 133 503 pacem
160 470 287 498 habueris
308 475 336 498 et
359 471 519 506 sapientiam
541 477 568 499 et
591 472 750 505 bonitatem,
774 480 827 500 non

7 515 126 542 solum
152 515 233 543 vallis
254 523 316 543 esse
340 516 467 550 desistcs,
490 517 536 544 sed
562 517 644 544 etiam
672 524 752 545 mons
768 525 829 545 e5se

7 561 153 597 incipies
167 561 226 589 Dei.
244 562 321 595 Quod
337 567 429 590 tanten
447 564 481 591 de
493 563 620 598 gentibus
633 564 756 598 quotidie
771 571 829 591 nta-

6 607 72 640 gis
93 606 154 633 licri
170 606 304 640 videmus,
317 612 398 642 atque
410 608 553 643 compleri,
569 608 662 636 Omnis
676 608 755 636 vallis
777 609 826 635 int-

5 652 167 685 plebitur;
193 660 275 687 quam
298 653 332 680 de
355 654 454 688 populo
481 653 575 685 Israel,
598 655 645 689 qui
668 654 702 681 de
718 655 828 683 excelso

5 697 176 731 depositus
190 703 231 725 est
245 707 251 725 :
270 697 374 732 Omnis,
390 699 489 734 inquit,
508 708 582 726 mons
598 705 622 726 et
638 700 714 727 collis
737 700 826 728 Immi-

6 743 156 770 Iiubitur.
177 743 255 771 Mons
269 749 329 771 erat
344 745 482 779 quondam
498 745 543 772 ille
557 746 674 780 populus
693 750 720 774 et
736 747 826 780 collis,

8 789 77 823 qui
94 790 239 824 depositus
253 795 296 818 est
309 794 391 825 atque
410 791 577 819 destructus.
593 791 704 819 Illorum
727 792 825 820 delicto

885 192 912 219 Si
927 193 989 227 quis
1005 193 1061 219 vult
1078 193 1218 227 baptizari,
1237 194 1402 229 egrediatur.
1431 194 1542 222 Maneus
1557 197 1628 223 enim
1646 198 1672 224 in

884 238 1000 273 pristino
1016 243 1099 271 statu,
1112 244 1137 265 et
1154 247 1244 266 mores
1260 247 1325 266 suos
1342 241 1600 268 eteonsuetudincm
1618 250 1673 270 non

883 284 1052 319 relinquens,
1078 292 1249 319 nequaquam
1275 286 1326 312 rite
1345 285 1378 312 ad
1400 286 1565 320 baptismum
1588 290 1672 316 ven't.

882 329 918 358 Ut
935 335 1025 357 autent
1041 330 1177 365 intelligas
1198 331 1263 365 quid
1281 331 1316 358 sit
1332 331 1423 366 egredi
1439 333 1471 358 ad
1495 333 1670 367 baptismum,

881 376 975 411 accipe
991 376 1175 403 testimonium
1196 383 1222 404 et
1245 378 1368 404 ausculta
1383 378 1463 406 verba
1485 379 1584 414 quibus
1601 379 1674 408 Deus

880 421 1001 456 loquitur
1016 423 1048 449 ad
1062 422 1219 450 Abraham:
1239 422 1369 458 Egredere
1389 423 1421 450 de
1443 429 1514 451 terra
1533 431 1578 451 tua
1593 426 1630 459 ⁷³,
1646 432 1671 454 ct

880 468 995 502 reliqua.
1018 467 1225 503 Egredientibus
1239 469 1330 503 itaque
1352 470 1385 496 ad
1407 470 1547 498 lavacrum
1572 473 1672 505 turbis,

880 521 934 539 non
951 513 1089 548 egressis,
1112 514 1160 541 sed
1188 518 1293 541 tatttutn
1318 516 1536 550 egredientibus,
1552 517 1672 546 Joannes

879 558 1000 592 loquitur
1022 567 1083 593 quae
1103 564 1267 594 sequuntur.
1286 559 1314 586 Si
1327 560 1400 587 enim
1412 561 1468 596 jam
1486 563 1588 595 egressi
1604 563 1667 590 t'uis-

878 609 956 638 sent,
979 613 1119 640 tutnquam
1143 606 1175 633 ad
1203 613 1251 633 eos
1275 606 1387 640 diceret,
1415 608 1547 641 generatio
1569 609 1670 643 vipera-

878 658 947 678 rum.
976 650 1151 686 Qumeunque
1175 651 1258 686 igitur
1278 652 1311 679 ad
1329 652 1388 679 illos
1405 653 1540 687 loquitur,
1560 654 1594 681 ad
1609 662 1669 689 vos,

876 696 960 732 959
982 705 998 725 ο
1022 699 1210 725 catechumeni
1237 703 1264 726 et
1291 699 1512 733 calecbumeme,
1537 700 1668 735 loquitur.

877 742 929 775 Qui
954 743 1099 779 disponitis
1124 745 1216 772 venire
1233 745 1266 772 ad
1292 745 1472 780 baptismum,
1497 747 1670 776 considerato

879 796 931 815 non
949 789 1062 816 forsitan
1078 790 1155 818 vobis
1169 790 1222 818 dici
1237 791 1334 825 possit,
1352 793 1485 826 generatio
1507 793 1668 827 viperarum.

8 836 109 863 satus
121 836 248 870 gentibus
264 836 327 863 dua
341 841 382 864 εει
393 836 426 863 ad
436 837 620 864 aemulandum
635 845 683 866 eos
696 839 729 865 τι,
745 838 822 871 Quod
841 831 860 858 Β
876 833 928 860 Sed
945 839 970 861 et
982 835 1047 862 illud
1065 835 1137 869 quod
1151 835 1286 870 sequitur,
1301 837 1352 863 nisi
1368 837 1528 872 pravitatem
1549 846 1667 866 venena-

7 886 48 908 ει
70 881 96 909 si
113 882 269 909 contrarias
283 882 469 915 fortitudines,
478 891 539 918 quae
552 884 683 911 adversus
695 884 824 912 mortales

6 928 220 962 erigebantur,
231 928 334 955 dixeris
347 933 454 956 montes
465 933 493 956 et
507 929 591 956 colles
603 937 665 957 esse
674 930 823 964 depositos,

8 982 86 1000 non
116 973 252 1008 peccabis.
276 972 310 1000 Ut
337 974 411 1001 enim
443 974 609 1010 impleantur
635 975 823 1010 hujuscemodi

9 1019 127 1051 valles,
140 1017 315 1045 hutniliandae
328 1023 400 1046 sunt.
412 1017 463 1045 Sed
477 1024 503 1045 et
514 1019 565 1046 ltoe
576 1020 648 1054 qttod
663 1020 690 1046 in
705 1020 823 1048 adventu

9 1063 135 1090 Christi
154 1064 345 1098 prophetatum
361 1068 414 1097 est,
432 1069 523 1092 utrum
539 1066 676 1100 expletum
694 1066 741 1098 sit,
757 1074 824 1094 con-

10 1110 204 1144 templemur.
216 1109 344 1144 Sequitur
352 1111 425 1138 ettim
440 1122 445 1139 ;
459 1110 494 1137 Et
507 1111 596 1138 omnia
611 1120 693 1146 prava
705 1117 782 1139 erunt
796 1112 822 1139 iu

8 1156 145 1182 directa.
161 1155 354 1191 Unusquisque
366 1161 489 1184 nostrum
501 1165 602 1192 pravus
613 1163 680 1191 erat,
694 1159 717 1185 si
731 1163 822 1186 tamen

11 1210 88 1231 non
109 1207 137 1229 ct
160 1209 247 1236 usque
266 1196 346 1230 hodie
366 1208 541 1238 perseverat:
558 1207 585 1230 et
607 1211 653 1238 per
675 1205 822 1232 adventum

9 1246 134 1274 Citriin
158 1247 204 1282 qui
229 1247 316 1275 factus
345 1253 387 1275 est
408 1249 441 1276 ad
457 1249 576 1276 animam
593 1255 725 1283 nostram,
740 1259 823 1286 prava

11 1301 148 1328 qumque
159 1293 261 1322 directa
273 1299 347 1322 sunt.
357 1294 427 1328 Quid
439 1296 511 1323 enim
524 1296 571 1324 tibi
583 1297 704 1332 prodest,
713 1297 736 1325 si
744 1297 823 1325 Chri-

13 1344 89 1367 stus
103 1342 242 1374 quondam
256 1340 329 1367 venit
342 1340 369 1368 itt
380 1348 503 1374 earnetn,
516 1342 569 1370 nisi
579 1349 689 1378 quoque
700 1343 733 1370 ad
747 1347 821 1370 tuam

15 1385 152 1411 animam
167 1385 409 1413 venerit?0remus
422 1392 451 1414 ut
465 1387 537 1415 illius
549 1388 670 1422 quotidie
683 1388 761 1415 nobis
775 1388 824 1416 ad-

17 1435 130 1458 ventus
150 1431 210 1463 llat,
229 1436 255 1459 et
271 1433 407 1467 possimus
431 1433 522 1460 dicere
546 1443 552 1460 :
584 1433 647 1460 Vivo
663 1439 750 1461 autent
767 1435 822 1467 iam

15 1484 79 1502 non
93 1484 150 1510 ego,
162 1477 221 1502 vivit
233 1482 320 1504 autent
332 1478 359 1504 in
372 1486 412 1504 me
425 1478 599 1505 Christur’“.
613 1477 641 1505 Si
654 1479 726 1506 enim
739 1479 820 1506 Cltri-

16 1527 88 1550 stus
117 1522 180 1549 vivit
203 1523 229 1549 in
258 1522 356 1556 Paulo,
376 1531 429 1551 tton
455 1523 521 1551 vivit
537 1524 563 1551 in
582 1532 643 1558 me,
664 1525 727 1560 quid
753 1525 820 1552 milti

16 1569 169 1601 proderit?
188 1568 255 1596 Cant
271 1574 361 1596 autem
383 1574 409 1597 et
428 1570 462 1597 ad
479 1578 521 1598 me
537 1571 655 1604 venerit,
680 1576 706 1598 et
722 1571 820 1599 fruilus

17 1615 76 1641 illo
92 1613 182 1645 inero.
194 1614 265 1642 sicut
276 1615 374 1643 fruitus
388 1620 429 1643 est
440 1615 550 1649 Paulus,
559 1621 623 1644 tunc
636 1621 663 1644 et
675 1625 723 1652 ego
736 1617 821 1645 Paulo

17 1660 156 1687 similiter
171 1661 268 1695 loquar
285 1671 292 1688 :
313 1661 376 1689 Vivo
383 1662 442 1696 jam
456 1671 507 1689 non
519 1671 576 1698 ego,
596 1664 656 1691 rit-it
669 1672 727 1691 vero
744 1665 769 1691 in
782 1673 821 1691 me

17 1706 165 1734 Christus.
188 1707 400 1736 Consideremus
417 1716 482 1743 ergo
494 1714 602 1742 czetera,
624 1718 685 1744 qum
698 1710 724 1737 in
740 1710 820 1737 Chri-

17 1753 61 1780 sti
89 1753 272 1787 praulicentur
295 1754 423 1782 adventu.
455 1755 528 1782 Nihil
553 1760 578 1783 te
603 1756 727 1791 asperius
751 1761 818 1784 erat.

20 1797 99 1824 Vide
113 1798 244 1832 pristinos
259 1804 349 1827 motus
365 1804 437 1831 tuos.
453 1801 514 1828 vide
535 1801 613 1832 iram.
631 1805 658 1828 et
672 1806 768 1828 caetera
784 1801 820 1828 vi-

18 1844 75 1874 tia,
92 1842 115 1869 si
135 1847 222 1869 latnt-tt
237 1849 412 1871 cessaverunt
425 1852 486 1872 esse
501 1853 561 1880 qua:
575 1844 692 1877 fuerant,
702 1850 728 1872 ct
745 1845 820 1872 intel-

19 1888 91 1923 ligis
110 1889 176 1915 nihil
200 1893 225 1916 te
240 1890 375 1924 asperius,
400 1894 427 1918 et
441 1890 483 1925 (ut
496 1891 696 1926 signiﬁcantius
711 1891 818 1926 loquar)

18 1935 99 1962 ttihil
116 1934 202 1962 fuisse
218 1935 390 1970 inaequalius.
423 1936 601 1964 Conversatio
616 1941 660 1964 tua
677 1936 818 1972 inaequalis

17 1987 86 2008 (τρι
97 2002 104 2013 ,
118 1985 145 2008 et
161 1989 250 2008 sermo
266 1986 293 2009 et
307 1989 388 2017 opera
407 1982 560 2018 inaequalia.
591 1982 670 2010 Venit
685 1991 750 2016 ergo
766 1983 818 2010 Do-

18 2027 121 2054 minus
139 2034 215 2054 meus
238 2025 328 2060 Jesus,
352 2031 380 2054 et
403 2028 555 2062 exasquavit
567 2028 728 2063 asperitates
745 2034 817 2061 tuas,

18 2073 209 2108 incomposita
226 2081 341 2108 quaeque
354 2074 434 2101 vertit
454 2074 481 2101 in
504 2075 562 2102 vias
575 2075 681 2109 planas,
698 2079 728 2101 ut
741 2075 818 2102 ﬁeret

19 2122 50 2148 in
69 2126 97 2148 te
113 2120 163 2147 iter
175 2121 234 2148 sine
249 2121 409 2154 oll‘ensione,
425 2125 452 2149 et
469 2121 527 2149 leve
540 2121 618 2157 [forte
632 2121 719 2157 here].
736 2125 816 2156 atque

876 887 928 913 que
945 885 1102 914 serpentum
1117 881 1151 909 de
1166 882 1249 909 corde
1263 887 1355 910 vestro
1368 883 1528 918 espuleritis
1539 904 1547 917 ,
1562 884 1668 912 dicetur

875 926 908 951 ad
925 933 974 952 vos
989 935 996 953 :
1016 926 1083 958 Qui:
1095 928 1210 955 ostendit
1233 928 1304 956 vobis
1319 929 1407 963 fugere
1423 929 1455 956 ab
1477 930 1518 956 ira
1540 931 1670 958 ventura!

875 971 970 1006 Magna
988 973 1053 1001 huic
1075 974 1176 1001 s:eculo
1197 974 1335 1010 itnpettdet
1349 975 1390 1003 ira
1405 985 1411 1002 :
1430 976 1520 1003 omnis
1538 976 1605 1003 iram
1620 977 1669 1005 Dei

875 1026 1010 1053 passurus
1024 1026 1067 1047 est
1082 1020 1202 1048 mundus
1217 1030 1224 1048 :
1241 1025 1345 1048 tantam
1363 1022 1516 1049 vastitatem
1537 1023 1597 1050 curii
1609 1043 1617 1056 ,
1641 1027 1669 1051 ct

874 1065 1046 1093 latitudinem
1060 1071 1149 1099 terrae,
1164 1073 1191 1094 et
1207 1068 1347 1095 stellarum
1365 1068 1476 1099 choros,
1494 1068 1667 1103 splendorem

874 1111 941 1138 solis
952 1132 959 1144 ,
975 1115 1002 1138 et
1016 1111 1087 1139 luna!
1102 1117 1242 1140 nocturna:
1258 1113 1355 1141 solatia
1367 1133 1374 1145 ,
1401 1111 1448 1141 Dei
1463 1114 1502 1141 ira
1516 1114 1667 1143 subvertet.

874 1156 937 1185 ﬂare
953 1157 1025 1184 enim
1041 1158 1132 1185 omnia
1150 1164 1260 1194 propter
1274 1160 1416 1186 hominum
1432 1166 1542 1194 peccata
1566 1161 1666 1188 transi-

874 1203 952 1231 bunt.
973 1204 1007 1231 Et
1021 1204 1086 1231 olint
1099 1205 1208 1239 quidem
1227 1213 1309 1240 super
1326 1207 1418 1233 omnia
1432 1210 1535 1234 tantum
1553 1207 1665 1235 interra

873 1250 950 1277 venit
964 1249 1004 1277 ira
1017 1249 1074 1283 Dei,
1084 1251 1148 1285 quia
1163 1250 1252 1278 omnis
1264 1258 1329 1279 caro
1339 1252 1485 1287 reliquerat
1501 1253 1572 1280 viam
1586 1261 1666 1280 suam

873 1303 957 1330 super
981 1299 1081 1323 terram
1098 1296 1122 1312 "
1138 1305 1145 1323 :
1161 1305 1234 1324 nuttc
1250 1302 1340 1324 autem
1360 1302 1385 1325 et
1410 1305 1492 1332 super
1505 1300 1620 1330 emittm.
1637 1304 1666 1326 et

875 1349 958 1376 super
980 1346 1080 1369 terram
1103 1347 1218 1370 ventura
1235 1347 1277 1370 est
1297 1343 1338 1370 ira
1359 1342 1416 1370 Dei.
1438 1343 1506 1371 Caeli
1524 1344 1666 1375 pertransi-

874 1387 936 1414 bunt
949 1407 957 1419 ,
981 1393 1009 1415 tu
1033 1392 1121 1415 autem
1142 1389 1308 1423 permanebis
1325 1389 1369 1420 (ad
1392 1388 1476 1416 Deum
1495 1390 1604 1424 dicitur)
1616 1410 1623 1422 ,
1637 1397 1662 1417 ct

873 1440 963 1459 annuet
976 1432 1045 1459 sicut
1059 1433 1241 1460 vestimentum
1259 1438 1419 1460 veteraaccut
1436 1434 1469 1460 '”.
1492 1433 1585 1460 Videte
1599 1441 1665 1468 qna-

875 1477 908 1505 Iis
922 1482 950 1505 et
959 1482 1061 1513 quanta
1077 1479 1116 1505 ira
1130 1479 1175 1511 sit,
1189 1487 1250 1513 qua:
1262 1479 1394 1505 mundum
1407 1487 1515 1506 omnent
1533 1487 1666 1506 consumo

872 1528 952 1558 plura
970 1522 1023 1555 sit,
1036 1530 1062 1550 et
1078 1524 1172 1558 puniet
1184 1531 1232 1551 eos
1247 1524 1292 1558 qui
1312 1531 1390 1558 pmna
1405 1524 1478 1558 digni
1491 1527 1573 1558 sunt,
1589 1524 1665 1551 inve-

874 1571 983 1605 nietque
997 1571 1137 1598 materiam
1152 1572 1178 1598 in
1193 1579 1245 1606 qua
1260 1579 1289 1599 se
1300 1577 1436 1599 exerceat.
1470 1571 1667 1608 Unusquisque

873 1621 998 1644 nostrum
1014 1625 1044 1643 ex
1061 1625 1093 1644 ('0
1111 1618 1182 1652 quod
1196 1620 1291 1652 gessit,
1303 1618 1350 1644 ira:
1365 1619 1507 1645 materiam
1529 1626 1662 1653 purpura--

873 1662 920 1689 vit.
946 1662 1096 1689 Secundum
1117 1663 1245 1689 duritiam
1265 1663 1335 1689 enim
1357 1669 1429 1689 tuam
1452 1668 1477 1690 et
1500 1664 1665 1698 impasnitens

872 1716 917 1733 tor
931 1708 1097 1734 JIIBZttllt'iZ’.‘S
1111 1707 1157 1734 tibi
1171 1708 1238 1734 iram
1252 1708 1279 1734 in
1292 1709 1334 1734 die
1346 1709 1393 1735 ira:
1403 1714 1426 1735 ct
1439 1709 1604 1736 reuelationis
1614 1710 1663 1744 jn-

871 1753 1018 1787 slijudicii
1039 1753 1096 1784 Du’,
1112 1753 1213 1780 dicitur
1230 1753 1263 1780 ad
1279 1752 1420 1780 Romanos
1435 1754 1467 1780 '”.
1489 1753 1555 1781 Dein
1570 1756 1663 1789 sequi-

871 1802 935 1825 tur:
957 1798 1021 1830 Quis
1037 1799 1151 1824 ostendit
1169 1798 1238 1825 vobis
1260 1798 1350 1832 fugere
1361 1799 1392 1825 ab
1405 1800 1445 1826 ira
1458 1801 1587 1827 ventura?
1605 1800 1663 1827 Fa-

871 1844 921 1870 cite
931 1852 991 1877 ergo
1003 1844 1106 1878 fructus
1117 1844 1209 1879 dignos
1226 1844 1396 1878 pauiteutitc.
1417 1843 1450 1872 Et
1464 1845 1539 1873 \obis
1555 1846 1600 1880 qui
1614 1854 1662 1873 ve-

871 1891 935 1918 rtitis
952 1891 984 1918 tul
1002 1891 1178 1925 baptismum,
1201 1892 1301 1919 dicitur
1317 1901 1324 1919 :
1343 1891 1438 1918 Facite
1452 1892 1555 1926 fructus
1566 1891 1659 1926 dignos

869 1938 1038 1972 pcenitentiw.
1069 1937 1156 1965 Vultis
1171 1938 1241 1965 scire
1254 1939 1300 1973 qui
1322 1943 1385 1966 sunt
1400 1938 1504 1965 fructus
1526 1939 1659 1973 poeniten-

870 1983 933 2010 tize?
952 1983 1080 2011 Charitas
1096 1983 1202 2011 fructus
1214 1988 1256 2012 est
1271 1984 1398 2020 Spiritus,
1411 1985 1538 2020 gaudium
1552 1985 1659 2014 fructus

869 2034 912 2057 est
930 2030 1058 2064 Spiritus,
1079 2037 1142 2064 pax,
1159 2031 1300 2065 patientia,
1312 2031 1476 2066 benignitas,
1491 2031 1609 2065 bonitas,
1625 2031 1660 2059 ti-

868 2075 926 2107 des,
952 2075 1144 2108 mansuetudo,
1170 2076 1349 2109 continentia,
1364 2082 1391 2103 et
1412 2077 1515 2111 reliqua
1531 2077 1659 2112 hujusce-

867 2121 941 2148 modi
957 2120 991 2148 ".
1013 2120 1042 2148 Si
1057 2121 1114 2148 hac
1130 2121 1222 2148 omnia
1245 2121 1440 2155 habuerimus,
1460 2122 1573 2150 fecimus
1597 2123 1658 2151 πτυ-

19 2166 224 2201 purissimum,
247 2167 457 2202 gradereturque
480 2167 506 2194 in
532 2172 558 2195 te
582 2167 653 2195 Deus
676 2167 765 2200 Pater,
788 2171 814 2195 et
830 2177 853 2206 ι)
867 2172 929 2195 ctus
943 2167 1040 2202 dignos
1054 2167 1228 2202 paruitentiat.
1250 2167 1369 2195 Rursum
1386 2168 1487 2194 dicitur
1502 2169 1535 2196 ad
1549 2176 1596 2196 eos
1608 2170 1654 2204 qui

16 2213 155 2240 Christus
169 2212 302 2240 Dominus
315 2215 484 2241 mansionem
502 2213 574 2249 apud
598 2219 624 2241 te
641 2213 756 2247 faceret,
772 2214 815 2242 di-

18 2264 153 2293 ceretqlte
166 2268 174 2286 :
192 2258 248 2295 Ego
260 2264 285 2286 et
298 2259 380 2286 Pater
401 2268 473 2286 metu
488 2261 628 2293 veniemus,
652 2264 676 2287 et
698 2260 815 2286 mansio-

18 2314 86 2333 nem
108 2305 178 2339 apud
198 2313 257 2332 eum
275 2305 402 2340 faciemus
422 2306 456 2332 '”.
488 2305 635 2340 Sequitur:
661 2305 695 2333 Et
717 2305 813 2333 videbit

17 2352 113 2379 omnis
136 2360 197 2378 caro
220 2351 337 2378 salutare
360 2351 419 2378 Dei.
440 2351 480 2378 Tu
501 2352 639 2386 quondam
661 2359 725 2379 caro
740 2359 812 2385 eras,

18 2399 82 2424 into
94 2402 124 2423 ut
136 2395 289 2424 mirabilius
303 2396 399 2431 loquar
411 2416 417 2428 ,
436 2404 496 2423 cum
519 2396 610 2423 adhuc
624 2396 651 2422 in
668 2403 749 2423 carne
763 2396 812 2428 sis,

18 2443 103 2471 vides
115 2442 236 2470 salutare
250 2442 306 2469 Dei.
327 2441 397 2475 Quid
415 2446 505 2469 autem
520 2441 571 2469 sibi
585 2441 648 2468 velit
663 2441 736 2476 quod
749 2441 816 2469 dici-

19 2495 69 2518 tur
79 2507 87 2520 ,
107 2488 196 2516 omnis
208 2495 288 2522 caro,
302 2494 335 2516 eo
347 2488 418 2522 quo-l
431 2488 505 2515 nulla
522 2487 673 2522 excipiatur
682 2495 743 2522 quae
758 2495 811 2514 non

19 2535 117 2562 videat
132 2533 250 2560 salutare
265 2532 329 2566 Dei,
345 2533 472 2567 relinquo
486 2532 689 2566 intelligendum
709 2531 752 2558 bis
766 2531 813 2566 qui

21 2580 119 2609 sciunt
134 2579 336 2614 Scripturarum
353 2578 490 2613 mysteria.
511 2577 640 2611 Quaenam
652 2576 814 2612 egredienti-

58 2663 82 2678 '“
107 2661 186 2689 Rom.
203 2668 242 2692 tu,
260 2659 301 2687 ll.
339 2661 373 2676 ⁷¹⁶
392 2659 452 2687 Gai.
467 2667 497 2691 ιι,
512 2659 557 2687 ‘20.
593 2660 618 2675 ⁷¹
632 2658 711 2687 Joan.
725 2667 780 2692 xtv,
794 2659 839 2687 25.

22 2699 50 2717 ⁷ο
66 2697 145 2723 Boni.
169 2705 187 2723 n
200 2716 206 2728 ,
222 2696 264 2732 5.⁹
287 2695 308 2711 "
325 2695 383 2722 Gal.
403 2703 429 2728 ν,
446 2695 491 2726 22,
504 2695 549 2722 25.

63 2745 120 2781 (60)
142 2745 254 2781 Schedat
275 2744 412 2781 Grabiiet
433 2743 588 2771 Combelisii
603 2743 682 2781 ετξῶν
700 2740 812 2781 μὲν-οὗν

30 2778 167 2808 Ἰυὺδάίων
180 2779 250 2806 οὕτω
266 2779 314 2815 τὴν
329 2779 487 2815 κᾳθαιρεςιν
506 2778 670 2815 προφητεύει
679 2799 689 2815 ν,
707 2778 812 2815 εἰσάγει

23 2818 55 2845 δὲ
75 2815 129 2843 τῶν
149 2814 233 2842 ἐθνῶν
249 2812 298 2852 τὴιί
312 2812 418 2849 κλῆσινζ
436 2813 482 2845 οὓς
499 2812 545 2840 udi.
565 2812 654 2845 λίθους
673 2812 810 2850 ὀνομάζει.

867 2213 900 2240 ad
914 2212 1028 2240 Joannis
1045 2213 1211 2248 baptismum
1237 2214 1381 2241 veniebant
1395 2223 1401 2241 ε
1422 2213 1456 2240 Et
1470 2222 1500 2241 nc
1520 2215 1655 2249 iucipiatit

867 2257 954 2284 dicere
964 2258 1035 2284 intra
1046 2257 1228 2292 uosme:ipws,
1241 2262 1343 2291 patrem
1355 2256 1480 2284 habemus
1499 2257 1634 2284 Abraham
1644 2266 1655 2284 :

868 2303 927 2330 dico
946 2303 1015 2330 enim
1033 2302 1114 2335 vobis,
1127 2303 1190 2337 quia
1209 2307 1294 2336 potest
1314 2302 1384 2330 Deus
1400 2304 1432 2330 de
1446 2303 1576 2337 lapidibus
1595 2304 1655 2330 ictis

867 2349 996 2376 suscitare
1007 2348 1077 2383 ﬁlios
1090 2347 1223 2375 Abraham
1238 2347 1304 2383 (60).
1320 2347 1465 2383 Prophetat
1476 2347 1594 2376 Joannes
1608 2357 1655 2376 tto-

863 2395 994 2422 vissimus
1009 2393 1201 2429 prophetarum
1218 2393 1407 2428 expulsionem
1431 2393 1530 2428 prioris
1548 2394 1650 2428 populi,

863 2447 889 2470 et
904 2441 1074 2469 vocationem
1090 2440 1222 2475 gentium.
1253 2439 1309 2468 Illis
1323 2440 1396 2467 enim
1410 2439 1458 2475 qui
1470 2440 1503 2467 de
1515 2439 1653 2468 Abraham

865 2486 1050 2522 gloriabantur
1066 2485 1152 2512 dicit:
1168 2483 1203 2510 Et
1223 2492 1253 2511 ne
1265 2484 1399 2518 incipiatis
1419 2483 1505 2510 dicere
1523 2484 1549 2510 in
1567 2484 1652 2510 vobis-

864 2532 993 2567 metipsis,
1009 2536 1111 2566 patrem
1128 2531 1252 2557 habemus
1265 2529 1409 2557 Abraham.
1430 2528 1462 2556 Et
1477 2529 1510 2556 de
1526 2530 1650 2564 gentibus

865 2585 975 2606 rursum
988 2577 1109 2613 loquitur
1126 2585 1134 2603 :
1149 2575 1215 2603 Dico
1226 2576 1295 2603 enim
1308 2575 1378 2603 vobis
1388 2595 1395 2606 ,
1411 2575 1473 2610 quia
1485 2579 1568 2610 potest
1581 2574 1651 2602 Deus

876 2660 900 2676 ⁷³
914 2660 982 2689 Gen.
1002 2668 1052 2692 xu,
1069 2659 1094 2687 l.
1132 2660 1155 2676 ⁷⁵
1169 2659 1238 2687 Gen.
1258 2666 1303 2691 vt,
1317 2657 1361 2685 12.
1398 2657 1422 2672 ⁷⁸
1435 2655 1507 2684 Psal.
1531 2663 1588 2688 ett,
1603 2656 1649 2684 26.

865 2743 1019 2780 Jutlrcorum
1034 2743 1116 2780 igitur
1130 2743 1287 2780 eversionem
1301 2741 1349 2768 hoc
1363 2739 1440 2780 modo
1451 2741 1604 2780 prophetat,
1623 2743 1648 2764 et

865 2778 966 2839 indita“
989 2773 1150 2806 eoccitiouem
1168 2778 1281 2812 gentium
1303 2784 1368 2812 quas
1388 2775 1467 2805 etiam
1486 2773 1587 2808 lapider
1608 2781 1649 2802 ro-

865 2818 918 2840 cat.
956 2820 1040 2840 Mitis.
