1846 3053
177 95 245 123 18Ξ9

909 90 989 118 Olth
996 89 1072 119 Ele

1760 88 1812 115 ιεω

176 154 208 179 de
219 150 352 188 lapidibus
365 150 424 177 istis
437 149 565 176 suscitare
573 147 646 184 ﬁlios
659 147 785 175 Abrahw.
813 146 853 174 De
867 147 967 182 quibus
983 151 1003 178 Α
1019 147 1086 174 Cum
1101 150 1191 173 autem
1210 150 1282 174 tanta
1299 150 1361 181 post
1376 142 1484 172 szecula
1502 142 1644 170 ﬂuxerint
1654 163 1661 174 ,
1678 147 1704 168 et
1718 147 1767 170 tam
1780 145 1810 170 “tn-

177 197 334 233 Iapidibus'!
357 196 414 232 (6i)
437 195 497 222 Non
522 195 617 230 utique
639 195 743 230 lapides
770 193 971 220 irrationabiles

178 249 380 278 corporeusque
391 241 580 272 monstrabat,
592 240 639 267 sed
655 240 780 266 homines
797 238 971 266 insensibiles

179 295 206 316 ct
219 288 355 323 quondam
381 288 481 319 duros,
506 286 553 321 qui
570 285 634 320 quia
651 284 755 319 lapides
770 288 796 311 et
812 283 886 319 ligna
905 283 972 310 udo--

180 334 287 366 rabant,
300 333 442 368 impletum
457 335 499 358 est
514 331 577 358 illud
593 330 665 365 quod
685 330 710 356 in
725 329 831 364 psalmo
845 329 973 356 cantaba-

178 385 223 406 tur
237 389 244 406 :
264 379 370 406 Similes
386 377 441 404 illis
459 377 525 411 ﬁant
548 375 596 411 [aL
610 375 690 410 fiunt]
703 376 748 410 qui
762 375 863 409 faciunt
881 383 928 406 ea,
944 380 968 401 et

179 435 269 453 omnes
291 426 335 460 qui
358 424 493 458 conﬁdant
515 424 551 450 eis
565 423 598 448 ⁷⁸.
621 422 690 450 Vere
703 423 750 457 qui
769 421 873 449 faciunt
887 422 971 454 idola,

179 477 206 499 et
220 471 359 499 confidunt
373 470 399 496 in
415 469 455 496 eis
465 490 472 501 ,
498 469 603 495 similes
624 472 688 495 sunt
708 467 762 494 diis
776 468 833 495 suis
844 488 851 500 ,
870 468 973 501 absque

178 524 260 544 sensu
272 536 278 545 .
306 515 366 542 sine
381 514 435 541 ulla
457 514 580 545 ratione,
601 513 628 540 in
644 512 747 547 lapides
763 513 891 547 lignaque
905 520 972 539 eon-

179 562 249 589 versi
263 564 338 588 sunt.
358 559 426 587 Cum
442 559 514 586 enim
538 563 644 586 tantum
659 558 769 585 videant
783 563 971 585 creaturarum

179 606 316 638 ordinem,
330 605 468 636 decorem,
481 603 612 635 oﬂicium,
627 607 731 630 tantam
747 602 841 630 mundi
855 602 974 637 pulchri-

178 650 312 683 tudinem,
330 649 428 676 nolunt
443 649 477 676 de
493 649 627 676 creaturis
639 648 790 683 intelligere
801 648 971 681 Creatorem,

179 704 267 732 neque
291 695 467 723 considerant
493 699 575 722 tanta:
608 694 825 729 dispensationis
851 694 971 729 aliquam

179 741 398 777 providentiam,
426 740 543 775 aliquem
571 747 632 768 esse
657 744 810 772 rectorem,
836 740 883 767 sed
909 745 973 767 sunt

179 787 243 815 emci
254 807 261 819 ,
281 787 323 814 his
343 791 447 813 tantum
461 786 549 813 oculis
567 786 699 813 mundutn
716 786 856 816 videntes,
872 785 972 820 quibus

178 832 381 860 irrationabilia
399 831 521 866 iumenta
545 835 573 858 et
596 831 689 858 bestia:
706 830 807 857 vident.
827 829 885 857 Non
899 831 971 857 enint
988 820 1010 850 Β

179 878 400 905 animadvertunt
422 877 450 903 in
476 877 517 903 his
539 884 599 911 quae
612 876 704 903 vident
721 875 826 902 ratione
840 875 907 910 regi,
923 875 972 902 ali-

179 931 262 958 quam
279 924 370 950 inesse
388 923 532 949 rationem.
564 921 626 949 Haec
640 926 794 957 propterea,
812 921 876 956 quia
889 921 972 948 Joan-

180 977 227 996 nes
241 969 346 995 dixerat
361 977 367 994 :
385 967 476 994 Potest
492 967 560 994 Deus
572 967 604 994 de
616 967 751 1002 lapidibus
771 968 831 995 istis
843 967 972 995 suscitare

179 1015 249 1049 filios
263 1014 388 1041 Abrahae.
409 1013 442 1040 Et
456 1022 506 1041 nos
528 1014 611 1049 igitur
632 1014 809 1041 Obsecremus
825 1014 924 1046 Deum,
942 1017 973 1040 ut

179 1060 202 1087 si
218 1060 328 1095 quando
341 1059 443 1087 fuimus
458 1060 573 1094 lapides,
583 1064 723 1086 vui-tamur
734 1059 760 1086 in
773 1059 844 1086 ﬁlios
856 1059 972 1086 Abrahaa

180 1114 228 1140 pro
242 1106 284 1133 his
296 1106 359 1133 ﬁliis
371 1106 416 1141 qni
429 1106 508 1139 eiecti
522 1109 597 1138 sunt,
611 1110 639 1132 et
651 1105 892 1140 rcpromissioncm
907 1104 973 1132 ado-

180 1154 352 1187 ptionemque
369 1160 419 1179 suo
433 1152 498 1178 vitio
514 1153 691 1186 perdiderunt
704 1151 772 1186 (62).
792 1150 881 1178 Unum
898 1150 973 1177 testi-

181 1198 302 1224 utonium
328 1197 417 1224 adhuc
439 1197 473 1224 de
495 1197 632 1231 lapidibus
654 1204 766 1231 ponam.
788 1195 928 1231 Siquidem
944 1197 971 1222 in

180 1243 285 1270 cantico
310 1242 395 1269 Exodi
420 1243 550 1270 scribitur
572 1243 617 1269 "z
648 1242 789 1269 Vertantur
809 1242 837 1268 in
859 1241 970 1276 lapides,

179 1289 260 1315 donec
270 1293 435 1322 pertranseat
447 1288 557 1322 populus
568 1293 640 1320 tuus,
654 1288 775 1318 Domine,
788 1288 869 1314 donec
885 1293 972 1314 trans-

178 1339 221 1361 eat
245 1333 357 1368 populus
376 1338 437 1360 tuus
454 1335 502 1360 iste
523 1342 599 1369 quem
614 1335 765 1368 possedisti.
783 1333 904 1369 Rogatur
919 1334 971 1361 ita—

179 1387 233 1414 que
249 1379 332 1411 Deus,
350 1384 379 1406 ut
390 1379 528 1414 paulisper
541 1385 735 1406 convertantur
748 1380 774 1406 in
786 1380 906 1415 lapides;
921 1380 972 1407 hoc

179 1425 253 1452 enim
270 1424 325 1460 (65)
343 1424 456 1452 Graecus
468 1433 560 1452 sermo
584 1425 784 1460 signiﬁcantius
798 1431 893 1458 sonat,
907 1426 971 1452 ἀνα-

179 1470 374 1503 λιϐούσθωσαν,
389 1471 476 1497 donec
489 1474 659 1505 pertranseat
672 1471 789 1505 popultts
801 1469 970 1498 Iudaeorum.

181 1515 257 1542 lland
274 1515 386 1543 dubium
405 1515 471 1549 quin
493 1520 638 1550 postquam
654 1516 690 1542 illi
708 1515 882 1547 transierint,
906 1524 972 1551 gen-
986 1502 1009 1533 ο

181 1566 221 1588 tes
235 1561 348 1595 lapideae
362 1569 422 1587 esse
441 1561 600 1594 cessabunt,
614 1565 640 1587 et
653 1568 701 1595 pro
720 1561 789 1587 duro
804 1561 887 1588 corde
902 1562 972 1588 rcci-

181 1607 255 1640 pient
280 1606 427 1632 humanam
453 1606 479 1632 in
499 1605 611 1633 Christo
632 1606 876 1640 rationabilemque
893 1612 973 1634 natu-

181 1659 250 1678 ram.
270 1651 320 1677 Cui
335 1656 377 1677 est
393 1651 479 1686 gloria
495 1655 522 1678 ct
535 1651 680 1686 imperium
698 1651 724 1678 in
739 1651 838 1679 saecula
859 1653 971 1680 saculo-

181 1705 254 1724 rum.
272 1697 370 1723 Amen.

449 1752 590 1781 HOMILIA
610 1753 705 1781 XXIII.

183 1808 220 1836 De
237 1818 266 1836 eo
283 1809 352 1844 quod
364 1810 493 1844 scriptam
509 1815 570 1837 est:
587 1820 595 1835 ι
616 1810 683 1837 Ecce
701 1811 801 1837 securis
817 1810 852 1837 ad
871 1811 972 1836 radices

215 1846 338 1880 arborum
350 1846 436 1879 posita
446 1850 495 1874 est.
516 1855 525 1871 ›
541 1854 620 1880 usque
632 1846 666 1872 ad
678 1854 737 1872 eum
752 1846 838 1872 locum
852 1846 894 1871 ubi
909 1846 946 1871 ait
963 1853 972 1872 :

219 1889 228 1906 ε
254 1879 380 1941 Venérum
393 1885 481 1907 autem
495 1886 520 1907 et
532 1879 678 1915 publicani,
690 1886 719 1907 ut
733 1880 972 1914 bliptizareuturab

219 1923 255 1941 eo.
272 1924 281 1940 ι
321 1923 365 1941 ao.
383 1922 425 1941 ιιι.

215 1923 255 1942 eo.
272 1924 281 1940 ι
298 1922 365 1950 ωρ.
383 1922 425 1942 ιιι.

215 1969 336 1998 Joannes
351 1971 398 1998 illo
410 1970 467 2005 jam
483 1975 606 2005 tempore
620 1971 783 2005 loquebatur
798 1980 805 1998 :
825 1971 892 1998 Ecce
904 1979 974 1998 secu-

182 2016 219 2042 ris
233 2016 267 2042 ad
285 2016 387 2043 radices
408 2017 533 2043 arborum
553 2018 640 2052 posita
653 2022 703 2044 cst.
724 2017 758 2044 Et
768 2017 903 2052 siquidem
916 2017 972 2052 jam

181 2061 319 2096 ingrueret
334 2063 545 2095 consummatio,
557 2069 583 2090 et
597 2069 750 2098 temporum
768 2063 830 2090 ﬁnis
845 2063 971 2095 instaret,

182 2107 255 2134 nulla
271 2107 337 2133 mihi
359 2107 475 2141 quaestio
493 2113 662 2135 nasceretur.
685 2107 808 2135 Dicerem
830 2108 901 2134 enim
922 2108 972 2135 hoc

182 2154 254 2189 quod
270 2154 308 2180 ait
323 2164 329 2181 :
350 2154 416 2181 Ecce
430 2155 529 2181 securis
544 2157 577 2181 ad
592 2155 694 2181 radices
707 2154 810 2181 arboris
822 2155 909 2189 posita
922 2159 971 2187 est,

181 2204 209 2226 et
227 2199 291 2226 illud
307 2208 314 2226 :
329 2199 422 2226 Omnis
440 2201 510 2227 enim
532 2200 611 2226 arbor
630 2209 688 2235 quia
708 2209 759 2227 non
782 2201 846 2235 facit
859 2201 975 2235 fractum

183 2243 278 2270 bonum
288 2265 295 2276 ,
308 2244 468 2278 precidetur
477 2263 484 2276 ,
508 2250 531 2270 et
545 2245 570 2271 in
584 2246 668 2279 ignem
682 2246 802 2272 mittetur
811 2265 819 2277 ,
835 2251 975 2281 propterea

183 2289 389 2324 prophetatum,
419 2290 482 2324 quia
506 2290 532 2316 in
557 2290 603 2317 illo
629 2295 751 2325 tempore
776 2292 972 2326 complebatur.

236 2347 260 2363 ’³
274 2347 346 2374 Psal.
360 2355 421 2381 cxv,
437 2347 463 2374 8.
514 2348 536 2364 ⁷⁰
554 2347 640 2375 Exod.
657 2356 703 2382 sv,
718 2349 761 2376 Ili.

218 2405 274 2440 (61)
289 2405 400 2442 rEzedem
416 2405 521 2442 schedae
534 2414 539 2431 :
553 2406 590 2432 Οὐ
607 2406 698 2437 λίθους
716 2406 837 2442 ἀψύχους
853 2407 970 2439 δεικνὺς.

182 2441 238 2468 ἀλλ’
251 2440 409 2477 ἀνθρῲτςους
425 2440 613 2477 ᾲναισθήτους.
627 2440 848 2477 Παρεστήκέισαν
861 2442 915 2477 γὰρ
926 2444 973 2469 καὶ

182 2477 283 2503 sema
298 2476 336 2510 τῷ
356 2475 540 2510 βαπτίσματῂ
566 2476 612 2508 οὓς
634 2475 681 2503 καὶ
696 2477 786 2508 λίθους
807 2477 883 2503 καλεῖ
894 2475 904 2507 ξ
916 2478 973 2509 ἐξο-

184 2511 267 2547 μυιῶν
276 2511 374 2547 aia-toil;
381 2512 437 2542 τιιῐς
445 2519 598 2547 προςκυνου
602 2512 692 2546 μένοις
701 2512 769 2538 κατά
778 2512 817 2544 τὺ,
825 2512 918 2546 ὅμοιοι
926 2514 977 2539 αὺ-

182 2545 244 2578 ἐεῖς
252 2545 386 2580 γένοιντο
393 2547 421 2572 οι
431 2545 587 2579 πόιοῦγτες
597 2545 682 2576 ἀὺτὰ,
692 2546 741 2573 καὶ
753 2548 779 2572 οὶ
792 2545 967 2580 πεπωθότες

181 2580 229 2608 ἐπ’
243 2580 355 2613 αὐτοῖς.
371 2579 431 2608 Non
443 2581 543 2614 lapides
561 2583 651 2608 anima
667 2588 782 2608 carentes
800 2579 973 2614 nwmtrabat,

182 2616 227 2642 sed
248 2616 365 2642 homines
387 2624 464 2642 sensu
487 2617 635 2643 destitutos.
655 2617 773 2642 Aderant
796 2618 864 2642 enim
885 2618 973 2651 bapti-

183 2651 262 2677 smati
278 2651 356 2686 etiam
369 2651 489 2685 gentiles,
504 2659 568 2685 quos
584 2651 685 2686 lapides
699 2652 780 2677 etiam
797 2657 871 2678 vocat
886 2672 892 2679 .
913 2652 973 2678 illas

183 2685 336 2720 assimilatas
347 2685 425 2711 idolis
433 2693 491 2720 qua:
505 2686 752 2720 adorabant,juxtu
767 2686 851 2712 illud:
865 2687 974 2714 Similes

183 2719 236 2778 ill‘iis
252 2721 326 2753 tiaut,
342 2721 389 2754 qui
412 2719 516 2747 faciunt
530 2729 572 2753 ea,
596 2727 623 2749 et
646 2721 692 2756 qui
717 2722 857 2748 conﬁdunt
869 2723 895 2748 in
913 2722 976 2749 illis.

209 2761 291 2778 ultus.

209 2761 291 2781 υιευε.

219 2789 274 2822 (lii)
296 2788 399 2817 Eaedem
416 2790 523 2818 scheda:
537 2799 543 2817 :
563 2791 622 2817 Ἔτι
637 2791 664 2817 δὲ
683 2791 747 2826 περὶ
761 2791 815 2817 τῶν
827 2791 907 2818 λίθων
925 2791 973 2825 γέ-

809 2349 832 2365 “
844 2349 925 2376 Rom.
941 2359 979 2384 xt,
997 2353 1037 2385 I0,
1055 2353 1087 2379 I7
1100 2360 1158 2387 seq.

1023 193 1207 220 numerabiles
1235 193 1297 219 anni
1315 192 1349 219 ab
1370 191 1418 218 illo
1437 196 1569 224 tempore
1587 196 1681 224 usque
1704 190 1735 216 ad
1760 198 1810 223 prt-

1022 243 1126 265 scntem
1146 238 1216 265 diem
1232 237 1314 273 960
1328 235 1516 269 transierint,
1545 235 1694 270 quomodo
1717 234 1812 269 Spiritus

1021 289 1132 311 sanctus
1148 283 1174 310 in
1188 284 1319 318 propheta
1335 283 1411 309 dicat
1430 292 1437 309 :
1456 281 1531 308 Ecce
1552 281 1662 307 securis
1679 280 1713 306 ad
1731 282 1814 306 redita

1022 329 1146 356 arborum
1166 329 1252 363 posita
1272 332 1328 360 est,
1347 328 1482 354 debemus
1505 327 1668 361 inquirere.
1699 325 1752 360 Ego
1765 333 1813 360 put.‘

1023 375 1172 402 Israelitico
1195 374 1294 408 populo
1318 373 1495 408 prophetari,
1519 372 1599 407 quod
1629 371 1754 406 praedsia
1769 372 1815 405 ejus

1022 421 1110 448 vicina
1128 421 1172 447 sit.
1194 419 1241 447 llis
1255 420 1326 447 enim
1339 419 1386 454 qtti
1409 419 1636 454 egrediebantur
1656 417 1690 444 ad
1704 425 1779 449 cum,
1795 424 1816 444 II

1023 467 1236 501 baptizarentur,
1253 465 1323 492 inter
1335 469 1433 492 caetera
1450 464 1629 499 loquebatur
1648 473 1655 489 :
1671 462 1763 489 Facite
1772 463 1817 496 [m-

1022 518 1079 538 ctus
1098 513 1190 547 dignos
1211 512 1386 545 poenitentiw;
1409 515 1436 537 et
1457 511 1541 545 quasi
1567 509 1682 536 Judaeis
1705 509 1816 536 dioelut:

1024 556 1065 584 Ne
1077 557 1209 591 incipiatis
1222 557 1307 583 dicere
1320 558 1347 582 in
1359 556 1569 590 nobismetipsis,
1586 561 1700 590 patrem
1712 556 1816 582 hat-mu

1023 602 1168 629 Abraham.
1191 601 1256 628 Dico
1274 603 1343 628 enim
1362 601 1446 633 vobis,
1461 602 1527 636 quia
1546 606 1642 635 potest
1669 601 1816 627 Denaris-

1022 650 1129 685 pidibus
1141 650 1200 676 istis
1211 649 1342 676 suscitare
1354 649 1426 683 ﬁlios
1437 648 1571 674 Abraltce.
1597 647 1662 674 Hoc
1675 655 1741 682 ergo
1759 649 1816 682 quod

1023 696 1061 722 it
1077 704 1084 722 :
1102 695 1169 722 Ecce
1180 696 1278 722 securis
1289 695 1324 721 ad
1341 695 1444 721 radices
1461 694 1598 720 arborum
1612 695 1707 728 posita
1722 700 1766 725 est,
1781 693 1817 719 ,Ινι⁴

1023 742 1088 769 diuis
1100 742 1231 776 loquitur.
1252 740 1301 768 Cui
1315 740 1408 768 sensui
1423 744 1449 766 et
1472 740 1673 774 apostolicum
1690 740 1754 766 illud
1765 747 1817 766 till-

1024 788 1106 823 grnit,
1122 787 1224 814 fractos
1237 794 1298 814 esse
1313 787 1348 813 ab
1366 787 1418 813 hac
1431 786 1526 814 securi
1543 785 1731 813 inﬁdelitatis
1746 793 1818 812 ratam

1026 838 1108 868 atque
1125 833 1265 864 succisos,
1284 837 1313 858 ut
1326 835 1482 866 amputaret
1496 838 1532 858 ex
1556 831 1670 858 arbore
1692 839 1746 858 non
1762 831 1818 858 radi-

1024 884 1096 907 cem,
1114 876 1161 903 sed
1176 883 1207 903 ea
1223 883 1284 910 qua:
1293 875 1327 902 de
1339 875 1432 902 radice
1444 875 1640 910 pullularunt,
1657 881 1688 903 ut
1705 876 1732 902 in
1747 877 1820 902 radice

1025 922 1148 957 pristinae
1173 921 1296 953 arboris,
1316 921 1385 948 rami
1414 922 1522 955 possint
1553 921 1680 949 oleastri
1705 922 1818 949 inseri".

1025 967 1121 996 Omnis
1141 974 1206 1002 ergo
1221 967 1318 1001 arbor,
1334 975 1396 1002 quae
1412 975 1465 995 non
1490 967 1560 995 facit
1578 968 1712 994 fructum
1727 968 1818 994 bona.

1025 1012 1186 1047 prtecidetur
1199 1013 1265 1039 etin
1280 1013 1369 1047 ignem
1388 1014 1512 1040 mittetur
1532 1023 1539 1040 :
1563 1014 1649 1041 hunc
1669 1014 1743 1041 enim
1758 1014 1817 1040 Iian

1027 1058 1118 1090 habet,
1143 1063 1173 1085 ut
1193 1059 1318 1086 incendio
1334 1063 1540 1086 concremetur.
1565 1058 1682 1086 Deinde
1698 1065 1752 1086 tres
1763 1060 1815 1086 ordi-

1026 1111 1075 1131 nes
1090 1104 1258 1131 inducnntur
1269 1105 1470 1132 sciscitantium
1481 1103 1632 1131 Joannem
1651 1113 1737 1139 super
1751 1105 1819 1131 salute

1026 1158 1075 1178 sua
1091 1159 1098 1177 :
1114 1159 1185 1178 ttnns
1200 1158 1279 1185 quem
1300 1150 1441 1185 Scriptura
1460 1151 1622 1185 appellavit
1640 1148 1759 1186 populos
1772 1160 1818 1177 cte-

1025 1201 1106 1224 untcs
1118 1197 1151 1223 ad
1166 1196 1311 1231 baptisma,
1327 1197 1398 1224 alius
1413 1204 1494 1231 quem
1509 1197 1693 1231 publicanos
1705 1199 1816 1223 nominat.

1025 1243 1122 1270 tertius
1137 1243 1184 1277 qui
1205 1242 1320 1270 militum
1337 1243 1524 1277 appellatione
1544 1248 1700 1271 censetur.
1721 1243 1817 1270 Interro-

1025 1291 1123 1324 gabant
1141 1297 1199 1315 eum
1218 1289 1318 1321 turbae,
1334 1289 1450 1315 dicentes
1469 1297 1479 1315 :
1505 1288 1585 1320 Quid
1612 1289 1765 1322 faciemus?
1780 1288 1816 1320 (tsi

1026 1334 1183 1369 respondens
1200 1335 1260 1361 eis:
1282 1333 1334 1366 Qui
1352 1333 1429 1360 habet
1449 1335 1522 1361 duas
1545 1335 1674 1365 tunicas.
1698 1336 1770 1361 Δτιεί
1785 1336 1815 1367 φὶ

1025 1387 1076 1406 non
1092 1379 1166 1406 habet
1179 1387 1187 1406 :
1200 1385 1225 1406 et
1244 1381 1288 1414 qui
1300 1380 1376 1406 habet
1389 1380 1472 1412 cibos,
1486 1380 1626 1407 similiter
1646 1382 1741 1415 faciat.
1758 1382 1814 1413 ριπτιι

1025 1425 1147 1461 quidem,
1166 1424 1259 1452 nescio
1277 1425 1299 1452 si
1322 1424 1407 1451 tutbte
1423 1425 1578 1452 conveniat
1605 1426 1731 1460 praecipi.
1753 1425 1814 1455 light

1025 1471 1098 1497 enim
1124 1470 1255 1505 apostolis
1277 1478 1358 1505 quam
1376 1470 1457 1505 vulgo
1481 1471 1620 1505 (ongruit
1634 1491 1642 1503 ,
1661 1476 1693 1497 ιιι
1710 1472 1754 1506 qui
1766 1472 1814 1497 dtus

1025 1517 1133 1544 tunicas
1157 1517 1257 1548 habet,
1275 1524 1356 1543 unatn
1386 1517 1490 1544 tribuat
1517 1524 1574 1543 non
1604 1517 1729 1544 habenti.
1756 1516 1783 1542 Et
1795 1521 1814 1542 Ἰ(

1025 1563 1100 1590 scias
1114 1563 1200 1597 magis
1222 1562 1273 1590 hoc
1295 1563 1427 1597 apostolis
1441 1570 1527 1597 quam
1545 1563 1664 1597 populis
1679 1564 1813 1589 convenirr.

1024 1609 1087 1636 audi
1103 1608 1168 1643 quid
1186 1616 1201 1635 ιι
1221 1608 1362 1635 Salvatore
1386 1609 1497 1636 dicatur
1514 1609 1551 1635 ad
1566 1616 1621 1636 eos
1638 1618 1645 1635 :
1667 1609 1756 1643 Neque
1765 1609 1814 1634 tim

1025 1655 1128 1682 tunicas
1143 1654 1243 1682 tollatis
1257 1656 1282 1682 in
1293 1656 1336 1681 via
1347 1655 1380 1682 ⁸¹.
1403 1654 1474 1689 anl
1494 1663 1510 1681 ιε
1526 1655 1627 1689 itaque
1640 1656 1814 1682 vestimentum

1025 1709 1080 1736 quo
1099 1702 1290 1737 unusquisque
1306 1701 1432 1733 vestitur,
1450 1706 1478 1728 et
1494 1702 1665 1736 pm'cipitur
1680 1708 1711 1728 ut
1722 1702 1815 1728 alterum

1025 1748 1127 1775 tribuat
1150 1755 1205 1775 non
1229 1748 1358 1779 habenti,
1386 1748 1468 1775 aliam
1501 1748 1723 1782 intelligentiam
1746 1753 1815 1775 soul.

1026 1791 1090 1819 Vult
1113 1793 1185 1819 enim
1213 1800 1264 1820 nos
1290 1793 1432 1824 Salvator,
1457 1793 1607 1827 quomodo
1632 1801 1689 1820 non
1706 1793 1815 1819 habeam:

1025 1837 1132 1864 duobus
1147 1838 1249 1865 servire
1271 1838 1402 1869 dominis,
1420 1838 1461 1865 sic
1476 1845 1528 1864 nec
1544 1838 1620 1864 duas
1635 1838 1738 1864 habere
1759 1837 1815 1863 tuai-

1025 1891 1083 1915 cas,
1096 1890 1146 1910 nec
1164 1883 1264 1918 duplici
1280 1888 1354 1910 veste
1371 1883 1562 1916 circumdari,
1578 1891 1617 1910 ne
1634 1883 1673 1910 sit
1693 1891 1772 1909 unum
1786 1882 1815 1907 ire

1024 1928 1185 1956 dumentum
1198 1929 1296 1957 veteris
1312 1929 1441 1961 hominis,
1459 1934 1489 1956 et
1501 1929 1627 1956 alterum
1648 1930 1726 1956 novi.
1746 1927 1815 1954 Ecca-

1027 1975 1111 2001 trario
1124 1979 1215 2002 autem
1227 1975 1312 2009 cupit,
1330 1979 1359 2002 ut
1372 1975 1565 2009 exspoliemus
1582 1982 1639 2001 nos
1653 1980 1770 2002 veterem
1783 1974 1814 1999 lto-

1026 2019 1139 2052 mittent,
1156 2025 1183 2047 et
1199 2020 1345 2047 induamus
1362 2028 1476 2047 novum.
1502 2019 1665 2055 ﬂuensque
1683 2020 1766 2047 taciiis
1779 2027 1814 2045 es-

1025 2064 1125 2099 positio
1148 2070 1199 2092 est.
1228 2064 1314 2092 Porro
1329 2065 1477 2100 quaeritur,
1493 2068 1646 2100 quomodo
1670 2066 1750 2100 juxta
1763 2064 1813 2090 hanc

1028 2111 1278 2146 interpretationem
1306 2111 1434 2146 iubeatur
1449 2112 1533 2139 nobis
1563 2120 1624 2139 non
1655 2112 1813 2140 habentitri-

990 2171 1013 2199 Β
1027 2156 1110 2184 buere
1128 2157 1331 2184 vestimentum.
1362 2156 1496 2190 Quisnam
1510 2161 1555 2185 est
1572 2158 1621 2185 ille
1636 2158 1686 2193 qui
1702 2165 1737 2186 Ie
1750 2164 1811 2184 unum

1029 2202 1140 2237 quidem
1164 2202 1353 2229 indumentum
1376 2210 1458 2237 super
1482 2210 1601 2230 carnem
1631 2210 1717 2230 suam
1743 2203 1812 2229 habet.

1029 2249 1076 2284 qui
1093 2248 1184 2276 nudus
1206 2253 1258 2280 est,
1283 2248 1328 2283 qui
1344 2249 1457 2276 omnino
1475 2249 1552 2275 nulla
1567 2254 1653 2276 veste
1666 2248 1812 2285 coopertus!

1028 2293 1121 2329 Neque
1133 2301 1196 2322 vero
1210 2294 1262 2321 hoc
1277 2294 1336 2321 dico
1347 2314 1354 2326 ,
1368 2301 1423 2328 quo
1436 2301 1491 2321 non
1507 2295 1698 2329 praecipiatur
1717 2294 1811 2322 liberali-

1207 2351 1228 2368 ε·
1248 2351 1342 2379 Matth.
1358 2360 1385 2383 x,
1399 2351 1445 2378 20.

1027 2417 1148 2444 γραπται
1170 2411 1198 2436 ἐν
1214 2411 1247 2444 τῇ
1261 2409 1315 2445 ᾠδῇ
1332 2411 1364 2445 τῇ
1380 2410 1409 2435 ὲν
1423 2411 1458 2445 τῇ
1472 2409 1585 2444 Ὲξόδῳ·
1607 2410 1809 2445 3101M?-

1027 2453 1088 2471 σαν
1113 2444 1147 2471 τὰ
1170 2445 1242 2478 ἔθνη
1256 2465 1262 2476 ,
1286 2445 1341 2477 ἓως
1366 2444 1506 2478 παρέλθῃ
1535 2447 1553 2471 ὁ
1576 2447 1660 2478 ,ζηύς
1687 2444 1767 2477 οὖῒζς
1787 2445 1808 2469 ἶι

1026 2479 1152 2515 ἐκτήσω·
1163 2479 1201 2511 ὡς
1212 2479 1289 2514 δῆλον
1298 2480 1338 2506 ὅτι
1350 2480 1419 2515 μετᾲ
1431 2479 1463 2505 τὸ
1475 2480 1632 2515 παρελθεῖν
1643 2481 1692 2507 τὸν
1701 2481 1766 2507 latnt.
1778 2488 1809 2514 pr,-

1028 2514 1086 2551 tté'tt
1107 2514 1357 2551 ἁπολιθωθείησαν,
1372 2514 1671 2551 ἀλλ’λὰπολὰὃέτωσαν
1687 2516 1767 2551 ψυχὴν
1778 2524 1799 2540 :7

1028 2549 1176 2590 praivnv.
1187 2551 1277 2576 Att/mc
1291 2549 1475 2590 dedapidibus
1489 2551 1627 2590 scriptum
1641 2558 1681 2578 est
1695 2549 1772 2578 initam
1783 2551 1809 2575 ira

1028 2571 1085 2611 E1?
1089 2571 1105 2610 Ei
1108 2571 1116 2610 ἑ
1123 2571 1281 2611 Sibi-1571's}
1290 2571 1438 2621 ιῖἷιέρῖἱιῖέ
1443 2571 1500 2619 ξέιῖ
1498 2571 1562 2617 ιῖἑῗ
1562 2571 1723 2621 ὦ]ἶέῗρέῆ
1727 2571 1757 2612 ἐξ
1755 2571 1807 2611 ὗςὲέ

1028 2620 1144 2654 populus
1158 2621 1207 2646 iste
1224 2627 1303 2653 quem
1322 2620 1470 2656 possedisti
1491 2628 1498 2646 :
1515 2622 1584 2655 quia
1607 2620 1806 2656 muniri-«tamtsi

1030 2660 1087 2688 post
1104 2655 1244 2681 transitum
1267 2655 1373 2688 populi,
1389 2661 1479 2689 gentes
1495 2656 1642 2684 desituros
1655 2665 1711 2684 esse
1723 2655 1805 2690 lepido.

1029 2694 1054 2715 et
1072 2691 1189 2716 animum
1206 2690 1350 2716 humanam
1369 2694 1537 2723 recepturos.
1557 2690 1599 2718 In.

1069 2724 1200 2760 («stilum
1213 2732 1331 2759 quoque,
1345 2731 1374 2751 ut
1390 2728 1474 2752 nemo
1499 2734 1559 2754 non
1586 2728 1690 2756 sensit.
1704 2727 1806 2760 interpri-

1032 2764 1114 2787 tantts
1127 2759 1281 2794 lllClOllyIlll
1297 2760 1454 2787 observatio
1470 2766 1524 2788 est.
