1879 3046
81 156 124 184 ll!)

745 155 845 184 LIBER
865 155 1024 184 TERTIUS.

1638 137 1687 183 tae

80 217 126 244 mis
139 224 146 243 :
159 215 266 249 Operuit
281 219 379 241 montes
392 213 481 241 umbra
497 214 565 249 ejus,
583 220 605 242 ct
624 215 732 242 arbusta
745 215 802 249 ejus
815 223 856 242 σε·
870 217 893 244 Α
909 215 970 242 tuit.
982 213 1040 240 Non
1053 213 1124 240 enim
1138 211 1265 240 Salomon
1279 211 1373 239 habuit
1381 211 1484 246 absque
1494 212 1687 247 concupiscam

80 261 134 288 dm
151 259 198 286 Dei
208 259 229 286 ⁸.
251 258 399 285 Evidentcr
415 259 496 293 igitur
510 266 558 293 per
574 259 630 286 hac
646 258 763 286 Ecclesia
777 259 851 286 cedri

81 306 122 333 Dei
138 304 302 332 nominatur.
321 302 388 330 Cum
402 310 466 338 ergo
477 302 542 330 dicit
555 310 672 337 sponsus
686 311 691 330 :
706 302 788 338 Tigna
805 304 852 329 do-

81 357 171 377 morum
186 353 339 375 nostrarum
352 348 436 381 cedri,
452 347 602 382 intelligere
615 348 745 375 debemus
756 347 852 375 cedrus

81 397 120 424 Dei
134 402 191 423 esse
210 402 259 422 eos
281 394 326 429 qui
349 393 496 421 Ecclesium
513 397 669 428 contegunt,
686 398 713 420 et
729 400 789 421 esse
804 393 853 420 ali-

80 449 138 477 quos
160 441 256 467 horum
283 439 428 467 validiores
453 439 500 473 qui
516 438 606 466 trabes
625 438 804 473 appellantur.
819 437 853 464 Et

80 492 137 523 puto
157 486 229 522 quod
251 485 445 514 convenienter
465 484 492 511 hi
517 484 564 519 qui
583 484 767 519 episcopatum
786 483 852 510 bene

80 533 225 560 ministrant
241 531 268 558 iu
288 530 419 563 Ecclesia,
438 530 527 557 trabes
542 529 594 556 dici
612 533 735 564 possunt.
754 528 852 563 quibus

79 582 237 607 sustentatur
250 581 279 604 et
295 576 394 611 tegitur
416 582 496 602 omne
520 574 676 607 aedilicium,
699 574 742 601 vel
757 574 791 601 ab
803 574 853 601 im-

79 621 158 650 brium
174 621 243 654 labc,
261 620 303 648 vel
322 620 356 647 ab
371 619 516 647 ardoribus
529 619 604 646 solis.
620 618 746 646 Secundo
761 624 850 646 autem

78 668 167 695 borum
187 667 247 694 loco
271 666 346 701 tigna
364 665 536 700 presbyteros
549 665 646 700 opinor
659 664 786 699 appellari
801 673 809 692 :
826 668 852 691 et

80 713 160 739 trabes
180 711 292 746 quidem
317 711 370 738 dici
391 717 546 746 cypressos.
563 710 663 745 quibus
678 714 705 737 et
721 709 852 737 fortitudo

78 758 216 791 robiistior,
237 762 266 784 et
293 757 361 784 odor
375 755 518 783 suavitatis
540 755 619 788 inest,
637 763 685 790 per
699 755 772 790 quod
786 760 812 782 et
824 755 850 782 in

77 804 196 838 operibus
209 803 341 835 solidum,
355 805 382 829 et
396 802 423 829 in
440 801 571 829 doctrinae
583 801 671 837 gratia
686 800 850 836 fragrantem

77 849 192 884 designat
204 849 259 884 7ο
281 848 449 883 episcopum.
471 847 602 874 Similiter
618 852 709 874 autem
729 850 757 874 et
777 846 850 881 tigna

77 882 164 922 cedrus
178 882 326 929 appellavit
339 897 368 920 ut
381 901 429 928 per
442 893 494 920 hoc
511 893 723 927 incorruptionis
744 888 852 920 virtutis
868 882 888 910 Β

76 945 99 968 et
110 939 197 967 odoris
215 940 337 967 scientiae
355 939 457 967 Clu-isti
475 939 569 974 plenos
586 938 741 974 designaret
755 938 853 966 debere

76 994 130 1013 esse
143 987 324 1022 presbyteros.

107 1030 169 1066 Cap.
184 1031 216 1060 Il.
239 1031 317 1059 Vcrs.
332 1032 357 1065 l,
369 1032 396 1058 ‘2.
421 1031 476 1067 Ego
492 1031 541 1065 ﬂos
555 1031 641 1066 campi
658 1036 682 1058 et
697 1031 782 1058 lilium
795 1030 851 1067 (62)

75 1077 223 1104 convallium
235 1086 244 1104 :
257 1078 325 1104 sicut
341 1077 429 1104 lilium
444 1077 472 1104 in
483 1077 568 1104 medio
581 1077 728 1112 spinarum,
743 1078 781 1104 ita
791 1085 853 1112 pro-

75 1123 140 1149 xima
155 1130 210 1149 mea
229 1123 257 1149 in
275 1123 360 1149 medio
379 1122 508 1157 ﬁliarum.
536 1121 599 1149 Haec
627 1122 672 1150 ille
699 1123 746 1158 qui
768 1130 850 1158 spon-

76 1174 118 1194 sus
128 1171 154 1194 et
168 1167 287 1193 Verbum
300 1170 326 1193 et
338 1167 469 1202 sapientia
482 1171 535 1198 est,
553 1165 587 1193 de
606 1167 751 1202 semetipso
771 1171 798 1194 et
819 1167 853 1194 de

77 1220 164 1247 sponsa
178 1212 209 1239 ad
221 1212 327 1240 amicos
338 1220 369 1240 ac
381 1211 489 1240 sodales
499 1220 564 1240 suos
579 1214 652 1248 loqui
666 1213 781 1240 videtur.
799 1212 852 1240 Sed

77 1257 214 1285 secundum
226 1257 373 1292 propositas
389 1258 567 1292 expositionis
587 1259 712 1286 ordinem
726 1258 851 1286 Christus

77 1302 128 1331 haec
145 1303 177 1330 de
196 1302 319 1330 Ecclesia
336 1303 410 1337 loqui
424 1303 614 1339 intelligendus
627 1309 679 1337 est,
695 1308 723 1332 et
738 1305 794 1338 ipse
810 1304 851 1330 di-

75 1355 130 1376 cere
152 1355 180 1376 se
203 1347 299 1376 liorem
325 1355 386 1376 esse
412 1348 501 1383 campi
524 1353 552 1376 et
573 1349 660 1376 lilium
676 1349 849 1377 convallium.

75 1392 184 1427 Campus
199 1393 329 1428 planities
343 1398 422 1421 terra:
434 1393 545 1426 dicitur,
562 1394 606 1421 cui
619 1394 724 1426 cultura
740 1394 852 1421 adhibe-

76 1442 114 1464 tur
124 1442 149 1465 et
158 1439 294 1466 excolitur
318 1438 353 1465 ab
369 1438 503 1473 agricolis.
517 1438 659 1467 Convalles
672 1446 736 1467 vero
753 1447 850 1467 saxosa

76 1484 153 1518 magis
170 1489 198 1512 et
213 1484 318 1512 inculta
335 1485 457 1512 indicant
471 1472 707 1513 loca.‘Possumus
722 1490 811 1513 autent
824 1491 850 1513 et

76 1537 191 1565 campum
204 1530 283 1558 illum
297 1530 446 1566 intelligere
465 1532 593 1566 populum
613 1532 659 1566 qui
675 1539 723 1567 per
736 1533 852 1567 prophc-
864 1543 887 1575 ο

75 1578 111 1601 tas
126 1575 264 1603 colebatur
283 1581 310 1603 et
323 1575 408 1611 legem
420 1585 427 1610 ;
440 1576 590 1604 convallem
607 1585 672 1605 vero
685 1585 812 1605 saxorum
825 1583 852 1606 et

75 1620 195 1648 incultum
211 1622 334 1657 gentium
358 1622 459 1649 locum.
477 1622 600 1657 Sponsus
622 1630 687 1658 ergo
698 1623 743 1650 hic
759 1623 786 1650 in
803 1623 852 1651 Ju-

74 1665 184 1694 dzeorum
200 1667 303 1702 populo
319 1667 368 1695 llos
385 1667 435 1694 fuit
448 1676 454 1695 :
469 1668 514 1695 sed
527 1668 655 1703 quoniam
670 1669 805 1696 neminem
817 1669 850 1696 ad

75 1710 213 1745 perlectum
233 1712 349 1740 adduxit
372 1713 427 1745 lex,
453 1712 555 1740 idcirco
581 1712 608 1739 in
621 1712 666 1740 illo
689 1720 742 1740 non
765 1713 852 1747 potuit

75 1753 183 1783 Verbum
195 1755 243 1784 Dei
260 1756 295 1784 ad
312 1756 405 1784 liorem
419 1757 560 1792 prolicere,
576 1762 603 1785 et
614 1758 646 1786 ad
658 1757 849 1792 perfectionem

75 1798 200 1827 fructuum
222 1802 375 1836 pervenire.
402 1801 431 1830 lu
459 1802 511 1830 ista
537 1806 627 1831 tamen
652 1803 774 1831 convalle
790 1811 851 1839 gelu

75 1846 135 1872 tium
155 1847 268 1874 etractus
289 1852 333 1875 est
349 1848 446 1881 lilium,
467 1849 619 1883 cuiusmodi
640 1853 729 1877 autem
747 1848 852 1876 lilium?

75 1889 133 1918 Tale
147 1891 204 1919 sine
224 1892 310 1919 dubio
335 1893 416 1927 quale
437 1898 464 1921 et
489 1891 599 1928 ipse‘in
617 1893 770 1930 Evangeliis
787 1894 852 1922 dicit

73 1936 137 1969 quod
152 1935 231 1965 Pater
252 1938 375 1966 cmiestis
400 1939 490 1966 vestit.
512 1939 563 1967 Et:
580 1939 668 1975 Neque
684 1939 808 1968 Salomon
825 1940 852 1966 in

73 1981 137 2008 omm‘
151 1982 236 2016 gloria
253 1991 304 2010 sua
326 1983 434 2010 indutus
458 1989 496 2012 est
519 1985 586 2013 sicut
608 1993 690 2013 unum
707 1993 739 2013 ex
754 1986 814 2013 istis
829 1985 849 2012 '.

75 2026 111 2053 Fit
124 2034 185 2062 ergo
196 2028 286 2057 lilium
303 2028 331 2056 in
346 2029 398 2056 hac
412 2030 534 2058 convalle
545 2038 674 2065 sponsus,
690 2031 718 2058 in
731 2038 764 2058 eo
779 2031 851 2066 quod

73 2073 173 2101 vestivit
191 2083 255 2102 cum
278 2074 357 2103 Pater
372 2076 490 2104 cazlcstis
513 2076 559 2104 tali
580 2076 741 2104 vestimento
761 2077 852 2104 carnis

73 2119 144 2152 quale
160 2128 210 2147 nec
226 2120 358 2148 Salomon
377 2121 403 2149 in
426 2122 501 2149 omni
517 2122 602 2156 gloria
625 2130 674 2150 sua
694 2122 793 2150 habere
807 2129 853 2157 po-

102 2188 112 2204 '
123 2188 191 2217 Psal.
205 2198 289 2223 Lsxx,
307 2190 349 2218 10.
387 2190 499 2219 ’Matth.
516 2200 553 2225 vt,
565 2192 610 2220 ἓξ).
651 2193 671 2208 ¹⁰
691 2191 834 2226 1.10am",
849 2193 889 2220 l9.

907 261 943 288 tia
961 260 1022 293 viri,
1048 264 1075 287 et
1098 258 1243 286 concubitu
1271 258 1393 285 mulieris
1423 258 1635 287 immaculatam.
1661 263 1688 286 ct

906 306 974 334 nulli
998 313 1110 341 prorsus
1135 310 1246 340 peccato
1273 304 1418 331 obnoxiam
1446 311 1566 331 carnem.
1589 303 1641 331 Sed
1660 307 1688 331 et

903 360 1018 380 causam
1038 359 1087 379 cur
1109 351 1133 379 is
1156 351 1202 386 qui
1224 351 1250 378 in
1274 358 1370 385 campo
1390 349 1438 377 llos
1459 350 1556 383 fuerat,
1575 350 1688 378 voluerit

903 405 964 425 esse
982 397 1008 424 in
1024 396 1193 424 convallibus
1211 395 1308 428 lilium,
1328 395 1434 422 videtur
1447 395 1597 422 ostendere.
1618 394 1685 422 Cum

902 443 975 471 enim
998 443 1083 470 multo
1102 448 1221 477 tempore
1236 440 1285 469 llos
1311 440 1405 468 fuisset
1419 441 1445 468 in
1458 448 1564 476 campo,
1581 440 1685 468 nullum

903 488 971 516 dicit
985 495 1017 516 ex
1035 488 1095 523 ipso
1113 495 1208 522 campo
1229 486 1322 514 florem
1340 486 1374 513 ad
1399 486 1574 513 imitationem
1594 486 1636 513 sui
1653 494 1686 514 ac

904 533 1111 561 similitudinem
1135 533 1312 567 processisse.
1338 530 1388 558 Ubi
1410 539 1473 559 vero
1494 530 1582 559 factus
1600 535 1641 559 est
1658 531 1685 558 in

902 579 1070 607 convallibus
1086 578 1184 610 lilium,
1197 578 1327 605 continuo
1342 577 1422 604 etiam
1435 577 1548 604 edicitur
1563 577 1685 612 proxima

902 624 962 658 ejus
987 623 1137 650 imitatione
1159 623 1244 658 ipsius
1270 624 1355 650 lilium
1375 633 1381 651 :
1401 628 1430 650 ut
1454 631 1543 659 operae
1567 623 1684 658 pretium

903 669 994 701 fuerit,
1013 668 1141 704 quoniam
1158 668 1216 703 ipse
1232 668 1343 696 effectus
1366 673 1408 696 est
1429 668 1527 702 lilium,
1554 674 1584 695 ut
1604 669 1684 695 etiam

901 714 1025 750 proxima
1041 713 1110 749 ejus,
1128 714 1153 741 id
1169 720 1211 741 cst
1229 722 1399 749 unaquaeque
1413 715 1503 741 anima
1521 722 1581 749 qua:
1597 714 1621 740 ci
1639 722 1685 749 ap-

901 759 1039 795 proximat
1053 764 1079 786 et
1095 759 1248 794 exemplum
1273 759 1333 794 ejus
1353 759 1586 793 imitationemque
1599 764 1684 787 secta-

901 810 956 838 tur,
968 804 1055 832 lilium
1070 805 1126 832 tiat.
1142 803 1219 838 Quod
1235 811 1299 840 ergo
1321 804 1358 831 ait
1373 814 1378 831 :
1395 803 1470 831 Sicut
1486 804 1570 831 lilium
1588 805 1614 831 in
1634 813 1674 831 me

902 851 946 878 dio
962 851 1107 886 spinarum,
1133 850 1171 877 ita
1193 851 1314 884 proxima
1334 858 1391 877 nica
1413 850 1439 876 in
1458 850 1542 877 medio
1557 851 1685 885 ﬁliarum,

902 896 1066 932 accipiemus
1083 896 1115 924 de
1131 895 1251 924 Ecclesia
1267 896 1322 932 (65)
1339 897 1459 932 gentium
1474 896 1543 929 dici;
1560 896 1631 931 quod
1645 897 1686 923 vel

902 951 917 971 e
931 942 1020 970 medio
1035 942 1182 970 infidelium
1196 947 1222 969 ct
1235 949 1289 969 non
1303 942 1482 973 crcdcntiutn,
1496 942 1574 977 quasi
1587 950 1619 969 ex
1631 941 1688 977 spi-

902 988 945 1015 nis
959 987 1111 1019 emerserit,
1129 987 1168 1014 vel
1186 995 1235 1022 pro
1253 988 1442 1015 haereticorum
1459 987 1688 1021 circumstrepen-

902 1033 969 1061 tium
982 1040 1011 1060 se
1023 1032 1159 1060 morsibus
1172 1033 1198 1060 iu
1215 1033 1303 1061 medio
1315 1033 1454 1069 spinarum
1468 1033 1556 1069 posita
1570 1033 1685 1060 dicatur.

902 1078 980 1113 Quod
997 1082 1024 1105 ct
1040 1078 1127 1113 magis
1152 1078 1286 1105 videbitur
1310 1079 1457 1106 verisimile
1482 1087 1531 1113 pro
1557 1087 1589 1105 co
1615 1079 1687 1116 qpod

902 1124 967 1151 dicit
980 1133 986 1150 :
998 1122 1041 1149 Ila
1053 1124 1174 1158 proxima
1187 1131 1243 1150 mea
1258 1123 1284 1149 in
1298 1123 1381 1150 medio
1395 1123 1524 1157 ﬁliarum.
1542 1122 1600 1150 Non
1613 1124 1686 1151 enim

903 1168 972 1196 ﬁlias
981 1169 1142 1204 appellasset
1155 1169 1214 1196 illas
1226 1169 1341 1201 animas,
1354 1176 1414 1204 qua:
1425 1177 1563 1203 nunquam
1574 1169 1687 1196 omnino

902 1218 1033 1242 venerunt
1049 1214 1081 1241 ad
1094 1214 1268 1242 credendum.
1282 1214 1382 1241 Omnes
1394 1221 1458 1248 ergo
1470 1213 1586 1241 hatrctici
1598 1214 1687 1248 primo

902 1259 935 1287 ad
952 1259 1140 1287 credulitatem
1155 1260 1276 1293 veniunt,
1289 1264 1315 1287 ct
1327 1264 1387 1294 post
1399 1259 1455 1286 haec
1466 1259 1499 1286 ab
1513 1259 1609 1286 itinere
1625 1259 1685 1287 lidci

902 1311 928 1334 et
939 1306 1093 1340 dogmatum
1104 1305 1218 1332 veritate
1229 1305 1274 1332 Dci
1286 1305 1431 1332 declinant.
1445 1305 1520 1332 Sicut
1531 1309 1556 1331 et
1569 1303 1686 1331 Joannes

902 1350 1040 1386 apostolus
1058 1349 1084 1376 in
1102 1349 1221 1385 Epistola
1239 1357 1288 1377 sua
1303 1349 1367 1376 dicit
1385 1359 1391 1376 :
1416 1348 1468 1382 Qui
1487 1358 1502 1376 a
1523 1349 1596 1376 nobis
1616 1349 1687 1375 eric-

902 1400 974 1427 runt,
986 1394 1030 1421 sed
1044 1402 1093 1421 non
1111 1398 1187 1421 erant
1203 1402 1235 1421 ea:
1247 1395 1331 1421 nobis.
1348 1394 1418 1421 Nam
1431 1394 1454 1420 si
1471 1394 1583 1428 fuissent
1593 1402 1625 1420 ea:
1641 1401 1688 1420 ηοο

902 1440 951 1473 bis,
965 1441 1166 1475 permansissent
1181 1441 1270 1475 utique
1285 1440 1418 1466 nobiscum
1428 1440 1460 1466 ‘°.
1476 1439 1627 1467 Possumus
1640 1447 1687 1465 au-

902 1489 955 1511 tem
967 1487 994 1511 et
1007 1484 1039 1511 ad
1053 1491 1274 1518 unamquamque
1285 1484 1402 1511 animam
1417 1483 1442 1511 id
1453 1483 1610 1515 referentes,
1626 1483 1688 1510 huic

902 1528 1010 1565 quidem
1026 1529 1124 1556 anima:
1141 1537 1200 1564 quae
1215 1536 1264 1564 pro
1279 1529 1450 1564 simplicitate
1467 1528 1509 1556 sui
1524 1533 1550 1556 et
1566 1528 1686 1563 planitie,

903 1574 944 1602 vel
958 1574 1085 1609 aequitate
1094 1581 1207 1609 campus
1217 1573 1269 1601 dici
1284 1579 1383 1609 potest,
1394 1574 1486 1602 ﬂorem
1499 1575 1556 1602 fieri
1569 1574 1686 1602 Verbum

905 1619 961 1652 Dei,
977 1623 1003 1646 et
1017 1618 1094 1647 initia
1107 1619 1239 1646 bonorum
1254 1626 1366 1654 operum
1381 1620 1488 1647 docere.
1502 1620 1550 1648 llis
1565 1627 1628 1648 vero
1641 1621 1686 1655 qui

903 1664 1078 1700 profundiore
1089 1665 1144 1699 jam
1157 1669 1292 1699 quaerunt,
1303 1668 1331 1692 et
1341 1665 1506 1693 demersiora
1519 1670 1686 1698 scrutantur,

903 1711 981 1746 quasi
997 1712 1023 1738 in
1039 1711 1208 1739 convallibus
1225 1711 1266 1738 vel
1285 1718 1334 1746 pro
1350 1711 1473 1739 claritate
1487 1712 1631 1747 pudicitize,
1647 1713 1687 1739 vel

903 1764 952 1792 pro
965 1756 1070 1791 fulgore
1084 1757 1224 1791 sapientiae
1235 1756 1349 1784 elIicitur
1365 1757 1461 1790 lilium,
1477 1761 1506 1784 ut
1520 1761 1547 1784 et
1561 1757 1610 1791 ipsi
1623 1758 1689 1784 liant

905 1802 959 1829 lilia
970 1802 1139 1836 erumpentia
1149 1801 1182 1829 de
1194 1802 1283 1829 medio
1297 1802 1447 1837 spinarum,
1463 1802 1489 1829 id
1501 1807 1543 1830 est
1554 1801 1688 1836 fugientes

904 1848 1079 1883 cogitationes
1097 1851 1125 1875 et
1145 1847 1342 1875 sollicitudines
1362 1848 1506 1875 saeculares
1527 1855 1587 1882 qua:
1602 1848 1688 1883 spinis

904 1894 930 1920 in
948 1893 1092 1928 Evangelio
1108 1898 1271 1928 comparatae
1285 1897 1358 1920 sunt.

938 1937 1015 1966 Vers.
1031 1939 1058 1965 5.
1081 1937 1156 1965 Sicut
1172 1938 1251 1965 arbor
1270 1939 1335 1965 ntali
1358 1939 1427 1965 inter
1449 1939 1520 1974 ligna
1541 1938 1624 1972 silum,
1647 1939 1686 1964 ita

903 1984 1035 2018 fraternus
1047 1991 1118 2010 meus
1131 1984 1199 2010 inter
1211 1983 1327 2010 medium
1338 1983 1466 2018 ﬁliorum.
1481 1982 1514 2010 In
1526 1983 1618 2010 umbra
1630 1983 1686 2017 ejus
1704 1999 1706 2003 ι

902 2029 1038 2064 concupiui
1053 2033 1078 2056 et
1093 2029 1158 2062 sedi,
1176 2034 1201 2056 et
1223 2029 1324 2064 fructus
1340 2030 1397 2064 ejus
1415 2028 1502 2057 dulcis
1520 2030 1547 2056 in
1567 2029 1687 2064 faucibus

904 2076 977 2102 meis.
994 2075 1088 2102 Decuit
1098 2075 1206 2109 quidem
1219 2082 1347 2110 sponsum
1356 2079 1382 2102 ct
1393 2075 1426 2102 de
1434 2075 1579 2110 semetipso
1587 2075 1686 2107 dicere.

904 2121 970 2157 quid
980 2125 1052 2149 esset
1062 2121 1088 2148 in
1099 2128 1207 2156 campo,
1217 2121 1281 2156 quid
1294 2121 1374 2148 etiam
1386 2120 1411 2147 in
1423 2120 1590 2148 convallibus
1600 2129 1607 2153 ;
1618 2125 1645 2148 et
1654 2121 1687 2147 de

104 2247 243 2295 flos
257 2251 489 2295 campietﬁlilium,
505 2251 724 2295 etc._‘Pro'copiu_s
739 2252 852 2295 "Gazams
868 2254 890 2281 D
904 2257 987 2286 vocat,
1002 2253 1071 2293 quod
1086 2253 1113 2295 in
1130 2253 1171 2279 via
1182 2257 1219 2295 est
1234 2256 1262 2278 ut
1280 2252 1326 2292 ﬁat
1336 2252 1456 2295 fructus.
1479 2251 1586 2295 Verbum
1599 2254 1686 2295 itaque

74 2281 138 2321 hunc
148 2284 236 2321 locum
253 2292 286 2321 ex
295 2281 408 2321 Origene
417 2287 456 2313 sic
467 2281 578 2320 exponit
591 2296 598 2314 z
616 2281 685 2321 Ἐγὼ
696 2287 787 2319 ἄνθος
799 2287 852 2314 τοῦ

73 2317 178 2357 sedici).
197 2319 298 2357 ᾍνθοί
307 2317 380 2354 λέεξει
394 2321 423 2348 τὺ
440 2317 530 2348 ὁδεῦὸν
545 2321 591 2348 ἐπὶ
600 2321 631 2348 τὸ
642 2317 851 2357 ⁸ξενέίςθςιῖκαρ-

73 2351 126 2410 ἑνός.
144 2353 185 2380 Ἐν
201 2352 249 2381 οὖν
265 2354 303 2389 τῷ
320 2351 449 2396 πξριγειῳ
464 2357 539 2392 τόπῳ
553 2351 761 2418 πεδίῳὲηοέντι
773 2351 852 2388 duilio;

87 2387 139 2414 στὶν
152 2389 165 2414 ό
182 2390 302 2418 νυμφίος
318 2390 401 2418 Λογος
417 2391 455 2418 ὡς
472 2391 539 2418 πρὸς
555 2391 590 2418 τὰ
607 2392 640 2418 ιιέ
672 2400 745 2418 οντα.
767 2392 851 2418 Ὅταν

73 2385 171 2427 ιίτξτὶιζρΔ
182 2385 302 2427 vultqth
417 2385 539 2427 tit-{71tpr
555 2385 754 2427 τὰνμξέλλόντᾳν
767 2385 851 2419 Ὄταῦ

74 2420 120 2460 τᾲρ
132 2421 192 2459 ἔλθῃ
205 2420 235 2451 ib
247 2420 366 2456 ῖτέλειονξ
380 2420 571 2460 μξετσῖὃιῖιεϊτὸ
586 2420 665 2458 ἄῦθος
679 2427 719 2458 εὶς
734 2426 763 2453 τὸ
777 2428 852 2460 γενέ-

75 2454 265 2497 pagatim,
275 2460 330 2497 non
343 2454 409 2497 sitit
423 2461 459 2496 μὴ
465 2461 553 2497 *πλέον
564 2454 682 2497 χωροῡξςι
695 2454 740 2488 {ea
755 2454 792 2493 ώξ
804 2462 851 2488 ἄν-

73 2489 114 2533 ροξ
127 2489 203 2533 λόγὸι)
224 2489 279 2533 ἔτι).
287 2495 338 2530 γῆς
349 2489 509 2533 ,ηδιὰδῑᾷὖτο
524 2489 661 2533 ςγὲἶᾳνὲιιρ
680 2489 794 2532 νυμφίοξς
814 2497 852 2533 ᾡς

73 2525 208 2573 caesia.
218 2525 335 2573 nam:
499 2525 852 2573 supra

73 2559 174 2602 5015.101)
181 2563 304 2602 :laé’tinj,
318 2565 386 2602 πρρς
400 2565 431 2602 to
443 2559 588 2602 δμντίθῆναι
603 2566 654 2602 τὴν
671 2559 749 2599 δόξαῆ
768 2559 852 2593 almis

75 2596 136 2627 μετὰ
147 2597 230 2636 causa
247 2596 396 2636 iliacaeth
411 2601 494 2635 ἡμᾶς.
503 2596 621 2636 ’Μῆποτε
631 2596 663 2628 ’δὲ
675 2596 732 2632 τοῖς
748 2601 796 2636 μὲν
807 2601 850 2636 εὑ-

73 2632 234 2673 γενξστέροις
248 2634 294 2660 καὶ
305 2632 536 2669 όμαλέσιτπεδίοις
546 2632 590 2662 dvo
613 2632 755 2671 αζομένοιξ
771 2635 851 2667 ἄνθος

74 2664 135 2696 ἐστι,
152 2670 206 2697 τοῖς
216 2668 245 2695 δὲ
257 2669 359 2696 τούτων
376 2671 540 2697 Maroneam:
556 2645 778 2697 καςκοιλοτέοοις
791 2671 851 2697 κοί-

74 2664 206 2706 ὲστὶ,-τό;ἰς
216 2668 245 2695 δὲ
257 2664 359 2706 τρύτὶυν
376 2664 540 2706 κατωτέρωξ
556 2664 603 2697 καὶ
615 2664 778 2706 κὸιῖιοτέρᾶις
791 2664 851 2706 κρίξ

74 2707 121 2742 92V.
133 2701 228 2742 ξΓςςδςεα.
244 2705 333 2742 φῂσας
346 2706 360 2730 ὁ
372 2701 490 2742 γυμφίοξ
499 2701 665 2742 Δτιάραὸάλλει
677 2701 728 2741 τὴιῖ
737 2701 849 2742 allusion

74 2737 249 2785 arietinum;
259 2737 420 2781 θὺγᾳτράσί,
434 2737 496 2785 ἶτὲῐξ
503 2737 612 2785 grai-ttat;
626 2737 735 2785 ψπιδχαῗς,
750 2737 849 2785 αἴξξνὲξ

74 2770 134 2809 sitm
142 2770 260 2811 ﬁxavliat
274 2770 359 2811 τ-σὶύτῂ
376 2770 623 2811 παραβαλλᾴμεναὶ.
633 2770 766 2802 ’Τὸἱαῦιέαι
779 2775 807 2811 δὲ
820 2770 847 2801 αἱ

76 2805 108 2843 μὴ
122 2805 232 2846 τελησίρν
243 2809 297 2846 ,τρῠ
314 2805 541 2846 wiirtoivuxal:
555 2812 571 2846 ἡ
586 2811 613 2837 δὲ
628 2811 740 2846 πλησίον
753 2810 846 2846 ξιρίνον

76 2840 100 2863 ἐν
113 2840 186 2877 μέσῳ
199 2840 354 2879 διαλάμποιί
367 2840 465 2872 torsi.
480 2840 537 2881 Ἑῃο
556 2840 604 2880 [ius
626 2840 720 2880 campi.
741 2840 845 2873 Florem

904 2295 1024 2324 sponsus,
1039 2289 1072 2324 in_
1083 2292 1184 2324 terreno
1198 2287 1255 2324 loco
1269 2287 1313 2321 qui
1328 2294 1434 2324 campus
1453 2293 1626 2324 nuncupatur,
1636 2287 1685 2324 [las

903 2327 941 2350 est
953 2323 975 2359 si
988 2331 1047 2349 cum
1059 2322 1156 2356 futuris
1171 2322 1332 2359 conﬁralur.
1346 2321 1411 2359 Cum
1423 2321 1490 2347 enim
1507 2324 1602 2359 t'encrt'l
1618 2321 1685 2359 quod

903 2357 1101 2394 perfectumesl,
1118 2357 1262 2394 mutabitur
1277 2356 1325 2390 [los
1340 2361 1368 2394 ut
1385 2356 1485 2389 fructus
1498 2357 1557 2390 ﬁat.
1576 2358 1608 2394 Et
1623 2356 1686 2394 quia

904 2391 954 2419 non
970 2392 1082 2426 amplius
1102 2391 1208 2425 cupiunt
1224 2399 1302 2425 quant
1317 2391 1419 2417 verbum
1433 2396 1562 2426 quatenus
1581 2391 1635 2427 ﬂos
1648 2398 1685 2420 est

903 2435 979 2461 super
991 2431 1097 2459 terram,
1109 2427 1206 2453 idcirco
1219 2433 1328 2462 sponsus
1340 2431 1367 2452 ut
1379 2427 1428 2460 [los
1440 2428 1525 2460 campi
1537 2428 1623 2462 [actus
1631 2435 1668 2456 est
1677 2437 1686 2455 :

903 2470 965 2489 nam
979 2471 987 2487 ι
1003 2462 1116 2495 seipsum
1130 2461 1273 2497 exinanirit
1299 2461 1413 2494 formant
1435 2462 1659 2497 set'vi‘accipiens,
1673 2474 1682 2489 ι

904 2502 932 2524 ut
946 2505 992 2523 nos
1005 2501 1094 2531 postea
1109 2495 1220 2530 gloriam
1234 2496 1289 2530 ejus
1303 2504 1474 2523 conteremus.
1488 2495 1639 2524 Forte'vero
1653 2499 1685 2525 iis

903 2533 947 2567 qui
960 2532 1042 2566 magis
1053 2531 1157 2567 ingenui
1169 2535 1229 2559 sunt
1243 2539 1274 2557 ac
1285 2531 1396 2565 wquules
1409 2531 1495 2567 campi
1507 2531 1685 2565 appellantur,

904 2565 953 2601 [70s
970 2565 1094 2597 exsistit;
1113 2566 1167 2593 illis
1183 2574 1242 2601 vcro
1253 2567 1297 2600 qui
1312 2571 1373 2591 sunt
1388 2565 1447 2592 istis
1462 2566 1635 2600 depressiore:
1654 2576 1686 2594 ac

905 2601 988 2636 magis
1007 2601 1074 2634 cavi,
1090 2601 1187 2628 lilium.
1204 2600 1267 2629 Ilazc
1279 2600 1382 2627 locutus
1397 2602 1684 2636 sponsuskpraaintam

904 2635 980 2663 suum
996 2636 1102 2670 reliquis
1116 2635 1222 2670 ﬁliabus
1242 2639 1378 2670 comparat
1401 2635 1473 2669 (aliis
1491 2635 1605 2662 uidelicet
1623 2637 1678 2662 ani-

904 2669 1074 2705 mabus)quaa
1083 2669 1142 2697 sunt
1158 2671 1241 2705 spina:
1252 2669 1356 2704 quando
1367 2677 1426 2696 cum
1440 2670 1488 2696 hac
1502 2670 1680 2705 conferuntur.

905 2705 981 2733 Tales
996 2706 1077 2740 igitur
1091 2706 1186 2732 animm
1204 2710 1275 2735 sunt,
1287 2712 1344 2739 quae
1358 2712 1407 2740 non
1420 2710 1479 2731 sunt
1494 2706 1581 2739 sponsi
1593 2708 1683 2740 proxi-

902 2749 967 2772 ma);
981 2739 1038 2776 qua:
1052 2745 1139 2767 autem
1153 2741 1274 2774 proxima
1285 2744 1333 2772 est,
1349 2739 1435 2766 lilium
1450 2744 1487 2766 est
1504 2740 1616 2768 candore
1630 2741 1681 2768 nti—

900 2784 962 2802 cans
977 2777 1004 2802 in
1019 2776 1102 2802 medio
1116 2783 1217 2802 earum.

936 2811 991 2846 (65)
1011 2810 1087 2844 Mss.,
1104 2810 1134 2837 de
1150 2809 1277 2837 Ecclesia.
1293 2809 1375 2842 Edit.,
1394 2808 1550 2838 Ecclesium.
