1846 3053
29 181 85 210 865

621 182 653 210 IN
672 183 790 212 LUCASI
810 182 951 210 llOMlLlA
967 180 1049 212 XXV.

1582 183 1657 212 18ῧὺ

29 247 64 268 oc
83 248 150 268 eum
161 249 242 269 amne
265 241 392 277 baptizet,
407 247 435 270 et
449 242 481 270 ad
507 242 598 277 cupita
615 243 783 269 transmittat
797 250 804 268 :
820 244 842 272 Α
858 242 937 269 bebat
953 242 1105 273 sacculum,
1125 249 1178 268 non
1196 242 1338 275 ianiulum,
1358 251 1411 269 non
1428 243 1521 269 saltem
1541 243 1590 270 \ile
1605 249 1648 270 tu-
1665 234 1670 238 ’

29 293 76 313 um
97 294 175 319 vero,
188 287 235 321 qui
254 294 307 314 non
326 287 408 314 habet
431 287 538 321 signum
564 286 685 320 priorum
704 284 808 319 baptis-

29 336 136 362 iatutn,
150 331 259 358 lavacro
277 331 355 366 igneo
379 339 434 358 non
448 331 530 367 962
550 331 679 366 baptizct.
696 328 810 365 Oportet

29 377 88 404 nim
114 377 193 412 prius
206 377 325 412 aliquem
346 377 479 412 baptizari
503 385 574 412 aqua
590 383 617 404 et
637 377 734 412 spiritu
748 396 756 409 ,
781 380 810 403 ut

29 430 75 451 um
104 423 140 450 ad
171 423 280 458 igneum
302 422 415 450 ﬂuvium
434 423 558 454 venerit,
576 421 703 450 ostendat
730 429 761 449 se
783 425 811 449 et

29 476 92 503 qua:
106 473 136 496 et
151 469 263 503 spiritus
276 468 384 495 lavacra
398 475 533 500 servasse,
546 473 574 496 et
587 472 653 495 tunc
673 471 810 494 mereatur

29 516 96 542 tiam
115 515 188 550 ignis
213 514 338 549 accipere
362 514 528 549 baptismum
544 513 572 541 in
587 513 697 541 Christo
721 512 785 541 Jcsu
802 523 808 539 ε

29 561 54 588 ui
83 564 130 588 est
152 560 237 596 gloria
260 564 288 588 et
309 560 454 595 imperium
472 560 499 588 in
517 560 616 588 saecula
634 560 809 588 seculorum.

35 615 114 634 men.

291 652 437 680 HOMUJA
452 651 536 679 XXV.

29 701 49 725 te
65 698 221 733 suspicione
241 706 321 732 quam
342 698 454 724 habebat
467 697 578 733 populus
590 697 621 724 de
639 697 754 730 Joanne,
772 705 803 724 ne

156 734 224 768 forte
236 733 291 768 ipse
307 737 374 760 esset
390 733 522 760 Christus.
538 732 603 768 Cap.
619 740 660 760 tu.

44 790 139 818 liabet
156 790 307 825 periculum
319 794 347 818 et
357 790 477 823 dilectio,
500 790 524 818 si
550 789 661 817 modum
676 793 809 818 transeat.

29 837 99 864 icbet
112 836 188 863 enim
203 836 250 871 qui
264 836 382 871 aliquem
399 835 503 870 diligit,
519 840 632 862 naturas
658 840 686 863 et
710 843 810 864 causas

32 883 198 910 onsiderare
215 882 317 915 dilecti,
333 886 360 909 et
374 890 428 910 non
442 890 504 909 eum
520 882 582 917 plus
598 882 711 917 diligere
727 890 809 916 quant

29 933 151 957 teretur.
165 927 233 956 Nam
251 928 274 956 si
286 935 443 955 mensuram
457 928 615 960 charitatis,
641 928 809 962 modumque

29 975 225 1007 anscenderit,
237 978 265 1002 et
274 974 320 1009 qui
334 974 430 1010 diligit,
446 978 473 1001 et
486 974 533 1009 qui
548 974 670 1008 diligitur
681 994 689 1006 ,
703 973 730 1001 in
747 981 810 1008 pec-

29 1026 73 1048 ato
88 1025 183 1048 erunt.
196 1020 273 1054 Quod
289 1024 319 1047 ut
328 1019 502 1047 manifestius
512 1019 558 1047 liat
569 1026 704 1054 ponamus
718 1027 811 1047 exem-

29 1067 100 1094 lum.
115 1065 250 1093 Joannem
262 1064 379 1100 populus
388 1064 584 1097 mirabatur,et
592 1064 721 1099 diligebat
731 1071 808 1091 eum:

29 1117 150 1140 trevera
160 1115 218 1138 erat
230 1111 330 1146 dignus
348 1109 492 1142 miraculo,
508 1114 537 1137 ut
550 1107 612 1144 plus
627 1109 651 1136 ei
664 1117 746 1144 quam
759 1117 812 1137 car

29 1159 79 1186 aris
97 1157 257 1185 hominibus
275 1156 438 1189 deferretur,
453 1155 518 1191 quia
530 1156 609 1183 aliter
624 1163 707 1190 quam
719 1155 811 1183 cuncti

29 1204 147 1232 mortales
159 1203 272 1230 vixerat.
288 1201 349 1229 Non
362 1209 458 1229 omnes
476 1209 573 1229 sumus
594 1202 711 1236 simplici
740 1209 810 1229 con-

29 1250 79 1278 anti
99 1250 174 1282 cibo,
189 1249 236 1277 sed
248 1249 378 1276 varietate
392 1248 561 1275 delectamur
569 1255 695 1275 escarum
706 1255 713 1274 :
726 1255 811 1275 unum

34 1296 95 1323 obis
112 1295 147 1323 ad
163 1295 311 1330 potandum
329 1294 422 1321 viuum
436 1293 545 1325 sullicit,
562 1293 630 1320 varii
643 1297 740 1328 gustus
749 1293 812 1320 vina

29 1350 186 1370 netcamur.
203 1340 322 1368 Joannes
337 1347 401 1368 vero
415 1347 521 1374 semper
545 1339 658 1367 locustis
672 1359 679 1371 .
706 1338 813 1374 seniper

29 1388 180 1416 ‘escebatur
200 1386 280 1413 melle
295 1385 432 1419 silvestri,
455 1389 482 1412 ct
497 1390 643 1413 contentus
667 1390 727 1412 erat
744 1385 811 1412 sim~

29 1434 80 1462 dici
97 1438 126 1462 et
141 1433 215 1461 tenui
229 1433 302 1464 cibo,
314 1440 348 1459 ne
362 1432 544 1466 corpusillius
557 1431 740 1460 crassioribus
753 1432 814 1467 pul-

29 1480 118 1507 nentis
135 1480 326 1514 piuguesceret
339 1498 346 1511 ,
365 1482 391 1505 et
407 1478 552 1513 exquisitis
569 1478 687 1513 dapibus
714 1485 812 1514 grava-

31 1531 113 1559 etur;
146 1524 304 1560 hujusmodi
336 1523 435 1558 quippe
458 1529 555 1551 natura
580 1531 695 1558 corpora
720 1529 814 1552 nostra

31 1573 93 1601 aut,
112 1573 143 1596 ut
153 1568 224 1596 escis
242 1568 387 1603 superﬂuis
401 1573 603 1603 aggraveutur:
621 1574 649 1596 et
672 1576 734 1597 cutn
749 1578 810 1598 cor-

30 1623 69 1643 ius
83 1615 168 1643 fuerit
180 1619 366 1650 aggravatum,
377 1615 469 1642 anima
482 1622 591 1650 quoque
598 1619 738 1648 oneretur,
750 1624 812 1651 qua:

30 1670 68 1689 Ier
86 1666 175 1689 totum
194 1661 292 1689 diffusa
316 1669 416 1696 corpus
443 1661 615 1696 passionibus
632 1662 705 1689 illius
719 1662 812 1698 subia-

30 1712 70 1735 ηε.
84 1708 269 1741 Quamobrem
285 1712 358 1735 recte
372 1707 528 1742 praecipitur
544 1707 584 1734 eis
595 1707 642 1741 qui
664 1707 810 1736 observare

30 1759 135 1782 ιοεδυιη
148 1763 155 1781 ζ
173 1753 277 1781 Bonum
291 1758 330 1781 εει
341 1761 393 1780 non
406 1752 566 1779 manducare
582 1761 687 1780 carnem
696 1774 703 1786 ,
730 1762 811 1788 neque

30 1801 104 1827 (bere
115 1800 215 1832 uiuum,
227 1808 308 1835 neque
317 1799 345 1826 in
355 1807 406 1834 quo
417 1799 501 1833 frater
511 1803 572 1825 tuus
583 1798 807 1826 scattdalizetur‘.

30 1843 83 1872 Erat
100 1845 185 1881 igitur
198 1844 318 1872 Joannes
346 1845 408 1871 vitae
424 1844 560 1871 mirabilis
588 1848 616 1871 et
640 1844 756 1871 multum
774 1845 810 1872 ab

30 1890 136 1918 diorum
152 1891 294 1918 hominum
310 1890 519 1918 conversatione
535 1890 671 1918 diversus.
689 1889 748 1918 Non
759 1891 807 1918 ha-

862 287 982 322 gurium.
998 286 1156 314 Morabatur
1174 287 1200 314 in
1214 287 1324 315 deserto
1341 295 1395 315 non
1415 288 1502 319 solum
1520 296 1605 324 ιιςιμιο
1615 290 1651 318 ad

862 333 934 360 diem
952 334 1118 361 ostensionis
1133 341 1189 360 sum
1204 334 1237 360 ad
1256 333 1349 366 Israel,
1364 343 1455 361 rerum
1473 344 1505 360 (ιη
1520 340 1651 370 tempore,

863 386 917 413 quo
933 379 1120 414 paenitentiam
1136 379 1236 414 popqu
1251 380 1424 413 praedicabat.
1438 385 1495 407 erat
1513 381 1539 407 in
1557 381 1652 408 solitu-

863 425 927 452 dine
941 422 1050 459 Judaete,
1063 431 1089 453 et
1101 433 1172 460 aqua
1190 425 1307 460 simplici
1323 425 1500 461 irrigabatur,
1523 431 1553 454 ut
1576 432 1604 454 et
1625 427 1653 455 in

863 476 926 505 potu
944 476 1016 498 esset
1026 471 1151 498 diversus
1163 479 1178 498 a
1192 471 1308 498 ctcteris.
1321 470 1376 498 Nos
1390 472 1437 506 qui
1459 480 1600 499 \‘crsamur
1625 471 1654 499 in

863 517 990 548 urbibus,
1006 517 1052 552 qui
1066 517 1092 544 in
1111 516 1201 544 medio
1215 517 1376 551 populorum
1392 525 1499 548 sumus,
1515 523 1541 544 ct
1565 522 1655 546 vestes

863 562 1013 596 qumrimus
1029 562 1170 595 lautiores,
1186 566 1213 589 et
1225 562 1311 593 cibos,
1331 567 1356 590 et
1379 562 1479 589 habilia
1495 562 1551 598 (70)
1571 573 1577 589 :
1607 564 1653 591 ille

863 615 928 634 vero
954 608 1000 642 qui
1019 608 1045 634 in
1070 615 1163 635 eremo
1177 609 1336 635 morabatur
1347 628 1355 641 ,
1381 608 1469 636 videte
1481 609 1555 643 quali
1569 609 1654 638 vesti-

865 658 957 680 mento
970 653 1083 681 indutus
1101 654 1192 681 fuerit.
1208 653 1245 681 De
1266 654 1329 689 pilis
1346 655 1513 682 camelorum
1531 656 1583 683 sibi
1611 661 1654 684 tu-

864 699 954 729 nicam
971 699 1086 733 fecerat,
1104 704 1131 727 et
1146 707 1212 727 zona
1225 699 1334 735 pellicea
1361 701 1530 736 cingebatur.
1557 701 1655 729 Omnia

864 751 930 780 ergo
947 745 975 772 in
998 745 1044 772 illo
1066 749 1212 777 noverant,
1230 750 1257 772 et
1273 751 1383 780 propter
1402 747 1654 775 dissimilitudinem

864 791 927 818 vita:
939 792 1058 819 universi
1075 791 1121 826 qui
1137 791 1275 822 videbant,
1291 792 1498 820 admirabantur
1512 801 1574 821 eum
1591 815 1598 826 ,
1628 801 1657 823 et

865 837 996 866 mirantes
1016 837 1218 866 studiOSissime
1231 838 1367 871 colebant,
1380 847 1461 874 super
1474 840 1567 868 omnia
1581 841 1655 876 quod

865 884 1029 918 ptenitentcs
1045 884 1072 912 in
1089 884 1279 912 remissionem
1301 890 1474 919 peccatorum
1491 886 1654 920 baptizabat.

829 926 850 952 Β
865 928 939 962 Quas
951 929 986 956 ob
1003 937 1102 957 causas
1116 929 1265 965 diligebant
1283 930 1392 965 quidem
1406 939 1469 958 eum
1481 932 1633 967 iustissime
1645 954 1655 967 ,

826 1601 847 1629 C

864 975 910 1003 sed
923 983 977 1002 non
994 975 1141 1003 servabant
1151 976 1178 1003 in
1190 976 1325 1004 cltaritate
1340 977 1452 1004 modum
1467 987 1473 1005 :
1501 979 1658 1014 cogitabant

861 1022 935 1049 enim
954 1029 988 1049 ne
1002 1021 1072 1049 forte
1088 1022 1145 1057 ipse
1161 1027 1234 1050 esset
1251 1021 1388 1051 Christus.
1412 1023 1499 1056 Quam
1516 1025 1657 1052 inordinav

863 1072 919 1093 tam
933 1071 961 1094 et
977 1067 1193 1095 irratiottabilem
1220 1067 1382 1095 cltaritatem
1399 1076 1503 1096 cavens
1518 1071 1658 1105 apostolus

864 1110 967 1139 Paulus
982 1111 1016 1138 de
1026 1112 1175 1147 semetipso
1190 1111 1354 1147 loquebatur
1368 1112 1378 1128 ³
1391 1121 1398 1140 z
1420 1112 1510 1140 Timeo
1523 1120 1611 1142 autem
1626 1123 1658 1142 ne

864 1158 924 1192 quis
937 1157 970 1184 de
986 1166 1026 1184 me
1035 1158 1133 1192 cogitet
1150 1166 1229 1193 super
1240 1159 1268 1186 id
1281 1159 1350 1194 quod
1366 1159 1473 1186 videtin
1490 1167 1541 1192 nte,
1551 1165 1596 1188 aut
1608 1169 1659 1188 au-

865 1203 904 1230 dit
917 1211 950 1230 ea:
963 1211 1011 1236 me,
1024 1209 1048 1231 et
1064 1212 1095 1231 ne
1110 1205 1266 1239 magnitudo
1279 1205 1470 1232 revelationum
1482 1206 1593 1233 extollat
1605 1216 1655 1237 me.

864 1248 918 1277 etc.
934 1249 1013 1282 Quod
1029 1254 1154 1278 metuens
1167 1258 1201 1278 ne
1214 1251 1297 1278 etiam
1311 1251 1369 1286 ipse
1384 1251 1522 1283 incurrat,
1548 1253 1658 1281 nolebat

865 1295 957 1323 omnia
982 1296 1016 1323 de
1039 1303 1069 1324 se
1091 1296 1215 1331 judicare
1237 1304 1298 1332 qua:
1313 1301 1404 1330 norat,
1419 1305 1452 1324 ne
1467 1297 1528 1332 quis
1547 1305 1580 1325 eo
1596 1298 1657 1333 plus

864 1340 1012 1368 arbitretur
1027 1348 1088 1369 esse
1104 1349 1187 1376 quam
1202 1346 1338 1375 cerneret,
1350 1347 1377 1369 ct
1393 1350 1551 1370 mensuram
1569 1342 1657 1371 hono-

865 1386 904 1414 ris
919 1387 1065 1419 excedcns,
1077 1387 1180 1415 diceret
1193 1387 1266 1420 quod
1278 1387 1380 1415 dictum
1394 1387 1482 1416 fuerat
1496 1388 1529 1416 de
1540 1388 1656 1422 Joanne,

867 1433 931 1468 quia
947 1433 1006 1468 ipse
1032 1439 1106 1461 esset
1134 1433 1274 1462 Christus.
1304 1434 1513 1472 Quod_quidem
1531 1436 1658 1465 nonnulli

865 1480 948 1507 etiam
962 1480 996 1508 de
1018 1479 1146 1508 Dositheo
1164 1481 1221 1514 (7t)
1250 1480 1448 1510 Samaritarum
1474 1482 1658 1517 haeresiarcba

867 1525 1007 1559 dixerunt,
1025 1525 1070 1552 alii
1082 1533 1146 1553 vero
1172 1525 1207 1554 de
1232 1525 1302 1554 Juda
1332 1526 1456 1555 Galilaeo.
1482 1527 1602 1564 Denique
1629 1529 1657 1557 in

867 1575 969 1598 tantam
1002 1571 1113 1606 quidam
1151 1572 1308 1599 dilectionis
1345 1573 1489 1601 audaciam
1522 1583 1657 1610 prorupe-

865 1620 949 1648 runt,
974 1620 1004 1643 ut
1018 1624 1087 1644 nova
1104 1617 1228 1651 qutedam
1255 1622 1283 1645 et
1309 1618 1431 1645 inaudita
1457 1627 1540 1654 super
1569 1619 1655 1648 Paulo

865 1665 988 1688 monstra
1012 1662 1207 1696 confingerent.
1228 1663 1281 1690 Alii
1303 1663 1375 1690 enim
1400 1664 1479 1692 aiunt
1504 1664 1555 1693 hoc
1584 1666 1658 1701 quod

865 1707 998 1742 scriptum
1020 1711 1079 1739 est,
1104 1708 1200 1735 sedere
1222 1716 1236 1735 a
1253 1708 1358 1735 dextris
1381 1708 1533 1738 Salvatoris
1547 1714 1574 1738 et
1588 1711 1657 1739 sini-

864 1753 940 1786 stris,
956 1753 990 1781 de
1010 1753 1096 1781 Paulo
1114 1758 1142 1782 et
1165 1754 1199 1782 de
1222 1754 1359 1782 Marciane
1377 1755 1446 1788 dici,
1462 1757 1534 1790 quod
1555 1756 1657 1785 Paulus

865 1799 940 1827 sedet
963 1807 980 1827 a
1003 1799 1118 1833 dextris,
1140 1799 1242 1827 Marcio
1266 1799 1360 1827 sedeat
1378 1808 1393 1827 a
1416 1801 1546 1829 sinistris.
1570 1802 1657 1831 Porro

863 1845 908 1872 alii
930 1846 1050 1881 legentes
1070 1845 1080 1861 ⁵
1099 1854 1105 1871 :
1124 1845 1233 1872 Mittam
1255 1846 1328 1873 vobis
1352 1846 1511 1874 miraculum
1524 1847 1656 1883 Spiritum

862 1892 996 1925 veritatis,
1020 1892 1118 1919 nolunt
1140 1892 1290 1927 intelligere
1314 1892 1420 1919 tertiam
1437 1893 1494 1928 (7‘2)
1510 1901 1654 1929 personam

52 1948 62 1962 '
77 1946 159 1974 Rom.
178 1954 235 1979 xtv,
247 1946 292 1974 21.
314 1947 324 1963 ³
339 1946 360 1974 ll
375 1947 438 1975 Cor.
452 1955 506 1981 xu,
520 1947 547 1982 6,
565 1948 590 1976 7.
631 1948 641 1964 ⁸
654 1948 799 1984 Joangtv,
817 1948 849 1975 16
871 1960 881 1965 -

30 2006 99 2032 uerit
112 2014 120 2033 :
133 2005 171 2032 ita
187 2012 294 2040 nempe,
312 2011 340 2032 ut
362 2013 415 2032 non
432 2005 514 2032 alium
538 2005 626 2040 ignem
641 2026 648 2036 .
679 2014 732 2033 non
750 2006 803 2033 alia

33 2041 155 2076 npplicia
173 2045 300 2067 maneant
315 2040 417 2074 quzevis
433 2040 552 2067 admissa
566 2041 668 2068 scelera
686 2061 693 2073 ,
722 2049 804 2076 quam

31 2075 168 2109 urgetorii
187 2084 194 2102 :
215 2083 302 2110 neque
314 2076 381 2102 adeo
393 2075 454 2103 aliis
470 2083 552 2110 quam
565 2075 737 2110 temporariis
751 2081 807 2104 tor-

31 2110 119 2137 :tcntis
135 2111 234 2144 putarit
260 2110 367 2138 animas
389 2111 519 2144 torqueri.
551 2110 629 2143 Quod
648 2118 712 2138 vero
728 2111 805 2138 nefa-

31 2145 84 2171 iam
100 2153 162 2172 eam
177 2146 327 2172 doctrinam
342 2145 386 2172 hic
400 2153 509 2180 quoque
520 2145 571 2172 loci
583 2145 718 2180 propinet,
730 2147 807 2181 equi-

33 2188 75 2206 em
93 2181 229 2207 aﬂirmare
243 2188 296 2207 non
311 2180 410 2212 ausim,
423 2188 484 2207 nam
501 2181 551 2207 etsi
568 2180 807 2215 quemcunque,di-

32 2220 68 2247 at,
90 2220 151 2250 post
166 2217 266 2242 exitum
279 2216 339 2242 vita
352 2215 430 2249 hujus
445 2216 493 2242 hoc
509 2223 586 2242 amne
594 2215 805 2249 baptizaudum:

859 2005 998 2032 Dositheus
1013 2005 1122 2039 quidam
1135 2005 1271 2033 Samarita
1285 2005 1341 2031 suis
1368 2005 1528 2039 persuadere
1549 2013 1577 2033 se
1596 2015 1652 2035 esse

861 2041 996 2068 Christum
1010 2040 1103 2077 tum.
1116 2048 1191 2077 quem
1207 2039 1309 2077 Moyses
1326 2041 1489 2077 prtedigerat
1499 2041 1653 2077 ,__uisusqae

859 2081 898 2102 est
915 2074 1054 2101 nonnullos
1068 2075 1120 2101 sibi
1133 2084 1182 2102 sua
1194 2075 1317 2102 doctrina
1331 2075 1484 2102 conciliare.
1509 2074 1590 2105 Varia
1608 2074 1652 2105 'dc

861 2110 989 2137 Do:itheo
1005 2110 1050 2136 alii
1077 2111 1199 2144 tradunt,
1223 2118 1303 2144 quem
1319 2117 1369 2137 nec
1390 2110 1441 2144 ipsi
1458 2108 1564 2138 Iudaici
1583 2113 1654 2140 serio

860 2150 952 2206 plores
980 2145 1047 2172 satis
1063 2149 1174 2172 norunt.
1204 2144 1262 2179 Ipse
1282 2145 1363 2172 etiam
1393 2145 1521 2172 aberrare
1545 2146 1652 2175 videtur

873 2180 1042 2206 lieronvmtts
1066 2188 1128 2206 cum
1155 2180 1267 2206 Dialoao
1293 2180 1420 2206 adversus
1445 2180 1650 2206 Luciferianm-

873 2180 1047 2216 lieronymus
1066 2188 1128 2207 cum
1145 2180 1267 2216 erialogo
1293 2180 1420 2206 adversus
1445 2180 1629 2215 Luciferiunos
1641 2203 1651 2216 ,

859 2223 887 2242 n.
903 2215 949 2247 ‘25,
964 2214 1123 2242 Dositheum
1141 2215 1379 2242 Samaritanorum
1397 2214 1546 2249 principem
1566 2214 1649 2249 facit,

35 2258 105 2285 eque
119 2251 188 2291 adeo
204 2259 287 2291 unum
308 2250 429 2291 aliquem
437 2250 555 2291 excipiat
563 2250 613 2291 _(ut
626 2251 708 2291 paulo
724 2258 805 2291 supe-
821 2259 845 2289 ι)
858 2250 1065 2291 quiprophetas
1078 2250 1239 2291 repudiarit,
1253 2255 1285 2291 et
1293 2258 1325 2277 ex
1340 2250 1420 2291 cujus
1440 2251 1532 2291 radice
1546 2257 1649 2291 _ortum

32 2285 74 2312 ius
91 2286 127 2312 ad
142 2286 239 2312 homil.
255 2285 298 2317 Η,
316 2285 360 2312 ubi
375 2286 408 2312 de
424 2286 475 2313 hoc
489 2286 549 2320 ipso
563 2285 641 2320 igneo
669 2285 804 2320 baptismo

35 2320 150 2354 isputat,
163 2320 417 2356 animadvertimus)
429 2341 437 2352 ,
451 2325 478 2347 et
492 2328 526 2347 ne
540 2320 727 2356 sanctissimos
741 2321 804 2356 qui-

33 2362 76 2382 em
90 2357 177 2386 viros,
190 2356 236 2390 qui
251 2360 298 2382 aut
308 2355 392 2386 nulla,
404 2360 451 2383 aut
465 2360 537 2382 certe
545 2355 708 2389 temporaria
724 2363 804 2390 paena

31 2395 194 2418 istrantur:
224 2395 342 2418 attamen
365 2391 438 2424 quod
464 2390 508 2417 hic
536 2391 615 2425 quasi
642 2391 803 2418 sententiam

31 2432 180 2466 μηνίει-ξμς,
196 2426 297 2465 subdit,
315 2430 339 2452 et
355 2426 510 2466 purgatione
523 2425 648 2466 _ind_iget_,
669 2425 804 2466 suspicio—

34 2467 76 2486 em
96 2461 168 2487 tollit
183 2461 296 2493 erroris,
312 2468 397 2495 seque
408 2460 500 2488 innuit
515 2460 548 2488 de
562 2460 595 2488 iis
612 2461 719 2493 dicere,
743 2461 804 2495 qui—

34 2502 67 2530 us
82 2495 198 2530 leviores
212 2496 334 2524 eluenda
346 2496 401 2523 sint
412 2496 507 2530 culpa.
524 2495 557 2523 Et
572 2503 637 2524 vero
659 2496 753 2523 Itescio
768 2503 804 2522 an

34 2529 87 2558 lius
104 2531 131 2558 in
149 2529 320 2565 Origenianis
330 2529 525 2565 scriptionihus
536 2531 613 2558 locus
634 2534 731 2562 exstet,
757 2530 804 2565 qui

32 2571 70 2600 tm
86 2565 232 2593 commoda
243 2565 468 2600 interpretatione
482 2566 577 2593 donari
590 2565 685 2600 possit.

51 2599 109 2636 (70)
124 2599 254 2636 fortasse
270 2599 413 2636 legendum
425 2601 560 2636 videatur,
577 2599 679 2636 altilia.

52 2634 109 2670 (7i)
122 2635 181 2663 Huc
195 2634 351 2663 referendus
363 2636 475 2662 omnino
484 2635 599 2670 insignis
609 2635 731 2670 ejusdem
746 2634 804 2663 Ori-

32 2670 90 2697 enis
112 2671 188 2698 locus
200 2670 269 2698 libro
287 2678 294 2697 ι
320 2675 410 2697 contra
424 2670 540 2701 Celsum,
554 2678 630 2697 num.
644 2670 688 2703 57,
704 2671 750 2704 qui
763 2670 804 2698 sic

32 2711 42 2729 Ἰ
55 2704 246 2740 [ιθῑὶιιογεοηδι
257 2705 372 2740 ξβεηδιιε
387 2711 511 2740 tempore,
524 2705 629 2739 quando
640 2709 742 2732 constat
756 2713 804 2740 na-

32 2746 69 2764 lttlt
81 2748 138 2768 esse
149 2739 250 2772 Iesum,
264 2739 350 2766 ludas
364 2741 471 2775 quidam
486 2739 635 2766 Galilwuta
647 2740 742 2774 populo
752 2739 804 2766 Ju-

34 2775 90 2800 aico
110 2776 244 2810 deﬁciens,
262 2775 358 2802 multos
374 2783 461 2801 secum
481 2776 581 2806 traxit,
594 2779 649 2801 tum
662 2775 802 2809 sapientia,

35 2817 94 2836 nam
108 2809 260 2843 situulabat,
279 2815 333 2836 tum
351 2811 433 2842 novis,
448 2819 513 2844 quas
528 2810 696 2842 moliebatur,
716 2809 801 2836 rebus.

32 2841 67 2868 ied
83 2850 222 2878 postquam
244 2841 298 2879 ipse
322 2841 430 2872 sceleris
448 2841 537 2879 pinnas
561 2844 643 2876 dedit,
672 2841 803 2871 exstincta

33 2880 106 2914 latim
126 2886 162 2907 est
180 2880 237 2914 ejus
262 2880 395 2913 doctrina,
421 2889 467 2906 nec
498 2881 548 2907 nisi
572 2880 641 2914 apud
659 2886 802 2913 perpaucos

36 2913 115 2942 ullius
131 2913 242 2942 nominis
260 2915 383 2942 obtinuit.
401 2914 463 2941 Post
476 2915 539 2942 Jesu
553 2920 668 2951 tempora
685 2914 765 2942 t‘oluit
778 2918 802 2940 et

182 2962 319 2996 Punct.
336 2961 394 2992 Gs.
415 2962 500 2993 Xlll.

859 2284 1001 2321 §adduca:i
1019 2285 1150 2321 traxerint
1163 2293 1170 2318 ;
1188 2292 1250 2312 nam
1262 2289 1288 2312 et
1296 2286 1390 2321 _multo
1403 2289 1483 2313 antea
1493 2286 1651 2321 Scripturas

860 2319 1002 2356 Samaritae,
1020 2320 1241 2356 repudiaverant,
1257 2324 1282 2356 et
1296 2319 1572 2356 Tsadochoprincipe
1581 2322 1650 2350 Sad-

857 2355 1014 2382 ducaeorum
1029 2355 1165 2382 recentior
1179 2354 1324 2382 Dositheus
1340 2355 1401 2381 fuit.
1420 2355 1473 2381 Alii
1491 2354 1583 2389 plures
1595 2357 1646 2384 Do-

858 2390 962 2417 sitheos
975 2390 1232 2422 comminiscuntur,
1247 2394 1276 2416 ut
1293 2391 1401 2417 diversa
1418 2395 1539 2417 veterum
1556 2391 1590 2419 de
1614 2399 1649 2420 eo

858 2425 1014 2452 testimonia
1038 2425 1196 2452 concilient.
1222 2425 1327 2458 Quibus
1349 2424 1476 2451 omnibus
1501 2424 1647 2455 Orionem

858 2460 983 2488 praefero.
996 2466 1114 2488 quocum
1126 2459 1231 2488 faciunt
1246 2464 1273 2486 et
1289 2459 1458 2488 Heaesinuus
1472 2460 1543 2488 amid
1550 2433 1647 2488 ίζΙΞιιιει-

858 2460 983 2494 praefero,
996 2466 1114 2494 quocum
1126 2459 1231 2495 faciunt
1246 2464 1273 2486 et
1287 2459 1458 2495 Hegesippus
1472 2460 1543 2495 apud
1553 2459 1649 2489 Euse-

858 2493 933 2522 bium
946 2493 1115 2529 lib.iv,cnp.
1131 2495 1183 2528 ἥς
1202 2493 1501 2524 ΤὴθοειοτῐιυεΗωτειζ
1520 2493 1577 2528 fult.
1595 2495 1644 2525 lib.

858 2537 959 2591 :licgpé
971 2528 983 2556 1
996 2538 1004 2562 ;
1020 2528 1219 2565 Recoynitionu
1237 2529 1369 2558 Clementi
1386 2530 1533 2563 attrtbutae,
1549 2530 1596 2558 lib.
1614 2539 1647 2566 tt,

896 2573 903 2591 1
925 2573 940 2591 υ
962 2585 968 2591 .

858 2572 968 2592 amaue.

893 2572 997 2662 ἓξὲξ.ὃὶ
1011 2599 1053 2627 cui
1077 2607 1195 2635 persona
1213 2599 1375 2627 vocabulum
1391 2599 1419 2627 in
1435 2598 1535 2627 divinis
1550 2607 1646 2640 recen-

893 2642 912 2662 l5
953 2634 1053 2662 riaenis
1066 2643 1124 2662 aevo
1139 2635 1273 2662 videatur.
1288 2639 1395 2662 renutat
1408 2641 1442 2662 eo
1460 2641 1539 2662 usum
1557 2634 1586 2662 S.
1602 2644 1645 2662 m-

857 2634 912 2662 tius
928 2634 1053 2669 Origenis
1066 2643 1124 2663 aevo
1139 2635 1273 2666 videatur,
1288 2639 1395 2669 reputet
1408 2641 1442 2662 eo
1460 2641 1539 2662 usum
1557 2634 1586 2662 S.
1602 2636 1645 2662 iu-

857 2674 1019 2705 terpretem,
1044 2677 1093 2705 pro
1126 2676 1181 2704 quo
1206 2669 1354 2705 ﬁnéﬂaatjt
1375 2674 1472 2697 auctor
1492 2669 1642 2705 scripserit.

857 2704 990 2731 Caeterum
1010 2704 1131 2731 et'tomo
1154 2704 1275 2732 secundo
1290 2705 1318 2731 in
1328 2704 1457 2732 Joannem
1486 2704 1644 2733 luculentis

857 2739 1114 2775 simeAdamantius
1127 2748 1134 2766 :
1150 2739 1246 2775 Ἡμεῖς
1260 2738 1385 2775 μέντοιγε
1397 2741 1470 2775 τρεῖς
1481 2740 1645 2772 ὑποστάσεις

858 2773 1011 2809 πειθόμενοι
1023 2773 1237 2810 τυγχάνειν,ξτὺν
1252 2773 1361 2810 Πατέρα
1374 2773 1431 2808 (util
1441 2775 1486 2800 τὸν
1504 2775 1553 2803 Υξό
1562 2786 1576 2804 ι.
1598 2776 1645 2810 qui

857 2809 1048 2844 perperamju
1063 2809 1144 2836 editis
1159 2809 1236 2844 libris
1253 2809 1433 2842 desideratur)
1454 2810 1502 2836 καὶ
1523 2812 1555 2836 τὸ
1567 2809 1644 2844 ἂγὶιλν

857 2843 968 2877 Πνεῦμα
984 2852 990 2869 :
1007 2842 1102 2870 Latine
1116 2851 1148 2871 ex
1171 2843 1288 2871 Ferrarii
1309 2844 1450 2876 versione,
1472 2844 1528 2871 Nos
1545 2842 1642 2877 autem,

856 2879 900 2913 qui
914 2884 965 2904 (res
978 2886 1112 2912 personas,
1132 2878 1240 2905 Patrem
1260 2885 1283 2906 et
1304 2877 1404 2905 Filium
1421 2884 1499 2914 atque
1512 2879 1642 2914 Spiritum

857 2917 978 2939 sanctum
994 2920 1049 2940 esse
1063 2914 1203 2940 credimus.

1506 2962 1545 2992 59
