1846 3053
9 129 108 158 1881
622 129 655 158 IN
675 129 794 159 LIJCAM
816 130 956 158 HOMILIA
977 128 1083 157 XXX“.
1605 125 1674 155 l88‘3

4 191 47 216 et
68 187 275 223 interpretatur
287 187 352 215 illud
369 187 403 215 de
415 187 534 220 Christo,
549 187 622 222 quod
636 196 691 216 non
704 189 738 216 de
751 189 831 216 Chri-
846 192 868 220 Α
882 193 1043 223 potestatem
1064 187 1242 216 conculcandi
1272 192 1309 219 te,
1331 192 1358 215 et
1381 187 1472 215 datam
1497 187 1576 217 nobis
1603 187 1672 214 hanc

6 237 89 266 sm,
112 233 158 261 sed
171 234 204 261 de
221 234 325 261 sanctis
338 234 500 269 generaliter
514 233 646 268 Scriptum
663 239 714 262 est.
731 233 827 262 Libere
878 236 1028 267 ditionem,
1055 242 1109 261 non
1131 234 1220 262 solum
1242 233 1269 261 in
1294 233 1381 262 Veteri
1408 233 1582 262 Testamento
1601 233 1672 260 sicut

5 279 140 313 quippe
151 284 177 306 et
190 282 245 306 tota
258 278 421 306 conﬁdentia
433 279 592 306 contradico
609 279 728 312 diabolo,
745 287 828 314 super
878 287 950 307 nunc
962 283 1090 306 cantatur
1111 278 1139 305 in
1154 279 1270 313 psalmo,
1288 279 1335 306 sed
1352 279 1433 306 etiam
1451 279 1478 306 in
1498 278 1585 311 Novo,
1610 278 1672 305 Sal-

7 321 141 352 Chrlsti
153 331 266 359 persona
283 324 335 351 hoc
345 331 399 351 non
414 331 492 359 posse
506 324 630 359 intelligi.
645 323 738 360 Neque
753 325 826 352 enim
879 331 970 353 vatore
986 325 1093 353 dicente
1102 324 1123 340 “
1136 333 1142 351 :
1161 324 1228 351 Ecce
1241 325 1275 351 do
1291 325 1362 352 vobis
1380 330 1534 359 potestatem
1547 325 1672 352 calsrmdl

9 368 142 405 indiget
165 370 323 405 angelorum
346 370 459 402 auxilio,
481 371 529 405 qui
555 371 643 406 major
664 371 777 406 angelis,
801 375 829 398 et
878 379 956 406 super
980 375 1111 405 serpentes
1134 375 1159 397 et
1187 371 1348 405 scorpiones,
1369 377 1394 398 et
1418 379 1520 398 omnem
1547 371 1673 398 uirtutem

10 416 140 444 melius
165 416 233 451 ipsis
258 416 442 444 hereditatem
470 422 634 445 consecutus
661 422 690 445 et
716 425 827 446 nomen.
878 417 990 448 inimici,
1015 420 1041 444 et
1063 416 1129 444 nihil
1152 416 1223 443 nobis
1250 416 1388 444 nocebunt.
1418 416 1567 444 Sumamus
1597 424 1671 444 arma

5 461 111 490 Nulli
131 463 289 499 angelorum
313 471 433 498 unquam
449 463 518 491 dixit
540 463 612 491 Deus
627 472 634 491 :
652 463 740 490 Filius
756 472 828 491 meus
879 465 954 489 tanta
973 466 1106 496 potestate
1127 462 1238 493 ﬁrmati,
1260 467 1288 490 et
1314 463 1440 490 universa
1465 463 1620 491 faciamus:
1643 466 1675 490 ut

9 517 49 535 es
71 513 117 540 tu,
132 517 178 543 ego
192 508 267 536 hodie
281 509 357 543 genui
367 515 391 536 te
405 508 498 536 “‘.Ad
518 509 623 536 nullum
637 517 731 537 eorum
749 509 828 544 quasi

12 555 61 582 ad
83 554 186 582 Filium
205 555 312 582 locutus
328 563 335 580 :
354 554 407 587 Qui
421 555 486 589 facit
509 554 614 588 angelos
632 563 694 582 suos
707 555 828 590 spiritus,

12 605 47 626 et
69 600 212 627 ministros
235 609 296 627 suos
312 601 397 635 ignem
416 605 533 627 urentem
549 600 588 633 ³¹;
611 601 658 628 sed
680 601 713 628 ad
729 600 826 628 Filium

12 647 147 681 proprie
160 654 251 679 suum,
260 647 294 673 de
305 653 360 681 quo
374 646 582 674 innumerabilia
593 647 714 682 loquitur
725 647 752 673 in
766 655 829 681 pro-

14 693 137 727 phetis.
154 691 212 719 Non
229 692 340 727 indiget,
357 693 479 728 inquam,
494 694 651 727 angelorum
665 693 767 720 auxilio
782 692 827 720 Fi-

14 737 89 764 lius
108 736 166 764 Dei.
185 736 256 769 Quin
273 737 362 772 potius
379 737 465 771 disce,
482 738 600 769 diabole,
616 737 690 773 quod
715 737 768 765 nisi
781 737 827 765 Ie-

13 790 81 810 sus
100 782 236 817 adiuverit
252 783 363 818 angelos
383 782 451 817 (86),
469 783 605 811 oﬂ‘endcnt
619 784 715 818 pedem
736 791 827 811 suum.

15 827 63 855 Et
85 828 111 856 si
125 828 187 862 quis
203 828 361 863 angelorum
378 829 452 856 visus
463 833 505 856 est
518 829 665 861 olfendcre,
681 830 715 858 de
727 830 827 865 quibus

880 515 927 542 per
948 507 1186 534 conversationem
1208 512 1330 535 nostram
1352 508 1456 535 leonem
1474 509 1670 538 conculcemus

878 557 906 580 et
919 553 1077 580 draconem.
1094 552 1180 580 Porro
1199 557 1229 580 ut
1246 554 1318 581 scias
1335 554 1473 589 quomodo
1492 555 1670 582 conculcetur

879 601 920 629 leo
937 606 962 629 et
990 606 1147 629 conteratur
1163 601 1256 632 draco,
1278 601 1355 628 Pauli
1380 601 1528 636 Epistolam
1547 602 1616 637 lege,
1641 603 1668 630 in

878 655 931 682 qua
945 647 1043 674 asserit
1064 647 1218 674 conculcari
1238 651 1395 679 prccatm'es
1420 646 1488 674 Filio
1512 647 1568 674 Dei.
1592 647 1669 675 Sicut
1691 661 1695 666 -

877 700 943 727 ergo
967 692 1013 726 qui
1033 697 1158 727 peccator
1181 696 1224 719 est
1246 693 1422 720 conculcatur
1448 693 1518 720 Filio
1539 693 1586 720 Dei
1603 704 1609 721 :
1627 693 1669 721 sic

878 737 1031 765 econtrario
1048 738 1095 772 qui
1108 737 1200 772 justus
1213 743 1256 765 est
1270 739 1413 766 conculeat
1438 738 1544 765 leonem
1557 743 1584 766 et
1599 739 1666 766 dra-

878 791 984 814 conem,
999 788 1025 810 et
1039 791 1147 810 omnem
1162 783 1287 810 Virtutem
1303 784 1405 811 inimici
1418 783 1560 812 conculcat
1573 785 1599 811 in
1617 792 1667 812 no-

879 836 951 856 mine
962 827 1045 863 97o
1060 827 1124 855 Iesu
1137 827 1250 859 Christi,
1262 829 1307 855 cui
1321 832 1362 856 est
1374 829 1460 864 gloria
1474 833 1500 856 et
1519 829 1666 864 imperium

13 874 141 901 dudum
154 875 252 901 lectum
264 878 316 907 est,
329 876 393 910 quia
406 875 513 910 angelos
520 875 701 910 jndicabimus
713 876 737 891 "
750 885 757 903 ε
770 876 830 903 idco
846 878 866 905 Β
881 874 908 901 in
924 875 1023 901 saecula
1041 874 1213 902 saeculorum.
1225 874 1322 902 Amen.

15 920 161 953 offendit,
175 920 239 955 quia
256 928 310 947 non
324 921 445 948 extendit
458 929 568 949 manum
585 929 661 949 suam
676 923 708 949 ad
722 921 826 954 Iesum,

16 971 56 992 ut
74 966 267 1000 apprehensus
279 966 314 993 ab
325 973 358 993 eo
369 974 423 993 non
436 966 594 995 olienderet.
607 967 741 1000 Quoniam
754 969 826 995 enim

18 1012 53 1039 in
81 1012 194 1047 propria
218 1011 318 1038 virtute
340 1011 491 1044 conﬁdens,
518 1020 572 1039 non
598 1013 708 1040 invocas
734 1014 828 1048 prmsi~

16 1058 111 1084 illum
129 1056 204 1090 Iesu,
221 1057 347 1090 olfendis,
363 1061 390 1084 ct
412 1057 522 1084 credere
538 1057 564 1084 in
578 1057 671 1085 Iesum
686 1058 825 1086 Christum

17 1102 134 1131 Filium
151 1103 195 1130 Dei
218 1103 340 1130 noluisti.
358 1102 394 1130 Ut
409 1107 500 1130 autem
517 1103 589 1130 scias
600 1103 672 1138 quod
692 1104 763 1131 male
782 1104 825 1130 in-

19 1153 201 1183 terpretatus
214 1155 254 1181 es,
273 1152 365 1175 etnon
379 1148 412 1175 de
429 1147 549 1180 Christo,
565 1149 610 1176 sed
626 1148 659 1176 de
671 1149 773 1177 sanctis
788 1149 827 1176 in-

19 1194 118 1228 telligi
136 1201 197 1228 quae
213 1197 373 1228 sequantur,
390 1193 525 1221 ausculta.
547 1193 569 1220 Α
587 1194 666 1221 ruina
680 1199 707 1222 et
721 1194 824 1222 daemo-

20 1239 81 1267 nio
98 1238 250 1266 meridiano
265 1238 287 1254 ³⁷
303 1246 357 1265 non
371 1237 463 1266 Iesum
481 1238 619 1266 Christum
634 1239 730 1267 liberat
742 1239 823 1274 Deus,

20 1284 80 1312 sed
103 1288 228 1311 sanctos.
255 1283 323 1319 Lege
345 1284 551 1318 nonagesimum
577 1285 723 1318 psalmum,
745 1286 824 1320 cujus

20 1328 218 1365 principium:
234 1329 287 1362 Qui
308 1329 411 1356 habitat
431 1330 458 1356 in
481 1329 615 1364 adjutorio
634 1329 778 1361 Altissimi,
795 1331 823 1357 in

21 1376 194 1409 prolatione
220 1375 268 1403 Dei
291 1375 349 1403 εωιε
366 1375 576 1402 commorabitur
596 1376 629 1408 "',
650 1380 678 1403 et
703 1375 824 1404 invenies

22 1422 93 1448 haec
109 1421 196 1456 magis
216 1420 291 1456 justo
314 1421 383 1451 viro.
399 1429 480 1456 quam
504 1420 551 1448 Dei
568 1421 636 1448 Filio
660 1421 821 1449 convenire:

23 1465 136 1493 Cadent
152 1474 169 1492 α
183 1465 265 1492 latere
281 1471 326 1492 tuo
339 1465 422 1497 mille,
435 1470 460 1492 et
479 1465 568 1492 decem
585 1466 672 1493 millia
687 1474 703 1492 a
720 1466 822 1493 dextris

24 1512 107 1541 tuis;
128 1512 163 1538 ad
183 1516 207 1539 te
224 1516 311 1538 autent
333 1519 384 1538 non
398 1511 630 1546 uppropinquubit,
645 1516 821 1539 verumtamen

1140 928 1286 957 HOMILIA
1299 929 1406 957 XXXII.

879 986 917 1014 De
933 994 963 1014 eo
983 986 1052 1022 quod
1067 986 1196 1021 scriptum
1210 991 1268 1013 est:
1291 996 1299 1012 ‹
1327 986 1452 1013 Reversus
1473 992 1512 1014 est
1533 987 1612 1014 Iesus
1638 987 1666 1012 in

913 1024 1009 1049 virtute
1022 1022 1144 1055 spiritus,
1164 1032 1173 1047 ι
1194 1029 1275 1056 usque
1295 1021 1330 1048 ad
1348 1029 1407 1048 eum
1424 1021 1521 1053 locum,
1546 1022 1591 1048 ubi
1607 1022 1665 1048 ait:

914 1065 923 1083 ι
942 1057 976 1083 Et
993 1057 1110 1084 omnium
1125 1057 1195 1083 oculi
1208 1062 1282 1084 erant
1299 1058 1326 1083 in
1347 1064 1482 1092 synagoga
1504 1056 1666 1084 intendente:

912 1092 940 1119 iu
956 1100 1026 1119 eum.
1046 1101 1055 1117 ι
1074 1091 1141 1126 Cap.
1161 1099 1198 1118 IV.

908 1144 1030 1172 Primum
1046 1145 1156 1180 quidem
1173 1145 1254 1174 Iesus
1270 1146 1367 1181 plenus
1387 1146 1490 1181 Spiritu
1509 1151 1605 1174 sancto
1621 1155 1664 1174 re-

875 1198 972 1219 versus
984 1195 1026 1219 est
1042 1199 1056 1218 a
1072 1190 1201 1224 Iordane,
1216 1196 1244 1219 et
1267 1192 1400 1227 agebatur
1420 1193 1446 1220 in
1462 1193 1559 1227 spiritu
1575 1193 1603 1220 in
1618 1193 1666 1220 de-

875 1241 948 1264 serto
959 1237 1056 1265 diebus
1070 1237 1261 1272 quadraginta.
1273 1237 1342 1265 Cum
1354 1242 1504 1265 tentaretur
1516 1246 1531 1265 a
1545 1238 1664 1271 diabolo,

875 1282 930 1318 (88)
952 1283 1017 1318 quia
1037 1283 1126 1311 adhuc
1139 1283 1166 1310 vi
1187 1287 1340 1312 certaturus
1355 1288 1415 1311 erat
1429 1284 1561 1312 adversus
1585 1292 1662 1316 eum,

873 1333 900 1355 et
917 1329 1011 1361 semel,
1027 1334 1054 1357 et
1068 1329 1120 1362 bis,
1135 1337 1189 1357 non
1210 1337 1273 1357 cum
1296 1331 1482 1358 additamenta
1498 1330 1591 1365 aliquo
1605 1330 1664 1365 spi-

873 1375 940 1402 ritus
961 1376 1082 1410 ponitur.
1105 1376 1220 1410 Quando
1244 1385 1308 1405 vero
1331 1381 1386 1405 tres
1411 1378 1574 1405 tentationes
1596 1384 1666 1412 quas

874 1420 1015 1456 Scriptura
1034 1427 1242 1455 commemorat,
1257 1423 1405 1458 pugnando
1424 1423 1573 1458 superavit,
1597 1424 1664 1458 quid

872 1469 906 1497 de
917 1470 1014 1504 spiritu
1041 1470 1182 1505 signantcr
1195 1476 1330 1506 cauteque
1353 1474 1481 1505 ponatur,
1501 1470 1538 1498 ait
1555 1479 1563 1498 :
1579 1469 1612 1496 Et
1625 1478 1667 1497 re-

874 1524 961 1544 uersus
973 1522 1012 1544 est
1027 1516 1105 1544 Iesus
1118 1517 1146 1544 in
1159 1518 1255 1544 uirtute
1265 1517 1386 1552 spiritus.
1401 1517 1494 1544 Virtus
1508 1515 1598 1544 addita
1612 1520 1666 1549 est,

23 1558 118 1585 oculis
137 1558 188 1584 tuis
214 1557 324 1590 uidebis,
346 1562 371 1584 et
385 1557 584 1585 retributionem
600 1558 711 1593 aspicies
730 1566 820 1593 pecca-
835 1549 857 1578 (ἶ
874 1563 939 1597 quia
958 1562 1168 1591 borlculcaverat
1179 1549 1337 1595 draconem,
1352 1567 1381 1590 et
1405 1566 1566 1590 tentatorem
1580 1562 1667 1590 comi-

24 1608 122 1631 torunt
139 1604 171 1636 ",
184 1608 212 1632 et
224 1605 339 1638 reliqua,
353 1612 435 1639 super
450 1612 594 1638 personam
609 1605 676 1640 justi
692 1605 825 1640 interpre-

25 1655 105 1678 tans.
125 1650 177 1677 Sed
191 1655 218 1678 et
232 1651 272 1678 sic
286 1659 396 1685 quoque
418 1658 546 1686 perverse
561 1651 681 1679 aﬂ'erens
697 1652 823 1680 diabolus

24 1696 201 1729 testimonia,
218 1701 248 1723 ut
273 1700 406 1724 assereret
429 1704 512 1731 super
535 1696 676 1725 Salvatore
696 1697 821 1732 intelligi,

24 1740 94 1768 silet
109 1744 138 1767 ct
154 1741 251 1768 transit
265 1741 415 1768 versiculos
427 1741 474 1775 qui
489 1745 584 1768 contra
598 1749 628 1769 se
641 1742 734 1776 scripti
747 1747 821 1769 sunt.

24 1786 100 1814 Cum
116 1786 189 1813 enim
203 1786 318 1814 dixisset
335 1795 342 1813 :
367 1787 467 1822 angelis
482 1788 537 1815 suis
553 1788 688 1814 mandavit
703 1788 735 1815 de
750 1793 783 1820 te,
798 1793 822 1815 et

24 1832 55 1858 in
74 1832 197 1859 manibus
218 1833 309 1860 tollent
332 1837 366 1866 te,
379 1841 412 1859 ne
424 1833 493 1867 forte
507 1833 626 1867 offendas
646 1833 681 1859 ad
707 1833 822 1867 lapidem

23 1878 122 1912 pedem
135 1883 220 1911 tuum,
235 1879 321 1906 tacuit
332 1878 398 1906 illud
411 1879 485 1913 quod
498 1879 621 1914 sequitur
633 1887 640 1905 :
655 1878 741 1914 Super
749 1879 822 1914 aspi-

23 1924 87 1951 dem
103 1929 129 1950 et
150 1923 303 1951 basiliscum
321 1924 480 1958 ambulabis,
494 1930 519 1952 et
539 1925 704 1952 conculcabis
720 1924 822 1952 leonem

22 1974 51 1996 et
62 1970 216 1997 draconem.
234 1970 334 2003 Quare,
358 1970 475 2002 diabolo,
491 1971 565 2003 siles,
581 1971 632 1998 nisi
653 1970 725 2005 quod
746 1975 773 1998 tu
790 1978 822 1998 es

24 2016 185 2047 basiliscos,
198 2021 226 2042 tu
249 2023 278 2042 es
293 2016 414 2043 omnium
438 2016 604 2051 serpentium
624 2016 746 2051 regulus,
770 2024 821 2044 no-

23 2062 149 2089 centiora
172 2060 275 2088 habens
292 2068 394 2088 venena
417 2068 499 2095 quam
521 2061 634 2088 creteri?
652 2061 704 2094 Qui
729 2062 820 2089 statim

25 2112 56 2134 ut
70 2105 174 2133 videris
189 2106 322 2140 aliquem,
340 2106 481 2139 interﬁcis,
497 2110 523 2133 et
535 2106 616 2133 aliam
634 2105 820 2133 fortitudinem

23 2152 196 2181 Contrarium
209 2153 311 2180 sociam
324 2152 364 2179 tui
385 2152 514 2186 assumis,
529 2160 591 2187 qua:
605 2152 680 2187 aspis
699 2153 820 2188 appella-

24 2207 84 2233 tur,
98 2204 126 2227 et
141 2201 201 2228 viro
221 2200 296 2234 justo
307 2200 429 2234 subjecta
442 2204 495 2232 est,
509 2203 537 2226 et
551 2199 653 2227 idcirco
670 2199 762 2227 omnia
779 2205 820 2227 ta-

23 2255 84 2275 ces.
101 2245 142 2273 Tu
155 2253 185 2273 es
199 2245 294 2277 draco,
309 2250 337 2272 tu
350 2253 380 2273 es
394 2245 446 2278 leo,
465 2245 498 2272 de
514 2245 615 2280 quibus
627 2245 755 2273 scribitur
773 2245 797 2262 ⁸⁸
811 2254 818 2272 :

24 2292 115 2327 Super
126 2291 243 2326 aspidem
257 2296 282 2318 et
300 2291 452 2319 basiliscum
475 2291 602 2324 calcabis,
616 2295 640 2318 et
654 2291 820 2319 conculcabis

23 2340 128 2366 leonem
152 2342 177 2364 et
199 2338 350 2364 draconem.
381 2337 433 2365 Sed
457 2337 521 2365 licet
537 2341 564 2365 tu
587 2342 687 2370 taceas,
705 2346 755 2366 nos
773 2338 819 2373 qui

25 2385 184 2418 Scripturas
199 2382 299 2410 rectius
314 2383 439 2417 legimus,
455 2382 558 2410 scimus
573 2382 673 2410 habere
698 2390 749 2410 nos
763 2382 820 2417 (87)

874 1616 927 1636 nus
938 1608 1051 1636 vicerat.
1072 1608 1210 1637 Reversus
1232 1612 1274 1636 est
1283 1616 1348 1644 ergo
1360 1608 1441 1636 Iesus
1451 1608 1478 1635 in
1489 1608 1588 1635 virtute
1602 1606 1666 1642 Spi-

874 1654 943 1681 ritus
955 1654 981 1681 in
996 1654 1135 1682 Galilatam
1150 1660 1263 1686 terram,
1281 1659 1308 1682 et
1319 1654 1390 1682 fama
1409 1656 1476 1682 exiit
1493 1663 1541 1690 per
1554 1661 1665 1682 omnem

874 1699 1016 1734 regionem
1027 1700 1060 1727 de
1071 1708 1104 1727 eo
1121 1709 1128 1727 :
1145 1700 1204 1735 ipse
1217 1700 1333 1728 docebat
1352 1700 1378 1727 in
1397 1701 1543 1736 synagogis
1559 1708 1667 1734 eorum,

872 1748 899 1770 et
911 1744 1112 1778 gloriticabatur
1127 1745 1161 1772 ab
1176 1746 1314 1773 omnibus.
1339 1745 1413 1773 Cave
1431 1754 1464 1773 ne
1489 1746 1582 1774 beatos
1606 1746 1668 1774 illos

873 1794 980 1816 tantum
992 1790 1109 1824 iudices,
1121 1795 1149 1817 et
1178 1795 1204 1818 te
1229 1791 1371 1818 arbitreris
1397 1791 1515 1827 primum
1543 1799 1604 1819 esse
1619 1792 1668 1818 do-

872 1834 970 1861 ctrina.
986 1835 1090 1861 Sivera
1107 1839 1171 1861 sunt
1185 1841 1246 1869 quae
1269 1834 1371 1869 scripta
1399 1839 1475 1867 sunt,
1498 1843 1551 1861 non
1577 1835 1666 1862 solum

872 1885 938 1907 tunc
951 1879 978 1907 in
997 1879 1253 1915 congregationibus
1273 1879 1442 1912 Iudaeorum,
1467 1879 1514 1906 sed
1542 1884 1569 1906 et
1586 1880 1666 1907 hodie

873 1925 900 1953 in
927 1926 979 1953 hac
1007 1925 1218 1961 congregatione
1246 1925 1379 1953 Dominus
1408 1925 1549 1960 loquitur:
1569 1930 1664 1952 ctnon

874 1971 963 1999 solum
977 1971 1004 1998 in
1016 1971 1078 2005 hac,
1093 1971 1141 1999 sed
1152 1972 1234 1999 etiam
1248 1971 1275 1999 in
1289 1971 1343 1999 alio
1354 1975 1437 2004 coetu,
1452 1976 1479 1998 et
1493 1972 1519 1999 in
1534 1976 1590 1999 toto
1599 1972 1666 1999 orbe

871 2017 951 2045 docet
965 2016 1055 2050 Iesus,
1065 2024 1192 2052 quaerens
1203 2025 1305 2052 organa
1317 2025 1365 2052 per
1378 2025 1438 2052 quae
1453 2017 1559 2044 doceat.
1569 2016 1662 2051 Orate,

872 2068 902 2091 ut
915 2071 959 2091 me
984 2071 1094 2099 quoque
1109 2064 1289 2098 compositum
1317 2063 1352 2090 ad
1366 2063 1529 2095 canendum,
1554 2068 1663 2098 aptum-

871 2119 924 2146 que
941 2110 1069 2146 reperiat.
1085 2109 1162 2137 Sicut
1174 2110 1247 2137 enim
1273 2109 1371 2144 quaerit
1394 2109 1571 2144 omnipotens
1592 2109 1666 2138 Deus

873 2157 1020 2191 prophetas
1034 2163 1067 2183 eo
1089 2160 1211 2190 tempore
1233 2163 1288 2190 quo
1308 2155 1450 2190 prophetia
1479 2155 1608 2183 mortales
1622 2156 1666 2182 in-

835 2216 857 2243 D
872 2202 974 2237 digerit,
991 2206 1019 2229 et
1045 2201 1157 2234 invenit,
1176 2201 1250 2228 verbi
1271 2202 1358 2236 gratia
1372 2201 1480 2233 Isaiam,
1508 2201 1664 2232 Ieremiam.

874 2248 1054 2280 Ezecliielem,
1073 2247 1212 2275 Danielem
1228 2258 1235 2275 :
1252 2248 1292 2276 sic
1308 2249 1405 2283 quaerit
1420 2248 1493 2276 Deus
1504 2257 1604 2284 organa
1619 2256 1667 2283 per

874 2301 935 2328 qua?
951 2293 1048 2321 doceat
1065 2301 1218 2321 sermonem
1245 2301 1337 2327 suum,
1361 2294 1401 2321 vel
1419 2294 1526 2321 erudiat
1551 2294 1666 2328 populos

874 2339 901 2365 in
917 2338 1063 2374 synagogis
1085 2346 1200 2370 eorum,
1224 2343 1252 2366 et
1282 2339 1449 2374 gloriﬁcetur
1467 2338 1502 2366 ab
1527 2339 1665 2365 omnibus.

874 2383 952 2411 Nunc
966 2384 1053 2418 magis
1076 2384 1244 2419 gloriﬁcatur
1269 2385 1304 2412 ab
1327 2385 1455 2412 omnibus
1469 2384 1559 2417 Iesus,
1581 2392 1664 2419 quam

62 2441 97 2457 ’δ’
118 2440 189 2467 Psal.
208 2449 238 2470 ιι,
254 2440 280 2468 7.
320 2441 342 2456 "
361 2440 434 2468 Psal.
446 2448 505 2473 cm,
519 2439 546 2468 Δ.
585 2440 608 2456 ⁸⁸
628 2441 638 2467 I
663 2440 726 2468 Cor.
745 2448 781 2474 vr,
799 2441 826 2468 3.
864 2441 886 2457 ³⁷
905 2441 978 2469 Psal.
994 2449 1038 2474 xc,
1056 2442 1082 2468 6.
1121 2442 1144 2457 ³⁸
1157 2441 1225 2469 ibid.
1244 2441 1268 2468 i.
1307 2442 1330 2457 "
1350 2440 1416 2468 ibid.
1433 2441 1465 2473 7,
1482 2440 1509 2468 8.
1551 2440 1574 2456 "
1590 2439 1664 2468 Psal.

24 2476 140 2509 Ic1,i3.
193 2476 213 2492 δ’
235 2475 301 2505 Luc.
318 2483 347 2509 Χ,
362 2476 405 2503 it).

65 2534 121 2575 (δῦ)
144 2533 243 2575 itecole
261 2542 322 2575 qua;
340 2534 468 2575 superius
488 2534 522 2575 ad
548 2534 675 2562 homilias
690 2533 724 2562 lO
739 2538 766 2562 et
782 2534 818 2563 23

25 2571 61 2599 de
70 2569 127 2597 'hac
138 2570 259 2597 diximus
272 2569 397 2605 Origenis
409 2570 576 2605 opinatione.

65 2605 123 2639 (87)
143 2606 230 2632 Antea
244 2605 313 2632 falso
328 2604 467 2640 legebatur
483 2613 537 2632 vos.
554 2604 717 2640 liujusmodi
734 2604 820 2632 mani-

26 2641 99 2680 festa
115 2639 213 2667 menda
229 2647 283 2667 non
298 2639 381 2668 semel
396 2639 478 2673 infra,
493 2639 656 2668 lectore’nec
667 2640 817 2673 admonito,

62 2683 209 2702 Slllaﬂlul'.

26 2679 256 2771 caiilig'ggiédm
269 2709 361 2738 Grabii
375 2714 402 2737 et
417 2709 592 2737 Combetisii:
615 2710 724 2746 Ἐπειδὴ
739 2710 818 2745 ιμελ-

27 2754 72 2771 Αεν
91 2745 109 2771 ἀ
126 2744 182 2771 λεῖν
204 2744 273 2771 πρὸς
290 2745 336 2771 τὸν
354 2744 486 2771 διάϐολον.
502 2745 532 2771 ὲν
553 2745 591 2771 τῶ
612 2745 757 2771 πειρασιιῶ
778 2745 818 2771 δὶς

27 2754 72 2772 Αεν
91 2744 182 2780 ἀθλεῖν
204 2744 273 2780 πρὸς
290 2745 336 2780 seu
354 2744 486 2776 διάϐολον,
502 2745 532 2771 ὲν
553 2745 591 2780 τῷ
612 2744 760 2780 πειρασμῷ
778 2745 818 2777 δὶς

27 2779 190 2823 omittas-cat
206 2779 237 2806 τὸ
251 2779 358 2823 ξτνςεῦμα
368 2780 454 2823 χωρὶς
471 2780 819 2823 πάξηςῖπροσθήκηςκὊτε

27 2814 232 2849 ἀγωνισάμενος
250 2814 358 2849 ἐνίκησε
379 2814 444 2846 τοὺς
461 2816 535 2849 τρεῖς
556 2814 819 2849 ἀναγεγραμμένους

29 2850 209 2885 πειρασμοὺς,
231 2849 349 2884 πρόσχες
370 2851 403 2885 τῇ
416 2849 544 2885 ἀκρισείᾳ
560 2849 608 2885 τῆς
629 2850 739 2885 Γραφῆς
755 2850 819 2885 περὶ

867 2534 914 2571 τοῦ
931 2534 1096 2571 τςνῴμαξτος.
1111 2535 1144 2562 Τί
1155 2543 1255 2571 anew;
1277 2537 1318 2563 ὅτι
1339 2533 1455 2571 Ἰησοῦς
1472 2533 1665 2571 emicranii-er

866 2570 903 2605 ἐνῇ
916 2569 954 2605 τῆ
968 2570 1093 2605 δυνάμει
1105 2569 1166 2598 τοῦ
1181 2569 1363 2604 ἐῑνεύματος.
1376 2570 1432 2596 Καὶ
1446 2569 1616 2605 προᾳέθηιεεν
1630 2570 1668 2596 ἐν

867 2604 905 2639 τῇ
917 2603 1050 2641 demittet
1058 2605 1103 2632 διὰ
1114 2606 1163 2632 τὸν
1184 2603 1303 2641 ἁθληέὴν
1321 2605 1367 2631 τὸν
1383 2603 1668 2641 γενικῄκότᾳζρααηο

867 2639 1008 2675 doquident
1035 2645 1186 2668 certaturus
1198 2639 1254 2667 erat
1269 2639 1362 2667 contra
1377 2639 1565 2675 diabrolurnLin
1581 2643 1667 2665 tenta-

869 2673 939 2710 om
951 2676 991 2702 bis
1006 2676 1161 2702 nominatur
1176 2676 1287 2710 spiritus
1299 2677 1395 2710 absque
1404 2673 1664 2710 uilloadditamento.

870 2709 983 2742 Quando
1000 2718 1057 2737 vero
1079 2715 1131 2737 tres
1146 2709 1305 2738 tentationcs
1325 2719 1391 2745 quas
1409 2709 1552 2745 Scriptura
1574 2710 1665 2742 refert.

870 2745 1010 2779 pugnando
1021 2746 1165 2780 superauit,
1180 2745 1285 2773 attende
1296 2743 1375 2780 quam
1386 2749 1510 2772 accurate
1525 2743 1663 2780 Scriptum

870 2777 995 2810 loquatur
1012 2782 1045 2806 de
1054 2777 1164 2814 spiritu.
1181 2781 1252 2813 Quid
1267 2777 1329 2808 ait?
1345 2780 1480 2807 ltevcrsus
1491 2784 1532 2805 est
1546 2777 1624 2806 Iesus
1639 2787 1664 2806 ιιι

871 2815 971 2850 virtute
995 2815 1119 2850 spiritus.
1151 2814 1183 2840 Et
1209 2815 1314 2841 addidit
1338 2824 1347 2842 :
1378 2817 1404 2842 in
1433 2816 1543 2846 virtute,
1563 2819 1664 2849 Droptcr

871 2849 979 2877 athleta:
996 2851 1143 2877 victoriam.
1164 2849 1195 2877 lit
1206 2857 1273 2878 ειυς.
