1846 3053
25 182 81 212 ἰϐΰ

621 183 654 211 IN
672 184 791 213 LUCAM
810 183 952 211 llOMlLIA
969 181 1050 212 XXV.

1583 185 1631 212 l86
1639 183 1657 210 ὑ

25 249 58 269 η
80 250 150 270 eum
162 250 242 271 autne
265 242 393 278 baptizet,
407 248 435 271 et
450 243 483 270 ad
508 243 599 278 cupita
616 243 784 270 transmittat
798 251 804 269 :
821 245 842 273 Α
859 242 938 270 bebat
954 243 1106 273 sacculum,
1125 249 1178 269 non
1197 242 1338 276 famulum,
1359 251 1411 269 non
1429 243 1521 269 salit-tn
1542 243 1590 269 \lie
1605 249 1649 270 tu-
1665 233 1671 237 ”

25 295 72 314 tm
95 295 175 321 vero,
189 288 236 323 qui
254 295 308 315 non
327 288 409 315 habet
431 287 539 322 signum
565 287 685 322 priorum
704 285 809 320 baptis-

25 337 136 363 uatum,
151 333 260 360 lavacro
278 332 356 367 igneo
381 340 434 359 non
449 332 531 368 962
551 332 680 367 baptizet.
697 330 811 366 Oportet

27 379 85 406 tim
115 379 193 414 prius
207 379 326 414 aliquem
347 378 479 413 baptizari
504 386 574 413 aqua
591 384 618 405 et
638 377 735 412 spiritu
750 397 756 409 ,
782 381 811 404 ut

25 432 71 451 tm
103 425 141 451 ad
172 424 281 459 igneum
303 423 416 451 lluvium
435 424 559 455 venerit,
577 422 704 450 ostendat
731 429 761 450 se
784 426 812 449 et

25 478 90 505 tum
106 474 136 497 et
152 470 263 504 spiritus
277 469 385 497 lavacra
399 477 534 501 servasse,
547 473 574 496 et
587 472 653 496 tunc
674 472 811 495 mereatur

30 517 94 543 iatn
116 512 188 551 ignis
214 515 339 550 accipere
362 515 529 550 baptismum
545 514 572 542 in
588 513 698 542 Christo
722 513 809 541 Jcsu:

25 562 48 590 ti
80 566 131 589 est
153 561 238 597 gloria
261 565 289 588 et
309 561 454 596 imperium
473 561 500 588 in
518 561 617 589 sarcula
634 561 810 589 saeculorum.

28 616 116 635 IIICI].

293 653 438 681 HOMILIA
453 651 538 680 XXV.

25 707 43 727 ‘e
62 699 223 735 suspicione
242 707 322 733 quam
343 698 455 735 habebat
469 696 623 735 populusde
641 697 755 731 Joanne,
774 706 805 725 ne

157 735 225 770 forte
238 735 292 769 ipse
308 738 374 761 esset
392 733 523 761 Christus.
539 733 605 768 Cap.
621 741 661 760 tn.

39 792 141 819 Habet
158 791 308 827 periculurn
321 795 348 818 et
358 791 478 823 dilectio,
502 790 525 818 si
551 790 662 818 modum
678 794 811 818 transeat.

26 838 99 865 ebet
113 838 189 864 enim
204 837 251 872 qui
265 837 383 872 aliquem
401 836 505 872 diligit,
520 841 633 863 naturas
660 841 687 864 et
711 843 811 864 causas

26 884 200 912 onsiderare
217 883 318 916 dilecti,
334 887 361 910 et
376 891 430 910 non
444 891 506 910 eum
522 883 584 917 plus
600 883 712 918 diligere
728 890 810 917 qttam

25 935 152 958 teretur.
167 929 235 957 Nam
252 929 276 957 si
287 936 445 957 mensuram
459 929 617 961 charilatis,
643 928 811 963 modumque

25 976 226 1008 'anscenderit,
239 979 266 1003 et
276 975 322 1010 qui
336 975 432 1010 diligit,
448 979 475 1002 et
487 975 534 1010 qui
550 974 672 1009 diligitur
683 994 690 1007 ,
704 974 732 1001 in
749 981 812 1009 pec-

25 1028 71 1050 Ito
87 1026 185 1050 erunt.
197 1021 274 1055 Quod
290 1020 503 1048 utmanifestius
514 1020 559 1048 liat
571 1027 706 1055 ponamus
720 1028 812 1048 exem-

25 1068 100 1095 lum.
116 1066 251 1094 Joannem
263 1065 381 1101 populus
390 1065 586 1098 mirabatur,et
594 1065 723 1100 diligebat
733 1072 809 1092 eum:

25 1119 33 1142 t
47 1120 152 1141 revera
161 1116 220 1140 erat
232 1112 332 1148 dignus
350 1111 494 1143 miraculo,
510 1115 540 1138 ut
551 1109 613 1145 plus
629 1110 652 1137 ei
666 1118 748 1145 quant
761 1117 814 1137 caa-

25 1161 79 1188 :ris
97 1158 259 1186 hominibus
277 1157 440 1190 deferretur,
455 1157 520 1192 quia
532 1157 611 1184 aliter
626 1163 709 1191 quam
721 1155 813 1184 cuncti

25 1206 148 1234 tortales
161 1205 274 1232 vixerat.
290 1202 351 1231 Non
364 1210 460 1230 omnes
477 1210 575 1230 suntus
596 1202 713 1237 simplici
743 1210 812 1230 cou-

25 1251 79 1279 enti
99 1251 175 1283 cibo,
191 1250 238 1278 sed
250 1250 380 1277 varietate
394 1249 563 1276 delectamur
571 1255 715 1276 escarum:
729 1256 813 1276 unum

25 1298 96 1325 nobis
113 1297 148 1324 ad
166 1296 314 1331 potandum
331 1295 424 1322 vittttm
439 1294 548 1326 sufﬁcit,
564 1294 633 1321 varii
645 1297 742 1329 gustus
751 1294 814 1321 vina

25 1351 188 1371 nctcamur.
205 1341 324 1369 Joannes
339 1349 403 1368 vero
417 1348 523 1375 semper
547 1340 660 1368 locustis
675 1359 682 1372 ,
708 1338 815 1375 semper

25 1389 182 1417 'escebatur
203 1387 282 1415 melle
297 1386 434 1419 silvestri,
457 1390 484 1413 et
500 1390 645 1413 contentus
669 1390 729 1413 erat
747 1386 814 1413 sim-

25 1436 80 1464 plici
98 1440 129 1463 et
143 1434 218 1462 tenui
231 1434 304 1465 cibo,
316 1441 350 1460 ue
364 1440 465 1468 corpus
474 1433 547 1460 illius
559 1432 742 1461 crassioribtts
756 1433 817 1467 pul-

25 1481 120 1509 nentis
138 1481 329 1516 piuguesceret
341 1499 348 1512 ,
367 1484 394 1506 et
410 1479 554 1514 exquisitis
572 1479 690 1513 dapibus
716 1487 815 1514 grava—

25 1533 116 1561 -etur;
149 1525 306 1560 huiusmodi
338 1524 438 1559 quippe
461 1530 558 1552 natura
583 1532 698 1559 corpora
723 1530 816 1553 nostra

30 1575 95 1602 ttat,
114 1574 145 1598 ut
156 1570 227 1598 escis
244 1569 389 1604 supet‘lluis
404 1574 606 1604 aggraventur:
624 1575 652 1597 et
675 1577 737 1598 cum
751 1579 813 1598 cor-

26 1625 68 1645 ius
83 1616 171 1644 fuerit
183 1620 370 1651 aggravatum,
380 1616 472 1642 anima
484 1623 594 1651 quoque
601 1621 740 1649 oneretur,
753 1625 814 1652 qua:

26 1672 69 1691 ter
87 1668 178 1691 totum
197 1662 295 1690 diii'usa
319 1670 419 1697 corpus
445 1662 618 1696 passionibus
635 1662 708 1690 illius
722 1663 814 1699 subia-

26 1714 71 1737 :et.
85 1709 272 1743 Quamobrem
288 1713 361 1736 recte
375 1707 531 1743 praecipitur
547 1708 587 1735 eis
598 1708 645 1742 qui
667 1708 813 1736 observare

26 1760 138 1783 tossunt
151 1764 158 1782 :
176 1755 280 1782 Battum
294 1759 395 1782 estnon
409 1753 569 1780 manducare
585 1761 689 1780 carnem
699 1774 706 1786 ,
733 1762 814 1789 neque

27 1802 107 1829 tibere
118 1801 218 1833 uinum.
230 1809 311 1836 necne
320 1801 348 1827 in
359 1808 409 1835 quo
420 1800 504 1834 frater
514 1804 575 1826 tuus
586 1799 782 1826 scandalizatur
790 1801 810 1826 '.

27 1845 86 1873 Srat
103 1846 188 1882 igitur
201 1845 322 1873 Joannes
349 1846 412 1872 vitae
428 1844 562 1872 mirabilis
591 1848 618 1871 et
643 1844 759 1871 multum
777 1845 813 1872 ab

27 1892 139 1919 diorum
156 1892 297 1919 hominum
313 1890 522 1918 conversatione
538 1890 674 1918 diversus.
692 1889 751 1918 Non
761 1891 810 1918 ha-

863 287 982 323 gurium.
999 287 1157 315 Morabatur
1174 288 1201 314 in
1215 288 1326 315 deserto
1342 296 1396 316 non
1416 288 1503 319 solum
1521 296 1605 323 nsunt:
1616 289 1651 317 ad

863 334 935 360 diem
953 334 1119 362 ostensionis
1133 341 1190 360 sum
1205 335 1237 360 ad
1257 334 1350 366 Israel,
1365 343 1456 360 verum
1474 344 1506 360 «ιω
1521 340 1652 370 ιριιιῃιιγρ,

863 387 918 413 quo
934 380 1121 414 paenitentiam
1137 379 1236 414 populo
1252 380 1424 414 praldicabat,
1438 385 1496 407 erat
1514 381 1540 407 in
1558 381 1653 408 solitu-

863 426 927 453 dine
941 426 1051 459 ludere,
1063 431 1090 454 et
1102 434 1172 461 aqua
1191 425 1308 460 simplici
1324 426 1501 461 irrigabatur,
1524 432 1554 454 ut
1577 431 1605 454 et
1626 427 1654 454 in

864 476 927 506 potu
945 476 1017 499 esset
1027 472 1152 499 diversus
1163 479 1178 498 a
1193 471 1308 499 caeteris.
1322 470 1376 498 Nos
1391 472 1438 506 qui
1459 479 1601 499 vcrsmnur
1626 471 1654 499 in

864 517 991 548 urbibus,
1007 518 1053 552 qui
1067 517 1093 544 in
1111 517 1202 544 medio
1215 517 1377 552 populorum
1393 525 1499 547 sumus,
1515 523 1542 544 ct
1566 521 1656 545 vestes

864 562 1014 597 quaerimus
1030 563 1171 595 lautiores,
1187 567 1214 589 et
1226 562 1311 594 cibos,
1332 567 1356 589 et
1379 562 1479 589 habilia
1496 562 1552 598 (70)
1571 573 1578 589 :
1608 563 1654 591 ille

864 615 929 634 vero
955 609 1001 643 qui
1019 609 1046 635 in
1071 616 1163 636 eremo
1178 609 1337 635 morabatur
1348 629 1355 641 ,
1382 608 1469 636 videte
1482 609 1555 643 quali
1569 609 1655 638 vesti-

866 658 958 681 mento
972 654 1083 681 ittdutus
1102 654 1193 681 fuerit.
1209 654 1246 682 De
1267 655 1329 689 pilis
1347 655 1514 682 camelorum
1532 656 1584 682 sibi
1611 660 1655 683 tu-

865 699 956 729 nicatu
972 699 1087 733 fecerat,
1105 704 1132 727 et
1146 707 1213 727 zona
1226 699 1335 734 pellieea
1362 701 1530 736 cingebatur.
1558 700 1655 728 Omnia

865 752 932 780 ergo
948 745 976 772 in
999 745 1045 773 illo
1067 749 1213 777 noverant,
1231 750 1258 772 et
1274 751 1384 780 propter
1403 747 1655 775 dissimilitudittetn

866 791 928 818 vita:
940 792 1060 819 universi
1076 792 1122 826 qui
1137 791 1277 823 videbant,
1291 792 1498 819 admirabantur
1512 801 1575 820 eum
1592 814 1598 826 ,
1629 800 1658 823 et

867 837 997 866 mirantes
1017 838 1219 866 studiosissime
1232 838 1368 871 colebant,
1381 847 1462 873 super
1475 839 1567 867 omnia
1582 840 1656 876 quod

867 884 1031 918 ptenitentes
1047 884 1074 911 in
1091 884 1280 912 remissionem
1302 889 1476 919 peccatorum
1491 885 1655 920 baptizabat.

831 925 851 953 Β
867 929 941 962 Quas
953 929 988 956 ob
1005 937 1104 957 causas
1118 929 1267 965 diligebant
1284 930 1394 965 quidem
1408 938 1470 958 eum
1483 931 1634 966 justiSsime
1647 953 1656 966 ,

865 976 912 1003 sed
925 983 979 1002 non
995 975 1143 1003 servabant
1153 976 1180 1003 in
1192 976 1327 1004 charitate
1342 976 1453 1004 modum
1469 985 1475 1004 :
1503 978 1659 1013 cogitabant

862 1022 937 1050 enim
956 1030 989 1049 ne
1004 1021 1075 1049 forte
1090 1022 1147 1057 ipse
1163 1028 1236 1050 esset
1254 1022 1390 1050 Christus.
1414 1022 1501 1056 Quam
1519 1024 1659 1051 inordina-

866 1072 921 1094 tam
935 1071 963 1094 et
980 1067 1195 1094 irrationabilem
1221 1067 1383 1095 charitatent
1401 1075 1505 1096 cavens
1519 1070 1660 1104 apostolus

867 1110 969 1139 Paulus
984 1111 1018 1139 de
1028 1112 1178 1147 semetipso
1192 1112 1356 1147 loquebatur
1369 1112 1380 1128 ³
1393 1121 1399 1139 :
1421 1111 1511 1140 Timeo
1525 1120 1613 1141 autem
1628 1123 1660 1142 ns

865 1158 926 1193 quis
939 1157 972 1184 de
989 1166 1028 1185 me
1037 1158 1135 1192 cogitet
1153 1166 1231 1193 super
1242 1158 1270 1186 id
1282 1159 1351 1194 quod
1367 1158 1475 1186 videtin
1492 1167 1543 1192 me,
1552 1165 1598 1187 aut
1610 1169 1661 1188 att-

867 1204 906 1230 dit
919 1211 952 1231 ea:
965 1212 1014 1236 me,
1026 1209 1050 1231 et
1066 1212 1097 1231 ne
1112 1205 1268 1240 magnitudo
1281 1204 1472 1232 revelationum
1483 1205 1594 1233 extollat
1607 1215 1656 1236 nte.

866 1249 920 1277 etc.
937 1249 1016 1283 Quod
1032 1254 1156 1278 metuens
1169 1258 1204 1278 ne
1216 1251 1299 1278 etiam
1313 1251 1371 1286 ipse
1386 1251 1524 1283 incurrat,
1550 1252 1660 1280 nolebat

867 1296 960 1323 omnia
984 1296 1018 1323 de
1041 1304 1071 1324 se
1093 1295 1218 1331 judicare
1239 1304 1300 1331 qua:
1315 1300 1406 1329 norat,
1421 1304 1454 1324 ne
1469 1297 1530 1332 quis
1550 1305 1582 1325 eo
1598 1297 1659 1332 plus

867 1340 1015 1368 arbitretur
1029 1349 1090 1369 esse
1106 1349 1189 1376 quam
1204 1346 1341 1375 cerneret,
1352 1346 1379 1369 et
1395 1349 1553 1369 mensuram
1571 1342 1659 1370 hono-

867 1386 906 1414 ris
921 1387 1067 1419 excedens,
1079 1387 1182 1415 diceret
1195 1387 1268 1420 quod
1280 1387 1383 1415 dictum
1396 1387 1485 1415 fuerat
1499 1387 1532 1416 de
1543 1387 1659 1421 Joanne,

870 1434 934 1469 quia
950 1433 1008 1468 ipse
1034 1439 1108 1461 esset
1136 1433 1276 1461 Christus.
1306 1434 1516 1472 Quodquidem
1535 1435 1661 1464 nonnulli

869 1481 951 1508 etiam
965 1481 998 1508 de
1020 1480 1148 1508 Dositheo
1167 1480 1223 1515 (7t)
1252 1480 1451 1509 Samaritarum
1476 1482 1660 1517 haeresiarchas

870 1525 1010 1559 dixerunt,
1028 1525 1148 1553 aliivero
1174 1525 1209 1553 de
1234 1525 1305 1553 Juda
1334 1526 1459 1555 Galilaeo.
1485 1527 1605 1563 Denique
1632 1529 1659 1556 in

869 1575 972 1598 tantam
1005 1572 1115 1606 quidam
1153 1572 1310 1599 dilectionis
1348 1573 1492 1600 audaciam
1524 1582 1659 1610 prorupe-

868 1620 952 1649 runt,
976 1621 1006 1644 ut
1020 1624 1089 1644 nova
1106 1617 1231 1651 quaedam
1257 1622 1285 1645 et
1312 1617 1434 1645 inaudita
1460 1626 1542 1653 super
1571 1619 1658 1647 Paulo

867 1666 990 1689 monstra
1015 1663 1209 1697 confingerent.
1229 1663 1283 1690 Alii
1305 1663 1377 1690 cnint
1403 1664 1481 1691 aiunt
1506 1664 1558 1692 hoc
1586 1666 1660 1700 quod

867 1707 1000 1742 scriptum
1023 1712 1082 1740 est,
1107 1708 1202 1735 sedere
1224 1716 1238 1735 a
1256 1708 1359 1735 dextris
1383 1708 1535 1738 Salvatoris
1549 1713 1576 1738 et
1590 1710 1659 1738 sini-

867 1754 943 1786 stris,
959 1753 992 1781 de
1013 1753 1098 1782 Paulo
1117 1758 1145 1782 et
1167 1754 1201 1782 de
1223 1754 1360 1782 Marcione
1379 1755 1447 1788 dici,
1464 1756 1537 1790 quod
1558 1756 1659 1785 Paulus

867 1800 943 1827 sedet
967 1807 982 1827 a
1006 1800 1120 1833 dextris,
1143 1800 1244 1827 Marcio
1268 1799 1362 1827 sedeat
1380 1808 1395 1827 a
1418 1801 1548 1828 sinistris.
1572 1802 1659 1830 Pon‘o

866 1845 911 1872 alii
933 1846 1052 1881 legentes
1073 1846 1083 1861 ⁵
1102 1854 1108 1871 ;
1127 1845 1236 1873 Mittam
1258 1845 1330 1873 vobis
1354 1845 1513 1873 advocatum
1526 1847 1658 1883 Spiritum

865 1892 1000 1925 veritatis,
1023 1892 1121 1919 nolunt
1143 1892 1293 1927 intelligere
1316 1891 1422 1918 tertiam
1439 1892 1496 1927 (7‘2)
1512 1901 1656 1928 personam

54 1950 64 1964 '
80 1947 163 1975 Rom.
182 1955 238 1980 xiv,
250 1947 296 1975 2L
317 1948 328 1963 ³
342 1947 363 1974 ll
378 1948 441 1975 Cor.
455 1955 508 1982 xtl,
523 1947 550 1982 6,
569 1948 594 1976 7.
634 1948 644 1964 ‘
657 1947 803 1983 loanzxtv,
820 1948 852 1975 16
874 1960 885 1965 -

31 2007 103 2033 norit
116 2017 124 2034 -.
137 2006 174 2033 ita
191 2013 298 2040 nempe,
315 2011 343 2033 ut
365 2014 418 2033 non
435 2006 517 2032 alium
542 2005 630 2041 ignem
644 2025 651 2036 .
683 2014 736 2033 non
754 2005 806 2033 alia

27 2042 155 2076 mpplicia
176 2046 304 2068 maneant
318 2041 421 2076 quaevis
436 2041 555 2068 admissa
569 2041 671 2068 scelera
689 2061 696 2073 ,
725 2049 807 2076 quain

28 2076 171 2110 iurgatur-ii
190 2085 197 2103 :
219 2083 306 2111 neque
318 2077 385 2103 adeo
397 2076 458 2104 aliis
474 2076 740 2111 quatnitemporariis
755 2081 810 2103 tor-

28 2111 123 2138 ncntis
138 2112 238 2146 putarit
263 2111 370 2138 animas
393 2111 524 2145 torqueri.
554 2110 632 2143 Quod
651 2119 716 2146 vero
732 2111 808 2138 nefa-

28 2147 88 2172 “iam
104 2145 166 2173 eam
181 2147 331 2173 doctrinam
346 2146 390 2173 hic
404 2153 512 2181 quoque
523 2145 574 2173 loci
586 2145 721 2180 propinet,
734 2146 811 2181 equi-

28 2181 79 2208 Iunt
97 2182 232 2208 allirmare
247 2189 300 2208 non
315 2181 414 2212 ausim,
427 2188 488 2208 nam
505 2181 555 2208 etsi
571 2188 758 2216 quemcunque,
770 2181 811 2208 di-

28 2221 73 2248 :at,
95 2221 154 2251 post
170 2217 270 2244 exitum
283 2217 342 2243 vita
356 2216 434 2250 hujus
449 2216 497 2242 hoc
513 2223 590 2242 amne
598 2215 788 2249 baptizanduut
800 2224 809 2242 :

28 2260 109 2291 teque
123 2251 192 2291 adeo
208 2259 291 2291 unum
312 2251 617 2291 aliqucmexeipiatlut
629 2251 712 2291 paulo
728 2258 809 2291 supe-
825 2259 849 2288 ι)

29 2286 78 2313 'itts
96 2287 131 2314 ad
146 2287 242 2314 homil.
259 2286 302 2317 14,
320 2286 364 2313 ubi
380 2287 412 2313 de
427 2286 479 2314 hoc
493 2286 553 2320 ipso
567 2286 645 2320 igneo
673 2286 808 2320 baptismo

29 2321 154 2355 lisputat,
167 2321 421 2356 animadvertimus)
434 2341 441 2353 ,
455 2326 481 2348 et
496 2328 530 2348 tte
543 2320 732 2356 sanctissimos
745 2321 808 2355 qui—

29 2356 82 2383 lem
95 2358 181 2387 viros,
194 2357 240 2392 qui
255 2361 303 2383 aut
312 2356 396 2387 nulla,
408 2355 455 2392 aut
468 2360 541 2392 certe
549 2355 712 2392 temporaria
729 2363 808 2392 poena

31 2396 174 2419 ustrantur
191 2391 210 2418 ί
228 2396 346 2418 attamen
369 2391 442 2424 quod
468 2391 512 2418 hic
539 2391 619 2425 quasi
646 2391 807 2418 sententiam

29 2434 185 2466 conparatis,
201 2427 301 2466 subdit,
319 2431 343 2453 et
358 2427 514 2466 purgatione
527 2425 652 2466 indiget,
674 2425 808 2466 suspicio-

30 2460 82 2488 tem
101 2462 172 2488 tollit
187 2462 300 2494 erroris,
317 2469 402 2495 seque
411 2460 504 2488 innuit
519 2460 553 2488 de
566 2460 599 2488 iis
616 2460 723 2493 dicere,
747 2460 808 2495 qui—

29 2503 72 2531 nis
86 2497 202 2531 leviores
217 2497 338 2525 eluenda
350 2497 405 2524 sint
416 2496 512 2531 culpa.
528 2495 562 2523 Et
577 2503 641 2525 vero
664 2496 757 2523 nescio
773 2503 808 2531 an

29 2530 92 2559 tlius
108 2532 136 2559 in
153 2530 324 2565 Origettiattis
334 2530 529 2565 scription’ibus
540 2531 617 2558 locus
638 2534 736 2563 exstet,
761 2530 808 2565 qui

29 2572 75 2593 am
91 2565 236 2594 commoda
247 2566 473 2600 interpretatione
486 2566 582 2593 donari
594 2565 689 2600 possit.

57 2600 114 2636 (70)
131 2601 259 2629 Fortasse
275 2601 417 2636 legendum
429 2601 564 2636 videatur,
584 2600 684 2636 altilia.

58 2604 103 2634 (70
131 2604 259 2629 Fortasse
275 2604 417 2636 legendum
429 2604 564 2633 videatur,
584 2604 684 2629 altilia.

58 2604 114 2671 (ης
126 2636 186 2663 Huc
199 2636 356 2664 referendus
367 2637 480 2663 omnino
488 2635 603 2671 insignis
614 2635 735 2671 ejusdem
751 2633 809 2671 Ori-

30 2671 95 2702 genis
105 2669 193 2698 'lucus
204 2671 274 2698 libro
292 2679 299 2698 l
324 2675 415 2698 contra
429 2669 635 2702 Celsumfnum.
648 2670 693 2703 57,
708 2671 754 2704 qui
769 2669 809 2697 sic

33 2712 48 2730 n
61 2705 158 2733 Latino
172 2711 251 2733 sonat
261 2715 268 2733 :
279 2705 376 2732 Census
392 2711 516 2740 tempore,
528 2706 634 2740 quando
645 2709 747 2732 constat
761 2713 809 2740 no-

33 2747 75 2776 _ttm
86 2749 143 2768 csse
154 2740 255 2773 Iesum,
269 2740 355 2768 ludas
369 2739 475 2776 quidam
490 2740 616 2768 Galiloaus
624 2750 640 2767 a
651 2740 746 2775 populo
757 2739 808 2776 Ju-

30 2774 95 2801 luico
114 2777 248 2811 deﬁciens,
266 2776 362 2802 multos
375 2774 465 2802 secum
486 2777 568 2802 traxit
579 2796 586 2807 ,
599 2780 654 2802 tum
666 2775 807 2811 sapientia,

30 2816 99 2868 Euam
113 2811 265 2843 simulabat,
284 2816 338 2836 tum
355 2811 438 2843 novis,
453 2819 518 2845 quas
533 2810 701 2842 moliebatur,
720 2810 806 2836 rebus.

43 2845 72 2868 ed
88 2851 227 2868 nnslntmm
249 2847 303 2868 imm
327 2847 430 2868 sceleris
453 2854 542 2868 nmrmx
566 2845 647 2868 dedit.
677 2845 806 2868 exstincta

43 2845 72 2869 ed
87 2851 227 2879 postquam
249 2847 303 2880 ipse
327 2847 430 2872 sceleris
453 2854 542 2880 poenas
566 2845 648 2876 dedit,
677 2845 808 2871 exstincta

31 2881 112 2915 datim
131 2887 168 2908 est
185 2882 241 2915 ejus
267 2881 400 2913 doctrina,
426 2889 472 2907 nec
503 2881 553 2907 nisi
577 2880 647 2914 apud
665 2886 807 2915 perpaucos

32 2913 120 2943 tullius
136 2913 248 2942 nominis
265 2915 388 2942 obtinuit.
406 2915 468 2941 Post
481 2915 544 2942 Jesu
558 2913 673 2951 tempora
690 2914 770 2942 roluit
783 2918 807 2940 et

188 2963 324 2997 Pin-nat.
341 2962 400 2993 Gn.
420 2963 505 2994 Xlll.

862 2004 1001 2032 Dositheus
1016 2005 1125 2039 quidam
1138 2005 1274 2033 Samarita
1288 2005 1344 2032 suis
1371 2004 1531 2039 persuadere
1551 2013 1579 2032 se
1599 2015 1656 2034 esse

864 2040 999 2067 Christum
1013 2040 1106 2076 lum.
1119 2048 1194 2074 quem
1210 2040 1312 2076 Moyses
1329 2041 1491 2076 praeficeret
1501 2041 1655 2076 tristisque

862 2080 901 2101 est
918 2074 1058 2100 nonnullos
1072 2073 1186 2102 sibi'sua
1198 2073 1320 2102 doctrina
1330 2073 1486 2101 conciliare.
1513 2073 1593 2104 Varia
1611 2073 1655 2104 'dc

864 2109 992 2137 DOrithO
1008 2109 1053 2135 alii
1080 2111 1203 2143 tradunt,
1226 2118 1306 2144 quem
1322 2118 1372 2137 ttec
1393 2110 1444 2144 ipsi
1461 2108 1567 2138 Judaici
1585 2112 1657 2139 seri.-

863 2150 956 2205 ptores
983 2144 1050 2171 satis
1067 2149 1192 2185 nortth
1207 2144 1266 2179 lpsc
1285 2145 1367 2172 etiam
1396 2145 1524 2185 aberrare
1547 2145 1654 2174 videtur

876 2180 1045 2205 lteronvmtts
1069 2187 1131 2205 cttnt
1158 2179 1270 2205 Dtaloao
1297 2180 1423 2205 adversus
1448 2179 1652 2205 Luciferianm-

876 2180 1045 2239 lieroantts
1069 2187 1131 2206 cttnt
1158 2179 1270 2214 Dialogo
1297 2180 1423 2206 adversus
1448 2179 1653 2215 Luci/crionos,

876 2224 890 2241 I.
907 2215 952 2241 25.
989 2214 1126 2240 ositlteum
1144 2214 1382 2241 Samaritanorum
1400 2215 1548 2241 principem
1567 2215 1652 2241 facit-

863 2223 890 2241 n.
907 2223 952 2246 20,

862 2249 908 2283 qui
922 2249 1068 2284 prophetas
1081 2249 1242 2283 repudiarit,
1256 2255 1283 2276 et
1296 2257 1329 2276 ex
1344 2250 1423 2284 cujus
1443 2251 1534 2277 radice
1561 2256 1651 2279 ortum

864 2257 908 2283 qut
919 2257 1068 2311 Sropltetas
1081 2257 1242 2283 repuutartt,
1256 2257 1283 2276 et
1296 2257 1329 2276 ex
1344 2258 1423 2284 emus
1443 2257 1534 2277 radice
1561 2257 1651 2279 ortum

864 2284 916 2321 §ad
938 2283 1004 2321 uesci
1022 2284 1174 2321 traxerint;
1191 2292 1253 2311 ttam
1265 2289 1291 2311 et
1299 2286 1393 2321 _tnulto
1407 2289 1485 2312 antea
1496 2285 1653 2321 Scripturas

864 2318 1005 2346 Samaritae
1023 2318 1244 2355 repudiaverant,
1261 2324 1285 2355 et
1299 2318 1442 2355 Tsadocho
1454 2318 1574 2355 principe
1584 2321 1652 2349 Sad-

862 2355 1017 2390 drucaaorum
1032 2353 1168 2390 recentior
1181 2353 1327 2382 Dositheus
1343 2354 1404 2381 fuit.
1423 2355 1477 2382 Alii
1494 2353 1586 2390 plures
1599 2356 1648 2384 Ι)οι

862 2389 966 2417 sitheos
979 2389 1235 2421 comminiscuntur,
1251 2393 1280 2415 ut
1297 2390 1405 2416 diversa
1421 2389 1542 2418 veterum
1559 2391 1593 2419 de
1618 2399 1652 2419 eo

862 2424 1018 2451 testimonia
1042 2423 1199 2451 concilient.
1225 2423 1330 2456 Quibus
1352 2425 1480 2452 omnibus
1505 2424 1651 2456 Origenem

862 2434 1018 2451 testimonia
1042 2434 1199 2451 conctttent.
1225 2434 1330 2456 uututts
1352 2434 1480 2452 omnlnus
1505 2434 1551 2453 Url
1571 2434 1651 2455 onem

862 2459 987 2522 praefero,
1000 2465 1118 2493 quocum
1131 2458 1235 2508 faciunt
1249 2462 1276 2485 et
1293 2457 1462 2493 Hegesippus
1475 2460 1547 2495 apud
1554 2434 1652 2503 BEnec-

882 2502 937 2522 tuttt
951 2494 999 2521 ltb.
1011 2501 1048 2522 tv.
1059 2501 1119 2522 can.
1135 2494 1187 2522 22.
1206 2493 1387 2521 Theodorttus
1404 2497 1505 2522 Hem.
1524 2494 1581 2522 fab.
1599 2495 1648 2522 lib.

882 2495 937 2522 iuni
951 2494 999 2521 lib.
1011 2501 1048 2525 tv,
1059 2501 1119 2528 cap.
1135 2494 1187 2527 εἰς
1206 2493 1387 2528 Theodorttus
1404 2493 1505 2524 Hem.
1524 2494 1581 2528 fab.
1599 2495 1648 2525 lib.

862 2537 963 2591 grcap;3
976 2528 1008 2562 l;
1025 2527 1223 2564 Recoynitiotm
1241 2527 1372 2556 Clementi
1390 2527 1536 2563 attrtbutae,
1552 2530 1600 2559 lib.
1617 2539 1651 2566 tt,

891 2572 945 2591 nan
966 2584 973 2590 .

862 2571 973 2592 aillalle.

898 2572 1002 2661 ἓξὲξ-δί
1016 2598 1058 2639 cui
1082 2606 1199 2634 persona
1217 2597 1378 2626 vocabulum
1394 2596 1422 2625 in
1438 2597 1538 2626 divinis
1554 2607 1650 2629 recen-

898 2641 916 2661 IS
958 2634 1058 2661 riaents
1071 2642 1129 2661 aevo
1143 2634 1277 2661 videatur.
1293 2637 1398 2661 reputet
1411 2639 1445 2660 eo
1463 2640 1542 2660 usum
1561 2634 1590 2661 S.
1606 2636 1649 2661 in-

862 2634 916 2661 tius
933 2633 1058 2668 Origenis
1071 2642 1129 2662 aevo
1143 2634 1277 2666 videatur,
1293 2637 1398 2667 reputet
1411 2639 1445 2660 eo
1463 2640 1542 2660 usum
1561 2634 1590 2662 S.
1606 2636 1649 2662 in-

862 2673 1024 2703 terpretem,
1049 2676 1098 2704 pro
1131 2676 1186 2704 quo
1211 2668 1358 2704 ortonam);
1379 2671 1476 2695 auctor
1489 2668 1647 2704 scripserit.

861 2702 995 2731 Caeterum
1015 2702 1148 2731 et'tomo‘
1159 2704 1280 2731 secundo
1295 2704 1322 2731 in
1332 2703 1460 2731 Joannem
1489 2702 1648 2732 luculentis

862 2738 1119 2774 sinteAdamantius
1132 2748 1139 2765 :
1156 2739 1251 2774 Ἡμεῖς
1265 2738 1389 2774 μέντοιγε
1401 2739 1474 2774 τρεῖς
1485 2738 1649 2774 ὑποστάσεις

863 2773 1016 2808 πειθόμενοι
1028 2774 1182 2809 τυγχάνειν,
1197 2774 1243 2799 τὸν
1258 2773 1366 2809 Πατέρα
1379 2773 1436 2808 (καὶ
1445 2773 1490 2799 τὸν
1507 2773 1557 2800 rw
1566 2785 1583 2809 ιχ
1601 2776 1648 2808 qui

862 2815 1003 2842 perperam
1026 2808 1053 2834 in
1069 2809 1149 2835 editis
1164 2809 1241 2836 libris
1258 2808 1438 2843 desideratur)
1458 2808 1506 2836 καὶ
1527 2810 1558 2834 τὸ
1571 2808 1648 2842 ἄγων

862 2843 973 2871 Πνεῦμα
989 2851 995 2869 :
1011 2841 1107 2870 Latine
1121 2851 1153 2870 cx
1176 2843 1293 2871 Ferrarii
1314 2844 1455 2871 versione.
1477 2843 1532 2870 Nos
1549 2849 1647 2871 autem.

862 2851 973 2877 ιινευμα
989 2851 995 2869 :
1011 2851 1107 2870 Lattne
1121 2851 1153 2870 ex
1176 2851 1293 2871 rerrartt
1314 2851 1455 2877 vcrstone,
1477 2851 1532 2870 [vos
1549 2851 1647 2876 sum",

861 2878 906 2912 qui
919 2883 970 2904 tres
983 2885 1127 2915 personas,_
1137 2877 1244 2904 Patrem
1265 2884 1288 2906 et
1309 2877 1410 2906 Filium
1426 2884 1504 2915 atque
1517 2878 1646 2913 Spiritum

862 2917 983 2939 sanciunt
999 2920 1054 2939 csse
1068 2913 1208 2939 credmtus.

989 2214 1126 2240 ositlteum
1144 2214 1382 2242 Samaritanorum
1400 2215 1548 2249 principem
1567 2214 1652 2248 facit,

1512 2962 1550 2992 59
