1846 3053
31 94 125 124 1873

641 98 673 126 IN
693 94 812 126 LlECA.“
832 97 973 125 IIOIllLlA
996 98 1091 125 XXIX.

1615 99 1683 127 18'."

26 154 164 187 quando
174 154 368 182 conscendere.
387 155 437 189 Qui
458 156 529 185 enim
546 158 608 185 fecit
621 166 684 185 eum
702 158 778 186 caelis
793 158 840 185 tibi
855 159 878 187 Α
892 164 1046 184 sermonem
1062 156 1119 184 Dei.
1136 152 1289 191 Congregat
1302 157 1335 184 de
1352 157 1500 192 prophetis,
1517 159 1550 184 de
1561 156 1633 192 lege,
1651 158 1685 185 de

28 195 273 233 descendentem,
293 201 422 230 mulieres
441 211 495 230 tton
512 204 657 239 quaslibet,
682 205 728 232 sed
745 213 842 240 pecca-

30 245 147 278 trieett,
160 249 189 273 et
199 253 269 281 quas
287 245 426 282 Scriptura
440 250 658 284 reprehenderat,
677 251 823 279 introducit
836 261 842 280 :

30 293 100 328 qui
119 301 186 321 vero
198 293 365 329 baptizatum
381 300 484 328 narrat,
511 296 613 324 nullius
636 296 700 325 facit
722 298 844 326 mulieris

32 338 229 366 mentionem.
251 338 278 366 In
296 338 423 367 Matthaeo
442 340 515 367 enim
537 341 562 357 "
575 361 583 373 ,
601 345 632 368 ut
645 341 777 373 diximus,
796 349 845 370 uo-

32 383 175 410 Iuinatur
189 383 325 415 Thamar,
341 392 405 419 quae
422 393 483 412 cum
508 393 603 414 socero
626 386 721 414 fraude
743 394 845 414 concu-

31 427 122 460 buit,
144 433 171 456 et
198 428 271 456 Ruth
299 428 428 458 Moabitis
442 438 494 458 neo
517 431 551 459 de
574 440 675 467 genere
699 433 782 460 Israel
797 441 803 459 :
818 438 845 461 et

33 472 141 507 Raab,
157 482 218 509 quae
234 475 307 503 unde
323 480 431 510 sumpta
446 476 492 509 sit,
511 477 581 505 scire
593 486 699 513 nequeo
716 488 722 505 :
736 483 762 506 et
777 486 843 506 con-

32 517 97 553 iux
122 517 205 552 Uria,
222 527 283 554 qua:
308 519 420 548 violavit
444 522 536 549 mariti
562 526 661 551 torum.
680 523 749 556 Quia
771 524 843 552 enim

37 563 188 593 Dominus
201 570 293 592 noster
307 570 388 601 atque
406 566 531 595 Salvator
546 568 643 596 adhoc
664 574 796 602 venerat,
815 574 846 598 ut

38 609 198 638 hominum
215 616 326 646 peccata
345 613 507 648 susciperet.
519 618 619 642 etequ
633 615 680 650 qui
700 623 754 643 non
772 616 845 644 fece-

37 660 94 682 rat
113 661 268 690 peccatum,
286 665 334 691 pro
346 657 425 685 nobis
441 662 581 692 precatum
594 658 657 686 fecit
670 659 740 687 Deus
758 668 764 686 :
783 668 845 695 pro—

38 706 146 735 pterca
162 702 333 730 descendens
348 703 375 730 itt
393 703 536 736 mundum,
548 705 699 740 assumpsit
719 711 844 741 peccato-

40 753 117 772 rum
138 746 277 773 hominum
294 747 508 782 vitiosoruntque
533 755 675 783 personam
690 770 698 783 ,
717 755 744 777 et
769 749 844 777 nasci

39 791 142 819 voluit
160 792 193 819 de
209 792 294 827 stirpe
309 792 474 825 Salomonis,
494 794 573 828 cujus
590 799 700 829 peccata
722 796 844 823 conscri-

39 840 110 870 pta,
123 841 152 864 et
170 825 305 871 Roboa-m,
320 837 399 873 cujus
416 838 513 867 delicta
528 825 664 872 feruittur,
677 846 703 868 et
717 841 751 869 de
764 848 844 869 (πιρ-
860 825 882 855 Β

40 883 102 915 ris,
121 891 136 910 e
153 883 253 918 quibus
279 884 356 911 multi
374 883 498 912 fecerunt
522 886 624 914 tnalum
650 887 676 914 in
697 893 844 923 conspectu

40 927 112 955 Dei.
129 927 244 962 Quando
265 937 328 957 vero
342 930 375 957 de
390 930 499 959 lavacro
515 933 686 966 conscendit,
701 937 728 961 et
747 941 846 961 secun-

39 973 104 1001 dus
118 974 185 1001 ordo
205 981 265 1002 esse
280 975 455 1009 describitur,
471 984 527 1003 non
537 984 584 1011 per
601 977 784 1010 Salomonem,
797 978 844 1006 sed

39 1027 100 1053 per
116 1018 222 1046 Natban
241 1020 373 1054 nascitur,
384 1021 431 1056 qui
448 1021 508 1056 ejus
528 1023 618 1057 arguit
635 1027 739 1057 patrem
763 1032 845 1059 super

41 1065 127 1094 Uria:
150 1071 236 1094 morte
253 1071 369 1102 Ortuque
397 1067 563 1097 Salomonis.
587 1069 642 1098 Sed
664 1071 690 1098 in
716 1072 846 1101 Mattltato

40 1119 161 1147 semper
172 1113 356 1148 generationis
380 1122 480 1142 nomen
506 1116 684 1152 adjungltur:
712 1118 756 1145 hic
781 1126 845 1147 vero

42 1158 162 1192 penitus
175 1158 288 1186 siletur:
306 1159 442 1194 Scriptum
459 1165 501 1188 est
512 1161 584 1188 enim
599 1162 635 1189 ibi
651 1162 692 1188 ’δε
710 1163 844 1191 Abraham

41 1203 141 1237 genuit
150 1201 239 1237 Isaac,
253 1202 333 1231 Isaac
344 1205 432 1237 qenut't
442 1204 537 1239 Iacob,
549 1206 631 1234 Iacob
645 1209 732 1243 genuit
745 1207 842 1235 Iudam

40 1254 71 1276 et
104 1250 201 1283 fratres
225 1249 294 1284 ejus,
311 1250 398 1277 Iudas
422 1252 512 1286 genuit
536 1252 636 1280 Phares
661 1259 685 1281 et
700 1253 798 1281 Zaram
812 1256 844 1283 de

45 1295 180 1329 Thamar,
196 1300 223 1324 ct
238 1305 324 1332 usque
337 1298 370 1325 ad
385 1297 464 1325 fittem
477 1318 485 1331 ,
506 1300 610 1334 genuit,
637 1308 743 1336 semper
761 1310 844 1337 appo-

43 1344 137 1370 nitur.
154 1344 182 1370 ln
200 1343 274 1372 Luca
290 1352 364 1377 vero,
381 1345 426 1372 ubi
446 1346 479 1373 de
502 1346 611 1374 lavacro
626 1349 783 1376 conscendit
799 1349 845 1377 Ie-

43 1397 111 1420 sus,
128 1390 198 1417 tilins
214 1391 314 1418 dicitur
327 1399 333 1416 :
351 1391 424 1419 Sicut
439 1392 583 1426 putabatur
595 1394 667 1428 ﬁlius
681 1394 777 1430 Ioseph
791 1405 802 1423 .'
817 1401 844 1424 et

45 1434 76 1461 in
108 1439 162 1461 tam
179 1435 264 1462 multa
289 1436 360 1464 serie
376 1438 534 1469 nominum,
552 1444 665 1474 excepto
680 1441 751 1475 quod
764 1445 844 1475 puta—

43 1481 132 1508 batur
146 1482 218 1515 ﬁlius
232 1482 345 1518 Ioseph,
364 1484 547 1518 generationis
568 1493 666 1513 nomen
692 1487 841 1522 ascriptum
856 1503 877 1532 ϐ

44 1534 107 1554 non
123 1533 174 1555 est.
189 1528 217 1555 ln
233 1528 360 1557 Matthteo
373 1538 427 1557 non
441 1535 482 1557 est
505 1531 648 1566 scriptum,
675 1533 817 1567 incipiebat
832 1543 842 1562 :

45 1573 96 1600 hic
112 1581 193 1606 vero,
220 1575 284 1609 quia
308 1575 342 1602 de
368 1575 531 1610 baptismate
555 1585 758 1607 conscensurus
772 1585 842 1614 erat,

44 1618 192 1652 incipiebat
209 1619 317 1655 legitur,
331 1620 471 1655 Scriptura
486 1621 619 1650 referente
634 1631 640 1649 :
662 1623 697 1651 Et
719 1625 773 1660 ipse
785 1630 843 1653 erat

42 1663 130 1690 Iecur
159 1664 297 1699 incipient.
312 1665 428 1699 Quando
453 1667 526 1694 enim
552 1668 705 1704 baptizatus
731 1677 793 1706 est,
817 1679 843 1700 et

45 1710 212 1744 mysterium
228 1711 354 1739 secunda:
367 1713 552 1747 generationis
576 1717 745 1751 assumpsit,
767 1722 796 1745 ut
813 1723 840 1746 tu

43 1762 162 1789 quoque
174 1756 291 1790 priorem
307 1757 475 1785 nativitatem
488 1759 623 1793 destruas,
637 1765 665 1788 ct
680 1761 706 1788 in
722 1764 841 1791 secuttda

44 1802 257 1835 regeneratione
279 1804 417 1835 nasceris,
440 1809 505 1832 tunc
525 1805 626 1834 dicitur
647 1807 792 1843 incepisse.
810 1809 842 1837 Et

43 1847 189 1881 quomodo
202 1848 318 1883 populus
331 1848 499 1884 Iudaeorum,
514 1853 625 1886 quando
640 1858 699 1881 erat
717 1854 743 1881 itt
757 1854 841 1891 IEgy-

45 1898 109 1928 pto,
128 1902 181 1921 ttou
198 1894 314 1922 habebat
328 1896 435 1927 initium
465 1899 600 1925 mensium
619 1908 625 1926 :
649 1901 758 1934 quando
776 1910 841 1930 vero

45 1947 178 1974 egressus
198 1947 230 1966 ex
255 1940 382 1976 Egypto,
402 1946 467 1970 tunc
487 1942 541 1978 [ιιι.
569 1945 658 1981 nunc]
684 1946 784 1974 dicitur
807 1948 840 1975 ad

44 1993 113 2013 cum
126 1985 148 2001 ¹¹
166 1993 173 2012 :
190 1985 285 2012 Mensis
298 1987 380 2022 986
395 1988 442 2014 iste
462 1989 567 2016 initium
587 1991 715 2018 mentium
737 1993 839 2027 primus

45 2032 99 2059 erit
116 2031 187 2058 vobis
206 2032 238 2059 de
260 2034 392 2060 mensibus
418 2035 505 2061 anui:
527 2035 566 2062 sic
589 2035 636 2070 qui
659 2037 775 2064 necdum
799 2043 840 2066 est

47 2077 214 2111 baptizatus,
230 2086 278 2105 nec
293 2079 409 2113 erupisse
421 2085 557 2107 narratur.
576 2080 630 2109 Nec
646 2082 719 2109 enim
738 2083 838 2112 frustra

45 2121 171 2149 additum
188 2126 313 2156 putemus
329 2123 362 2150 ad
376 2123 401 2150 id
414 2124 487 2158 qttod
504 2125 604 2154 dicitur
618 2133 624 2152 :
642 2125 703 2160 Ipse
714 2133 771 2155 erat
794 2128 840 2156 Ie-

895 203 1035 238 apostolis,
1049 203 1131 230 verba
1142 203 1316 230 abundantiae
1329 212 1334 228 2
1349 203 1421 231 unde
1437 204 1546 238 quando
1557 204 1614 238 jam
1630 211 1685 231 non

895 250 1053 277 scribuntur
1068 249 1140 282 libri,
1160 256 1209 276 nec.
1224 257 1325 276 novum
1349 249 1460 284 aliquod
1485 249 1628 277 conficitur
1642 258 1685 277 tn-

895 298 1088 325 strutnentum,
1104 301 1154 322 ucc
1169 294 1314 321 mittuntur
1326 294 1360 321 ab
1376 294 1507 329 apostolis
1527 302 1558 322 ea
1569 302 1630 329 quae
1652 295 1686 321 ab

894 337 958 365 Iesu
981 339 1008 365 in
1030 339 1129 365 horrea
1155 339 1344 373 apostolorum
1372 339 1479 366 fuerant
1503 344 1686 374 comportata,

895 383 949 411 hoc
970 387 1012 410 est
1034 384 1060 410 in
1078 384 1185 411 animas
1198 391 1305 417 eorum,
1320 385 1499 419 omniumque
1515 389 1686 418 sanctorum,

895 430 1042 457 distribuat
1053 435 1079 457 et
1095 431 1199 457 nutriat
1214 430 1362 466 Egyptum
1384 430 1455 458 fame
1474 431 1686 466 periclitantem,

896 475 1069 510 maximeque
1081 475 1191 508 fratres,
1214 475 1247 502 de
1262 476 1362 510 quibus
1393 475 1523 503 scribitur
1537 484 1544 502 :
1563 475 1686 503 Narrabo

896 531 989 549 nomen
1003 527 1076 548 tuum
1089 521 1217 556 fratribus
1232 522 1306 552 meis,
1328 522 1355 548 in
1374 522 1459 548 medio
1480 521 1607 549 Ecclesia
1620 531 1687 549 catt-

897 570 956 595 tabo
973 573 999 594 to
1011 567 1045 595 “.
1059 566 1165 594 Habent
1178 571 1205 594 et
1221 567 1267 594 alii
1282 567 1408 594 homines
1424 567 1507 594 verba
1524 568 1662 603 patientite
1679 577 1684 593 :

895 612 1033 647 verbaque
1056 611 1152 646 iudicii
1170 615 1197 638 et
1218 611 1388 646 reliquarum
1416 611 1498 638 verba
1531 612 1662 640 virtutunt
1678 621 1684 628 ι

896 658 948 686 hoc
967 663 1008 686 est
1024 657 1145 685 triticum
1161 657 1235 693 quod
1259 657 1360 692 Ioseph
1375 657 1512 693 Egyptiis
1534 658 1685 686 distribuit.

896 703 949 730 Sed
964 703 1037 730 aliud
1052 707 1094 730 cst
1105 702 1274 731 frumentum
1287 704 1361 738 quod
1373 702 1515 736 fratribus,
1538 703 1564 730 id
1580 707 1632 736 est,
1645 704 1687 731 di-

895 749 1009 784 scipulis
1024 749 1082 776 suis
1096 748 1236 776 distribuit
1249 748 1282 776 de
1297 747 1403 776 Icsscm
1419 753 1491 776 terra
1503 768 1510 781 ,
1524 748 1558 776 de
1573 756 1605 776 ea
1626 757 1687 784 qua:

896 798 931 825 ad
941 798 1074 825 orientem
1086 797 1207 832 respicit,
1218 796 1340 824 triticum
1351 797 1549 832 evangelicum,
1565 796 1686 824 triticum

896 844 1088 880 apostolicum.
1106 843 1144 872 De
1162 843 1213 872 ltoc
1229 845 1320 872 tritico
1333 844 1466 878 debemus
1483 852 1567 879 panes
1584 844 1684 877 facere,

896 890 933 917 ita
950 895 1040 917 tamen
1067 894 1097 917 ut
1120 898 1174 917 non
1197 890 1408 918 commisceatur
1432 890 1517 918 veteri
1537 890 1685 923 fermento,

896 936 1099 971 habeamusque
1124 943 1223 971 panem
1246 944 1347 963 novum
1362 936 1395 963 de
1405 935 1607 971 Scripturarum
1635 937 1686 963 tri-

895 982 966 1014 tico,
985 981 1156 1017 farinamqne
1173 982 1361 1010 contmolitam
1379 981 1405 1008 in
1421 981 1531 1010 Christo
1548 981 1623 1015 Iesu,
1642 982 1684 1009 cui

894 1032 937 1055 est
949 1028 1035 1063 gloria
1048 1033 1075 1056 et
1092 1028 1236 1078 impe.rium
1249 1028 1276 1055 in
1291 1028 1392 1056 saecula
1402 1029 1576 1056 smeulorum.
1588 1028 1685 1056 Amen.

1159 1086 1304 1116 llOMlLlA
1321 1086 1418 1114 XXlX.

894 1141 934 1169 De
944 1150 974 1170 eo
987 1142 1056 1177 quod
1071 1142 1198 1175 scriptum
1213 1146 1251 1168 est
1264 1150 1273 1168 :
1292 1150 1300 1166 ι
1318 1140 1396 1170 Iesus
1408 1145 1496 1179 autem
1516 1147 1608 1177 pertus
1623 1137 1677 1179 Spi-

929 1178 982 1204 ritu
998 1182 1088 1204 raucta
1113 1185 1229 1204 reversus
1243 1181 1306 1203 est:
1326 1186 1335 1202 ι
1367 1180 1391 1202 et
1408 1177 1440 1202 de
1462 1180 1606 1202 (uitiatione
1627 1177 1682 1208 ejtu

929 1213 1026 1248 prima.
1042 1213 1106 1246 Cap.
1126 1220 1162 1239 tv.

929 1259 1046 1292 Quando
1059 1258 1127 1293 legis
1143 1258 1170 1284 itt
1196 1257 1344 1293 Evangelii)
1358 1276 1365 1289 ,
1383 1255 1460 1283 Iesus
1476 1259 1566 1282 autem
1590 1255 1682 1290 plenus

893 1303 998 1339 Spiritu
1008 1308 1099 1331 sancto
1112 1311 1228 1330 reversus
1241 1308 1289 1334 est,
1301 1303 1363 1330 etin
1376 1302 1488 1329 Actibus
1497 1301 1682 1336 apostolorum

894 1347 940 1375 ubi
955 1347 1066 1379 dicitur,
1087 1347 1160 1383 quod
1178 1347 1273 1382 repleti
1290 1347 1392 1374 fuerint
1410 1346 1513 1381 Spiritu
1535 1351 1630 1373 sancto
1648 1347 1681 1378 ",

894 1393 954 1421 vide
978 1401 1014 1421 ne
1038 1393 1157 1429 aequales
1178 1397 1256 1428 putes
1281 1401 1341 1420 esse
1358 1393 1495 1428 apostolos
1521 1391 1654 1419 Salratori
1675 1402 1681 1418 :

893 1439 942 1467 sed
955 1443 983 1466 et
994 1438 1099 1470 Iesum,
1116 1438 1273 1474 apostolos,
1296 1442 1323 1465 et
1347 1438 1429 1464 alium
1451 1437 1598 1472 quemlibet
1618 1444 1683 1464 ειυς

893 1491 999 1513 etorum
1023 1486 1115 1520 plenos
1139 1484 1240 1520 Spiritu
1269 1489 1364 1512 sancto
1381 1491 1514 1518 cognosce
1532 1483 1681 1510 secundum

895 1539 1052 1558 mensuram
1068 1530 1170 1558 vasculi
1196 1530 1238 1558 sui
1253 1539 1260 1557 :
1278 1535 1305 1557 et
1317 1530 1456 1564 quomodo
1466 1551 1472 1562 ,
1496 1529 1569 1556 ret-bi
1584 1528 1682 1562 gratia,

894 1578 918 1605 si
932 1577 1052 1605 volueris
1076 1577 1167 1604 dicere
1179 1597 1186 1609 ,
1203 1576 1261 1604 haec
1276 1583 1340 1603 vasa
1357 1575 1436 1610 plena
1464 1580 1528 1602 sunt
1550 1575 1615 1602 vino
1639 1575 1683 1603 vel

893 1624 965 1656 oleo,
978 1632 1032 1651 non
1044 1624 1137 1651 statim
1149 1623 1258 1658 judicas
1269 1622 1342 1657 quod
1353 1622 1450 1656 aequali
1462 1629 1590 1650 mensura
1603 1621 1682 1656 plena

893 1670 1103 1705 sint(siquidem
1117 1668 1190 1696 aliud
1207 1669 1357 1696 sextarium
1371 1676 1468 1703 capere
1492 1672 1592 1703 potest,
1608 1667 1680 1694 aliud

893 1722 1002 1746 urnam,
1017 1714 1090 1741 aliud
1107 1714 1289 1748 amphoram),
1305 1713 1400 1741 eodem
1419 1714 1498 1741 modo
1510 1718 1538 1740 et
1560 1712 1640 1740 Iesus
1656 1717 1683 1740 rt

892 1758 994 1786 Paulus
1006 1759 1077 1793 pleni
1095 1764 1174 1786 erant
1191 1758 1294 1793 Spiritu
1318 1763 1412 1786 sancto
1429 1767 1440 1789 ε,
1455 1758 1502 1787 sed
1524 1759 1609 1785 multo
1635 1766 1682 1785 vas

891 1802 968 1830 Pauli
983 1804 1074 1831 minus
1088 1808 1146 1831 erat
1158 1810 1221 1830 vase
1232 1803 1308 1835 Iesu,
1319 1808 1345 1830 et
1357 1809 1446 1831 tamen
1458 1808 1516 1831 erat
1529 1803 1679 1830 secundum

892 1857 1048 1877 mensuram
1064 1857 1141 1876 suant
1152 1854 1300 1884 utrumque
1312 1849 1490 1884 completum.
1501 1848 1620 1883 Accepto
1631 1849 1682 1876 ita-

890 1903 944 1930 que
959 1895 1106 1929 baptismo,
1123 1894 1249 1921 Salvator
1265 1894 1361 1929 plenus
1376 1893 1480 1928 Spiritu
1494 1898 1590 1920 sancto
1601 1914 1609 1923 .
1633 1894 1680 1928 qui

890 1948 973 1976 super
993 1948 1054 1968 eum
1071 1941 1097 1967 in
1125 1940 1216 1975 specie
1230 1940 1365 1971 columba:
1395 1939 1429 1967 de
1454 1939 1532 1967 coalis
1558 1946 1679 1973 venerat,

890 1985 1041 2014 ducebatur
1075 1994 1092 2013 a
1122 1985 1230 2020 spiritu.
1264 1984 1334 2022 Quia
1356 1985 1426 2013 enim
1455 1990 1581 2020 quotquot
1617 1985 1680 2020 Spi-

891 2033 945 2058 ritu
973 2031 1020 2058 Dei
1034 2032 1176 2065 ducuntur,
1194 2031 1288 2065 [ti/itii
1302 2036 1362 2057 sunt
1382 2030 1428 2057 Dei
1445 2031 1485 2064 ¹⁸;
1511 2031 1561 2059 iste
1585 2036 1678 2059 autem

890 2080 967 2104 extra
984 2084 1080 2104 omnes
1095 2077 1202 2111 proprie
1215 2075 1300 2104 Filius
1312 2076 1358 2103 Dei
1378 2081 1446 2109 erat,
1462 2077 1522 2104 ideo
1541 2083 1566 2105 et
1588 2078 1676 2113 ipsum

890 2121 1032 2156 oportebat
1051 2120 1157 2155 Spiritu,
1174 2125 1269 2148 sancto
1290 2121 1363 2148 duci.
1385 2120 1526 2156 Siquidem
1547 2122 1678 2157 scriptum

46 2175 105 2198 ws,
123 2167 196 2201 quod
226 2167 366 2203 sequitur,
389 2169 528 2204 incipient.
554 2169 606 2198 Sed
635 2177 662 2199 et
679 2174 752 2208 quod

948 2175 951 2193 :
969 2166 1119 2195 Ducebatur
1133 2171 1221 2196 autem
1240 2167 1268 2193 in
1287 2166 1419 2195 desertum
1440 2175 1457 2194 α
1477 2167 1585 2202 spiritu.
1601 2168 1677 2201 Qua-

46 2212 134 2245 Quasi
150 2221 279 2240 annorum
291 2214 411 2249 triginta,
423 2216 664 2244 considerandum.
676 2217 776 2255 Ioseph
793 2222 840 2249 tri-

46 2257 123 2292 ginta
137 2265 271 2286 annorum
284 2263 352 2290 erat,
366 2260 475 2294 quando
491 2261 623 2290 dimissus
637 2269 652 2290 e
667 2263 795 2299 vinculis,
809 2271 838 2294 et

45 2304 244 2337 interpretatus
259 2305 396 2334 somnium
416 2305 579 2340 Pharaonis,
596 2307 705 2344 {Egypti
724 2311 836 2340 allectus

44 2355 90 2378 est
101 2351 236 2386 princeps,
253 2351 440 2386 ubertatisque
456 2357 577 2387 tempore
591 2354 712 2383 triticum
724 2364 838 2393 congre-

45 2396 131 2432 gavit,
144 2400 174 2423 ut
191 2395 271 2424 famis
288 2402 410 2432 tempore
425 2397 538 2425 haberet
558 2399 631 2433 qttod
649 2400 837 2431 distribueret.

45 2442 104 2477 Ego
135 2447 200 2476 puto
221 2442 293 2477 quod
303 2443 411 2479 triginta
424 2443 488 2472 anni
499 2443 600 2479 Ioseph
608 2444 636 2472 itt
644 2447 708 2480 typo
727 2448 837 2483 triginta

44 2495 182 2515 annorum
199 2489 388 2523 praecesserint
400 2489 559 2518 Salvatoris.
579 2490 632 2518 Iste
648 2492 721 2520 enitn
733 2492 834 2530 Ioseph

45 2541 100 2560 non
119 2533 171 2561 tale
187 2534 308 2562 triticum
319 2535 506 2570 congregavit,
521 2536 601 2571 quale
615 2536 642 2563 itt
659 2537 777 2574 {Egypto
790 2540 835 2568 ille

43 2578 158 2614 Ioseph,
175 2579 222 2607 sed
239 2580 359 2608 triticum
374 2589 481 2614 verum,
495 2587 577 2616 atque
587 2583 708 2617 cozleste,
723 2590 752 2612 ut
765 2589 834 2613 tem-

43 2632 111 2660 pore
128 2624 260 2654 ubertatis
276 2627 367 2654 tritico
383 2632 547 2663 congregato
565 2629 676 2657 haberet
691 2631 764 2666 quod
777 2631 833 2660 dis-

42 2670 186 2702 tribueret,
201 2679 263 2698 eum
276 2671 362 2699 fames
375 2676 449 2700 esset
464 2673 547 2700 missa
568 2674 594 2700 in
609 2674 767 2711 Egyptum,
780 2684 833 2704 non

42 2715 133 2744 fames
146 2716 235 2751 panis,
250 2724 338 2752 neque
357 2718 418 2746 sitis
429 2725 518 2754 aqute,
537 2720 584 2747 sed
596 2720 684 2749 fames
704 2722 832 2749 audiendi

81 2809 105 2825 ’³
121 2808 187 2844 Cap.
202 2817 220 2836 t.
259 2810 281 2825 "'
293 2809 388 2838 Matth.
402 2818 421 2844 ι,
431 2810 459 2844 2,
475 2811 501 2838 ’5.

549 2811 572 2828 ⁸⁸
587 2810 662 2840 Exod
692 2819 740 2845 xu,
757 2812 784 2839 ‘2.
825 2813 847 2829 ²⁶
858 2812 931 2840 Psal.
950 2821 1007 2845 χχι,
1021 2812 1068 2841 3‘2.

891 2213 1016 2247 draginta
1031 2212 1127 2239 diebus
1145 2216 1264 2239 tentatur
1278 2211 1368 2245 Iesus,
1385 2217 1412 2240 et
1431 2220 1492 2248 qua:
1507 2213 1608 2241 fuerint
1621 2218 1679 2241 ten-

891 2263 1010 2289 tamenta
1035 2258 1194 2286 nescimus:
1212 2265 1274 2292 qua;
1291 2258 1351 2286 ideo
1367 2258 1481 2286 forsitan
1496 2261 1678 2294 prmtcrmissa

889 2309 963 2337 sunt,
981 2304 1044 2339 quia
1061 2304 1164 2339 majora
1176 2308 1256 2333 erant
1271 2312 1353 2339 quam
1372 2310 1402 2332 ut
1421 2305 1520 2333 litteris
1535 2307 1678 2334 crederen-

887 2355 942 2377 tur.
964 2349 998 2377 Et
1014 2350 1037 2378 si
1058 2350 1098 2378 sic
1112 2355 1220 2385 oportet
1245 2350 1346 2384 dicere,
1363 2351 1434 2378 sicut
1451 2351 1568 2378 mundus
1582 2360 1678 2387 capere

888 2403 942 2423 non
958 2400 1062 2431 poterat
1079 2403 1176 2424 omnes
1193 2396 1290 2429 libros,
1307 2397 1331 2424 si
1356 2397 1456 2434 scripta
1478 2397 1594 2425 fuissent
1617 2406 1678 2433 qua:

887 2443 950 2471 fecit
963 2448 990 2470 et
1000 2442 1199 2472 doeuitIesus:
1221 2444 1260 2471 sic
1272 2444 1454 2478 quadraginta
1467 2444 1572 2471 dierum
1589 2449 1677 2472 tenta-

887 2490 976 2518 tiones
989 2490 1090 2525 quibus
1105 2494 1224 2519 tentatus
1232 2495 1274 2518 cst
1292 2490 1423 2518 Dominus
1433 2498 1448 2517 a
1462 2490 1581 2523 diabolo,
1594 2499 1675 2518 mun-

888 2537 939 2564 dus
954 2536 1026 2564 fcrre
1041 2544 1095 2564 non
1110 2540 1226 2571 poterat,
1243 2537 1266 2563 si
1280 2535 1420 2571 Scriptura
1437 2536 1585 2563 decuisset.
1597 2536 1678 2563 διιπί-

886 2581 923 2609 cit
935 2581 1013 2610 nobis
1024 2581 1076 2608 hoc
1085 2586 1191 2609 tantum
1207 2582 1289 2613 scire,
1304 2581 1376 2617 quod
1388 2581 1567 2617 quadraginta
1579 2581 1678 2610 diebus

886 2626 914 2654 in
930 2627 1040 2655 deserto
1052 2626 1146 2660 fuerit,
1158 2631 1185 2654 et
1203 2627 1360 2654 tentabatur
1381 2635 1397 2655 a
1419 2626 1543 2659 diabolo,
1570 2631 1597 2653 et
1623 2634 1677 2655 non

885 2673 1034 2701 comederit
1053 2674 1203 2709 quidquam
1229 2673 1255 2700 itt
1279 2673 1375 2700 diebus
1407 2673 1471 2701 illis.
1497 2672 1676 2700 Mnrtiﬁcabat

884 2720 956 2748 enim
974 2727 1086 2748 sensum
1102 2719 1195 2748 carnis
1217 2719 1275 2755 jugi
1294 2719 1478 2754 continuoque
1496 2719 1600 2754 jejunio
1616 2726 1622 2744 :
1649 2723 1676 2746 et

1116 2812 1138 2828 "
1151 2811 1211 2840 Act.
1229 2820 1259 2846 tt,
1274 2812 1298 2839 4.
1348 2811 1372 2828 ⁸³
1386 2810 1463 2838 Rom.
1483 2818 1539 2841 \‘tll,
1565 2810 1604 2836 it.
