  <div class='ocr_page' id='page_1' title='image "/cluster/home/n/w/nwhite01/storage/ocr_20150623/13/njp.32101077772430/116.png"; bbox 0 0 1879 3046; ppageno 0'>
   <div class='ocr_carea' id='block_1_1' title="bbox 72 135 109 163">
    <p class='ocr_par' dir='ltr' id='par_1_1' title="bbox 72 135 109 163">
     <span class='ocr_line' id='line_1_1' title="bbox 72 135 109 163; baseline 0 0"><span class='ocrx_word' id='word_1_1' title='bbox 72 135 109 163; x_wconf 73' lang='grc'><strong>153</strong></span> 
     </span>
    </p>
   </div>
   <div class='ocr_carea' id='block_1_2' title="bbox 713 136 992 167">
    <p class='ocr_par' dir='ltr' id='par_1_2' title="bbox 713 136 992 167">
     <span class='ocr_line' id='line_1_2' title="bbox 713 136 992 167; baseline 0.007 -3"><span class='ocrx_word' id='word_1_2' title='bbox 713 136 813 166; x_wconf 82' lang='lat' dir='ltr'><strong>LIBER</strong></span> <span class='ocrx_word' id='word_1_3' title='bbox 833 137 992 167; x_wconf 75' lang='lat' dir='ltr'><strong>TERTIUS.</strong></span> 
     </span>
    </p>
   </div>
   <div class='ocr_carea' id='block_1_3' title="bbox 1619 139 1671 168">
    <p class='ocr_par' dir='ltr' id='par_1_3' title="bbox 1619 139 1671 168">
     <span class='ocr_line' id='line_1_3' title="bbox 1619 139 1671 168; baseline 0.038 -2"><span class='ocrx_word' id='word_1_4' title='bbox 1619 139 1671 168; x_wconf 60' lang='lat'><strong>£54</strong></span> 
     </span>
    </p>
   </div>
   <div class='ocr_carea' id='block_1_4' title="bbox 72 194 1669 232">
    <p class='ocr_par' dir='ltr' id='par_1_4' title="bbox 72 194 1669 232">
     <span class='ocr_line' id='line_1_4' title="bbox 72 194 1669 232; baseline 0.004 -12"><span class='ocrx_word' id='word_1_5' title='bbox 72 197 147 220; x_wconf 79' lang='lat' dir='ltr'><strong>sancto</strong></span> <span class='ocrx_word' id='word_1_6' title='bbox 159 198 293 228; x_wconf 86' lang='lat' dir='ltr'><strong>permotus</strong></span> <span class='ocrx_word' id='word_1_7' title='bbox 314 194 444 229; x_wconf 89' lang='lat' dir='ltr'><strong>propheta</strong></span> <span class='ocrx_word' id='word_1_8' title='bbox 460 195 543 223; x_wconf 81' lang='lat' dir='ltr'><strong>vitam</strong></span> <span class='ocrx_word' id='word_1_9' title='bbox 559 196 592 224; x_wconf 89' lang='lat' dir='ltr'><strong>de</strong></span> <span class='ocrx_word' id='word_1_10' title='bbox 612 197 709 224; x_wconf 85' lang='lat' dir='ltr'><strong>umbra</strong></span> <span class='ocrx_word' id='word_1_11' title='bbox 728 198 830 225; x_wconf 83' lang='lat' dir='ltr'><strong>Christi</strong></span> <span class='ocrx_word' id='word_1_12' title='bbox 847 201 868 229; x_wconf 74' lang='grc' dir='ltr'><strong>Α</strong></span> <span class='ocrx_word' id='word_1_13' title='bbox 885 198 985 225; x_wconf 80' lang='lat' dir='ltr'><strong>habere</strong></span> <span class='ocrx_word' id='word_1_14' title='bbox 1000 198 1194 230; x_wconf 70' lang='lat' dir='ltr'><strong>necessariam,</strong></span> <span class='ocrx_word' id='word_1_15' title='bbox 1217 203 1326 232; x_wconf 91' lang='lat' dir='ltr'><strong>propter</strong></span> <span class='ocrx_word' id='word_1_16' title='bbox 1349 198 1424 225; x_wconf 87' lang='lat' dir='ltr'><strong>illum</strong></span> <span class='ocrx_word' id='word_1_17' title='bbox 1444 197 1526 225; x_wconf 90' lang='lat' dir='ltr'><strong>credo</strong></span> <span class='ocrx_word' id='word_1_18' title='bbox 1545 197 1669 226; x_wconf 86' lang='lat' dir='ltr'><strong>ardorem</strong></span> 
     </span>
    </p>
   </div>
   <div class='ocr_carea' id='block_1_5' title="bbox 70 239 829 276">
    <p class='ocr_par' dir='ltr' id='par_1_5' title="bbox 70 239 829 276">
     <span class='ocr_line' id='line_1_5' title="bbox 70 239 829 276; baseline 0.004 -9"><span class='ocrx_word' id='word_1_19' title='bbox 70 239 160 275; x_wconf 71' lang='lat' dir='ltr'><strong>praeberi</strong></span> <span class='ocrx_word' id='word_1_20' title='bbox 173 239 294 274; x_wconf 85' lang='lat' dir='ltr'><strong>gentibus</strong></span> <span class='ocrx_word' id='word_1_21' title='bbox 304 239 378 274; x_wconf 83' lang='lat' dir='ltr'><strong>dicit;</strong></span> <span class='ocrx_word' id='word_1_22' title='bbox 389 245 418 268; x_wconf 90' lang='lat' dir='ltr'><strong>et</strong></span> <span class='ocrx_word' id='word_1_23' title='bbox 429 241 569 276; x_wconf 77' lang='lat' dir='ltr'><strong>quomodo</strong></span> <span class='ocrx_word' id='word_1_24' title='bbox 582 250 637 269; x_wconf 93' lang='lat' dir='ltr'><strong>non</strong></span> <span class='ocrx_word' id='word_1_25' title='bbox 651 243 737 270; x_wconf 88' lang='lat' dir='ltr'><strong>vitam</strong></span> <span class='ocrx_word' id='word_1_26' title='bbox 752 244 829 271; x_wconf 78' lang='lat' dir='ltr'><strong>nobis</strong></span> 
     </span>
    </p>
   </div>
   <div class='ocr_carea' id='block_1_6' title="bbox 69 286 829 324">
    <p class='ocr_par' dir='ltr' id='par_1_6' title="bbox 69 286 829 324">
     <span class='ocr_line' id='line_1_6' title="bbox 69 286 829 324; baseline 0.005 -12"><span class='ocrx_word' id='word_1_27' title='bbox 69 286 163 321; x_wconf 68' lang='lat' dir='ltr'><strong>prebeat</strong></span> <span class='ocrx_word' id='word_1_28' title='bbox 173 286 229 319; x_wconf 84' lang='lat' dir='ltr'><strong>ejus</strong></span> <span class='ocrx_word' id='word_1_29' title='bbox 244 286 350 318; x_wconf 87' lang='lat' dir='ltr'><strong>umbra,</strong></span> <span class='ocrx_word' id='word_1_30' title='bbox 366 294 428 314; x_wconf 91' lang='lat' dir='ltr'><strong>cum</strong></span> <span class='ocrx_word' id='word_1_31' title='bbox 449 292 476 314; x_wconf 89' lang='lat' dir='ltr'><strong>et</strong></span> <span class='ocrx_word' id='word_1_32' title='bbox 500 289 527 314; x_wconf 92' lang='lat' dir='ltr'><strong>in</strong></span> <span class='ocrx_word' id='word_1_33' title='bbox 549 294 681 323; x_wconf 86' lang='lat' dir='ltr'><strong>conceptu</strong></span> <span class='ocrx_word' id='word_1_34' title='bbox 706 289 829 324; x_wconf 87' lang='lat' dir='ltr'><strong>corporis</strong></span> 
     </span>
    </p>
   </div>
   <div class='ocr_carea' id='block_1_7' title="bbox 68 329 830 367">
    <p class='ocr_par' dir='ltr' id='par_1_7' title="bbox 68 329 830 367">
     <span class='ocr_line' id='line_1_7' title="bbox 68 329 830 367; baseline 0.007 -11"><span class='ocrx_word' id='word_1_35' title='bbox 68 329 126 357; x_wconf 86' lang='lat' dir='ltr'><strong>illius</strong></span> <span class='ocrx_word' id='word_1_36' title='bbox 144 330 173 357; x_wconf 85' lang='lat' dir='ltr'><strong>ad</strong></span> <span class='ocrx_word' id='word_1_37' title='bbox 187 329 297 358; x_wconf 75' lang='lat' dir='ltr'><strong>Mariam</strong></span> <span class='ocrx_word' id='word_1_38' title='bbox 313 331 422 358; x_wconf 86' lang='lat' dir='ltr'><strong>dicatur</strong></span> <span class='ocrx_word' id='word_1_39' title='bbox 440 341 447 359; x_wconf 88' lang='lat'>:</span> <span class='ocrx_word' id='word_1_40' title='bbox 471 332 588 367; x_wconf 69' lang='lat' dir='ltr'><strong>Spiritus</strong></span> <span class='ocrx_word' id='word_1_41' title='bbox 615 339 723 361; x_wconf 82' lang='lat' dir='ltr'><strong>sanctus</strong></span> <span class='ocrx_word' id='word_1_42' title='bbox 746 335 830 361; x_wconf 69' lang='lat' dir='ltr'><strong>variet</strong></span> 
     </span>
    </p>
   </div>
   <div class='ocr_carea' id='block_1_8' title="bbox 67 377 828 411">
    <p class='ocr_par' dir='ltr' id='par_1_8' title="bbox 67 377 828 411">
     <span class='ocr_line' id='line_1_8' title="bbox 67 377 828 411; baseline 0.008 -9"><span class='ocrx_word' id='word_1_43' title='bbox 67 384 127 411; x_wconf 71' lang='lat' dir='ltr'><strong>super</strong></span> <span class='ocrx_word' id='word_1_44' title='bbox 137 382 166 408; x_wconf 83' lang='lat' dir='ltr'><strong>te,</strong></span> <span class='ocrx_word' id='word_1_45' title='bbox 181 381 204 403; x_wconf 79' lang='lat' dir='ltr'><strong>et</strong></span> <span class='ocrx_word' id='word_1_46' title='bbox 220 377 302 404; x_wconf 75' lang='lat' dir='ltr'><strong>virtus</strong></span> <span class='ocrx_word' id='word_1_47' title='bbox 318 377 451 406; x_wconf 81' lang='lat' dir='ltr'><strong>Altissimi</strong></span> <span class='ocrx_word' id='word_1_48' title='bbox 472 380 638 407; x_wconf 78' lang='lat' dir='ltr'><strong>obumbrabit</strong></span> <span class='ocrx_word' id='word_1_49' title='bbox 664 380 712 408; x_wconf 85' lang='lat' dir='ltr'><strong>tibi</strong></span> <span class='ocrx_word' id='word_1_50' title='bbox 729 382 765 408; x_wconf 73' lang='grc' dir='ltr'><strong>ιιι</strong></span> <span class='ocrx_word' id='word_1_51' title='bbox 799 381 828 408; x_wconf 90' lang='lat' dir='ltr'><strong>Si</strong></span> 
     </span>
    </p>
   </div>
   <div class='ocr_carea' id='block_1_9' title="bbox 66 423 828 463">
    <p class='ocr_par' dir='ltr' id='par_1_9' title="bbox 66 423 828 463">
     <span class='ocr_line' id='line_1_9' title="bbox 66 423 828 463; baseline 0.009 -14"><span class='ocrx_word' id='word_1_52' title='bbox 66 431 114 458; x_wconf 81' lang='lat' dir='ltr'><strong>ergo</strong></span> <span class='ocrx_word' id='word_1_53' title='bbox 125 423 286 452; x_wconf 85' lang='lat' dir='ltr'><strong>obumbralio</strong></span> <span class='ocrx_word' id='word_1_54' title='bbox 294 424 346 453; x_wconf 89' lang='lat' dir='ltr'><strong>fuit</strong></span> <span class='ocrx_word' id='word_1_55' title='bbox 358 426 491 453; x_wconf 88' lang='lat' dir='ltr'><strong>Altissimi</strong></span> <span class='ocrx_word' id='word_1_56' title='bbox 506 427 533 454; x_wconf 91' lang='lat' dir='ltr'><strong>in</strong></span> <span class='ocrx_word' id='word_1_57' title='bbox 553 432 685 463; x_wconf 90' lang='lat' dir='ltr'><strong>conceptu</strong></span> <span class='ocrx_word' id='word_1_58' title='bbox 705 429 828 463; x_wconf 86' lang='lat' dir='ltr'><strong>corporis</strong></span> 
     </span>
    </p>
   </div>
   <div class='ocr_carea' id='block_1_10' title="bbox 66 470 830 508">
    <p class='ocr_par' dir='ltr' id='par_1_10' title="bbox 66 470 830 508">
     <span class='ocr_line' id='line_1_10' title="bbox 66 470 830 508; baseline 0.008 -13"><span class='ocrx_word' id='word_1_59' title='bbox 66 470 118 503; x_wconf 79' lang='lat' dir='ltr'><strong>ejus.</strong></span> <span class='ocrx_word' id='word_1_60' title='bbox 129 470 318 498; x_wconf 88' lang='lat' dir='ltr'><strong>meritoumbra</strong></span> <span class='ocrx_word' id='word_1_61' title='bbox 329 471 391 506; x_wconf 86' lang='lat' dir='ltr'><strong>ejus</strong></span> <span class='ocrx_word' id='word_1_62' title='bbox 401 472 486 499; x_wconf 78' lang='lat' dir='ltr'><strong>vitain</strong></span> <span class='ocrx_word' id='word_1_63' title='bbox 497 473 624 508; x_wconf 75' lang='lat' dir='ltr'><strong>gentibus</strong></span> <span class='ocrx_word' id='word_1_64' title='bbox 635 474 719 502; x_wconf 87' lang='lat' dir='ltr'><strong>dabit.</strong></span> <span class='ocrx_word' id='word_1_65' title='bbox 732 473 764 501; x_wconf 85' lang='lat' dir='ltr'><strong>Et</strong></span> <span class='ocrx_word' id='word_1_66' title='bbox 775 482 830 501; x_wconf 52' lang='lat' dir='ltr'><strong>me.</strong></span> 
     </span>
    </p>
   </div>
   <div class='ocr_carea' id='block_1_11' title="bbox 66 514 829 550">
    <p class='ocr_par' dir='ltr' id='par_1_11' title="bbox 66 514 829 550">
     <span class='ocr_line' id='line_1_11' title="bbox 66 514 829 550; baseline 0.009 -10"><span class='ocrx_word' id='word_1_67' title='bbox 66 514 104 540; x_wconf 77' lang='lat' dir='ltr'><strong>tito</strong></span> <span class='ocrx_word' id='word_1_68' title='bbox 114 522 201 549; x_wconf 86' lang='lat' dir='ltr'><strong>sponsa</strong></span> <span class='ocrx_word' id='word_1_69' title='bbox 211 515 270 550; x_wconf 88' lang='lat' dir='ltr'><strong>ejus</strong></span> <span class='ocrx_word' id='word_1_70' title='bbox 282 516 402 544; x_wconf 81' lang='lat' dir='ltr'><strong>Ecclesia</strong></span> <span class='ocrx_word' id='word_1_71' title='bbox 412 517 465 544; x_wconf 87' lang='lat' dir='ltr'><strong>sub</strong></span> <span class='ocrx_word' id='word_1_72' title='bbox 479 518 540 545; x_wconf 85' lang='lat' dir='ltr'><strong>meli</strong></span> <span class='ocrx_word' id='word_1_73' title='bbox 555 518 650 546; x_wconf 86' lang='lat' dir='ltr'><strong>umbra</strong></span> <span class='ocrx_word' id='word_1_74' title='bbox 660 519 754 546; x_wconf 86' lang='lat' dir='ltr'><strong>sedere</strong></span> <span class='ocrx_word' id='word_1_75' title='bbox 763 526 829 546; x_wconf 92' lang='lat' dir='ltr'><strong>con-</strong></span> 
     </span>
    </p>
   </div>
   <div class='ocr_carea' id='block_1_12' title="bbox 64 560 826 598">
    <p class='ocr_par' dir='ltr' id='par_1_12' title="bbox 64 560 826 598">
     <span class='ocr_line' id='line_1_12' title="bbox 64 560 826 598; baseline 0.008 -12"><span class='ocrx_word' id='word_1_76' title='bbox 64 560 166 593; x_wconf 76' lang='lat' dir='ltr'><strong>cupiscit,</strong></span> <span class='ocrx_word' id='word_1_77' title='bbox 179 560 235 588; x_wconf 90' lang='lat' dir='ltr'><strong>sine</strong></span> <span class='ocrx_word' id='word_1_78' title='bbox 249 561 333 588; x_wconf 86' lang='lat' dir='ltr'><strong>dubio</strong></span> <span class='ocrx_word' id='word_1_79' title='bbox 347 566 376 589; x_wconf 92' lang='lat' dir='ltr'><strong>ut</strong></span> <span class='ocrx_word' id='word_1_80' title='bbox 388 562 459 594; x_wconf 70' lang='lat' dir='ltr'><strong>vitae,</strong></span> <span class='ocrx_word' id='word_1_81' title='bbox 473 570 534 597; x_wconf 74' lang='lat' dir='ltr'><strong>qua:</strong></span> <span class='ocrx_word' id='word_1_82' title='bbox 553 564 631 591; x_wconf 90' lang='lat' dir='ltr'><strong>estin</strong></span> <span class='ocrx_word' id='word_1_83' title='bbox 650 564 709 598; x_wconf 92' lang='lat' dir='ltr'><strong>ejus</strong></span> <span class='ocrx_word' id='word_1_84' title='bbox 719 565 826 597; x_wconf 88' lang='lat' dir='ltr'><strong>umbra,</strong></span> 
     </span>
    </p>
   </div>
   <div class='ocr_carea' id='block_1_13' title="bbox 64 605 828 644">
    <p class='ocr_par' dir='ltr' id='par_1_13' title="bbox 64 605 828 644">
     <span class='ocr_line' id='line_1_13' title="bbox 64 605 828 644; baseline 0.009 -14"><span class='ocrx_word' id='word_1_85' title='bbox 64 605 173 639; x_wconf 77' lang='lat' dir='ltr'><strong>particeps</strong></span> <span class='ocrx_word' id='word_1_86' title='bbox 185 605 238 633; x_wconf 89' lang='lat' dir='ltr'><strong>liat.</strong></span> <span class='ocrx_word' id='word_1_87' title='bbox 252 605 430 641; x_wconf 76' lang='lat' dir='ltr'><strong>Reliquorum</strong></span> <span class='ocrx_word' id='word_1_88' title='bbox 445 615 510 635; x_wconf 80' lang='lat' dir='ltr'><strong>Vero</strong></span> <span class='ocrx_word' id='word_1_89' title='bbox 525 608 661 644; x_wconf 89' lang='lat' dir='ltr'><strong>lignorum</strong></span> <span class='ocrx_word' id='word_1_90' title='bbox 678 609 753 637; x_wconf 71' lang='lat' dir='ltr'><strong>silva:</strong></span> <span class='ocrx_word' id='word_1_91' title='bbox 767 618 828 637; x_wconf 86' lang='lat' dir='ltr'><strong>utn-</strong></span> 
     </span>
    </p>
   </div>
   <div class='ocr_carea' id='block_1_14' title="bbox 64 650 828 688">
    <p class='ocr_par' dir='ltr' id='par_1_14' title="bbox 64 650 828 688">
     <span class='ocr_line' id='line_1_14' title="bbox 64 650 828 688; baseline 0.009 -12"><span class='ocrx_word' id='word_1_92' title='bbox 64 650 99 676; x_wconf 88' lang='lat' dir='ltr'><strong>bra</strong></span> <span class='ocrx_word' id='word_1_93' title='bbox 110 650 162 677; x_wconf 88' lang='lat' dir='ltr'><strong>talis</strong></span> <span class='ocrx_word' id='word_1_94' title='bbox 177 655 226 684; x_wconf 90' lang='lat' dir='ltr'><strong>est,</strong></span> <span class='ocrx_word' id='word_1_95' title='bbox 239 656 269 679; x_wconf 90' lang='lat' dir='ltr'><strong>ut</strong></span> <span class='ocrx_word' id='word_1_96' title='bbox 282 652 329 687; x_wconf 87' lang='lat' dir='ltr'><strong>qui</strong></span> <span class='ocrx_word' id='word_1_97' title='bbox 345 652 445 680; x_wconf 88' lang='lat' dir='ltr'><strong>sederit</strong></span> <span class='ocrx_word' id='word_1_98' title='bbox 461 653 513 680; x_wconf 85' lang='lat' dir='ltr'><strong>sub</strong></span> <span class='ocrx_word' id='word_1_99' title='bbox 529 653 600 688; x_wconf 89' lang='lat' dir='ltr'><strong>ipsa,</strong></span> <span class='ocrx_word' id='word_1_100' title='bbox 620 655 715 682; x_wconf 88' lang='lat' dir='ltr'><strong>sedere</strong></span> <span class='ocrx_word' id='word_1_101' title='bbox 735 655 828 682; x_wconf 83' lang='lat' dir='ltr'><strong>videa-</strong></span> 
     </span>
    </p>
   </div>
   <div class='ocr_carea' id='block_1_15' title="bbox 63 695 826 736">
    <p class='ocr_par' dir='ltr' id='par_1_15' title="bbox 63 695 826 736">
     <span class='ocr_line' id='line_1_15' title="bbox 63 695 826 736; baseline 0.008 -14"><span class='ocrx_word' id='word_1_102' title='bbox 63 701 96 722; x_wconf 87' lang='lat' dir='ltr'><strong>tur</strong></span> <span class='ocrx_word' id='word_1_103' title='bbox 109 695 132 722; x_wconf 93' lang='lat' dir='ltr'><strong>in</strong></span> <span class='ocrx_word' id='word_1_104' title='bbox 146 698 248 732; x_wconf 87' lang='lat' dir='ltr'><strong>regione</strong></span> <span class='ocrx_word' id='word_1_105' title='bbox 263 698 369 726; x_wconf 72' lang='lat' dir='ltr'><strong>umbra:</strong></span> <span class='ocrx_word' id='word_1_106' title='bbox 382 699 489 726; x_wconf 87' lang='lat' dir='ltr'><strong>mortis.</strong></span> <span class='ocrx_word' id='word_1_107' title='bbox 505 697 558 727; x_wconf 98' lang='lat' dir='ltr'><strong>Sed</strong></span> <span class='ocrx_word' id='word_1_108' title='bbox 582 700 672 728; x_wconf 86' lang='lat' dir='ltr'><strong>adhuc</strong></span> <span class='ocrx_word' id='word_1_109' title='bbox 689 704 719 728; x_wconf 92' lang='lat' dir='ltr'><strong>ut</strong></span> <span class='ocrx_word' id='word_1_110' title='bbox 737 701 826 736; x_wconf 79' lang='lat' dir='ltr'><strong>magis</strong></span> 
     </span>
    </p>
   </div>
   <div class='ocr_carea' id='block_1_16' title="bbox 61 742 828 779">
    <p class='ocr_par' dir='ltr' id='par_1_16' title="bbox 61 742 828 779">
     <span class='ocr_line' id='line_1_16' title="bbox 61 742 828 779; baseline 0.008 -12"><span class='ocrx_word' id='word_1_111' title='bbox 61 748 85 767; x_wconf 90' lang='lat' dir='ltr'><strong>ac</strong></span> <span class='ocrx_word' id='word_1_112' title='bbox 102 742 176 777; x_wconf 79' lang='lat' dir='ltr'><strong>magis</strong></span> <span class='ocrx_word' id='word_1_113' title='bbox 186 742 291 777; x_wconf 77' lang='lat' dir='ltr'><strong>planior</strong></span> <span class='ocrx_word' id='word_1_114' title='bbox 307 743 438 771; x_wconf 77' lang='lat' dir='ltr'><strong>reddatur</strong></span> <span class='ocrx_word' id='word_1_115' title='bbox 450 744 527 771; x_wconf 86' lang='lat' dir='ltr'><strong>locus</strong></span> <span class='ocrx_word' id='word_1_116' title='bbox 538 744 585 779; x_wconf 88' lang='lat' dir='ltr'><strong>qui</strong></span> <span class='ocrx_word' id='word_1_117' title='bbox 601 745 715 773; x_wconf 90' lang='lat' dir='ltr'><strong>habetur</strong></span> <span class='ocrx_word' id='word_1_118' title='bbox 731 746 758 773; x_wconf 90' lang='lat' dir='ltr'><strong>in</strong></span> <span class='ocrx_word' id='word_1_119' title='bbox 775 753 828 773; x_wconf 90' lang='lat' dir='ltr'><strong>ma-</strong></span> 
     </span>
    </p>
   </div>
   <div class='ocr_carea' id='block_1_17' title="bbox 61 788 825 828">
    <p class='ocr_par' dir='ltr' id='par_1_17' title="bbox 61 788 825 828">
     <span class='ocr_line' id='line_1_17' title="bbox 61 788 825 828; baseline 0.008 -14"><span class='ocrx_word' id='word_1_120' title='bbox 61 788 134 818; x_wconf 82' lang='lat' dir='ltr'><strong>nibus,</strong></span> <span class='ocrx_word' id='word_1_121' title='bbox 150 789 316 823; x_wconf 78' lang='lat' dir='ltr'><strong>requiramus</strong></span> <span class='ocrx_word' id='word_1_122' title='bbox 329 790 467 825; x_wconf 87' lang='lat' dir='ltr'><strong>quomodo</strong></span> <span class='ocrx_word' id='word_1_123' title='bbox 492 790 639 824; x_wconf 81' lang='lat' dir='ltr'><strong>Apostolus</strong></span> <span class='ocrx_word' id='word_1_124' title='bbox 651 791 724 819; x_wconf 80' lang='lat' dir='ltr'><strong>dicat</strong></span> <span class='ocrx_word' id='word_1_125' title='bbox 740 792 825 828; x_wconf 80' lang='lat' dir='ltr'><strong>legem</strong></span> 
     </span>
    </p>
   </div>
   <div class='ocr_carea' id='block_1_18' title="bbox 61 835 826 869">
    <p class='ocr_par' dir='ltr' id='par_1_18' title="bbox 61 835 826 869">
     <span class='ocr_line' id='line_1_18' title="bbox 61 835 826 869; baseline 0.008 -9"><span class='ocrx_word' id='word_1_126' title='bbox 61 835 161 861; x_wconf 83' lang='lat' dir='ltr'><strong>umbram</strong></span> <span class='ocrx_word' id='word_1_127' title='bbox 176 835 271 862; x_wconf 87' lang='lat' dir='ltr'><strong>habere</strong></span> <span class='ocrx_word' id='word_1_128' title='bbox 285 835 441 863; x_wconf 91' lang='lat' dir='ltr'><strong>futurorum</strong></span> <span class='ocrx_word' id='word_1_129' title='bbox 461 836 595 863; x_wconf 87' lang='lat' dir='ltr'><strong>bonorum</strong></span> <span class='ocrx_word' id='word_1_130' title='bbox 616 837 637 852; x_wconf 89' lang='grc'><strong>¹⁷</strong></span> <span class='ocrx_word' id='word_1_131' title='bbox 650 857 658 869; x_wconf 93' lang='lat'><strong>,</strong></span> <span class='ocrx_word' id='word_1_132' title='bbox 683 843 711 865; x_wconf 87' lang='lat' dir='ltr'><strong>et</strong></span> <span class='ocrx_word' id='word_1_133' title='bbox 735 839 826 866; x_wconf 85' lang='lat' dir='ltr'><strong>omnia</strong></span> 
     </span>
    </p>
   </div>
   <div class='ocr_carea' id='block_1_19' title="bbox 60 878 825 912">
    <p class='ocr_par' dir='ltr' id='par_1_19' title="bbox 60 878 825 912">
     <span class='ocr_line' id='line_1_19' title="bbox 60 878 825 912; baseline 0.009 -8"><span class='ocrx_word' id='word_1_134' title='bbox 60 885 106 911; x_wconf 72' lang='lat' dir='ltr'><strong>qua:</strong></span> <span class='ocrx_word' id='word_1_135' title='bbox 115 878 151 904; x_wconf 93' lang='lat' dir='ltr'><strong>vel</strong></span> <span class='ocrx_word' id='word_1_136' title='bbox 164 878 195 905; x_wconf 87' lang='lat' dir='ltr'><strong>de</strong></span> <span class='ocrx_word' id='word_1_137' title='bbox 205 878 303 907; x_wconf 87' lang='lat' dir='ltr'><strong>diebus</strong></span> <span class='ocrx_word' id='word_1_138' title='bbox 317 879 402 912; x_wconf 86' lang='lat' dir='ltr'><strong>festis,</strong></span> <span class='ocrx_word' id='word_1_139' title='bbox 415 879 457 907; x_wconf 86' lang='lat' dir='ltr'><strong>vel</strong></span> <span class='ocrx_word' id='word_1_140' title='bbox 470 880 602 912; x_wconf 85' lang='lat' dir='ltr'><strong>sabbatis,</strong></span> <span class='ocrx_word' id='word_1_141' title='bbox 618 881 660 908; x_wconf 79' lang='lat' dir='ltr'><strong>vel</strong></span> <span class='ocrx_word' id='word_1_142' title='bbox 674 883 825 912; x_wconf 88' lang='lat' dir='ltr'><strong>neomeniis</strong></span> 
     </span>
    </p>
   </div>
   <div class='ocr_carea' id='block_1_20' title="bbox 59 924 827 958">
    <p class='ocr_par' dir='ltr' id='par_1_20' title="bbox 59 924 827 958">
     <span class='ocr_line' id='line_1_20' title="bbox 59 924 827 958; baseline 0.009 -9"><span class='ocrx_word' id='word_1_143' title='bbox 59 924 138 958; x_wconf 77' lang='lat' dir='ltr'><strong>scripta</strong></span> <span class='ocrx_word' id='word_1_144' title='bbox 146 928 215 957; x_wconf 87' lang='lat' dir='ltr'><strong>sunt,</strong></span> <span class='ocrx_word' id='word_1_145' title='bbox 226 925 350 952; x_wconf 82' lang='lat' dir='ltr'><strong>umbram</strong></span> <span class='ocrx_word' id='word_1_146' title='bbox 358 933 418 953; x_wconf 85' lang='lat' dir='ltr'><strong>esse</strong></span> <span class='ocrx_word' id='word_1_147' title='bbox 427 931 559 954; x_wconf 85' lang='lat' dir='ltr'><strong>memoret</strong></span> <span class='ocrx_word' id='word_1_148' title='bbox 571 926 725 954; x_wconf 69' lang='lat' dir='ltr'><strong>futurorum</strong></span> <span class='ocrx_word' id='word_1_149' title='bbox 741 928 827 956; x_wconf 83' lang='lat' dir='ltr'><strong>bono-</strong></span> 
     </span>
    </p>
   </div>
   <div class='ocr_carea' id='block_1_21' title="bbox 59 970 824 1009">
    <p class='ocr_par' dir='ltr' id='par_1_21' title="bbox 59 970 824 1009">
     <span class='ocr_line' id='line_1_21' title="bbox 59 970 824 1009; baseline 0.007 -13"><span class='ocrx_word' id='word_1_150' title='bbox 59 977 115 1002; x_wconf 87' lang='lat' dir='ltr'><strong>rum,</strong></span> <span class='ocrx_word' id='word_1_151' title='bbox 128 970 152 996; x_wconf 93' lang='lat' dir='ltr'><strong>in</strong></span> <span class='ocrx_word' id='word_1_152' title='bbox 167 970 207 998; x_wconf 90' lang='lat' dir='ltr'><strong>his</strong></span> <span class='ocrx_word' id='word_1_153' title='bbox 229 971 333 999; x_wconf 86' lang='lat' dir='ltr'><strong>scilicet</strong></span> <span class='ocrx_word' id='word_1_154' title='bbox 355 980 416 1006; x_wconf 69' lang='lat' dir='ltr'><strong>qua:</strong></span> <span class='ocrx_word' id='word_1_155' title='bbox 436 972 586 1000; x_wconf 89' lang='lat' dir='ltr'><strong>secundum</strong></span> <span class='ocrx_word' id='word_1_156' title='bbox 608 973 725 1001; x_wconf 84' lang='lat' dir='ltr'><strong>litteram</strong></span> <span class='ocrx_word' id='word_1_157' title='bbox 747 982 824 1009; x_wconf 87' lang='lat' dir='ltr'><strong>gere-</strong></span> 
     </span>
    </p>
   </div>
   <div class='ocr_carea' id='block_1_22' title="bbox 59 1014 824 1051">
    <p class='ocr_par' dir='ltr' id='par_1_22' title="bbox 59 1014 824 1051">
     <span class='ocr_line' id='line_1_22' title="bbox 59 1014 824 1051; baseline 0.009 -10"><span class='ocrx_word' id='word_1_158' title='bbox 59 1014 157 1049; x_wconf 81' lang='lat' dir='ltr'><strong>bantur;</strong></span> <span class='ocrx_word' id='word_1_159' title='bbox 181 1020 206 1044; x_wconf 88' lang='lat' dir='ltr'><strong>et</strong></span> <span class='ocrx_word' id='word_1_160' title='bbox 229 1018 368 1051; x_wconf 89' lang='lat' dir='ltr'><strong>quomodo</strong></span> <span class='ocrx_word' id='word_1_161' title='bbox 400 1025 509 1046; x_wconf 92' lang='lat' dir='ltr'><strong>omnem</strong></span> <span class='ocrx_word' id='word_1_162' title='bbox 538 1023 658 1046; x_wconf 85' lang='lat' dir='ltr'><strong>veterum</strong></span> <span class='ocrx_word' id='word_1_163' title='bbox 688 1021 824 1048; x_wconf 83' lang='lat' dir='ltr'><strong>culturam</strong></span> 
     </span>
    </p>
   </div>
   <div class='ocr_carea' id='block_1_23' title="bbox 57 1061 819 1098">
    <p class='ocr_par' dir='ltr' id='par_1_23' title="bbox 57 1061 819 1098">
     <span class='ocr_line' id='line_1_23' title="bbox 57 1061 819 1098; baseline 0.012 -12"><span class='ocrx_word' id='word_1_164' title='bbox 57 1061 172 1095; x_wconf 73' lang='lat' dir='ltr'><strong>exemplar</strong></span> <span class='ocrx_word' id='word_1_165' title='bbox 193 1066 219 1089; x_wconf 90' lang='lat' dir='ltr'><strong>et</strong></span> <span class='ocrx_word' id='word_1_166' title='bbox 241 1063 367 1090; x_wconf 88' lang='lat' dir='ltr'><strong>umbram</strong></span> <span class='ocrx_word' id='word_1_167' title='bbox 394 1065 552 1098; x_wconf 86' lang='lat' dir='ltr'><strong>pronuntiet</strong></span> <span class='ocrx_word' id='word_1_168' title='bbox 574 1073 636 1093; x_wconf 82' lang='lat' dir='ltr'><strong>esse</strong></span> <span class='ocrx_word' id='word_1_169' title='bbox 654 1065 819 1095; x_wconf 65' lang='lat' dir='ltr'><strong>caelestium.</strong></span> 
     </span>
    </p>
   </div>
   <div class='ocr_carea' id='block_1_24' title="bbox 58 1107 825 1142">
    <p class='ocr_par' dir='ltr' id='par_1_24' title="bbox 58 1107 825 1142">
     <span class='ocr_line' id='line_1_24' title="bbox 58 1107 825 1142; baseline 0.012 -11"><span class='ocrx_word' id='word_1_170' title='bbox 58 1107 120 1137; x_wconf 81' lang='lat' dir='ltr'><strong>Quod</strong></span> <span class='ocrx_word' id='word_1_171' title='bbox 133 1107 218 1142; x_wconf 89' lang='lat' dir='ltr'><strong>utique</strong></span> <span class='ocrx_word' id='word_1_172' title='bbox 232 1108 256 1135; x_wconf 90' lang='lat' dir='ltr'><strong>si</strong></span> <span class='ocrx_word' id='word_1_173' title='bbox 271 1108 311 1135; x_wconf 83' lang='lat' dir='ltr'><strong>ita</strong></span> <span class='ocrx_word' id='word_1_174' title='bbox 327 1114 379 1141; x_wconf 87' lang='lat' dir='ltr'><strong>est,</strong></span> <span class='ocrx_word' id='word_1_175' title='bbox 394 1111 577 1138; x_wconf 89' lang='lat' dir='ltr'><strong>ostenduntur</strong></span> <span class='ocrx_word' id='word_1_176' title='bbox 602 1111 654 1139; x_wconf 90' lang='lat' dir='ltr'><strong>sub</strong></span> <span class='ocrx_word' id='word_1_177' title='bbox 672 1113 768 1140; x_wconf 88' lang='lat' dir='ltr'><strong>umbra</strong></span> <span class='ocrx_word' id='word_1_178' title='bbox 787 1113 825 1140; x_wconf 72' lang='lat' dir='ltr'><strong>le-</strong></span> 
     </span>
    </p>
   </div>
   <div class='ocr_carea' id='block_1_25' title="bbox 56 1152 823 1192">
    <p class='ocr_par' dir='ltr' id='par_1_25' title="bbox 56 1152 823 1192">
     <span class='ocr_line' id='line_1_25' title="bbox 56 1152 823 1192; baseline 0.009 -14"><span class='ocrx_word' id='word_1_179' title='bbox 56 1152 87 1188; x_wconf 73' lang='lat' dir='ltr'><strong>gis</strong></span> <span class='ocrx_word' id='word_1_180' title='bbox 108 1154 201 1181; x_wconf 83' lang='lat' dir='ltr'><strong>sedisse</strong></span> <span class='ocrx_word' id='word_1_181' title='bbox 222 1162 320 1183; x_wconf 88' lang='lat' dir='ltr'><strong>omnes</strong></span> <span class='ocrx_word' id='word_1_182' title='bbox 345 1156 502 1191; x_wconf 89' lang='lat' dir='ltr'><strong>quicunque</strong></span> <span class='ocrx_word' id='word_1_183' title='bbox 525 1157 577 1184; x_wconf 87' lang='lat' dir='ltr'><strong>sub</strong></span> <span class='ocrx_word' id='word_1_184' title='bbox 592 1157 651 1192; x_wconf 77' lang='lat' dir='ltr'><strong>lege</strong></span> <span class='ocrx_word' id='word_1_185' title='bbox 674 1162 768 1190; x_wconf 89' lang='lat' dir='ltr'><strong>erant,</strong></span> <span class='ocrx_word' id='word_1_186' title='bbox 795 1163 823 1186; x_wconf 88' lang='lat' dir='ltr'><strong>et</strong></span> 
     </span>
    </p>
   </div>
   <div class='ocr_carea' id='block_1_26' title="bbox 56 1200 821 1238">
    <p class='ocr_par' dir='ltr' id='par_1_26' title="bbox 56 1200 821 1238">
     <span class='ocr_line' id='line_1_26' title="bbox 56 1200 821 1238; baseline 0.008 -13"><span class='ocrx_word' id='word_1_187' title='bbox 56 1200 158 1227; x_wconf 78' lang='lat' dir='ltr'><strong>umbram</strong></span> <span class='ocrx_word' id='word_1_188' title='bbox 181 1200 267 1235; x_wconf 81' lang='lat' dir='ltr'><strong>magis</strong></span> <span class='ocrx_word' id='word_1_189' title='bbox 294 1209 365 1229; x_wconf 63' lang='lat' dir='ltr'><strong>verae</strong></span> <span class='ocrx_word' id='word_1_190' title='bbox 388 1202 455 1238; x_wconf 82' lang='lat' dir='ltr'><strong>legis</strong></span> <span class='ocrx_word' id='word_1_191' title='bbox 477 1202 622 1230; x_wconf 84' lang='lat' dir='ltr'><strong>habebant.</strong></span> <span class='ocrx_word' id='word_1_192' title='bbox 649 1202 705 1230; x_wconf 86' lang='lat' dir='ltr'><strong>Nos</strong></span> <span class='ocrx_word' id='word_1_193' title='bbox 731 1208 821 1231; x_wconf 81' lang='lat' dir='ltr'><strong>autem</strong></span> 
     </span>
    </p>
   </div>
   <div class='ocr_carea' id='block_1_27' title="bbox 55 1245 821 1284">
    <p class='ocr_par' dir='ltr' id='par_1_27' title="bbox 55 1245 821 1284">
     <span class='ocr_line' id='line_1_27' title="bbox 55 1245 821 1284; baseline 0.007 -13"><span class='ocrx_word' id='word_1_194' title='bbox 55 1245 118 1272; x_wconf 86' lang='lat' dir='ltr'><strong>alieni</strong></span> <span class='ocrx_word' id='word_1_195' title='bbox 131 1253 220 1274; x_wconf 87' lang='lat' dir='ltr'><strong>sumus</strong></span> <span class='ocrx_word' id='word_1_196' title='bbox 235 1247 269 1274; x_wconf 87' lang='lat' dir='ltr'><strong>ab</strong></span> <span class='ocrx_word' id='word_1_197' title='bbox 287 1247 384 1275; x_wconf 91' lang='lat' dir='ltr'><strong>umbra</strong></span> <span class='ocrx_word' id='word_1_198' title='bbox 409 1255 520 1281; x_wconf 88' lang='lat' dir='ltr'><strong>eorum,</strong></span> <span class='ocrx_word' id='word_1_199' title='bbox 541 1248 671 1283; x_wconf 87' lang='lat' dir='ltr'><strong>quoniatn</strong></span> <span class='ocrx_word' id='word_1_200' title='bbox 690 1249 743 1284; x_wconf 73' lang='grc'><strong>72</strong></span> <span class='ocrx_word' id='word_1_201' title='bbox 766 1257 821 1276; x_wconf 90' lang='lat' dir='ltr'><strong>non</strong></span> 
     </span>
    </p>
   </div>
   <div class='ocr_carea' id='block_1_28' title="bbox 53 1293 820 1329">
    <p class='ocr_par' dir='ltr' id='par_1_28' title="bbox 53 1293 820 1329">
     <span class='ocr_line' id='line_1_28' title="bbox 53 1293 820 1329; baseline 0.007 -12"><span class='ocrx_word' id='word_1_202' title='bbox 53 1299 131 1319; x_wconf 80' lang='lat' dir='ltr'><strong>sumus</strong></span> <span class='ocrx_word' id='word_1_203' title='bbox 144 1293 191 1320; x_wconf 90' lang='lat' dir='ltr'><strong>sub</strong></span> <span class='ocrx_word' id='word_1_204' title='bbox 204 1293 271 1329; x_wconf 89' lang='lat' dir='ltr'><strong>lege,</strong></span> <span class='ocrx_word' id='word_1_205' title='bbox 287 1294 335 1321; x_wconf 87' lang='lat' dir='ltr'><strong>sed</strong></span> <span class='ocrx_word' id='word_1_206' title='bbox 349 1293 401 1321; x_wconf 87' lang='lat' dir='ltr'><strong>sub</strong></span> <span class='ocrx_word' id='word_1_207' title='bbox 417 1294 515 1328; x_wconf 83' lang='lat' dir='ltr'><strong>gratia.</strong></span> <span class='ocrx_word' id='word_1_208' title='bbox 540 1293 593 1321; x_wconf 88' lang='lat' dir='ltr'><strong>Sed</strong></span> <span class='ocrx_word' id='word_1_209' title='bbox 613 1296 740 1329; x_wconf 78' lang='lat' dir='ltr'><strong>quamvis</strong></span> <span class='ocrx_word' id='word_1_210' title='bbox 766 1303 820 1323; x_wconf 91' lang='lat' dir='ltr'><strong>non</strong></span> 
     </span>
    </p>
   </div>
   <div class='ocr_carea' id='block_1_29' title="bbox 53 1337 819 1375">
    <p class='ocr_par' dir='ltr' id='par_1_29' title="bbox 53 1337 819 1375">
     <span class='ocr_line' id='line_1_29' title="bbox 53 1337 819 1375; baseline 0.008 -12"><span class='ocrx_word' id='word_1_211' title='bbox 53 1337 122 1364; x_wconf 83' lang='lat' dir='ltr'><strong>simus</strong></span> <span class='ocrx_word' id='word_1_212' title='bbox 134 1338 182 1365; x_wconf 85' lang='lat' dir='ltr'><strong>sub</strong></span> <span class='ocrx_word' id='word_1_213' title='bbox 201 1339 300 1366; x_wconf 85' lang='lat' dir='ltr'><strong>umbra</strong></span> <span class='ocrx_word' id='word_1_214' title='bbox 316 1339 360 1366; x_wconf 90' lang='lat' dir='ltr'><strong>illa</strong></span> <span class='ocrx_word' id='word_1_215' title='bbox 384 1347 468 1373; x_wconf 90' lang='lat' dir='ltr'><strong>quam</strong></span> <span class='ocrx_word' id='word_1_216' title='bbox 494 1339 559 1375; x_wconf 81' lang='lat' dir='ltr'><strong>legis</strong></span> <span class='ocrx_word' id='word_1_217' title='bbox 580 1340 670 1367; x_wconf 86' lang='lat' dir='ltr'><strong>littera</strong></span> <span class='ocrx_word' id='word_1_218' title='bbox 693 1340 819 1373; x_wconf 86' lang='lat' dir='ltr'><strong>faciebat,</strong></span> 
     </span>
    </p>
   </div>
   <div class='ocr_carea' id='block_1_30' title="bbox 51 1385 820 1414">
    <p class='ocr_par' dir='ltr' id='par_1_30' title="bbox 51 1385 820 1414">
     <span class='ocr_line' id='line_1_30' title="bbox 51 1385 820 1414; baseline 0.008 -6"><span class='ocrx_word' id='word_1_219' title='bbox 51 1389 129 1411; x_wconf 84' lang='lat' dir='ltr'><strong>sumus</strong></span> <span class='ocrx_word' id='word_1_220' title='bbox 143 1388 229 1412; x_wconf 85' lang='lat' dir='ltr'><strong>tamen</strong></span> <span class='ocrx_word' id='word_1_221' title='bbox 253 1385 307 1413; x_wconf 88' lang='lat' dir='ltr'><strong>sub</strong></span> <span class='ocrx_word' id='word_1_222' title='bbox 324 1385 421 1412; x_wconf 76' lang='lat' dir='ltr'><strong>umme</strong></span> <span class='ocrx_word' id='word_1_223' title='bbox 443 1385 563 1413; x_wconf 87' lang='lat' dir='ltr'><strong>nteliorc.</strong></span> <span class='ocrx_word' id='word_1_224' title='bbox 582 1386 612 1413; x_wconf 92' lang='lat' dir='ltr'><strong>ln</strong></span> <span class='ocrx_word' id='word_1_225' title='bbox 629 1386 726 1414; x_wconf 90' lang='lat' dir='ltr'><strong>umbra</strong></span> <span class='ocrx_word' id='word_1_226' title='bbox 747 1387 820 1414; x_wconf 88' lang='lat' dir='ltr'><strong>enim</strong></span> 
     </span>
    </p>
   </div>
   <div class='ocr_carea' id='block_1_31' title="bbox 50 1427 821 1467">
    <p class='ocr_par' dir='ltr' id='par_1_31' title="bbox 50 1427 821 1467">
     <span class='ocr_line' id='line_1_31' title="bbox 50 1427 821 1467; baseline 0.008 -13"><span class='ocrx_word' id='word_1_227' title='bbox 50 1427 135 1456; x_wconf 86' lang='lat' dir='ltr'><strong>Cbristi</strong></span> <span class='ocrx_word' id='word_1_228' title='bbox 149 1430 263 1458; x_wconf 85' lang='lat' dir='ltr'><strong>vivimus</strong></span> <span class='ocrx_word' id='word_1_229' title='bbox 275 1431 348 1458; x_wconf 88' lang='lat' dir='ltr'><strong>inter</strong></span> <span class='ocrx_word' id='word_1_230' title='bbox 365 1436 470 1467; x_wconf 80' lang='lat' dir='ltr'><strong>gentes.</strong></span> <span class='ocrx_word' id='word_1_231' title='bbox 487 1431 520 1459; x_wconf 89' lang='lat' dir='ltr'><strong>Et</strong></span> <span class='ocrx_word' id='word_1_232' title='bbox 533 1435 575 1459; x_wconf 90' lang='lat' dir='ltr'><strong>est</strong></span> <span class='ocrx_word' id='word_1_233' title='bbox 594 1431 734 1467; x_wconf 85' lang='lat' dir='ltr'><strong>profectus</strong></span> <span class='ocrx_word' id='word_1_234' title='bbox 759 1433 821 1467; x_wconf 72' lang='lat' dir='ltr'><strong>qni~</strong></span> 
     </span>
    </p>
   </div>
   <div class='ocr_carea' id='block_1_32' title="bbox 50 1473 821 1511">
    <p class='ocr_par' dir='ltr' id='par_1_32' title="bbox 50 1473 821 1511">
     <span class='ocr_line' id='line_1_32' title="bbox 50 1473 821 1511; baseline 0.008 -12"><span class='ocrx_word' id='word_1_235' title='bbox 50 1473 100 1500; x_wconf 87' lang='lat' dir='ltr'><strong>dam</strong></span> <span class='ocrx_word' id='word_1_236' title='bbox 112 1474 142 1501; x_wconf 87' lang='lat' dir='ltr'><strong>de</strong></span> <span class='ocrx_word' id='word_1_237' title='bbox 155 1475 250 1503; x_wconf 85' lang='lat' dir='ltr'><strong>umbra</strong></span> <span class='ocrx_word' id='word_1_238' title='bbox 263 1476 331 1511; x_wconf 80' lang='lat' dir='ltr'><strong>legis</strong></span> <span class='ocrx_word' id='word_1_239' title='bbox 347 1476 440 1504; x_wconf 88' lang='lat' dir='ltr'><strong>venire</strong></span> <span class='ocrx_word' id='word_1_240' title='bbox 456 1476 489 1504; x_wconf 87' lang='lat' dir='ltr'><strong>ad</strong></span> <span class='ocrx_word' id='word_1_241' title='bbox 506 1477 630 1504; x_wconf 86' lang='lat' dir='ltr'><strong>umbram</strong></span> <span class='ocrx_word' id='word_1_242' title='bbox 651 1477 765 1511; x_wconf 79' lang='lat' dir='ltr'><strong>Christi;</strong></span> <span class='ocrx_word' id='word_1_243' title='bbox 791 1482 821 1505; x_wconf 93' lang='lat' dir='ltr'><strong>ut</strong></span> 
     </span>
    </p>
   </div>
   <div class='ocr_carea' id='block_1_33' title="bbox 50 1519 821 1555">
    <p class='ocr_par' dir='ltr' id='par_1_33' title="bbox 50 1519 821 1555">
     <span class='ocr_line' id='line_1_33' title="bbox 50 1519 821 1555; baseline 0.006 -11"><span class='ocrx_word' id='word_1_244' title='bbox 50 1519 100 1552; x_wconf 83' lang='lat' dir='ltr'><strong>quia</strong></span> <span class='ocrx_word' id='word_1_245' title='bbox 110 1519 228 1548; x_wconf 85' lang='lat' dir='ltr'><strong>Christus</strong></span> <span class='ocrx_word' id='word_1_246' title='bbox 242 1525 286 1549; x_wconf 83' lang='lat' dir='ltr'><strong>est</strong></span> <span class='ocrx_word' id='word_1_247' title='bbox 305 1521 369 1555; x_wconf 85' lang='lat' dir='ltr'><strong>vita,</strong></span> <span class='ocrx_word' id='word_1_248' title='bbox 388 1526 414 1549; x_wconf 91' lang='lat' dir='ltr'><strong>et</strong></span> <span class='ocrx_word' id='word_1_249' title='bbox 429 1521 542 1555; x_wconf 84' lang='lat' dir='ltr'><strong>veritas,</strong></span> <span class='ocrx_word' id='word_1_250' title='bbox 559 1526 587 1549; x_wconf 89' lang='lat' dir='ltr'><strong>et</strong></span> <span class='ocrx_word' id='word_1_251' title='bbox 606 1522 659 1554; x_wconf 89' lang='lat' dir='ltr'><strong>via,</strong></span> <span class='ocrx_word' id='word_1_252' title='bbox 671 1521 821 1550; x_wconf 89' lang='lat' dir='ltr'><strong>elliciamur</strong></span> 
     </span>
    </p>
   </div>
   <div class='ocr_carea' id='block_1_34' title="bbox 49 1563 820 1599">
    <p class='ocr_par' dir='ltr' id='par_1_34' title="bbox 49 1563 820 1599">
     <span class='ocr_line' id='line_1_34' title="bbox 49 1563 820 1599; baseline 0.005 -9"><span class='ocrx_word' id='word_1_253' title='bbox 49 1563 122 1596; x_wconf 85' lang='lat' dir='ltr'><strong>primo</strong></span> <span class='ocrx_word' id='word_1_254' title='bbox 134 1565 159 1592; x_wconf 93' lang='lat' dir='ltr'><strong>in</strong></span> <span class='ocrx_word' id='word_1_255' title='bbox 174 1566 271 1594; x_wconf 74' lang='lat' dir='ltr'><strong>unbra</strong></span> <span class='ocrx_word' id='word_1_256' title='bbox 283 1566 344 1599; x_wconf 70' lang='lat' dir='ltr'><strong>viae,</strong></span> <span class='ocrx_word' id='word_1_257' title='bbox 358 1571 385 1594; x_wconf 92' lang='lat' dir='ltr'><strong>et</strong></span> <span class='ocrx_word' id='word_1_258' title='bbox 398 1567 425 1594; x_wconf 93' lang='lat' dir='ltr'><strong>in</strong></span> <span class='ocrx_word' id='word_1_259' title='bbox 441 1566 536 1593; x_wconf 88' lang='lat' dir='ltr'><strong>umbra</strong></span> <span class='ocrx_word' id='word_1_260' title='bbox 551 1567 622 1598; x_wconf 63' lang='lat' dir='ltr'><strong>vitae,</strong></span> <span class='ocrx_word' id='word_1_261' title='bbox 641 1571 667 1594; x_wconf 88' lang='lat' dir='ltr'><strong>et</strong></span> <span class='ocrx_word' id='word_1_262' title='bbox 679 1567 706 1594; x_wconf 94' lang='lat' dir='ltr'><strong>in</strong></span> <span class='ocrx_word' id='word_1_263' title='bbox 723 1567 820 1594; x_wconf 88' lang='lat' dir='ltr'><strong>umbra</strong></span> 
     </span>
    </p>
   </div>
   <div class='ocr_carea' id='block_1_35' title="bbox 49 1610 818 1648">
    <p class='ocr_par' dir='ltr' id='par_1_35' title="bbox 49 1610 818 1648">
     <span class='ocr_line' id='line_1_35' title="bbox 49 1610 818 1648; baseline 0.007 -13"><span class='ocrx_word' id='word_1_264' title='bbox 49 1610 162 1643; x_wconf 79' lang='lat' dir='ltr'><strong>veritatis,</strong></span> <span class='ocrx_word' id='word_1_265' title='bbox 178 1616 207 1639; x_wconf 93' lang='lat' dir='ltr'><strong>ut</strong></span> <span class='ocrx_word' id='word_1_266' title='bbox 222 1613 492 1648; x_wconf 89' lang='lat' dir='ltr'><strong>comprehendamus</strong></span> <span class='ocrx_word' id='word_1_267' title='bbox 507 1620 540 1640; x_wconf 78' lang='lat' dir='ltr'><strong>ex</strong></span> <span class='ocrx_word' id='word_1_268' title='bbox 556 1618 642 1648; x_wconf 91' lang='lat' dir='ltr'><strong>parte,</strong></span> <span class='ocrx_word' id='word_1_269' title='bbox 659 1617 684 1640; x_wconf 90' lang='lat' dir='ltr'><strong>et</strong></span> <span class='ocrx_word' id='word_1_270' title='bbox 704 1613 732 1640; x_wconf 93' lang='lat' dir='ltr'><strong>in</strong></span> <span class='ocrx_word' id='word_1_271' title='bbox 758 1620 818 1648; x_wconf 74' lang='lat' dir='ltr'><strong>sp:-</strong></span> 
     </span>
    </p>
   </div>
   <div class='ocr_carea' id='block_1_36' title="bbox 47 1654 820 1693">
    <p class='ocr_par' dir='ltr' id='par_1_36' title="bbox 47 1654 820 1693">
     <span class='ocr_line' id='line_1_36' title="bbox 47 1654 820 1693; baseline 0.006 -12"><span class='ocrx_word' id='word_1_272' title='bbox 47 1654 96 1682; x_wconf 86' lang='lat' dir='ltr'><strong>culo</strong></span> <span class='ocrx_word' id='word_1_273' title='bbox 109 1664 137 1683; x_wconf 88' lang='lat' dir='ltr'><strong>ac</strong></span> <span class='ocrx_word' id='word_1_274' title='bbox 151 1656 177 1684; x_wconf 86' lang='lat' dir='ltr'><strong>in</strong></span> <span class='ocrx_word' id='word_1_275' title='bbox 192 1658 385 1693; x_wconf 75' lang='lat' dir='ltr'><strong>:enigmate,ut</strong></span> <span class='ocrx_word' id='word_1_276' title='bbox 398 1662 459 1693; x_wconf 89' lang='lat' dir='ltr'><strong>post</strong></span> <span class='ocrx_word' id='word_1_277' title='bbox 471 1659 542 1691; x_wconf 68' lang='lat' dir='ltr'><strong>haec,</strong></span> <span class='ocrx_word' id='word_1_278' title='bbox 560 1658 582 1686; x_wconf 89' lang='lat' dir='ltr'><strong>si</strong></span> <span class='ocrx_word' id='word_1_279' title='bbox 596 1658 756 1686; x_wconf 88' lang='lat' dir='ltr'><strong>incedamus</strong></span> <span class='ocrx_word' id='word_1_280' title='bbox 771 1666 820 1693; x_wconf 84' lang='lat' dir='ltr'><strong>per</strong></span> 
     </span>
    </p>
   </div>
   <div class='ocr_carea' id='block_1_37' title="bbox 48 1699 818 1738">
    <p class='ocr_par' dir='ltr' id='par_1_37' title="bbox 48 1699 818 1738">
     <span class='ocr_line' id='line_1_37' title="bbox 48 1699 818 1738; baseline 0.006 -12"><span class='ocrx_word' id='word_1_281' title='bbox 48 1699 104 1728; x_wconf 81' lang='lat' dir='ltr'><strong>hanc</strong></span> <span class='ocrx_word' id='word_1_282' title='bbox 115 1702 192 1735; x_wconf 88' lang='lat' dir='ltr'><strong>viam,</strong></span> <span class='ocrx_word' id='word_1_283' title='bbox 208 1711 271 1738; x_wconf 63' lang='lat' dir='ltr'><strong>qua;</strong></span> <span class='ocrx_word' id='word_1_284' title='bbox 282 1707 325 1731; x_wconf 88' lang='lat' dir='ltr'><strong>est</strong></span> <span class='ocrx_word' id='word_1_285' title='bbox 335 1703 473 1736; x_wconf 81' lang='lat' dir='ltr'><strong>Christus,</strong></span> <span class='ocrx_word' id='word_1_286' title='bbox 487 1703 630 1738; x_wconf 84' lang='lat' dir='ltr'><strong>pervenire</strong></span> <span class='ocrx_word' id='word_1_287' title='bbox 641 1704 781 1738; x_wconf 85' lang='lat' dir='ltr'><strong>possimus</strong></span> <span class='ocrx_word' id='word_1_288' title='bbox 792 1704 818 1731; x_wconf 85' lang='lat' dir='ltr'><strong>ili</strong></span> 
     </span>
    </p>
   </div>
   <div class='ocr_carea' id='block_1_38' title="bbox 48 1745 820 1785">
    <p class='ocr_par' dir='ltr' id='par_1_38' title="bbox 48 1745 820 1785">
     <span class='ocr_line' id='line_1_38' title="bbox 48 1745 820 1785; baseline 0.003 -11"><span class='ocrx_word' id='word_1_289' title='bbox 48 1745 100 1780; x_wconf 85' lang='lat' dir='ltr'><strong>hoc,</strong></span> <span class='ocrx_word' id='word_1_290' title='bbox 115 1752 141 1775; x_wconf 90' lang='lat' dir='ltr'><strong>ut</strong></span> <span class='ocrx_word' id='word_1_291' title='bbox 153 1748 219 1777; x_wconf 87' lang='lat' dir='ltr'><strong>facie</strong></span> <span class='ocrx_word' id='word_1_292' title='bbox 243 1750 277 1777; x_wconf 91' lang='lat' dir='ltr'><strong>ad</strong></span> <span class='ocrx_word' id='word_1_293' title='bbox 297 1749 394 1777; x_wconf 78' lang='lat' dir='ltr'><strong>faciem</strong></span> <span class='ocrx_word' id='word_1_294' title='bbox 414 1750 680 1785; x_wconf 87' lang='lat' dir='ltr'><strong>comprehendamus</strong></span> <span class='ocrx_word' id='word_1_295' title='bbox 700 1758 732 1778; x_wconf 88' lang='lat' dir='ltr'><strong>ea</strong></span> <span class='ocrx_word' id='word_1_296' title='bbox 759 1757 820 1785; x_wconf 66' lang='lat' dir='ltr'><strong>qua:</strong></span> 
     </span>
    </p>
   </div>
   <div class='ocr_carea' id='block_1_39' title="bbox 46 1792 817 1830">
    <p class='ocr_par' dir='ltr' id='par_1_39' title="bbox 46 1792 817 1830">
     <span class='ocr_line' id='line_1_39' title="bbox 46 1792 817 1830; baseline 0.004 -11"><span class='ocrx_word' id='word_1_297' title='bbox 46 1792 110 1825; x_wconf 82' lang='lat' dir='ltr'><strong>prius</strong></span> <span class='ocrx_word' id='word_1_298' title='bbox 129 1795 204 1829; x_wconf 87' lang='lat' dir='ltr'><strong>quasi</strong></span> <span class='ocrx_word' id='word_1_299' title='bbox 220 1795 250 1822; x_wconf 89' lang='lat' dir='ltr'><strong>in</strong></span> <span class='ocrx_word' id='word_1_300' title='bbox 271 1795 369 1822; x_wconf 89' lang='lat' dir='ltr'><strong>umbra</strong></span> <span class='ocrx_word' id='word_1_301' title='bbox 387 1800 414 1823; x_wconf 92' lang='lat' dir='ltr'><strong>et</strong></span> <span class='ocrx_word' id='word_1_302' title='bbox 436 1795 464 1822; x_wconf 94' lang='lat' dir='ltr'><strong>in</strong></span> <span class='ocrx_word' id='word_1_303' title='bbox 485 1795 629 1830; x_wconf 59' lang='lat' dir='ltr'><strong>aenigmate</strong></span> <span class='ocrx_word' id='word_1_304' title='bbox 650 1795 817 1823; x_wconf 83' lang='lat' dir='ltr'><strong>videramus.</strong></span> 
     </span>
    </p>
   </div>
   <div class='ocr_carea' id='block_1_40' title="bbox 45 1836 815 1876">
    <p class='ocr_par' dir='ltr' id='par_1_40' title="bbox 45 1836 815 1876">
     <span class='ocr_line' id='line_1_40' title="bbox 45 1836 815 1876; baseline 0.006 -13"><span class='ocrx_word' id='word_1_305' title='bbox 45 1836 92 1865; x_wconf 83' lang='lat' dir='ltr'><strong>Non</strong></span> <span class='ocrx_word' id='word_1_306' title='bbox 104 1839 169 1867; x_wconf 89' lang='lat' dir='ltr'><strong>enim</strong></span> <span class='ocrx_word' id='word_1_307' title='bbox 182 1841 244 1876; x_wconf 83' lang='lat' dir='ltr'><strong>quis</strong></span> <span class='ocrx_word' id='word_1_308' title='bbox 255 1841 357 1876; x_wconf 87' lang='lat' dir='ltr'><strong>poterit</strong></span> <span class='ocrx_word' id='word_1_309' title='bbox 371 1841 404 1868; x_wconf 90' lang='lat' dir='ltr'><strong>ad</strong></span> <span class='ocrx_word' id='word_1_310' title='bbox 420 1841 464 1868; x_wconf 87' lang='lat' dir='ltr'><strong>illa</strong></span> <span class='ocrx_word' id='word_1_311' title='bbox 479 1848 540 1876; x_wconf 66' lang='lat' dir='ltr'><strong>quae</strong></span> <span class='ocrx_word' id='word_1_312' title='bbox 557 1848 620 1868; x_wconf 89' lang='lat' dir='ltr'><strong>vera</strong></span> <span class='ocrx_word' id='word_1_313' title='bbox 634 1844 699 1868; x_wconf 87' lang='lat' dir='ltr'><strong>sunt</strong></span> <span class='ocrx_word' id='word_1_314' title='bbox 714 1844 741 1868; x_wconf 88' lang='lat' dir='ltr'><strong>et</strong></span> <span class='ocrx_word' id='word_1_315' title='bbox 753 1848 815 1875; x_wconf 82' lang='lat' dir='ltr'><strong>per-</strong></span> 
     </span>
    </p>
   </div>
   <div class='ocr_carea' id='block_1_41' title="bbox 45 1883 820 1922">
    <p class='ocr_par' dir='ltr' id='par_1_41' title="bbox 45 1883 820 1922">
     <span class='ocr_line' id='line_1_41' title="bbox 45 1883 820 1922; baseline 0.005 -12"><span class='ocrx_word' id='word_1_316' title='bbox 45 1883 101 1911; x_wconf 83' lang='lat' dir='ltr'><strong>lecta</strong></span> <span class='ocrx_word' id='word_1_317' title='bbox 115 1887 261 1920; x_wconf 81' lang='lat' dir='ltr'><strong>pervenire,</strong></span> <span class='ocrx_word' id='word_1_318' title='bbox 282 1887 337 1914; x_wconf 90' lang='lat' dir='ltr'><strong>nisi</strong></span> <span class='ocrx_word' id='word_1_319' title='bbox 358 1887 434 1922; x_wconf 81' lang='lat' dir='ltr'><strong>prius</strong></span> <span class='ocrx_word' id='word_1_320' title='bbox 450 1886 646 1914; x_wconf 77' lang='lat' dir='ltr'><strong>desideraverit</strong></span> <span class='ocrx_word' id='word_1_321' title='bbox 668 1891 693 1914; x_wconf 89' lang='lat' dir='ltr'><strong>et</strong></span> <span class='ocrx_word' id='word_1_322' title='bbox 717 1894 820 1914; x_wconf 86' lang='lat' dir='ltr'><strong>concu-</strong></span> 
     </span>
    </p>
   </div>
   <div class='ocr_carea' id='block_1_42' title="bbox 44 1930 817 1964">
    <p class='ocr_par' dir='ltr' id='par_1_42' title="bbox 44 1930 817 1964">
     <span class='ocr_line' id='line_1_42' title="bbox 44 1930 817 1964; baseline 0.005 -8"><span class='ocrx_word' id='word_1_323' title='bbox 44 1930 110 1964; x_wconf 89' lang='lat' dir='ltr'><strong>pierit</strong></span> <span class='ocrx_word' id='word_1_324' title='bbox 127 1932 152 1958; x_wconf 92' lang='lat' dir='ltr'><strong>iu</strong></span> <span class='ocrx_word' id='word_1_325' title='bbox 176 1932 228 1960; x_wconf 86' lang='lat' dir='ltr'><strong>bac</strong></span> <span class='ocrx_word' id='word_1_326' title='bbox 245 1933 344 1960; x_wconf 89' lang='lat' dir='ltr'><strong>umbra</strong></span> <span class='ocrx_word' id='word_1_327' title='bbox 366 1933 497 1961; x_wconf 87' lang='lat' dir='ltr'><strong>residere.</strong></span> <span class='ocrx_word' id='word_1_328' title='bbox 515 1933 566 1960; x_wconf 87' lang='lat' dir='ltr'><strong>Sed</strong></span> <span class='ocrx_word' id='word_1_329' title='bbox 583 1937 610 1959; x_wconf 90' lang='lat' dir='ltr'><strong>et</strong></span> <span class='ocrx_word' id='word_1_330' title='bbox 634 1932 685 1959; x_wconf 82' lang='lat' dir='ltr'><strong>Job</strong></span> <span class='ocrx_word' id='word_1_331' title='bbox 709 1939 817 1960; x_wconf 89' lang='lat' dir='ltr'><strong>onmem</strong></span> 
     </span>
    </p>
   </div>
   <div class='ocr_carea' id='block_1_43' title="bbox 44 1975 814 2013">
    <p class='ocr_par' dir='ltr' id='par_1_43' title="bbox 44 1975 814 2013">
     <span class='ocr_line' id='line_1_43' title="bbox 44 1975 814 2013; baseline 0.008 -12"><span class='ocrx_word' id='word_1_332' title='bbox 44 1975 166 2005; x_wconf 80' lang='lat' dir='ltr'><strong>hominum</strong></span> <span class='ocrx_word' id='word_1_333' title='bbox 181 1979 263 2006; x_wconf 83' lang='lat' dir='ltr'><strong>vitam</strong></span> <span class='ocrx_word' id='word_1_334' title='bbox 275 1978 343 2006; x_wconf 87' lang='lat' dir='ltr'><strong>dicit</strong></span> <span class='ocrx_word' id='word_1_335' title='bbox 355 1986 416 2007; x_wconf 90' lang='lat' dir='ltr'><strong>esse</strong></span> <span class='ocrx_word' id='word_1_336' title='bbox 427 1979 553 2006; x_wconf 88' lang='lat' dir='ltr'><strong>umbram</strong></span> <span class='ocrx_word' id='word_1_337' title='bbox 566 1986 648 2013; x_wconf 88' lang='lat' dir='ltr'><strong>super</strong></span> <span class='ocrx_word' id='word_1_338' title='bbox 659 1984 759 2006; x_wconf 86' lang='lat' dir='ltr'><strong>terram</strong></span> <span class='ocrx_word' id='word_1_339' title='bbox 771 1979 792 1995; x_wconf 83' lang='lat'><strong>&quot;‘</strong></span> <span class='ocrx_word' id='word_1_340' title='bbox 806 1989 814 2007; x_wconf 84' lang='lat'><strong>:</strong></span> 
     </span>
    </p>
   </div>
   <div class='ocr_carea' id='block_1_44' title="bbox 44 2023 815 2061">
    <p class='ocr_par' dir='ltr' id='par_1_44' title="bbox 44 2023 815 2061">
     <span class='ocr_line' id='line_1_44' title="bbox 44 2023 815 2061; baseline 0.005 -13"><span class='ocrx_word' id='word_1_341' title='bbox 44 2023 111 2050; x_wconf 84' lang='lat' dir='ltr'><strong>credo</strong></span> <span class='ocrx_word' id='word_1_342' title='bbox 125 2032 171 2058; x_wconf 94' lang='lat' dir='ltr'><strong>pro</strong></span> <span class='ocrx_word' id='word_1_343' title='bbox 185 2033 218 2053; x_wconf 89' lang='lat' dir='ltr'><strong>eo</strong></span> <span class='ocrx_word' id='word_1_344' title='bbox 233 2025 311 2061; x_wconf 88' lang='lat' dir='ltr'><strong>quod</strong></span> <span class='ocrx_word' id='word_1_345' title='bbox 326 2025 417 2052; x_wconf 90' lang='lat' dir='ltr'><strong>anima</strong></span> <span class='ocrx_word' id='word_1_346' title='bbox 431 2025 458 2052; x_wconf 90' lang='lat' dir='ltr'><strong>in</strong></span> <span class='ocrx_word' id='word_1_347' title='bbox 470 2025 521 2053; x_wconf 91' lang='lat' dir='ltr'><strong>hac</strong></span> <span class='ocrx_word' id='word_1_348' title='bbox 532 2026 586 2053; x_wconf 86' lang='lat' dir='ltr'><strong>vita</strong></span> <span class='ocrx_word' id='word_1_349' title='bbox 599 2025 750 2053; x_wconf 89' lang='lat' dir='ltr'><strong>velamento</strong></span> <span class='ocrx_word' id='word_1_350' title='bbox 763 2025 815 2052; x_wconf 85' lang='lat' dir='ltr'><strong>hu-</strong></span> 
     </span>
    </p>
   </div>
   <div class='ocr_carea' id='block_1_45' title="bbox 41 2067 816 2107">
    <p class='ocr_par' dir='ltr' id='par_1_45' title="bbox 41 2067 816 2107">
     <span class='ocr_line' id='line_1_45' title="bbox 41 2067 816 2107; baseline 0.004 -11"><span class='ocrx_word' id='word_1_351' title='bbox 41 2067 77 2100; x_wconf 81' lang='lat' dir='ltr'><strong>jus</strong></span> <span class='ocrx_word' id='word_1_352' title='bbox 90 2071 168 2098; x_wconf 80' lang='lat' dir='ltr'><strong>crassi</strong></span> <span class='ocrx_word' id='word_1_353' title='bbox 184 2071 311 2106; x_wconf 83' lang='lat' dir='ltr'><strong>cerporis</strong></span> <span class='ocrx_word' id='word_1_354' title='bbox 325 2072 514 2099; x_wconf 81' lang='lat' dir='ltr'><strong>obumbratur.</strong></span> <span class='ocrx_word' id='word_1_355' title='bbox 532 2072 634 2099; x_wconf 88' lang='lat' dir='ltr'><strong>Omnes</strong></span> <span class='ocrx_word' id='word_1_356' title='bbox 647 2079 712 2107; x_wconf 77' lang='lat' dir='ltr'><strong>ergo</strong></span> <span class='ocrx_word' id='word_1_357' title='bbox 726 2072 772 2106; x_wconf 92' lang='lat' dir='ltr'><strong>qui</strong></span> <span class='ocrx_word' id='word_1_358' title='bbox 789 2072 816 2099; x_wconf 94' lang='lat' dir='ltr'><strong>in</strong></span> 
     </span>
    </p>
   </div>
   <div class='ocr_carea' id='block_1_46' title="bbox 43 2113 816 2152">
    <p class='ocr_par' dir='ltr' id='par_1_46' title="bbox 43 2113 816 2152">
     <span class='ocr_line' id='line_1_46' title="bbox 43 2113 816 2152; baseline 0.008 -15"><span class='ocrx_word' id='word_1_359' title='bbox 43 2113 84 2139; x_wconf 82' lang='lat' dir='ltr'><strong>hac</strong></span> <span class='ocrx_word' id='word_1_360' title='bbox 96 2115 144 2142; x_wconf 82' lang='lat' dir='ltr'><strong>vita</strong></span> <span class='ocrx_word' id='word_1_361' title='bbox 166 2120 240 2148; x_wconf 84' lang='lat' dir='ltr'><strong>sunt.</strong></span> <span class='ocrx_word' id='word_1_362' title='bbox 257 2124 371 2144; x_wconf 89' lang='lat' dir='ltr'><strong>necesse</strong></span> <span class='ocrx_word' id='word_1_363' title='bbox 388 2121 430 2144; x_wconf 89' lang='lat' dir='ltr'><strong>est</strong></span> <span class='ocrx_word' id='word_1_364' title='bbox 444 2116 471 2143; x_wconf 92' lang='lat' dir='ltr'><strong>in</strong></span> <span class='ocrx_word' id='word_1_365' title='bbox 493 2116 590 2144; x_wconf 89' lang='lat' dir='ltr'><strong>umbra</strong></span> <span class='ocrx_word' id='word_1_366' title='bbox 611 2117 728 2152; x_wconf 90' lang='lat' dir='ltr'><strong>quadam</strong></span> <span class='ocrx_word' id='word_1_367' title='bbox 744 2124 816 2144; x_wconf 89' lang='lat' dir='ltr'><strong>esse.</strong></span> 
     </span>
    </p>
   </div>
   <div class='ocr_carea' id='block_1_47' title="bbox 43 2158 818 2198">
    <p class='ocr_par' dir='ltr' id='par_1_47' title="bbox 43 2158 818 2198">
     <span class='ocr_line' id='line_1_47' title="bbox 43 2158 818 2198; baseline 0.006 -13"><span class='ocrx_word' id='word_1_368' title='bbox 43 2158 84 2185; x_wconf 80' lang='lat' dir='ltr'><strong>Sed</strong></span> <span class='ocrx_word' id='word_1_369' title='bbox 107 2161 148 2188; x_wconf 87' lang='lat' dir='ltr'><strong>alii</strong></span> <span class='ocrx_word' id='word_1_370' title='bbox 166 2162 279 2196; x_wconf 85' lang='lat' dir='ltr'><strong>quidem</strong></span> <span class='ocrx_word' id='word_1_371' title='bbox 302 2166 368 2190; x_wconf 88' lang='lat' dir='ltr'><strong>sunt</strong></span> <span class='ocrx_word' id='word_1_372' title='bbox 388 2161 514 2189; x_wconf 85' lang='lat' dir='ltr'><strong>sedentes</strong></span> <span class='ocrx_word' id='word_1_373' title='bbox 537 2162 564 2189; x_wconf 91' lang='lat' dir='ltr'><strong>in</strong></span> <span class='ocrx_word' id='word_1_374' title='bbox 584 2162 696 2198; x_wconf 80' lang='lat' dir='ltr'><strong>regione</strong></span> <span class='ocrx_word' id='word_1_375' title='bbox 715 2163 818 2190; x_wconf 74' lang='lat' dir='ltr'><strong>umbra:</strong></span> 
     </span>
    </p>
   </div>
   <div class='ocr_carea' id='block_1_48' title="bbox 42 2205 813 2242">
    <p class='ocr_par' dir='ltr' id='par_1_48' title="bbox 42 2205 813 2242">
     <span class='ocr_line' id='line_1_48' title="bbox 42 2205 813 2242; baseline 0.009 -13"><span class='ocrx_word' id='word_1_376' title='bbox 42 2205 131 2238; x_wconf 86' lang='lat' dir='ltr'><strong>mortis,</strong></span> <span class='ocrx_word' id='word_1_377' title='bbox 147 2207 171 2234; x_wconf 91' lang='lat' dir='ltr'><strong>hi</strong></span> <span class='ocrx_word' id='word_1_378' title='bbox 185 2207 309 2242; x_wconf 82' lang='lat' dir='ltr'><strong>profecto</strong></span> <span class='ocrx_word' id='word_1_379' title='bbox 328 2208 374 2242; x_wconf 92' lang='lat' dir='ltr'><strong>qui</strong></span> <span class='ocrx_word' id='word_1_380' title='bbox 389 2216 442 2235; x_wconf 92' lang='lat' dir='ltr'><strong>non</strong></span> <span class='ocrx_word' id='word_1_381' title='bbox 456 2208 572 2235; x_wconf 91' lang='lat' dir='ltr'><strong>credunt</strong></span> <span class='ocrx_word' id='word_1_382' title='bbox 586 2208 706 2235; x_wconf 77' lang='lat' dir='ltr'><strong>Christo.</strong></span> <span class='ocrx_word' id='word_1_383' title='bbox 721 2207 813 2236; x_wconf 83' lang='lat' dir='ltr'><strong>Eccle-</strong></span> 
     </span>
    </p>
   </div>
   <div class='ocr_carea' id='block_1_49' title="bbox 40 2250 815 2288">
    <p class='ocr_par' dir='ltr' id='par_1_49' title="bbox 40 2250 815 2288">
     <span class='ocr_line' id='line_1_49' title="bbox 40 2250 815 2288; baseline 0.006 -13"><span class='ocrx_word' id='word_1_384' title='bbox 40 2250 73 2276; x_wconf 87' lang='lat' dir='ltr'><strong>sia</strong></span> <span class='ocrx_word' id='word_1_385' title='bbox 88 2259 145 2280; x_wconf 90' lang='lat' dir='ltr'><strong>vero</strong></span> <span class='ocrx_word' id='word_1_386' title='bbox 161 2261 222 2280; x_wconf 91' lang='lat' dir='ltr'><strong>cum</strong></span> <span class='ocrx_word' id='word_1_387' title='bbox 238 2253 338 2281; x_wconf 83' lang='lat' dir='ltr'><strong>fiducia</strong></span> <span class='ocrx_word' id='word_1_388' title='bbox 354 2253 420 2281; x_wconf 86' lang='lat' dir='ltr'><strong>dicit</strong></span> <span class='ocrx_word' id='word_1_389' title='bbox 436 2263 442 2281; x_wconf 88' lang='lat'>:</span> <span class='ocrx_word' id='word_1_390' title='bbox 459 2253 492 2280; x_wconf 87' lang='lat' dir='ltr'><strong>In</strong></span> <span class='ocrx_word' id='word_1_391' title='bbox 505 2253 598 2280; x_wconf 87' lang='lat' dir='ltr'><strong>umbra</strong></span> <span class='ocrx_word' id='word_1_392' title='bbox 613 2254 702 2288; x_wconf 79' lang='lat' dir='ltr'><strong>sponsi</strong></span> <span class='ocrx_word' id='word_1_393' title='bbox 718 2261 815 2280; x_wconf 81' lang='lat' dir='ltr'><strong>concu-</strong></span> 
     </span>
    </p>
   </div>
   <div class='ocr_carea' id='block_1_50' title="bbox 39 2296 816 2335">
    <p class='ocr_par' dir='ltr' id='par_1_50' title="bbox 39 2296 816 2335">
     <span class='ocr_line' id='line_1_50' title="bbox 39 2296 816 2335; baseline 0.008 -14"><span class='ocrx_word' id='word_1_394' title='bbox 39 2296 82 2329; x_wconf 84' lang='lat' dir='ltr'><strong>piri</strong></span> <span class='ocrx_word' id='word_1_395' title='bbox 93 2303 114 2324; x_wconf 78' lang='lat' dir='ltr'><strong>et</strong></span> <span class='ocrx_word' id='word_1_396' title='bbox 125 2299 196 2332; x_wconf 82' lang='lat' dir='ltr'><strong>sedi;</strong></span> <span class='ocrx_word' id='word_1_397' title='bbox 220 2300 350 2335; x_wconf 82' lang='lat' dir='ltr'><strong>quamvis</strong></span> <span class='ocrx_word' id='word_1_398' title='bbox 369 2304 441 2327; x_wconf 88' lang='lat' dir='ltr'><strong>certe</strong></span> <span class='ocrx_word' id='word_1_399' title='bbox 462 2298 545 2326; x_wconf 77' lang='lat' dir='ltr'><strong>fuerit</strong></span> <span class='ocrx_word' id='word_1_400' title='bbox 564 2296 671 2334; x_wconf 76' lang='lat' dir='ltr'><strong>tempu&#39;s</strong></span> <span class='ocrx_word' id='word_1_401' title='bbox 692 2307 747 2334; x_wconf 89' lang='lat' dir='ltr'><strong>quo</strong></span> <span class='ocrx_word' id='word_1_402' title='bbox 767 2306 816 2334; x_wconf 83' lang='lat' dir='ltr'><strong>po-</strong></span> 
     </span>
    </p>
   </div>
   <div class='ocr_carea' id='block_1_51' title="bbox 39 2343 816 2379">
    <p class='ocr_par' dir='ltr' id='par_1_51' title="bbox 39 2343 816 2379">
     <span class='ocr_line' id='line_1_51' title="bbox 39 2343 816 2379; baseline 0.006 -12"><span class='ocrx_word' id='word_1_403' title='bbox 39 2343 108 2369; x_wconf 89' lang='lat' dir='ltr'><strong>tuerit</strong></span> <span class='ocrx_word' id='word_1_404' title='bbox 120 2344 178 2378; x_wconf 87' lang='lat' dir='ltr'><strong>quis</strong></span> <span class='ocrx_word' id='word_1_405' title='bbox 194 2345 247 2372; x_wconf 85' lang='lat' dir='ltr'><strong>sub</strong></span> <span class='ocrx_word' id='word_1_406' title='bbox 267 2345 363 2372; x_wconf 87' lang='lat' dir='ltr'><strong>umbra</strong></span> <span class='ocrx_word' id='word_1_407' title='bbox 377 2344 444 2379; x_wconf 86' lang='lat' dir='ltr'><strong>legis</strong></span> <span class='ocrx_word' id='word_1_408' title='bbox 459 2344 584 2372; x_wconf 84' lang='lat' dir='ltr'><strong>residens</strong></span> <span class='ocrx_word' id='word_1_409' title='bbox 599 2343 709 2371; x_wconf 89' lang='lat' dir='ltr'><strong>defendi</strong></span> <span class='ocrx_word' id='word_1_410' title='bbox 723 2352 740 2372; x_wconf 84' lang='lat' dir='ltr'><strong>a</strong></span> <span class='ocrx_word' id='word_1_411' title='bbox 764 2344 816 2372; x_wconf 90' lang='lat' dir='ltr'><strong>du-</strong></span> 
     </span>
    </p>
   </div>
   <div class='ocr_carea' id='block_1_52' title="bbox 39 2386 812 2425">
    <p class='ocr_par' dir='ltr' id='par_1_52' title="bbox 39 2386 812 2425">
     <span class='ocr_line' id='line_1_52' title="bbox 39 2386 812 2425; baseline 0.009 -13"><span class='ocrx_word' id='word_1_412' title='bbox 39 2386 91 2414; x_wconf 80' lang='lat' dir='ltr'><strong>ritia</strong></span> <span class='ocrx_word' id='word_1_413' title='bbox 100 2389 200 2418; x_wconf 76' lang='lat' dir='ltr'><strong>ardoris</strong></span> <span class='ocrx_word' id='word_1_414' title='bbox 212 2396 239 2418; x_wconf 89' lang='lat' dir='ltr'><strong>et</strong></span> <span class='ocrx_word' id='word_1_415' title='bbox 257 2395 350 2418; x_wconf 66' lang='lat' dir='ltr'><strong>aestus.</strong></span> <span class='ocrx_word' id='word_1_416' title='bbox 367 2390 420 2418; x_wconf 88' lang='lat' dir='ltr'><strong>Sed</strong></span> <span class='ocrx_word' id='word_1_417' title='bbox 435 2390 543 2418; x_wconf 83' lang='lat' dir='ltr'><strong>transiit</strong></span> <span class='ocrx_word' id='word_1_418' title='bbox 556 2390 622 2418; x_wconf 90' lang='lat' dir='ltr'><strong>illud</strong></span> <span class='ocrx_word' id='word_1_419' title='bbox 638 2395 754 2425; x_wconf 87' lang='lat' dir='ltr'><strong>tempus,</strong></span> <span class='ocrx_word' id='word_1_420' title='bbox 768 2399 812 2419; x_wconf 80' lang='lat' dir='ltr'><strong>vc-</strong></span> 
     </span>
    </p>
   </div>
   <div class='ocr_carea' id='block_1_53' title="bbox 39 2433 815 2470">
    <p class='ocr_par' dir='ltr' id='par_1_53' title="bbox 39 2433 815 2470">
     <span class='ocr_line' id='line_1_53' title="bbox 39 2433 815 2470; baseline 0.004 -10"><span class='ocrx_word' id='word_1_421' title='bbox 39 2433 150 2464; x_wconf 87' lang='lat' dir='ltr'><strong>niendum</strong></span> <span class='ocrx_word' id='word_1_422' title='bbox 172 2442 213 2466; x_wconf 89' lang='lat' dir='ltr'><strong>est</strong></span> <span class='ocrx_word' id='word_1_423' title='bbox 240 2446 317 2465; x_wconf 84' lang='lat' dir='ltr'><strong>nunc</strong></span> <span class='ocrx_word' id='word_1_424' title='bbox 340 2438 374 2464; x_wconf 88' lang='lat' dir='ltr'><strong>ad</strong></span> <span class='ocrx_word' id='word_1_425' title='bbox 399 2436 506 2465; x_wconf 88' lang='lat' dir='ltr'><strong>arboris</strong></span> <span class='ocrx_word' id='word_1_426' title='bbox 530 2437 592 2465; x_wconf 88' lang='lat' dir='ltr'><strong>meli</strong></span> <span class='ocrx_word' id='word_1_427' title='bbox 615 2438 761 2470; x_wconf 84' lang='lat' dir='ltr'><strong>umbram;</strong></span> <span class='ocrx_word' id='word_1_428' title='bbox 787 2441 815 2464; x_wconf 91' lang='lat' dir='ltr'><strong>ct</strong></span> 
     </span>
    </p>
   </div>
   <div class='ocr_carea' id='block_1_54' title="bbox 39 2481 812 2518">
    <p class='ocr_par' dir='ltr' id='par_1_54' title="bbox 39 2481 812 2518">
     <span class='ocr_line' id='line_1_54' title="bbox 39 2481 812 2518; baseline 0.005 -14"><span class='ocrx_word' id='word_1_429' title='bbox 39 2481 148 2511; x_wconf 75' lang='lat' dir='ltr'><strong>quamvis</strong></span> <span class='ocrx_word' id='word_1_430' title='bbox 163 2482 273 2510; x_wconf 83' lang='lat' dir='ltr'><strong>diversa</strong></span> <span class='ocrx_word' id='word_1_431' title='bbox 288 2482 351 2518; x_wconf 90' lang='lat' dir='ltr'><strong>quis</strong></span> <span class='ocrx_word' id='word_1_432' title='bbox 365 2486 458 2509; x_wconf 84' lang='lat' dir='ltr'><strong>utatur</strong></span> <span class='ocrx_word' id='word_1_433' title='bbox 474 2482 580 2514; x_wconf 89' lang='lat' dir='ltr'><strong>umbra,</strong></span> <span class='ocrx_word' id='word_1_434' title='bbox 598 2482 704 2510; x_wconf 87' lang='lat' dir='ltr'><strong>videtur</strong></span> <span class='ocrx_word' id='word_1_435' title='bbox 723 2485 812 2508; x_wconf 85' lang='lat' dir='ltr'><strong>tamen</strong></span> 
     </span>
    </p>
   </div>
   <div class='ocr_carea' id='block_1_55' title="bbox 36 2526 811 2563">
    <p class='ocr_par' dir='ltr' id='par_1_55' title="bbox 36 2526 811 2563">
     <span class='ocr_line' id='line_1_55' title="bbox 36 2526 811 2563; baseline 0.005 -13"><span class='ocrx_word' id='word_1_436' title='bbox 36 2526 114 2554; x_wconf 83' lang='lat' dir='ltr'><strong>omnis</strong></span> <span class='ocrx_word' id='word_1_437' title='bbox 127 2528 227 2563; x_wconf 85' lang='lat' dir='ltr'><strong>anima,</strong></span> <span class='ocrx_word' id='word_1_438' title='bbox 243 2529 333 2557; x_wconf 84' lang='lat' dir='ltr'><strong>donec</strong></span> <span class='ocrx_word' id='word_1_439' title='bbox 348 2528 375 2556; x_wconf 93' lang='lat' dir='ltr'><strong>in</strong></span> <span class='ocrx_word' id='word_1_440' title='bbox 385 2528 512 2563; x_wconf 65' lang='lat' dir='ltr'><strong>praesenti</strong></span> <span class='ocrx_word' id='word_1_441' title='bbox 532 2528 587 2555; x_wconf 86' lang='lat' dir='ltr'><strong>vita</strong></span> <span class='ocrx_word' id='word_1_442' title='bbox 600 2533 641 2556; x_wconf 84' lang='lat' dir='ltr'><strong>est</strong></span> <span class='ocrx_word' id='word_1_443' title='bbox 654 2547 661 2560; x_wconf 85' lang='lat'><strong>.</strong></span> <span class='ocrx_word' id='word_1_444' title='bbox 686 2528 811 2557; x_wconf 81' lang='lat' dir='ltr'><strong>umbram</strong></span> 
     </span>
    </p>
   </div>
   <div class='ocr_carea' id='block_1_56' title="bbox 65 2608 811 2644">
    <p class='ocr_par' dir='ltr' id='par_1_56' title="bbox 65 2608 811 2644">
     <span class='ocr_line' id='line_1_56' title="bbox 65 2608 811 2644; baseline -0.001 -6"><span class='ocrx_word' id='word_1_445' title='bbox 65 2608 84 2627; x_wconf 81' lang='lat'><strong>“</strong></span> <span class='ocrx_word' id='word_1_446' title='bbox 94 2609 156 2638; x_wconf 90' lang='lat' dir='ltr'><strong>Luc.</strong></span> <span class='ocrx_word' id='word_1_447' title='bbox 172 2619 192 2644; x_wconf 83' lang='grc' dir='ltr'><strong>ι,</strong></span> <span class='ocrx_word' id='word_1_448' title='bbox 210 2611 258 2640; x_wconf 80' lang='grc'><strong>55.</strong></span> <span class='ocrx_word' id='word_1_449' title='bbox 296 2612 316 2627; x_wconf 83' lang='grc'>¹⁷</span> <span class='ocrx_word' id='word_1_450' title='bbox 333 2610 414 2638; x_wconf 85' lang='lat' dir='ltr'><strong>Hebr.</strong></span> <span class='ocrx_word' id='word_1_451' title='bbox 433 2618 461 2642; x_wconf 72' lang='grc' dir='ltr'><strong>ι.</strong></span> <span class='ocrx_word' id='word_1_452' title='bbox 481 2611 506 2638; x_wconf 82' lang='lat' dir='ltr'><strong>l.</strong></span> <span class='ocrx_word' id='word_1_453' title='bbox 547 2610 569 2626; x_wconf 84' lang='grc'><strong>¹⁸</strong></span> <span class='ocrx_word' id='word_1_454' title='bbox 582 2610 642 2637; x_wconf 89' lang='lat' dir='ltr'><strong>Job.</strong></span> <span class='ocrx_word' id='word_1_455' title='bbox 661 2618 709 2643; x_wconf 86' lang='lat' dir='ltr'><strong>vn,</strong></span> <span class='ocrx_word' id='word_1_456' title='bbox 725 2610 750 2637; x_wconf 83' lang='lat'><strong>1.</strong></span> <span class='ocrx_word' id='word_1_457' title='bbox 791 2609 811 2625; x_wconf 87' lang='lat'>&quot;</span> 
     </span>
    </p>
   </div>
   <div class='ocr_carea' id='block_1_57' title="bbox 38 2643 809 2681">
    <p class='ocr_par' dir='ltr' id='par_1_57' title="bbox 38 2643 809 2681">
     <span class='ocr_line' id='line_1_57' title="bbox 38 2643 809 2681; baseline 0 -10"><span class='ocrx_word' id='word_1_458' title='bbox 38 2643 54 2659; x_wconf 78' lang='lat'>&quot;</span> <span class='ocrx_word' id='word_1_459' title='bbox 68 2643 132 2673; x_wconf 84' lang='lat' dir='ltr'><strong>Psal.</strong></span> <span class='ocrx_word' id='word_1_460' title='bbox 147 2655 172 2681; x_wconf 89' lang='lat' dir='ltr'><strong>v,</strong></span> <span class='ocrx_word' id='word_1_461' title='bbox 184 2648 211 2674; x_wconf 92' lang='lat'><strong>9.</strong></span> <span class='ocrx_word' id='word_1_462' title='bbox 251 2646 274 2663; x_wconf 79' lang='lat'>”</span> <span class='ocrx_word' id='word_1_463' title='bbox 293 2645 528 2680; x_wconf 74' lang='lat' dir='ltr'><strong>Psal.cxvnt,105.</strong></span> <span class='ocrx_word' id='word_1_464' title='bbox 562 2647 585 2662; x_wconf 82' lang='lat'><em>“</em></span> <span class='ocrx_word' id='word_1_465' title='bbox 598 2646 620 2673; x_wconf 94' lang='lat' dir='ltr'><strong>ll</strong></span> <span class='ocrx_word' id='word_1_466' title='bbox 633 2646 696 2673; x_wconf 87' lang='lat' dir='ltr'><strong>Cor.</strong></span> <span class='ocrx_word' id='word_1_467' title='bbox 711 2653 748 2678; x_wconf 84' lang='lat' dir='ltr'><strong>vi,</strong></span> <span class='ocrx_word' id='word_1_468' title='bbox 765 2645 809 2672; x_wconf 83' lang='lat' dir='ltr'><strong>ll.</strong></span> 
     </span>
    </p>
   </div>
   <div class='ocr_carea' id='block_1_58' title="bbox 65 2724 817 2760">
    <p class='ocr_par' dir='ltr' id='par_1_58' title="bbox 65 2724 817 2760">
     <span class='ocr_line' id='line_1_58' title="bbox 65 2724 817 2760; baseline 0 -7"><span class='ocrx_word' id='word_1_469' title='bbox 65 2724 114 2760; x_wconf 69' lang='lat'><strong>(66)</strong></span> <span class='ocrx_word' id='word_1_470' title='bbox 123 2725 232 2759; x_wconf 66' lang='lat' dir='ltr'><strong>Sponsae</strong></span> <span class='ocrx_word' id='word_1_471' title='bbox 241 2727 330 2758; x_wconf 79' lang='lat' dir='ltr'><strong>verba,</strong></span> <span class='ocrx_word' id='word_1_472' title='bbox 340 2731 392 2754; x_wconf 90' lang='lat' dir='ltr'><strong>etc.</strong></span> <span class='ocrx_word' id='word_1_473' title='bbox 404 2725 554 2760; x_wconf 81' lang='lat' dir='ltr'><strong>Procopius</strong></span> <span class='ocrx_word' id='word_1_474' title='bbox 563 2733 596 2753; x_wconf 77' lang='lat' dir='ltr'><strong>ex</strong></span> <span class='ocrx_word' id='word_1_475' title='bbox 607 2725 723 2760; x_wconf 79' lang='lat' dir='ltr'><strong>Origene</strong></span> <span class='ocrx_word' id='word_1_476' title='bbox 730 2734 738 2753; x_wconf 78' lang='grc' dir='ltr'><strong>ι</strong></span> <span class='ocrx_word' id='word_1_477' title='bbox 746 2727 817 2753; x_wconf 72' lang='lat' dir='ltr'><strong>Eta-</strong></span> 
     </span>
    </p>
   </div>
   <div class='ocr_carea' id='block_1_59' title="bbox 35 2759 814 2797">
    <p class='ocr_par' dir='ltr' id='par_1_59' title="bbox 35 2759 814 2797">
     <span class='ocr_line' id='line_1_59' title="bbox 35 2759 814 2797; baseline 0.003 -12"><span class='ocrx_word' id='word_1_478' title='bbox 35 2759 146 2797; x_wconf 64' lang='grc' dir='ltr'><strong>ςιιτὶγετῤ</strong></span> <span class='ocrx_word' id='word_1_479' title='bbox 163 2770 201 2795; x_wconf 81' lang='grc' dir='ltr'><strong>με</strong></span> <span class='ocrx_word' id='word_1_480' title='bbox 227 2764 274 2795; x_wconf 78' lang='grc' dir='ltr'><strong>εὶς</strong></span> <span class='ocrx_word' id='word_1_481' title='bbox 285 2760 371 2788; x_wconf 82' lang='grc' dir='ltr'><em>οἷκον</em></span> <span class='ocrx_word' id='word_1_482' title='bbox 385 2761 480 2788; x_wconf 74' lang='grc' dir='ltr'><strong>οἴνου,</strong></span> <span class='ocrx_word' id='word_1_483' title='bbox 494 2759 586 2797; x_wconf 63' lang='grc' dir='ltr'><strong>Ταῦτα</strong></span> <span class='ocrx_word' id='word_1_484' title='bbox 600 2759 669 2797; x_wconf 68' lang='grc' dir='ltr'><strong>πρὸξ</strong></span> <span class='ocrx_word' id='word_1_485' title='bbox 682 2761 747 2793; x_wconf 57' lang='grc' dir='ltr'><strong>τοὺς</strong></span> <span class='ocrx_word' id='word_1_486' title='bbox 767 2761 814 2796; x_wconf 74' lang='grc' dir='ltr'><strong>φί-</strong></span> 
     </span>
    </p>
   </div>
   <div class='ocr_carea' id='block_1_60' title="bbox 37 2795 814 2832">
    <p class='ocr_par' dir='ltr' id='par_1_60' title="bbox 37 2795 814 2832">
     <span class='ocr_line' id='line_1_60' title="bbox 37 2795 814 2832; baseline 0.003 -12"><span class='ocrx_word' id='word_1_487' title='bbox 37 2795 87 2832; x_wconf 60' lang='grc' dir='ltr'><strong>λιιις</strong></span> <span class='ocrx_word' id='word_1_488' title='bbox 98 2795 142 2822; x_wconf 79' lang='grc' dir='ltr'><strong>τοῦ</strong></span> <span class='ocrx_word' id='word_1_489' title='bbox 156 2797 273 2831; x_wconf 78' lang='grc' dir='ltr'><strong>νυμφίου</strong></span> <span class='ocrx_word' id='word_1_490' title='bbox 290 2798 367 2831; x_wconf 71' lang='grc' dir='ltr'><strong>φησὶ,</strong></span> <span class='ocrx_word' id='word_1_491' title='bbox 385 2798 446 2827; x_wconf 79' lang='grc' dir='ltr'>τοὺς</span> <span class='ocrx_word' id='word_1_492' title='bbox 458 2797 552 2832; x_wconf 81' lang='grc' dir='ltr'><strong>ἁγίους</strong></span> <span class='ocrx_word' id='word_1_493' title='bbox 565 2795 699 2832; x_wconf 68' lang='grc' dir='ltr'><strong>ριγγέλους</strong></span> <span class='ocrx_word' id='word_1_494' title='bbox 712 2796 728 2832; x_wconf 84' lang='grc' dir='ltr'>ἢ</span> <span class='ocrx_word' id='word_1_495' title='bbox 746 2797 814 2823; x_wconf 67' lang='grc' dir='ltr'><strong>ἀπθ-</strong></span> 
     </span>
    </p>
   </div>
   <div class='ocr_carea' id='block_1_61' title="bbox 36 2828 813 2871">
    <p class='ocr_par' dir='ltr' id='par_1_61' title="bbox 36 2828 813 2871">
     <span class='ocr_line' id='line_1_61' title="bbox 36 2828 813 2871; baseline 0.006 -17"><span class='ocrx_word' id='word_1_496' title='bbox 36 2828 130 2861; x_wconf 70' lang='grc' dir='ltr'><strong>ετὸλους</strong></span> <span class='ocrx_word' id='word_1_497' title='bbox 140 2839 167 2857; x_wconf 74' lang='grc' dir='ltr'>τε</span> <span class='ocrx_word' id='word_1_498' title='bbox 183 2828 230 2859; x_wconf 57' lang='grc' dir='ltr'><strong>ἦσιῖ</strong></span> <span class='ocrx_word' id='word_1_499' title='bbox 244 2828 397 2868; x_wconf 54' lang='grc' dir='ltr'><strong>πωῴῆτας,</strong></span> <span class='ocrx_word' id='word_1_500' title='bbox 414 2828 552 2866; x_wconf 59' lang='grc' dir='ltr'><strong>μονοῦουχὶ</strong></span> <span class='ocrx_word' id='word_1_501' title='bbox 565 2828 690 2866; x_wconf 57' lang='grc' dir='ltr'><strong>λέγὸῳσα·</strong></span> <span class='ocrx_word' id='word_1_502' title='bbox 706 2828 813 2871; x_wconf 59' lang='grc' dir='ltr'><strong>Συγκε-</strong></span> 
     </span>
    </p>
   </div>
   <div class='ocr_carea' id='block_1_62' title="bbox 880 243 1670 278">
    <p class='ocr_par' dir='ltr' id='par_1_62' title="bbox 880 243 1670 278">
     <span class='ocr_line' id='line_1_62' title="bbox 880 243 1670 278; baseline 0 -8"><span class='ocrx_word' id='word_1_503' title='bbox 880 243 958 275; x_wconf 88' lang='lat' dir='ltr'><strong>solis,</strong></span> <span class='ocrx_word' id='word_1_504' title='bbox 975 244 1022 278; x_wconf 85' lang='lat' dir='ltr'><strong>qui</strong></span> <span class='ocrx_word' id='word_1_505' title='bbox 1038 250 1101 270; x_wconf 84' lang='lat' dir='ltr'><strong>cum</strong></span> <span class='ocrx_word' id='word_1_506' title='bbox 1119 247 1231 270; x_wconf 76' lang='lat' dir='ltr'><strong>exortus</strong></span> <span class='ocrx_word' id='word_1_507' title='bbox 1247 243 1338 275; x_wconf 85' lang='lat' dir='ltr'><strong>fuerit,</strong></span> <span class='ocrx_word' id='word_1_508' title='bbox 1350 243 1481 270; x_wconf 85' lang='lat' dir='ltr'><strong>continuo</strong></span> <span class='ocrx_word' id='word_1_509' title='bbox 1493 251 1585 270; x_wconf 82' lang='lat' dir='ltr'><strong>semen</strong></span> <span class='ocrx_word' id='word_1_510' title='bbox 1598 245 1670 278; x_wconf 87' lang='lat' dir='ltr'><strong>quod</strong></span> 
     </span>
    </p>
   </div>
   <div class='ocr_carea' id='block_1_63' title="bbox 880 288 1669 324">
    <p class='ocr_par' dir='ltr' id='par_1_63' title="bbox 880 288 1669 324">
     <span class='ocr_line' id='line_1_63' title="bbox 880 288 1669 324; baseline 0 -8"><span class='ocrx_word' id='word_1_511' title='bbox 880 297 934 316; x_wconf 93' lang='lat' dir='ltr'><strong>non</strong></span> <span class='ocrx_word' id='word_1_512' title='bbox 953 289 1008 316; x_wconf 86' lang='lat' dir='ltr'><strong>alta</strong></span> <span class='ocrx_word' id='word_1_513' title='bbox 1024 289 1114 316; x_wconf 85' lang='lat' dir='ltr'><strong>radice</strong></span> <span class='ocrx_word' id='word_1_514' title='bbox 1133 288 1287 315; x_wconf 86' lang='lat' dir='ltr'><strong>demersum</strong></span> <span class='ocrx_word' id='word_1_515' title='bbox 1305 293 1362 321; x_wconf 88' lang='lat' dir='ltr'><strong>est,</strong></span> <span class='ocrx_word' id='word_1_516' title='bbox 1380 289 1482 315; x_wconf 87' lang='lat' dir='ltr'><strong>arescit</strong></span> <span class='ocrx_word' id='word_1_517' title='bbox 1504 295 1538 315; x_wconf 89' lang='lat' dir='ltr'><strong>ac</strong></span> <span class='ocrx_word' id='word_1_518' title='bbox 1554 289 1669 324; x_wconf 82' lang='lat' dir='ltr'><strong>deperit.</strong></span> 
     </span>
    </p>
   </div>
   <div class='ocr_carea' id='block_1_64' title="bbox 881 333 1671 368">
    <p class='ocr_par' dir='ltr' id='par_1_64' title="bbox 881 333 1671 368">
     <span class='ocr_line' id='line_1_64' title="bbox 881 333 1671 368; baseline -0.001 -7"><span class='ocrx_word' id='word_1_519' title='bbox 881 334 933 361; x_wconf 86' lang='lat' dir='ltr'><strong>Sed</strong></span> <span class='ocrx_word' id='word_1_520' title='bbox 947 334 1020 362; x_wconf 86' lang='lat' dir='ltr'><strong>hunc</strong></span> <span class='ocrx_word' id='word_1_521' title='bbox 1034 334 1161 361; x_wconf 88' lang='lat' dir='ltr'><strong>ardorem</strong></span> <span class='ocrx_word' id='word_1_522' title='bbox 1176 333 1292 360; x_wconf 86' lang='lat' dir='ltr'><strong>tenuiter</strong></span> <span class='ocrx_word' id='word_1_523' title='bbox 1302 333 1411 367; x_wconf 83' lang='lat' dir='ltr'><strong>quidem</strong></span> <span class='ocrx_word' id='word_1_524' title='bbox 1427 333 1494 368; x_wconf 77' lang='lat' dir='ltr'><strong>legis</strong></span> <span class='ocrx_word' id='word_1_525' title='bbox 1505 333 1601 360; x_wconf 80' lang='lat' dir='ltr'><strong>umbra</strong></span> <span class='ocrx_word' id='word_1_526' title='bbox 1614 341 1671 368; x_wconf 91' lang='lat' dir='ltr'><strong>pro-</strong></span> 
     </span>
    </p>
   </div>
   <div class='ocr_carea' id='block_1_65' title="bbox 880 379 1672 415">
    <p class='ocr_par' dir='ltr' id='par_1_65' title="bbox 880 379 1672 415">
     <span class='ocr_line' id='line_1_65' title="bbox 880 379 1672 415; baseline 0.001 -8"><span class='ocrx_word' id='word_1_527' title='bbox 880 380 954 415; x_wconf 82' lang='lat' dir='ltr'><strong>pellit</strong></span> <span class='ocrx_word' id='word_1_528' title='bbox 972 389 979 408; x_wconf 91' lang='lat'><strong>:</strong></span> <span class='ocrx_word' id='word_1_529' title='bbox 995 380 1098 408; x_wconf 87' lang='lat' dir='ltr'><strong>Christi</strong></span> <span class='ocrx_word' id='word_1_530' title='bbox 1114 387 1179 407; x_wconf 90' lang='lat' dir='ltr'><strong>vero</strong></span> <span class='ocrx_word' id='word_1_531' title='bbox 1192 379 1290 406; x_wconf 86' lang='lat' dir='ltr'><strong>umbra</strong></span> <span class='ocrx_word' id='word_1_532' title='bbox 1305 379 1332 405; x_wconf 92' lang='lat' dir='ltr'><strong>in</strong></span> <span class='ocrx_word' id='word_1_533' title='bbox 1344 387 1398 414; x_wconf 83' lang='lat' dir='ltr'><strong>qua</strong></span> <span class='ocrx_word' id='word_1_534' title='bbox 1414 387 1488 406; x_wconf 88' lang='lat' dir='ltr'><strong>nunc</strong></span> <span class='ocrx_word' id='word_1_535' title='bbox 1501 379 1528 406; x_wconf 86' lang='lat' dir='ltr'><strong>in</strong></span> <span class='ocrx_word' id='word_1_536' title='bbox 1545 379 1672 414; x_wconf 72' lang='lat' dir='ltr'><strong>gentibus</strong></span> 
     </span>
    </p>
   </div>
   <div class='ocr_carea' id='block_1_66' title="bbox 879 424 1672 460">
    <p class='ocr_par' dir='ltr' id='par_1_66' title="bbox 879 424 1672 460">
     <span class='ocr_line' id='line_1_66' title="bbox 879 424 1672 460; baseline 0 -7"><span class='ocrx_word' id='word_1_537' title='bbox 879 426 1008 459; x_wconf 83' lang='lat' dir='ltr'><strong>vivimus,</strong></span> <span class='ocrx_word' id='word_1_538' title='bbox 1021 425 1047 453; x_wconf 88' lang='lat' dir='ltr'><strong>id</strong></span> <span class='ocrx_word' id='word_1_539' title='bbox 1060 429 1102 453; x_wconf 86' lang='lat' dir='ltr'><strong>est</strong></span> <span class='ocrx_word' id='word_1_540' title='bbox 1115 424 1313 452; x_wconf 87' lang='lat' dir='ltr'><strong>incarnationis</strong></span> <span class='ocrx_word' id='word_1_541' title='bbox 1324 425 1384 459; x_wconf 82' lang='lat' dir='ltr'><strong>ejus</strong></span> <span class='ocrx_word' id='word_1_542' title='bbox 1398 425 1464 452; x_wconf 82' lang='lat' dir='ltr'><strong>tich</strong></span> <span class='ocrx_word' id='word_1_543' title='bbox 1473 444 1480 454; x_wconf 87' lang='lat'><strong>.</strong></span> <span class='ocrx_word' id='word_1_544' title='bbox 1503 429 1606 453; x_wconf 87' lang='lat' dir='ltr'><strong>avertet</strong></span> <span class='ocrx_word' id='word_1_545' title='bbox 1622 433 1672 460; x_wconf 85' lang='lat' dir='ltr'><strong>pe-</strong></span> 
     </span>
    </p>
   </div>
   <div class='ocr_carea' id='block_1_67' title="bbox 880 469 1671 505">
    <p class='ocr_par' dir='ltr' id='par_1_67' title="bbox 880 469 1671 505">
     <span class='ocr_line' id='line_1_67' title="bbox 880 469 1671 505; baseline 0.001 -7"><span class='ocrx_word' id='word_1_546' title='bbox 880 471 954 499; x_wconf 89' lang='lat' dir='ltr'><strong>nitus</strong></span> <span class='ocrx_word' id='word_1_547' title='bbox 972 476 999 498; x_wconf 86' lang='lat' dir='ltr'><strong>et</strong></span> <span class='ocrx_word' id='word_1_548' title='bbox 1026 470 1188 505; x_wconf 76' lang='lat' dir='ltr'><strong>exstinguet.</strong></span> <span class='ocrx_word' id='word_1_549' title='bbox 1208 469 1253 496; x_wconf 89' lang='lat' dir='ltr'><strong>llle</strong></span> <span class='ocrx_word' id='word_1_550' title='bbox 1268 469 1340 497; x_wconf 85' lang='lat' dir='ltr'><strong>enim</strong></span> <span class='ocrx_word' id='word_1_551' title='bbox 1363 470 1409 505; x_wconf 84' lang='lat' dir='ltr'><strong>qui</strong></span> <span class='ocrx_word' id='word_1_552' title='bbox 1426 471 1558 498; x_wconf 83' lang='lat' dir='ltr'><strong>adurebat</strong></span> <span class='ocrx_word' id='word_1_553' title='bbox 1575 472 1671 499; x_wconf 87' lang='lat' dir='ltr'><strong>ambu-</strong></span> 
     </span>
    </p>
   </div>
   <div class='ocr_carea' id='block_1_68' title="bbox 879 516 1670 551">
    <p class='ocr_par' dir='ltr' id='par_1_68' title="bbox 879 516 1670 551">
     <span class='ocr_line' id='line_1_68' title="bbox 879 516 1670 551; baseline -0.001 -7"><span class='ocrx_word' id='word_1_554' title='bbox 879 517 969 544; x_wconf 86' lang='lat' dir='ltr'><strong>lantes</strong></span> <span class='ocrx_word' id='word_1_555' title='bbox 983 516 1035 544; x_wconf 90' lang='lat' dir='ltr'><strong>sub</strong></span> <span class='ocrx_word' id='word_1_556' title='bbox 1051 516 1148 543; x_wconf 87' lang='lat' dir='ltr'><strong>utnbra</strong></span> <span class='ocrx_word' id='word_1_557' title='bbox 1166 516 1243 550; x_wconf 82' lang='lat' dir='ltr'><strong>legis,</strong></span> <span class='ocrx_word' id='word_1_558' title='bbox 1261 520 1384 550; x_wconf 90' lang='lat' dir='ltr'><strong>tempore</strong></span> <span class='ocrx_word' id='word_1_559' title='bbox 1400 516 1535 551; x_wconf 84' lang='lat' dir='ltr'><strong>passionis</strong></span> <span class='ocrx_word' id='word_1_560' title='bbox 1556 517 1670 551; x_wconf 78' lang='lat' dir='ltr'><strong>Christi,</strong></span> 
     </span>
    </p>
   </div>
   <div class='ocr_carea' id='block_1_69' title="bbox 878 560 1671 596">
    <p class='ocr_par' dir='ltr' id='par_1_69' title="bbox 878 560 1671 596">
     <span class='ocr_line' id='line_1_69' title="bbox 878 560 1671 596; baseline 0 -7"><span class='ocrx_word' id='word_1_561' title='bbox 878 562 950 590; x_wconf 87' lang='lat' dir='ltr'><strong>sicut</strong></span> <span class='ocrx_word' id='word_1_562' title='bbox 965 560 1056 596; x_wconf 85' lang='lat' dir='ltr'><strong>fulgur</strong></span> <span class='ocrx_word' id='word_1_563' title='bbox 1071 561 1147 588; x_wconf 87' lang='lat' dir='ltr'><strong>visus</strong></span> <span class='ocrx_word' id='word_1_564' title='bbox 1162 565 1204 588; x_wconf 80' lang='lat' dir='ltr'><strong>est</strong></span> <span class='ocrx_word' id='word_1_565' title='bbox 1222 560 1356 588; x_wconf 81' lang='lat' dir='ltr'><strong>cecidisse</strong></span> <span class='ocrx_word' id='word_1_566' title='bbox 1377 561 1411 588; x_wconf 89' lang='lat' dir='ltr'><strong>de</strong></span> <span class='ocrx_word' id='word_1_567' title='bbox 1432 561 1501 588; x_wconf 72' lang='lat' dir='ltr'><strong>c0310</strong></span> <span class='ocrx_word' id='word_1_568' title='bbox 1512 581 1520 594; x_wconf 88' lang='lat'><strong>,</strong></span> <span class='ocrx_word' id='word_1_569' title='bbox 1545 563 1671 596; x_wconf 83' lang='lat' dir='ltr'><strong>quamvis</strong></span> 
     </span>
    </p>
   </div>
   <div class='ocr_carea' id='block_1_70' title="bbox 877 605 1670 641">
    <p class='ocr_par' dir='ltr' id='par_1_70' title="bbox 877 605 1670 641">
     <span class='ocr_line' id='line_1_70' title="bbox 877 605 1670 641; baseline -0.001 -8"><span class='ocrx_word' id='word_1_570' title='bbox 877 607 959 634; x_wconf 85' lang='lat' dir='ltr'><strong>etiam</strong></span> <span class='ocrx_word' id='word_1_571' title='bbox 974 606 1034 641; x_wconf 86' lang='lat' dir='ltr'><strong>ejus</strong></span> <span class='ocrx_word' id='word_1_572' title='bbox 1047 605 1151 633; x_wconf 73' lang='lat' dir='ltr'><strong>umbra:</strong></span> <span class='ocrx_word' id='word_1_573' title='bbox 1165 610 1271 640; x_wconf 90' lang='lat' dir='ltr'><strong>tempus</strong></span> <span class='ocrx_word' id='word_1_574' title='bbox 1285 605 1311 632; x_wconf 93' lang='lat' dir='ltr'><strong>in</strong></span> <span class='ocrx_word' id='word_1_575' title='bbox 1324 605 1377 633; x_wconf 85' lang='lat' dir='ltr'><strong>line</strong></span> <span class='ocrx_word' id='word_1_576' title='bbox 1389 606 1670 641; x_wconf 66' lang='lat' dir='ltr'><strong>saeculi-compleatur,</strong></span> 
     </span>
    </p>
   </div>
   <div class='ocr_carea' id='block_1_71' title="bbox 877 651 1670 688">
    <p class='ocr_par' dir='ltr' id='par_1_71' title="bbox 877 651 1670 688">
     <span class='ocr_line' id='line_1_71' title="bbox 877 651 1670 688; baseline 0.001 -9"><span class='ocrx_word' id='word_1_577' title='bbox 877 653 953 688; x_wconf 88' lang='lat' dir='ltr'><strong>quia,</strong></span> <span class='ocrx_word' id='word_1_578' title='bbox 970 653 1043 680; x_wconf 87' lang='lat' dir='ltr'><strong>sicut</strong></span> <span class='ocrx_word' id='word_1_579' title='bbox 1057 651 1194 683; x_wconf 84' lang='lat' dir='ltr'><strong>diximus,</strong></span> <span class='ocrx_word' id='word_1_580' title='bbox 1216 656 1277 686; x_wconf 89' lang='lat' dir='ltr'><strong>post</strong></span> <span class='ocrx_word' id='word_1_581' title='bbox 1294 652 1560 679; x_wconf 89' lang='lat' dir='ltr'><strong>consummationem</strong></span> <span class='ocrx_word' id='word_1_582' title='bbox 1578 653 1670 680; x_wconf 65' lang='lat' dir='ltr'><strong>saeculi</strong></span> 
     </span>
    </p>
   </div>
   <div class='ocr_carea' id='block_1_72' title="bbox 875 696 1671 732">
    <p class='ocr_par' dir='ltr' id='par_1_72' title="bbox 875 696 1671 732">
     <span class='ocr_line' id='line_1_72' title="bbox 875 696 1671 732; baseline 0.003 -8"><span class='ocrx_word' id='word_1_583' title='bbox 875 697 932 732; x_wconf 90' lang='lat' dir='ltr'><strong>jam</strong></span> <span class='ocrx_word' id='word_1_584' title='bbox 948 705 1002 724; x_wconf 94' lang='lat' dir='ltr'><strong>non</strong></span> <span class='ocrx_word' id='word_1_585' title='bbox 1018 705 1066 732; x_wconf 88' lang='lat' dir='ltr'><strong>per</strong></span> <span class='ocrx_word' id='word_1_586' title='bbox 1081 697 1233 732; x_wconf 77' lang='lat' dir='ltr'><strong>speculum,</strong></span> <span class='ocrx_word' id='word_1_587' title='bbox 1249 704 1298 723; x_wconf 89' lang='lat' dir='ltr'><strong>nec</strong></span> <span class='ocrx_word' id='word_1_588' title='bbox 1310 696 1336 723; x_wconf 90' lang='lat' dir='ltr'><strong>in</strong></span> <span class='ocrx_word' id='word_1_589' title='bbox 1351 697 1494 732; x_wconf 65' lang='lat' dir='ltr'><strong>aenigmate</strong></span> <span class='ocrx_word' id='word_1_590' title='bbox 1506 717 1514 730; x_wconf 93' lang='lat'><strong>,</strong></span> <span class='ocrx_word' id='word_1_591' title='bbox 1532 698 1579 725; x_wconf 86' lang='lat' dir='ltr'><strong>sed</strong></span> <span class='ocrx_word' id='word_1_592' title='bbox 1600 697 1671 726; x_wconf 77' lang='lat' dir='ltr'><strong>facie</strong></span> 
     </span>
    </p>
   </div>
   <div class='ocr_carea' id='block_1_73' title="bbox 877 741 1669 778">
    <p class='ocr_par' dir='ltr' id='par_1_73' title="bbox 877 741 1669 778">
     <span class='ocr_line' id='line_1_73' title="bbox 877 741 1669 778; baseline 0.003 -10"><span class='ocrx_word' id='word_1_593' title='bbox 877 741 911 769; x_wconf 89' lang='lat' dir='ltr'><strong>ad</strong></span> <span class='ocrx_word' id='word_1_594' title='bbox 926 741 1023 769; x_wconf 75' lang='lat' dir='ltr'><strong>faciem</strong></span> <span class='ocrx_word' id='word_1_595' title='bbox 1039 741 1192 768; x_wconf 88' lang='lat' dir='ltr'><strong>videbimus</strong></span> <span class='ocrx_word' id='word_1_596' title='bbox 1208 741 1351 768; x_wconf 88' lang='lat' dir='ltr'><strong>veritatem</strong></span> <span class='ocrx_word' id='word_1_597' title='bbox 1371 744 1404 768; x_wconf 77' lang='grc' dir='ltr'><strong>η.</strong></span> <span class='ocrx_word' id='word_1_598' title='bbox 1423 742 1517 770; x_wconf 86' lang='lat' dir='ltr'><strong>Simile</strong></span> <span class='ocrx_word' id='word_1_599' title='bbox 1530 750 1590 770; x_wconf 89' lang='lat' dir='ltr'><strong>esse</strong></span> <span class='ocrx_word' id='word_1_600' title='bbox 1603 748 1669 778; x_wconf 90' lang='lat' dir='ltr'><strong>puto</strong></span> 
     </span>
    </p>
   </div>
   <div class='ocr_carea' id='block_1_74' title="bbox 877 787 1671 822">
    <p class='ocr_par' dir='ltr' id='par_1_74' title="bbox 877 787 1671 822">
     <span class='ocr_line' id='line_1_74' title="bbox 877 787 1671 822; baseline 0.001 -8"><span class='ocrx_word' id='word_1_601' title='bbox 877 792 903 815; x_wconf 91' lang='lat' dir='ltr'><strong>et</strong></span> <span class='ocrx_word' id='word_1_602' title='bbox 916 787 982 814; x_wconf 91' lang='lat' dir='ltr'><strong>illud</strong></span> <span class='ocrx_word' id='word_1_603' title='bbox 997 787 1070 822; x_wconf 91' lang='lat' dir='ltr'><strong>quod</strong></span> <span class='ocrx_word' id='word_1_604' title='bbox 1085 787 1216 821; x_wconf 83' lang='lat' dir='ltr'><strong>scriptum</strong></span> <span class='ocrx_word' id='word_1_605' title='bbox 1228 793 1270 814; x_wconf 89' lang='lat' dir='ltr'><strong>est</strong></span> <span class='ocrx_word' id='word_1_606' title='bbox 1288 795 1295 814; x_wconf 86' lang='lat'><strong>:</strong></span> <span class='ocrx_word' id='word_1_607' title='bbox 1314 787 1368 814; x_wconf 85' lang='lat' dir='ltr'><strong>Sub</strong></span> <span class='ocrx_word' id='word_1_608' title='bbox 1383 788 1476 815; x_wconf 77' lang='lat' dir='ltr'><strong>umbra</strong></span> <span class='ocrx_word' id='word_1_609' title='bbox 1489 789 1594 815; x_wconf 86' lang='lat' dir='ltr'><strong>alarum</strong></span> <span class='ocrx_word' id='word_1_610' title='bbox 1610 793 1671 815; x_wconf 83' lang='lat' dir='ltr'><strong>tua-</strong></span> 
     </span>
    </p>
   </div>
   <div class='ocr_carea' id='block_1_75' title="bbox 877 832 1672 868">
    <p class='ocr_par' dir='ltr' id='par_1_75' title="bbox 877 832 1672 868">
     <span class='ocr_line' id='line_1_75' title="bbox 877 832 1672 868; baseline 0.003 -9"><span class='ocrx_word' id='word_1_611' title='bbox 877 832 1086 860; x_wconf 66' lang='lat' dir='ltr'><strong>rumexsultaba</strong></span> <span class='ocrx_word' id='word_1_612' title='bbox 1106 833 1139 860; x_wconf 83' lang='lat'><strong>’°.</strong></span> <span class='ocrx_word' id='word_1_613' title='bbox 1161 832 1214 860; x_wconf 88' lang='lat' dir='ltr'><strong>Sed</strong></span> <span class='ocrx_word' id='word_1_614' title='bbox 1228 837 1256 860; x_wconf 91' lang='lat' dir='ltr'><strong>et</strong></span> <span class='ocrx_word' id='word_1_615' title='bbox 1278 833 1304 859; x_wconf 86' lang='lat' dir='ltr'><strong>in</strong></span> <span class='ocrx_word' id='word_1_616' title='bbox 1328 833 1505 868; x_wconf 87' lang='lat' dir='ltr'><strong>sequentibus</strong></span> <span class='ocrx_word' id='word_1_617' title='bbox 1528 833 1609 868; x_wconf 86' lang='lat' dir='ltr'><strong>hujus</strong></span> <span class='ocrx_word' id='word_1_618' title='bbox 1636 834 1672 861; x_wconf 87' lang='lat' dir='ltr'><strong>li-</strong></span> 
     </span>
    </p>
   </div>
   <div class='ocr_carea' id='block_1_76' title="bbox 843 869 1670 914">
    <p class='ocr_par' dir='ltr' id='par_1_76' title="bbox 843 869 1670 914">
     <span class='ocr_line' id='line_1_76' title="bbox 843 869 1670 914; baseline 0.001 -8"><span class='ocrx_word' id='word_1_619' title='bbox 843 869 863 896; x_wconf 76' lang='grc' dir='ltr'><strong>Β</strong></span> <span class='ocrx_word' id='word_1_620' title='bbox 877 879 939 906; x_wconf 88' lang='lat' dir='ltr'><strong>belli</strong></span> <span class='ocrx_word' id='word_1_621' title='bbox 955 879 991 906; x_wconf 90' lang='lat' dir='ltr'><strong>ita</strong></span> <span class='ocrx_word' id='word_1_622' title='bbox 1003 879 1068 906; x_wconf 84' lang='lat' dir='ltr'><strong>dicit</strong></span> <span class='ocrx_word' id='word_1_623' title='bbox 1080 886 1179 914; x_wconf 88' lang='lat' dir='ltr'><strong>sponsa</strong></span> <span class='ocrx_word' id='word_1_624' title='bbox 1197 888 1204 906; x_wconf 91' lang='lat'><strong>:</strong></span> <span class='ocrx_word' id='word_1_625' title='bbox 1229 877 1376 906; x_wconf 75' lang='lat' dir='ltr'><strong>Fratemus</strong></span> <span class='ocrx_word' id='word_1_626' title='bbox 1396 887 1468 906; x_wconf 77' lang='lat' dir='ltr'><strong>meus</strong></span> <span class='ocrx_word' id='word_1_627' title='bbox 1488 879 1562 911; x_wconf 83' lang='lat' dir='ltr'><strong>mihi,</strong></span> <span class='ocrx_word' id='word_1_628' title='bbox 1581 884 1605 906; x_wconf 76' lang='lat' dir='ltr'><strong>ct</strong></span> <span class='ocrx_word' id='word_1_629' title='bbox 1624 887 1670 914; x_wconf 76' lang='lat' dir='ltr'><strong>ego</strong></span> 
     </span>
    </p>
   </div>
   <div class='ocr_carea' id='block_1_77' title="bbox 877 925 1669 960">
    <p class='ocr_par' dir='ltr' id='par_1_77' title="bbox 877 925 1669 960">
     <span class='ocr_line' id='line_1_77' title="bbox 877 925 1669 960; baseline 0 -8"><span class='ocrx_word' id='word_1_630' title='bbox 877 925 919 952; x_wconf 83' lang='lat' dir='ltr'><strong>illi</strong></span> <span class='ocrx_word' id='word_1_631' title='bbox 934 925 994 960; x_wconf 81' lang='lat' dir='ltr'><strong>ipsi,</strong></span> <span class='ocrx_word' id='word_1_632' title='bbox 1011 925 1056 960; x_wconf 85' lang='lat' dir='ltr'><strong>qui</strong></span> <span class='ocrx_word' id='word_1_633' title='bbox 1072 926 1158 960; x_wconf 75' lang='lat' dir='ltr'><strong>pascit</strong></span> <span class='ocrx_word' id='word_1_634' title='bbox 1171 925 1239 952; x_wconf 82' lang='lat' dir='ltr'><strong>inter</strong></span> <span class='ocrx_word' id='word_1_635' title='bbox 1257 925 1317 952; x_wconf 84' lang='lat' dir='ltr'><strong>lilia</strong></span> <span class='ocrx_word' id='word_1_636' title='bbox 1332 925 1414 952; x_wconf 77' lang='lat' dir='ltr'><strong>donec</strong></span> <span class='ocrx_word' id='word_1_637' title='bbox 1433 925 1540 960; x_wconf 78' lang='lat' dir='ltr'><strong>respiret</strong></span> <span class='ocrx_word' id='word_1_638' title='bbox 1560 925 1631 957; x_wconf 72' lang='lat' dir='ltr'><strong>dies,</strong></span> <span class='ocrx_word' id='word_1_639' title='bbox 1644 931 1669 952; x_wconf 78' lang='lat' dir='ltr'><strong>et</strong></span> 
     </span>
    </p>
   </div>
   <div class='ocr_carea' id='block_1_78' title="bbox 877 970 1670 1006">
    <p class='ocr_par' dir='ltr' id='par_1_78' title="bbox 877 970 1670 1006">
     <span class='ocr_line' id='line_1_78' title="bbox 877 970 1670 1006; baseline 0.003 -9"><span class='ocrx_word' id='word_1_640' title='bbox 877 976 1049 998; x_wconf 81' lang='lat' dir='ltr'><strong>anteveantur</strong></span> <span class='ocrx_word' id='word_1_641' title='bbox 1059 970 1160 998; x_wconf 68' lang='lat' dir='ltr'><strong>umbra</strong></span> <span class='ocrx_word' id='word_1_642' title='bbox 1175 971 1209 1004; x_wconf 84' lang='lat'><strong>“,</strong></span> <span class='ocrx_word' id='word_1_643' title='bbox 1226 971 1344 999; x_wconf 87' lang='lat' dir='ltr'><strong>edocens</strong></span> <span class='ocrx_word' id='word_1_644' title='bbox 1357 979 1405 1006; x_wconf 87' lang='lat' dir='ltr'><strong>per</strong></span> <span class='ocrx_word' id='word_1_645' title='bbox 1428 971 1480 999; x_wconf 92' lang='lat' dir='ltr'><strong>hoc</strong></span> <span class='ocrx_word' id='word_1_646' title='bbox 1493 971 1566 1006; x_wconf 90' lang='lat' dir='ltr'><strong>quod</strong></span> <span class='ocrx_word' id='word_1_647' title='bbox 1580 972 1670 999; x_wconf 87' lang='lat' dir='ltr'><strong>veniet</strong></span> 
     </span>
    </p>
   </div>
   <div class='ocr_carea' id='block_1_79' title="bbox 878 1017 1669 1052">
    <p class='ocr_par' dir='ltr' id='par_1_79' title="bbox 878 1017 1669 1052">
     <span class='ocr_line' id='line_1_79' title="bbox 878 1017 1669 1052; baseline 0.001 -10"><span class='ocrx_word' id='word_1_648' title='bbox 878 1020 997 1050; x_wconf 87' lang='lat' dir='ltr'><strong>tempus,</strong></span> <span class='ocrx_word' id='word_1_649' title='bbox 1012 1024 1074 1043; x_wconf 91' lang='lat' dir='ltr'><strong>eum</strong></span> <span class='ocrx_word' id='word_1_650' title='bbox 1088 1024 1184 1044; x_wconf 91' lang='lat' dir='ltr'><strong>omnes</strong></span> <span class='ocrx_word' id='word_1_651' title='bbox 1201 1017 1306 1044; x_wconf 61' lang='lat' dir='ltr'><strong>umbra:</strong></span> <span class='ocrx_word' id='word_1_652' title='bbox 1322 1017 1552 1049; x_wconf 86' lang='lat' dir='ltr'><strong>removebuntur,</strong></span> <span class='ocrx_word' id='word_1_653' title='bbox 1579 1023 1605 1045; x_wconf 88' lang='lat' dir='ltr'><strong>et</strong></span> <span class='ocrx_word' id='word_1_654' title='bbox 1623 1026 1669 1052; x_wconf 87' lang='lat' dir='ltr'><strong>per</strong></span> 
     </span>
    </p>
   </div>
   <div class='ocr_carea' id='block_1_80' title="bbox 877 1061 1668 1097">
    <p class='ocr_par' dir='ltr' id='par_1_80' title="bbox 877 1061 1668 1097">
     <span class='ocr_line' id='line_1_80' title="bbox 877 1061 1668 1097; baseline 0.003 -9"><span class='ocrx_word' id='word_1_655' title='bbox 877 1061 1095 1088; x_wconf 86' lang='lat' dir='ltr'><strong>misericordiam</strong></span> <span class='ocrx_word' id='word_1_656' title='bbox 1116 1061 1163 1090; x_wconf 88' lang='lat' dir='ltr'><strong>Dei</strong></span> <span class='ocrx_word' id='word_1_657' title='bbox 1178 1063 1281 1097; x_wconf 88' lang='lat' dir='ltr'><strong>patebit</strong></span> <span class='ocrx_word' id='word_1_658' title='bbox 1291 1063 1392 1090; x_wconf 88' lang='lat' dir='ltr'><strong>veritas</strong></span> <span class='ocrx_word' id='word_1_659' title='bbox 1406 1063 1474 1090; x_wconf 87' lang='lat' dir='ltr'><strong>sola.</strong></span> <span class='ocrx_word' id='word_1_660' title='bbox 1488 1062 1541 1090; x_wconf 84' lang='lat' dir='ltr'><strong>Sed</strong></span> <span class='ocrx_word' id='word_1_661' title='bbox 1557 1067 1583 1090; x_wconf 91' lang='lat' dir='ltr'><strong>et</strong></span> <span class='ocrx_word' id='word_1_662' title='bbox 1595 1063 1668 1097; x_wconf 87' lang='lat' dir='ltr'><strong>quod</strong></span> 
     </span>
    </p>
   </div>
   <div class='ocr_carea' id='block_1_81' title="bbox 876 1106 1669 1143">
    <p class='ocr_par' dir='ltr' id='par_1_81' title="bbox 876 1106 1669 1143">
     <span class='ocr_line' id='line_1_81' title="bbox 876 1106 1669 1143; baseline 0.005 -10"><span class='ocrx_word' id='word_1_663' title='bbox 876 1107 914 1133; x_wconf 87' lang='lat' dir='ltr'><strong>ait</strong></span> <span class='ocrx_word' id='word_1_664' title='bbox 930 1116 936 1133; x_wconf 90' lang='lat'><strong>:</strong></span> <span class='ocrx_word' id='word_1_665' title='bbox 954 1106 989 1134; x_wconf 82' lang='lat' dir='ltr'><strong>Et</strong></span> <span class='ocrx_word' id='word_1_666' title='bbox 1003 1107 1105 1142; x_wconf 77' lang='lat' dir='ltr'><strong>fructus</strong></span> <span class='ocrx_word' id='word_1_667' title='bbox 1120 1108 1177 1142; x_wconf 85' lang='lat' dir='ltr'><strong>ejus</strong></span> <span class='ocrx_word' id='word_1_668' title='bbox 1199 1108 1286 1135; x_wconf 83' lang='lat' dir='ltr'><strong>dulcis</strong></span> <span class='ocrx_word' id='word_1_669' title='bbox 1300 1109 1328 1135; x_wconf 90' lang='lat' dir='ltr'><strong>in</strong></span> <span class='ocrx_word' id='word_1_670' title='bbox 1352 1109 1474 1143; x_wconf 78' lang='lat' dir='ltr'><strong>faucibus</strong></span> <span class='ocrx_word' id='word_1_671' title='bbox 1496 1109 1571 1142; x_wconf 80' lang='lat' dir='ltr'><strong>meis,</strong></span> <span class='ocrx_word' id='word_1_672' title='bbox 1595 1108 1669 1137; x_wconf 79' lang='lat' dir='ltr'><strong>illius</strong></span> 
     </span>
    </p>
   </div>
   <div class='ocr_carea' id='block_1_82' title="bbox 875 1153 1668 1189">
    <p class='ocr_par' dir='ltr' id='par_1_82' title="bbox 875 1153 1668 1189">
     <span class='ocr_line' id='line_1_82' title="bbox 875 1153 1668 1189; baseline 0.001 -9"><span class='ocrx_word' id='word_1_673' title='bbox 875 1154 996 1180; x_wconf 89' lang='lat' dir='ltr'><strong>animam</strong></span> <span class='ocrx_word' id='word_1_674' title='bbox 1016 1153 1069 1181; x_wconf 89' lang='lat' dir='ltr'><strong>hoc</strong></span> <span class='ocrx_word' id='word_1_675' title='bbox 1086 1154 1169 1181; x_wconf 83' lang='lat' dir='ltr'><strong>credo</strong></span> <span class='ocrx_word' id='word_1_676' title='bbox 1192 1154 1301 1187; x_wconf 87' lang='lat' dir='ltr'><strong>dicere,</strong></span> <span class='ocrx_word' id='word_1_677' title='bbox 1317 1162 1379 1189; x_wconf 80' lang='lat' dir='ltr'><strong>qua:</strong></span> <span class='ocrx_word' id='word_1_678' title='bbox 1399 1154 1466 1181; x_wconf 92' lang='lat' dir='ltr'><strong>nihil</strong></span> <span class='ocrx_word' id='word_1_679' title='bbox 1491 1160 1646 1181; x_wconf 87' lang='lat' dir='ltr'><strong>emortuum</strong></span> <span class='ocrx_word' id='word_1_680' title='bbox 1660 1174 1668 1187; x_wconf 89' lang='lat'><strong>,</strong></span> 
     </span>
    </p>
   </div>
   <div class='ocr_carea' id='block_1_83' title="bbox 875 1199 1663 1232">
    <p class='ocr_par' dir='ltr' id='par_1_83' title="bbox 875 1199 1663 1232">
     <span class='ocr_line' id='line_1_83' title="bbox 875 1199 1663 1232; baseline 0 -6"><span class='ocrx_word' id='word_1_681' title='bbox 875 1199 943 1227; x_wconf 90' lang='lat' dir='ltr'><strong>nihil</strong></span> <span class='ocrx_word' id='word_1_682' title='bbox 955 1199 1112 1227; x_wconf 88' lang='lat' dir='ltr'><strong>insensibile</strong></span> <span class='ocrx_word' id='word_1_683' title='bbox 1127 1199 1209 1227; x_wconf 84' lang='lat' dir='ltr'><strong>habet</strong></span> <span class='ocrx_word' id='word_1_684' title='bbox 1221 1200 1247 1227; x_wconf 92' lang='lat' dir='ltr'><strong>in</strong></span> <span class='ocrx_word' id='word_1_685' title='bbox 1267 1200 1393 1228; x_wconf 80' lang='lat' dir='ltr'><strong>faucibus</strong></span> <span class='ocrx_word' id='word_1_686' title='bbox 1408 1201 1477 1232; x_wconf 89' lang='lat' dir='ltr'><strong>suis,</strong></span> <span class='ocrx_word' id='word_1_687' title='bbox 1493 1204 1520 1227; x_wconf 88' lang='lat' dir='ltr'><strong>et</strong></span> <span class='ocrx_word' id='word_1_688' title='bbox 1537 1201 1564 1227; x_wconf 91' lang='lat' dir='ltr'><strong>in</strong></span> <span class='ocrx_word' id='word_1_689' title='bbox 1587 1200 1663 1227; x_wconf 89' lang='lat' dir='ltr'><strong>nullo</strong></span> 
     </span>
    </p>
   </div>
   <div class='ocr_carea' id='block_1_84' title="bbox 873 1245 1669 1281">
    <p class='ocr_par' dir='ltr' id='par_1_84' title="bbox 873 1245 1669 1281">
     <span class='ocr_line' id='line_1_84' title="bbox 873 1245 1669 1281; baseline 0.001 -10"><span class='ocrx_word' id='word_1_690' title='bbox 873 1251 988 1280; x_wconf 85' lang='lat' dir='ltr'><strong>prorsus</strong></span> <span class='ocrx_word' id='word_1_691' title='bbox 1000 1245 1098 1272; x_wconf 88' lang='lat' dir='ltr'><strong>similis</strong></span> <span class='ocrx_word' id='word_1_692' title='bbox 1114 1249 1157 1272; x_wconf 84' lang='lat' dir='ltr'><strong>est</strong></span> <span class='ocrx_word' id='word_1_693' title='bbox 1171 1245 1225 1272; x_wconf 89' lang='lat' dir='ltr'><strong>illis</strong></span> <span class='ocrx_word' id='word_1_694' title='bbox 1241 1245 1274 1272; x_wconf 91' lang='lat' dir='ltr'><strong>de</strong></span> <span class='ocrx_word' id='word_1_695' title='bbox 1297 1246 1397 1281; x_wconf 88' lang='lat' dir='ltr'><strong>quibus</strong></span> <span class='ocrx_word' id='word_1_696' title='bbox 1421 1245 1520 1273; x_wconf 90' lang='lat' dir='ltr'><strong>dicitur</strong></span> <span class='ocrx_word' id='word_1_697' title='bbox 1543 1254 1551 1272; x_wconf 73' lang='grc' dir='ltr'><strong>ι</strong></span> <span class='ocrx_word' id='word_1_698' title='bbox 1570 1245 1669 1280; x_wconf 77' lang='lat' dir='ltr'><strong>Sepul-</strong></span> 
     </span>
    </p>
   </div>
   <div class='ocr_carea' id='block_1_85' title="bbox 874 1290 1666 1326">
    <p class='ocr_par' dir='ltr' id='par_1_85' title="bbox 874 1290 1666 1326">
     <span class='ocr_line' id='line_1_85' title="bbox 874 1290 1666 1326; baseline 0 -9"><span class='ocrx_word' id='word_1_699' title='bbox 874 1298 948 1318; x_wconf 85' lang='lat' dir='ltr'><strong>crum</strong></span> <span class='ocrx_word' id='word_1_700' title='bbox 970 1295 1062 1325; x_wconf 73' lang='lat' dir='ltr'><strong>patcm</strong></span> <span class='ocrx_word' id='word_1_701' title='bbox 1083 1295 1121 1317; x_wconf 87' lang='lat' dir='ltr'><strong>est</strong></span> <span class='ocrx_word' id='word_1_702' title='bbox 1145 1296 1236 1326; x_wconf 85' lang='lat' dir='ltr'><strong>guttur</strong></span> <span class='ocrx_word' id='word_1_703' title='bbox 1248 1299 1339 1318; x_wconf 83' lang='lat' dir='ltr'><strong>eorum</strong></span> <span class='ocrx_word' id='word_1_704' title='bbox 1356 1293 1390 1317; x_wconf 81' lang='lat'><strong>&quot;.</strong></span> <span class='ocrx_word' id='word_1_705' title='bbox 1410 1290 1573 1325; x_wconf 84' lang='lat' dir='ltr'><strong>Quicunque</strong></span> <span class='ocrx_word' id='word_1_706' title='bbox 1593 1291 1666 1318; x_wconf 81' lang='lat' dir='ltr'><strong>enini</strong></span> 
     </span>
    </p>
   </div>
   <div class='ocr_carea' id='block_1_86' title="bbox 874 1335 1666 1371">
    <p class='ocr_par' dir='ltr' id='par_1_86' title="bbox 874 1335 1666 1371">
     <span class='ocr_line' id='line_1_86' title="bbox 874 1335 1666 1371; baseline -0.005 -6"><span class='ocrx_word' id='word_1_707' title='bbox 874 1338 957 1366; x_wconf 70' lang='lat' dir='ltr'><strong>verba</strong></span> <span class='ocrx_word' id='word_1_708' title='bbox 974 1337 1072 1365; x_wconf 83' lang='lat' dir='ltr'><strong>mortis</strong></span> <span class='ocrx_word' id='word_1_709' title='bbox 1087 1340 1114 1364; x_wconf 92' lang='lat' dir='ltr'><strong>et</strong></span> <span class='ocrx_word' id='word_1_710' title='bbox 1128 1337 1255 1364; x_wconf 88' lang='lat' dir='ltr'><strong>interitus</strong></span> <span class='ocrx_word' id='word_1_711' title='bbox 1268 1337 1302 1364; x_wconf 88' lang='lat' dir='ltr'><strong>de</strong></span> <span class='ocrx_word' id='word_1_712' title='bbox 1315 1336 1440 1364; x_wconf 85' lang='lat' dir='ltr'><strong>faucibus</strong></span> <span class='ocrx_word' id='word_1_713' title='bbox 1457 1335 1612 1371; x_wconf 88' lang='lat' dir='ltr'><strong>proferunt,</strong></span> <span class='ocrx_word' id='word_1_714' title='bbox 1626 1336 1666 1370; x_wconf 88' lang='lat' dir='ltr'><strong>ip-</strong></span> 
     </span>
    </p>
   </div>
   <div class='ocr_carea' id='block_1_87' title="bbox 875 1382 1666 1418">
    <p class='ocr_par' dir='ltr' id='par_1_87' title="bbox 875 1382 1666 1418">
     <span class='ocr_line' id='line_1_87' title="bbox 875 1382 1666 1418; baseline -0.001 -7"><span class='ocrx_word' id='word_1_715' title='bbox 875 1390 970 1411; x_wconf 90' lang='lat' dir='ltr'><strong>sorum</strong></span> <span class='ocrx_word' id='word_1_716' title='bbox 987 1382 1081 1411; x_wconf 83' lang='lat' dir='ltr'><strong>fauces</strong></span> <span class='ocrx_word' id='word_1_717' title='bbox 1095 1383 1220 1418; x_wconf 87' lang='lat' dir='ltr'><strong>sepulcra</strong></span> <span class='ocrx_word' id='word_1_718' title='bbox 1231 1382 1361 1410; x_wconf 89' lang='lat' dir='ltr'><strong>dicuntur</strong></span> <span class='ocrx_word' id='word_1_719' title='bbox 1375 1392 1382 1410; x_wconf 91' lang='lat'><strong>:</strong></span> <span class='ocrx_word' id='word_1_720' title='bbox 1404 1382 1475 1410; x_wconf 87' lang='lat' dir='ltr'><strong>sicut</strong></span> <span class='ocrx_word' id='word_1_721' title='bbox 1488 1387 1553 1410; x_wconf 90' lang='lat' dir='ltr'><strong>sunt</strong></span> <span class='ocrx_word' id='word_1_722' title='bbox 1569 1389 1666 1410; x_wconf 75' lang='lat' dir='ltr'><strong>omnes</strong></span> 
     </span>
    </p>
   </div>
   <div class='ocr_carea' id='block_1_88' title="bbox 875 1427 1666 1463">
    <p class='ocr_par' dir='ltr' id='par_1_88' title="bbox 875 1427 1666 1463">
     <span class='ocr_line' id='line_1_88' title="bbox 875 1427 1666 1463; baseline -0.001 -7"><span class='ocrx_word' id='word_1_723' title='bbox 875 1428 922 1463; x_wconf 86' lang='lat' dir='ltr'><strong>qui</strong></span> <span class='ocrx_word' id='word_1_724' title='bbox 939 1429 981 1456; x_wconf 91' lang='lat' dir='ltr'><strong>vel</strong></span> <span class='ocrx_word' id='word_1_725' title='bbox 1000 1433 1096 1456; x_wconf 87' lang='lat' dir='ltr'><strong>contra</strong></span> <span class='ocrx_word' id='word_1_726' title='bbox 1113 1435 1206 1456; x_wconf 77' lang='lat' dir='ltr'><strong>veram</strong></span> <span class='ocrx_word' id='word_1_727' title='bbox 1220 1428 1299 1455; x_wconf 83' lang='lat' dir='ltr'><strong>ﬁdem</strong></span> <span class='ocrx_word' id='word_1_728' title='bbox 1316 1428 1465 1462; x_wconf 90' lang='lat' dir='ltr'><strong>loquuntur</strong></span> <span class='ocrx_word' id='word_1_729' title='bbox 1476 1448 1484 1462; x_wconf 88' lang='lat'><strong>,</strong></span> <span class='ocrx_word' id='word_1_730' title='bbox 1507 1427 1549 1454; x_wconf 87' lang='lat' dir='ltr'><strong>vel</strong></span> <span class='ocrx_word' id='word_1_731' title='bbox 1569 1432 1666 1455; x_wconf 89' lang='lat' dir='ltr'><strong>contra</strong></span> 
     </span>
    </p>
   </div>
   <div class='ocr_carea' id='block_1_89' title="bbox 874 1472 1666 1509">
    <p class='ocr_par' dir='ltr' id='par_1_89' title="bbox 874 1472 1666 1509">
     <span class='ocr_line' id='line_1_89' title="bbox 874 1472 1666 1509; baseline -0.001 -8"><span class='ocrx_word' id='word_1_732' title='bbox 874 1473 1045 1509; x_wconf 82' lang='lat' dir='ltr'><strong>disciplinam</strong></span> <span class='ocrx_word' id='word_1_733' title='bbox 1060 1474 1204 1507; x_wconf 85' lang='lat' dir='ltr'><strong>castitatis,</strong></span> <span class='ocrx_word' id='word_1_734' title='bbox 1220 1478 1246 1501; x_wconf 89' lang='lat' dir='ltr'><strong>et</strong></span> <span class='ocrx_word' id='word_1_735' title='bbox 1257 1473 1381 1508; x_wconf 72' lang='lat' dir='ltr'><strong>iustitiae,</strong></span> <span class='ocrx_word' id='word_1_736' title='bbox 1402 1477 1428 1501; x_wconf 93' lang='lat' dir='ltr'><strong>et</strong></span> <span class='ocrx_word' id='word_1_737' title='bbox 1440 1473 1594 1500; x_wconf 82' lang='lat' dir='ltr'><strong>sobrietatis</strong></span> <span class='ocrx_word' id='word_1_738' title='bbox 1617 1472 1666 1500; x_wconf 86' lang='lat' dir='ltr'><strong>ali-</strong></span> 
     </span>
    </p>
   </div>
   <div class='ocr_carea' id='block_1_90' title="bbox 873 1518 1666 1555">
    <p class='ocr_par' dir='ltr' id='par_1_90' title="bbox 873 1518 1666 1555">
     <span class='ocr_line' id='line_1_90' title="bbox 873 1518 1666 1555; baseline -0.003 -8"><span class='ocrx_word' id='word_1_739' title='bbox 873 1519 939 1555; x_wconf 90' lang='lat' dir='ltr'><strong>quid</strong></span> <span class='ocrx_word' id='word_1_740' title='bbox 951 1519 1104 1554; x_wconf 89' lang='lat' dir='ltr'><strong>proferunt.</strong></span> <span class='ocrx_word' id='word_1_741' title='bbox 1116 1519 1168 1554; x_wconf 90' lang='lat' dir='ltr'><strong>Ipsi</strong></span> <span class='ocrx_word' id='word_1_742' title='bbox 1182 1526 1248 1555; x_wconf 76' lang='lat' dir='ltr'><strong>ergo</strong></span> <span class='ocrx_word' id='word_1_743' title='bbox 1262 1525 1327 1547; x_wconf 88' lang='lat' dir='ltr'><strong>sunt</strong></span> <span class='ocrx_word' id='word_1_744' title='bbox 1337 1526 1455 1554; x_wconf 92' lang='lat' dir='ltr'><strong>quorum</strong></span> <span class='ocrx_word' id='word_1_745' title='bbox 1468 1518 1561 1546; x_wconf 83' lang='lat' dir='ltr'><strong>fauces</strong></span> <span class='ocrx_word' id='word_1_746' title='bbox 1573 1518 1666 1553; x_wconf 81' lang='lat' dir='ltr'><strong>sepul-</strong></span> 
     </span>
    </p>
   </div>
   <div class='ocr_carea' id='block_1_91' title="bbox 872 1564 1666 1599">
    <p class='ocr_par' dir='ltr' id='par_1_91' title="bbox 872 1564 1666 1599">
     <span class='ocr_line' id='line_1_91' title="bbox 872 1564 1666 1599; baseline -0.003 -6"><span class='ocrx_word' id='word_1_747' title='bbox 872 1573 919 1593; x_wconf 87' lang='lat' dir='ltr'><strong>cra</strong></span> <span class='ocrx_word' id='word_1_748' title='bbox 934 1570 998 1594; x_wconf 88' lang='lat' dir='ltr'><strong>sunt</strong></span> <span class='ocrx_word' id='word_1_749' title='bbox 1014 1569 1042 1593; x_wconf 90' lang='lat' dir='ltr'><strong>et</strong></span> <span class='ocrx_word' id='word_1_750' title='bbox 1055 1566 1115 1594; x_wconf 87' lang='lat' dir='ltr'><strong>loca</strong></span> <span class='ocrx_word' id='word_1_751' title='bbox 1131 1565 1238 1598; x_wconf 84' lang='lat' dir='ltr'><strong>mortis,</strong></span> <span class='ocrx_word' id='word_1_752' title='bbox 1261 1565 1333 1592; x_wconf 86' lang='lat' dir='ltr'><strong>unde</strong></span> <span class='ocrx_word' id='word_1_753' title='bbox 1354 1565 1450 1593; x_wconf 86' lang='lat' dir='ltr'><strong>mortis</strong></span> <span class='ocrx_word' id='word_1_754' title='bbox 1468 1565 1550 1592; x_wconf 86' lang='lat' dir='ltr'><strong>verba</strong></span> <span class='ocrx_word' id='word_1_755' title='bbox 1573 1564 1666 1599; x_wconf 83' lang='lat' dir='ltr'><strong>profe-</strong></span> 
     </span>
    </p>
   </div>
   <div class='ocr_carea' id='block_1_92' title="bbox 873 1611 1664 1645">
    <p class='ocr_par' dir='ltr' id='par_1_92' title="bbox 873 1611 1664 1645">
     <span class='ocr_line' id='line_1_92' title="bbox 873 1611 1664 1645; baseline -0.001 -6"><span class='ocrx_word' id='word_1_756' title='bbox 873 1616 982 1639; x_wconf 72' lang='lat' dir='ltr'><strong>runtur.</strong></span> <span class='ocrx_word' id='word_1_757' title='bbox 999 1611 1098 1640; x_wconf 81' lang='lat' dir='ltr'><strong>Justus</strong></span> <span class='ocrx_word' id='word_1_758' title='bbox 1113 1617 1204 1640; x_wconf 75' lang='lat' dir='ltr'><strong>autem</strong></span> <span class='ocrx_word' id='word_1_759' title='bbox 1219 1611 1285 1639; x_wconf 80' lang='lat' dir='ltr'><strong>dicit</strong></span> <span class='ocrx_word' id='word_1_760' title='bbox 1310 1618 1316 1636; x_wconf 92' lang='lat'><strong>:</strong></span> <span class='ocrx_word' id='word_1_761' title='bbox 1334 1611 1422 1644; x_wconf 74' lang='lat' dir='ltr'><strong>Quam</strong></span> <span class='ocrx_word' id='word_1_762' title='bbox 1439 1611 1530 1638; x_wconf 79' lang='lat' dir='ltr'><strong>dulcia</strong></span> <span class='ocrx_word' id='word_1_763' title='bbox 1543 1611 1664 1645; x_wconf 77' lang='lat' dir='ltr'><strong>faucibus</strong></span> 
     </span>
    </p>
   </div>
   <div class='ocr_carea' id='block_1_93' title="bbox 870 1657 1665 1693">
    <p class='ocr_par' dir='ltr' id='par_1_93' title="bbox 870 1657 1665 1693">
     <span class='ocr_line' id='line_1_93' title="bbox 870 1657 1665 1693; baseline -0.001 -9"><span class='ocrx_word' id='word_1_764' title='bbox 870 1658 934 1685; x_wconf 80' lang='lat' dir='ltr'><strong>meis</strong></span> <span class='ocrx_word' id='word_1_765' title='bbox 945 1658 1049 1693; x_wconf 82' lang='lat' dir='ltr'><strong>eloquia</strong></span> <span class='ocrx_word' id='word_1_766' title='bbox 1060 1664 1106 1685; x_wconf 84' lang='lat' dir='ltr'><strong>tua</strong></span> <span class='ocrx_word' id='word_1_767' title='bbox 1118 1659 1142 1674; x_wconf 84' lang='lat'>&quot;</span> <span class='ocrx_word' id='word_1_768' title='bbox 1154 1659 1160 1685; x_wconf 79' lang='grc' dir='ltr'><strong>ι</strong></span> <span class='ocrx_word' id='word_1_769' title='bbox 1181 1657 1215 1685; x_wconf 86' lang='grc' dir='ltr'><strong>Ει</strong></span> <span class='ocrx_word' id='word_1_770' title='bbox 1225 1658 1297 1685; x_wconf 87' lang='lat' dir='ltr'><strong>alius</strong></span> <span class='ocrx_word' id='word_1_771' title='bbox 1309 1658 1356 1693; x_wconf 88' lang='lat' dir='ltr'><strong>qui</strong></span> <span class='ocrx_word' id='word_1_772' title='bbox 1371 1657 1454 1685; x_wconf 84' lang='lat' dir='ltr'><strong>verba</strong></span> <span class='ocrx_word' id='word_1_773' title='bbox 1465 1659 1527 1685; x_wconf 69' lang='lat' dir='ltr'><strong>vitae</strong></span> <span class='ocrx_word' id='word_1_774' title='bbox 1539 1657 1665 1691; x_wconf 84' lang='lat' dir='ltr'><strong>docebat,</strong></span> 
     </span>
    </p>
   </div>
   <div class='ocr_carea' id='block_1_94' title="bbox 870 1702 1666 1738">
    <p class='ocr_par' dir='ltr' id='par_1_94' title="bbox 870 1702 1666 1738">
     <span class='ocr_line' id='line_1_94' title="bbox 870 1702 1666 1738; baseline -0.003 -7"><span class='ocrx_word' id='word_1_775' title='bbox 870 1703 907 1730; x_wconf 78' lang='lat' dir='ltr'><strong>ita</strong></span> <span class='ocrx_word' id='word_1_776' title='bbox 921 1703 988 1731; x_wconf 88' lang='lat' dir='ltr'><strong>dicit</strong></span> <span class='ocrx_word' id='word_1_777' title='bbox 1003 1713 1010 1731; x_wconf 87' lang='lat'><strong>:</strong></span> <span class='ocrx_word' id='word_1_778' title='bbox 1027 1703 1063 1731; x_wconf 84' lang='lat' dir='ltr'><strong>0s</strong></span> <span class='ocrx_word' id='word_1_779' title='bbox 1075 1710 1194 1731; x_wconf 81' lang='lat' dir='ltr'><strong>nostrum</strong></span> <span class='ocrx_word' id='word_1_780' title='bbox 1207 1708 1278 1738; x_wconf 78' lang='lat' dir='ltr'><strong>patet</strong></span> <span class='ocrx_word' id='word_1_781' title='bbox 1298 1703 1333 1730; x_wconf 82' lang='lat' dir='ltr'><strong>ad</strong></span> <span class='ocrx_word' id='word_1_782' title='bbox 1351 1711 1405 1735; x_wconf 76' lang='lat' dir='ltr'><strong>vos,</strong></span> <span class='ocrx_word' id='word_1_783' title='bbox 1420 1711 1435 1730; x_wconf 84' lang='grc' dir='ltr'><strong><em>ο</em></strong></span> <span class='ocrx_word' id='word_1_784' title='bbox 1453 1702 1603 1736; x_wconf 77' lang='lat' dir='ltr'><strong>Corinthii,</strong></span> <span class='ocrx_word' id='word_1_785' title='bbox 1621 1711 1666 1730; x_wconf 82' lang='lat' dir='ltr'><strong>cor</strong></span> 
     </span>
    </p>
   </div>
   <div class='ocr_carea' id='block_1_95' title="bbox 871 1748 1663 1784">
    <p class='ocr_par' dir='ltr' id='par_1_95' title="bbox 871 1748 1663 1784">
     <span class='ocr_line' id='line_1_95' title="bbox 871 1748 1663 1784; baseline 0.001 -8"><span class='ocrx_word' id='word_1_786' title='bbox 871 1754 994 1776; x_wconf 78' lang='lat' dir='ltr'><strong>nostrum</strong></span> <span class='ocrx_word' id='word_1_787' title='bbox 1006 1749 1149 1777; x_wconf 77' lang='lat' dir='ltr'><strong>dilatatam</strong></span> <span class='ocrx_word' id='word_1_788' title='bbox 1163 1754 1201 1777; x_wconf 76' lang='lat' dir='ltr'><strong>est</strong></span> <span class='ocrx_word' id='word_1_789' title='bbox 1215 1749 1248 1778; x_wconf 74' lang='lat'><strong>“.</strong></span> <span class='ocrx_word' id='word_1_790' title='bbox 1262 1749 1314 1776; x_wconf 87' lang='lat' dir='ltr'><strong>Sed</strong></span> <span class='ocrx_word' id='word_1_791' title='bbox 1329 1753 1354 1776; x_wconf 90' lang='lat' dir='ltr'><strong>et</strong></span> <span class='ocrx_word' id='word_1_792' title='bbox 1369 1749 1439 1776; x_wconf 89' lang='lat' dir='ltr'><strong>alius</strong></span> <span class='ocrx_word' id='word_1_793' title='bbox 1454 1749 1500 1784; x_wconf 88' lang='lat' dir='ltr'><strong>qui</strong></span> <span class='ocrx_word' id='word_1_794' title='bbox 1518 1749 1601 1776; x_wconf 81' lang='lat' dir='ltr'><strong>verbo</strong></span> <span class='ocrx_word' id='word_1_795' title='bbox 1616 1748 1663 1777; x_wconf 87' lang='lat' dir='ltr'><strong>Dei</strong></span> 
     </span>
    </p>
   </div>
   <div class='ocr_carea' id='block_1_96' title="bbox 872 1795 1664 1832">
    <p class='ocr_par' dir='ltr' id='par_1_96' title="bbox 872 1795 1664 1832">
     <span class='ocr_line' id='line_1_96' title="bbox 872 1795 1664 1832; baseline -0.001 -10"><span class='ocrx_word' id='word_1_796' title='bbox 872 1796 980 1831; x_wconf 89' lang='lat' dir='ltr'><strong>aperuit</strong></span> <span class='ocrx_word' id='word_1_797' title='bbox 995 1804 1027 1824; x_wconf 90' lang='lat' dir='ltr'><strong>os</strong></span> <span class='ocrx_word' id='word_1_798' title='bbox 1038 1804 1129 1829; x_wconf 89' lang='lat' dir='ltr'><strong>suum,</strong></span> <span class='ocrx_word' id='word_1_799' title='bbox 1147 1797 1236 1832; x_wconf 89' lang='lat' dir='ltr'><strong>inquit</strong></span> <span class='ocrx_word' id='word_1_800' title='bbox 1252 1805 1258 1824; x_wconf 90' lang='lat'>:</span> <span class='ocrx_word' id='word_1_801' title='bbox 1272 1795 1309 1824; x_wconf 81' lang='lat' dir='ltr'><strong>0s</strong></span> <span class='ocrx_word' id='word_1_802' title='bbox 1326 1804 1411 1823; x_wconf 86' lang='lat' dir='ltr'><strong>meum</strong></span> <span class='ocrx_word' id='word_1_803' title='bbox 1422 1795 1514 1831; x_wconf 76' lang='lat' dir='ltr'><strong>aperui</strong></span> <span class='ocrx_word' id='word_1_804' title='bbox 1526 1800 1550 1823; x_wconf 83' lang='lat' dir='ltr'><strong>et</strong></span> <span class='ocrx_word' id='word_1_805' title='bbox 1562 1795 1664 1822; x_wconf 68' lang='lat' dir='ltr'><strong>attraxi</strong></span> 
     </span>
    </p>
   </div>
   <div class='ocr_carea' id='block_1_97' title="bbox 871 1842 1040 1876">
    <p class='ocr_par' dir='ltr' id='par_1_97' title="bbox 871 1842 1040 1876">
     <span class='ocr_line' id='line_1_97' title="bbox 871 1842 1040 1876; baseline -0.006 -6"><span class='ocrx_word' id='word_1_806' title='bbox 871 1842 995 1876; x_wconf 81' lang='lat' dir='ltr'><strong>spiritum</strong></span> <span class='ocrx_word' id='word_1_807' title='bbox 1007 1842 1040 1869; x_wconf 84' lang='lat'><strong>&quot;.</strong></span> 
     </span>
    </p>
   </div>
   <div class='ocr_carea' id='block_1_98' title="bbox 905 1887 1660 1923">
    <p class='ocr_par' dir='ltr' id='par_1_98' title="bbox 905 1887 1660 1923">
     <span class='ocr_line' id='line_1_98' title="bbox 905 1887 1660 1923; baseline 0.003 -9"><span class='ocrx_word' id='word_1_808' title='bbox 905 1887 981 1916; x_wconf 85' lang='lat' dir='ltr'><strong>Vers.</strong></span> <span class='ocrx_word' id='word_1_809' title='bbox 1002 1888 1029 1915; x_wconf 73' lang='grc' dir='ltr'><strong>ι.</strong></span> <span class='ocrx_word' id='word_1_810' title='bbox 1051 1887 1215 1915; x_wconf 82' lang='lat' dir='ltr'><strong>Introducite</strong></span> <span class='ocrx_word' id='word_1_811' title='bbox 1229 1895 1268 1914; x_wconf 88' lang='lat' dir='ltr'><strong>me</strong></span> <span class='ocrx_word' id='word_1_812' title='bbox 1289 1887 1316 1914; x_wconf 85' lang='lat' dir='ltr'><strong>in</strong></span> <span class='ocrx_word' id='word_1_813' title='bbox 1329 1888 1437 1915; x_wconf 80' lang='lat' dir='ltr'><strong>domum</strong></span> <span class='ocrx_word' id='word_1_814' title='bbox 1457 1888 1521 1915; x_wconf 80' lang='lat' dir='ltr'><strong>vini.</strong></span> <span class='ocrx_word' id='word_1_815' title='bbox 1547 1888 1660 1923; x_wconf 70' lang='lat' dir='ltr'><strong>Sponsae</strong></span> 
     </span>
    </p>
   </div>
   <div class='ocr_carea' id='block_1_99' title="bbox 871 1933 1662 1969">
    <p class='ocr_par' dir='ltr' id='par_1_99' title="bbox 871 1933 1662 1969">
     <span class='ocr_line' id='line_1_99' title="bbox 871 1933 1662 1969; baseline -0.001 -7"><span class='ocrx_word' id='word_1_816' title='bbox 871 1934 954 1962; x_wconf 88' lang='lat' dir='ltr'><strong>verba</strong></span> <span class='ocrx_word' id='word_1_817' title='bbox 969 1933 1027 1969; x_wconf 81' lang='lat'><strong>(66)</strong></span> <span class='ocrx_word' id='word_1_818' title='bbox 1039 1933 1129 1960; x_wconf 90' lang='lat' dir='ltr'><strong>adhuc</strong></span> <span class='ocrx_word' id='word_1_819' title='bbox 1141 1937 1215 1964; x_wconf 85' lang='lat' dir='ltr'><strong>sunt,</strong></span> <span class='ocrx_word' id='word_1_820' title='bbox 1230 1933 1278 1960; x_wconf 89' lang='lat' dir='ltr'><strong>sed</strong></span> <span class='ocrx_word' id='word_1_821' title='bbox 1297 1933 1330 1960; x_wconf 85' lang='lat' dir='ltr'><strong>ad</strong></span> <span class='ocrx_word' id='word_1_822' title='bbox 1349 1934 1453 1961; x_wconf 89' lang='lat' dir='ltr'><strong>amicos</strong></span> <span class='ocrx_word' id='word_1_823' title='bbox 1469 1938 1496 1960; x_wconf 90' lang='lat' dir='ltr'><strong>et</strong></span> <span class='ocrx_word' id='word_1_824' title='bbox 1514 1933 1662 1962; x_wconf 86' lang='lat' dir='ltr'><strong>familiares</strong></span> 
     </span>
    </p>
   </div>
   <div class='ocr_carea' id='block_1_100' title="bbox 870 1978 1664 2014">
    <p class='ocr_par' dir='ltr' id='par_1_100' title="bbox 870 1978 1664 2014">
     <span class='ocr_line' id='line_1_100' title="bbox 870 1978 1664 2014; baseline 0.001 -8"><span class='ocrx_word' id='word_1_825' title='bbox 870 1979 976 2014; x_wconf 86' lang='lat' dir='ltr'><strong>sponsi,</strong></span> <span class='ocrx_word' id='word_1_826' title='bbox 992 1983 1023 2006; x_wconf 90' lang='lat' dir='ltr'><strong>ut</strong></span> <span class='ocrx_word' id='word_1_827' title='bbox 1034 1979 1164 2012; x_wconf 86' lang='lat' dir='ltr'><strong>arbitror,</strong></span> <span class='ocrx_word' id='word_1_828' title='bbox 1183 1978 1340 2013; x_wconf 77' lang='lat' dir='ltr'><strong>diriguntur</strong></span> <span class='ocrx_word' id='word_1_829' title='bbox 1365 1987 1373 2005; x_wconf 86' lang='lat'><strong>:</strong></span> <span class='ocrx_word' id='word_1_830' title='bbox 1395 1986 1410 2005; x_wconf 93' lang='lat' dir='ltr'><strong>a</strong></span> <span class='ocrx_word' id='word_1_831' title='bbox 1434 1978 1535 2013; x_wconf 78' lang='lat' dir='ltr'><strong>quibus</strong></span> <span class='ocrx_word' id='word_1_832' title='bbox 1557 1979 1664 2007; x_wconf 86' lang='lat' dir='ltr'><strong>videtur</strong></span> 
     </span>
    </p>
   </div>
   <div class='ocr_carea' id='block_1_101' title="bbox 870 2023 1663 2060">
    <p class='ocr_par' dir='ltr' id='par_1_101' title="bbox 870 2023 1663 2060">
     <span class='ocr_line' id='line_1_101' title="bbox 870 2023 1663 2060; baseline 0 -8"><span class='ocrx_word' id='word_1_833' title='bbox 870 2032 1029 2060; x_wconf 77' lang='lat' dir='ltr'><strong>exposcere,</strong></span> <span class='ocrx_word' id='word_1_834' title='bbox 1046 2029 1075 2051; x_wconf 93' lang='lat' dir='ltr'><strong>ut</strong></span> <span class='ocrx_word' id='word_1_835' title='bbox 1090 2024 1264 2051; x_wconf 88' lang='lat' dir='ltr'><strong>introducant</strong></span> <span class='ocrx_word' id='word_1_836' title='bbox 1279 2031 1339 2050; x_wconf 88' lang='lat' dir='ltr'><strong>eam</strong></span> <span class='ocrx_word' id='word_1_837' title='bbox 1358 2023 1385 2050; x_wconf 91' lang='lat' dir='ltr'><strong>in</strong></span> <span class='ocrx_word' id='word_1_838' title='bbox 1412 2023 1525 2051; x_wconf 88' lang='lat' dir='ltr'><strong>domum</strong></span> <span class='ocrx_word' id='word_1_839' title='bbox 1549 2024 1663 2058; x_wconf 60' lang='lat' dir='ltr'><strong>laetitia),</strong></span> 
     </span>
    </p>
   </div>
   <div class='ocr_carea' id='block_1_102' title="bbox 869 2068 1663 2104">
    <p class='ocr_par' dir='ltr' id='par_1_102' title="bbox 869 2068 1663 2104">
     <span class='ocr_line' id='line_1_102' title="bbox 869 2068 1663 2104; baseline 0 -6"><span class='ocrx_word' id='word_1_840' title='bbox 869 2071 915 2098; x_wconf 90' lang='lat' dir='ltr'><strong>ubi</strong></span> <span class='ocrx_word' id='word_1_841' title='bbox 929 2070 1022 2097; x_wconf 91' lang='lat' dir='ltr'><strong>vinum</strong></span> <span class='ocrx_word' id='word_1_842' title='bbox 1032 2069 1133 2097; x_wconf 90' lang='lat' dir='ltr'><strong>bibitur</strong></span> <span class='ocrx_word' id='word_1_843' title='bbox 1148 2073 1175 2097; x_wconf 87' lang='lat' dir='ltr'><strong>et</strong></span> <span class='ocrx_word' id='word_1_844' title='bbox 1188 2069 1277 2104; x_wconf 79' lang='lat' dir='ltr'><strong>epula:</strong></span> <span class='ocrx_word' id='word_1_845' title='bbox 1291 2074 1432 2104; x_wconf 86' lang='lat' dir='ltr'><strong>parantur.</strong></span> <span class='ocrx_word' id='word_1_846' title='bbox 1447 2068 1514 2102; x_wconf 58' lang='lat' dir='ltr'><strong>Quae</strong></span> <span class='ocrx_word' id='word_1_847' title='bbox 1527 2070 1663 2104; x_wconf 89' lang='lat' dir='ltr'><strong>enimjam</strong></span> 
     </span>
    </p>
   </div>
   <div class='ocr_carea' id='block_1_103' title="bbox 868 2115 1664 2150">
    <p class='ocr_par' dir='ltr' id='par_1_103' title="bbox 868 2115 1664 2150">
     <span class='ocr_line' id='line_1_103' title="bbox 868 2115 1664 2150; baseline 0.001 -7"><span class='ocrx_word' id='word_1_848' title='bbox 868 2116 975 2144; x_wconf 87' lang='lat' dir='ltr'><strong>viderat</strong></span> <span class='ocrx_word' id='word_1_849' title='bbox 991 2115 1149 2143; x_wconf 86' lang='lat' dir='ltr'><strong>cubiculum</strong></span> <span class='ocrx_word' id='word_1_850' title='bbox 1174 2116 1298 2150; x_wconf 72' lang='lat' dir='ltr'><strong>regium,</strong></span> <span class='ocrx_word' id='word_1_851' title='bbox 1319 2115 1456 2142; x_wconf 87' lang='lat' dir='ltr'><strong>desiderat</strong></span> <span class='ocrx_word' id='word_1_852' title='bbox 1483 2115 1565 2142; x_wconf 86' lang='lat' dir='ltr'><strong>etiam</strong></span> <span class='ocrx_word' id='word_1_853' title='bbox 1591 2123 1664 2144; x_wconf 85' lang='lat' dir='ltr'><strong>nunc</strong></span> 
     </span>
    </p>
   </div>
   <div class='ocr_carea' id='block_1_104' title="bbox 869 2160 1663 2198">
    <p class='ocr_par' dir='ltr' id='par_1_104' title="bbox 869 2160 1663 2198">
     <span class='ocr_line' id='line_1_104' title="bbox 869 2160 1663 2198; baseline 0 -8"><span class='ocrx_word' id='word_1_854' title='bbox 869 2163 959 2198; x_wconf 78' lang='lat' dir='ltr'><strong>regale</strong></span> <span class='ocrx_word' id='word_1_855' title='bbox 975 2163 1088 2190; x_wconf 90' lang='lat' dir='ltr'><strong>introire</strong></span> <span class='ocrx_word' id='word_1_856' title='bbox 1101 2161 1255 2190; x_wconf 85' lang='lat' dir='ltr'><strong>convivium</strong></span> <span class='ocrx_word' id='word_1_857' title='bbox 1269 2166 1296 2189; x_wconf 92' lang='lat' dir='ltr'><strong>et</strong></span> <span class='ocrx_word' id='word_1_858' title='bbox 1310 2161 1363 2188; x_wconf 88' lang='lat' dir='ltr'><strong>frui</strong></span> <span class='ocrx_word' id='word_1_859' title='bbox 1376 2161 1440 2188; x_wconf 91' lang='lat' dir='ltr'><strong>vino</strong></span> <span class='ocrx_word' id='word_1_860' title='bbox 1451 2161 1559 2189; x_wconf 68' lang='lat' dir='ltr'><strong>lietitiae.</strong></span> <span class='ocrx_word' id='word_1_861' title='bbox 1575 2160 1663 2196; x_wconf 84' lang='lat' dir='ltr'><strong>Supra</strong></span> 
     </span>
    </p>
   </div>
   <div class='ocr_carea' id='block_1_105' title="bbox 830 2208 1663 2245">
    <p class='ocr_par' dir='ltr' id='par_1_105' title="bbox 830 2208 1663 2245">
     <span class='ocr_line' id='line_1_105' title="bbox 830 2208 1663 2245; baseline 0 -9"><span class='ocrx_word' id='word_1_862' title='bbox 830 2213 852 2240; x_wconf 87' lang='lat' dir='ltr'><strong>D</strong></span> <span class='ocrx_word' id='word_1_863' title='bbox 864 2210 920 2245; x_wconf 89' lang='lat' dir='ltr'><strong>jam</strong></span> <span class='ocrx_word' id='word_1_864' title='bbox 937 2209 1057 2236; x_wconf 80' lang='lat' dir='ltr'><strong>diximus</strong></span> <span class='ocrx_word' id='word_1_865' title='bbox 1071 2208 1174 2235; x_wconf 86' lang='lat' dir='ltr'><strong>amicos</strong></span> <span class='ocrx_word' id='word_1_866' title='bbox 1187 2208 1292 2243; x_wconf 84' lang='lat' dir='ltr'><strong>sponsi,</strong></span> <span class='ocrx_word' id='word_1_867' title='bbox 1310 2208 1456 2243; x_wconf 87' lang='lat' dir='ltr'><strong>prophetas</strong></span> <span class='ocrx_word' id='word_1_868' title='bbox 1469 2212 1496 2236; x_wconf 87' lang='lat' dir='ltr'><strong>et</strong></span> <span class='ocrx_word' id='word_1_869' title='bbox 1506 2216 1601 2237; x_wconf 89' lang='lat' dir='ltr'><strong>omnes</strong></span> <span class='ocrx_word' id='word_1_870' title='bbox 1615 2209 1663 2244; x_wconf 87' lang='lat' dir='ltr'><strong>qui</strong></span> 
     </span>
    </p>
   </div>
   <div class='ocr_carea' id='block_1_106' title="bbox 869 2253 1662 2286">
    <p class='ocr_par' dir='ltr' id='par_1_106' title="bbox 869 2253 1662 2286">
     <span class='ocr_line' id='line_1_106' title="bbox 869 2253 1662 2286; baseline -0.001 -4"><span class='ocrx_word' id='word_1_871' title='bbox 869 2255 1095 2282; x_wconf 86' lang='lat' dir='ltr'><strong>ministravcrunt</strong></span> <span class='ocrx_word' id='word_1_872' title='bbox 1109 2254 1222 2281; x_wconf 90' lang='lat' dir='ltr'><strong>verbum</strong></span> <span class='ocrx_word' id='word_1_873' title='bbox 1238 2253 1296 2286; x_wconf 83' lang='lat' dir='ltr'><strong>Dei,</strong></span> <span class='ocrx_word' id='word_1_874' title='bbox 1314 2253 1349 2280; x_wconf 88' lang='lat' dir='ltr'><strong>ab</strong></span> <span class='ocrx_word' id='word_1_875' title='bbox 1363 2254 1441 2281; x_wconf 88' lang='lat' dir='ltr'><strong>initio</strong></span> <span class='ocrx_word' id='word_1_876' title='bbox 1452 2254 1544 2281; x_wconf 66' lang='lat' dir='ltr'><strong>saeculi</strong></span> <span class='ocrx_word' id='word_1_877' title='bbox 1562 2254 1662 2282; x_wconf 90' lang='lat' dir='ltr'><strong>intelli-</strong></span> 
     </span>
    </p>
   </div>
   <div class='ocr_carea' id='block_1_107' title="bbox 871 2297 1663 2335">
    <p class='ocr_par' dir='ltr' id='par_1_107' title="bbox 871 2297 1663 2335">
     <span class='ocr_line' id='line_1_107' title="bbox 871 2297 1663 2335; baseline -0.003 -8"><span class='ocrx_word' id='word_1_878' title='bbox 871 2300 985 2335; x_wconf 80' lang='lat' dir='ltr'><strong>gendos,</strong></span> <span class='ocrx_word' id='word_1_879' title='bbox 1001 2299 1033 2326; x_wconf 79' lang='lat' dir='ltr'><strong>ad</strong></span> <span class='ocrx_word' id='word_1_880' title='bbox 1051 2307 1120 2334; x_wconf 89' lang='lat' dir='ltr'><strong>quos</strong></span> <span class='ocrx_word' id='word_1_881' title='bbox 1134 2303 1207 2326; x_wconf 87' lang='lat' dir='ltr'><strong>recte</strong></span> <span class='ocrx_word' id='word_1_882' title='bbox 1223 2298 1265 2325; x_wconf 81' lang='lat' dir='ltr'><strong>vel</strong></span> <span class='ocrx_word' id='word_1_883' title='bbox 1279 2297 1402 2326; x_wconf 83' lang='lat' dir='ltr'><strong>Ecclesia</strong></span> <span class='ocrx_word' id='word_1_884' title='bbox 1414 2298 1526 2331; x_wconf 87' lang='lat' dir='ltr'><strong>Christi,</strong></span> <span class='ocrx_word' id='word_1_885' title='bbox 1543 2299 1585 2326; x_wconf 82' lang='lat' dir='ltr'><strong>vel</strong></span> <span class='ocrx_word' id='word_1_886' title='bbox 1602 2299 1663 2326; x_wconf 87' lang='lat' dir='ltr'><strong>ani-</strong></span> 
     </span>
    </p>
   </div>
   <div class='ocr_carea' id='block_1_108' title="bbox 872 2344 1660 2372">
    <p class='ocr_par' dir='ltr' id='par_1_108' title="bbox 872 2344 1660 2372">
     <span class='ocr_line' id='line_1_108' title="bbox 872 2344 1660 2372; baseline 0 0"><span class='ocrx_word' id='word_1_887' title='bbox 872 2353 916 2372; x_wconf 93' lang='lat' dir='ltr'><strong>ma</strong></span> <span class='ocrx_word' id='word_1_888' title='bbox 934 2345 1018 2372; x_wconf 89' lang='lat' dir='ltr'><strong>verbo</strong></span> <span class='ocrx_word' id='word_1_889' title='bbox 1032 2344 1078 2372; x_wconf 87' lang='lat' dir='ltr'><strong>Dei</strong></span> <span class='ocrx_word' id='word_1_890' title='bbox 1093 2344 1234 2372; x_wconf 64' lang='lat' dir='ltr'><strong>adhaerens</strong></span> <span class='ocrx_word' id='word_1_891' title='bbox 1249 2344 1323 2371; x_wconf 89' lang='lat' dir='ltr'><strong>dicat</strong></span> <span class='ocrx_word' id='word_1_892' title='bbox 1344 2348 1374 2371; x_wconf 93' lang='lat' dir='ltr'><strong>ut</strong></span> <span class='ocrx_word' id='word_1_893' title='bbox 1386 2351 1418 2372; x_wconf 88' lang='lat' dir='ltr'><strong>se</strong></span> <span class='ocrx_word' id='word_1_894' title='bbox 1439 2344 1614 2372; x_wconf 85' lang='lat' dir='ltr'><strong>introducant</strong></span> <span class='ocrx_word' id='word_1_895' title='bbox 1633 2345 1660 2372; x_wconf 90' lang='lat' dir='ltr'><strong>iu</strong></span> 
     </span>
    </p>
   </div>
   <div class='ocr_carea' id='block_1_109' title="bbox 869 2382 1661 2424">
    <p class='ocr_par' dir='ltr' id='par_1_109' title="bbox 869 2382 1661 2424">
     <span class='ocr_line' id='line_1_109' title="bbox 869 2382 1661 2424; baseline 0 -6"><span class='ocrx_word' id='word_1_896' title='bbox 869 2391 980 2418; x_wconf 91' lang='lat' dir='ltr'><strong>domum</strong></span> <span class='ocrx_word' id='word_1_897' title='bbox 1003 2382 1120 2424; x_wconf 37' lang='lat' dir='ltr'><strong>vini,&#39;id</strong></span> <span class='ocrx_word' id='word_1_898' title='bbox 1143 2394 1195 2424; x_wconf 85' lang='lat' dir='ltr'><strong>est,</strong></span> <span class='ocrx_word' id='word_1_899' title='bbox 1217 2390 1262 2418; x_wconf 92' lang='lat' dir='ltr'><strong>ubi</strong></span> <span class='ocrx_word' id='word_1_900' title='bbox 1282 2390 1415 2424; x_wconf 82' lang='lat' dir='ltr'><strong>sapientia</strong></span> <span class='ocrx_word' id='word_1_901' title='bbox 1443 2391 1553 2419; x_wconf 91' lang='lat' dir='ltr'><strong>miscuit</strong></span> <span class='ocrx_word' id='word_1_902' title='bbox 1564 2392 1591 2418; x_wconf 92' lang='lat' dir='ltr'><strong>in</strong></span> <span class='ocrx_word' id='word_1_903' title='bbox 1602 2400 1661 2420; x_wconf 87' lang='lat' dir='ltr'><strong>cra-</strong></span> 
     </span>
    </p>
   </div>
   <div class='ocr_carea' id='block_1_110' title="bbox 869 2436 1661 2471">
    <p class='ocr_par' dir='ltr' id='par_1_110' title="bbox 869 2436 1661 2471">
     <span class='ocr_line' id='line_1_110' title="bbox 869 2436 1661 2471; baseline 0.001 -7"><span class='ocrx_word' id='word_1_904' title='bbox 869 2440 926 2465; x_wconf 91' lang='lat' dir='ltr'><strong>tere</strong></span> <span class='ocrx_word' id='word_1_905' title='bbox 945 2437 1039 2464; x_wconf 88' lang='lat' dir='ltr'><strong>vinum</strong></span> <span class='ocrx_word' id='word_1_906' title='bbox 1053 2439 1131 2464; x_wconf 82' lang='lat' dir='ltr'><strong>sltuui</strong></span> <span class='ocrx_word' id='word_1_907' title='bbox 1144 2457 1152 2470; x_wconf 93' lang='lat'><strong>,</strong></span> <span class='ocrx_word' id='word_1_908' title='bbox 1174 2441 1202 2463; x_wconf 83' lang='lat' dir='ltr'><strong>et</strong></span> <span class='ocrx_word' id='word_1_909' title='bbox 1227 2436 1388 2471; x_wconf 84' lang='lat' dir='ltr'><strong>deprecatur</strong></span> <span class='ocrx_word' id='word_1_910' title='bbox 1405 2444 1454 2471; x_wconf 89' lang='lat' dir='ltr'><strong>per</strong></span> <span class='ocrx_word' id='word_1_911' title='bbox 1479 2445 1572 2465; x_wconf 89' lang='lat' dir='ltr'><strong>servos</strong></span> <span class='ocrx_word' id='word_1_912' title='bbox 1595 2445 1661 2466; x_wconf 87' lang='lat' dir='ltr'><strong>suos</strong></span> 
     </span>
    </p>
   </div>
   <div class='ocr_carea' id='block_1_111' title="bbox 867 2482 1660 2517">
    <p class='ocr_par' dir='ltr' id='par_1_111' title="bbox 867 2482 1660 2517">
     <span class='ocr_line' id='line_1_111' title="bbox 867 2482 1660 2517; baseline 0.003 -9"><span class='ocrx_word' id='word_1_913' title='bbox 867 2489 975 2509; x_wconf 89' lang='lat' dir='ltr'><strong>omnem</strong></span> <span class='ocrx_word' id='word_1_914' title='bbox 993 2482 1164 2517; x_wconf 84' lang='lat' dir='ltr'><strong>insipientem</strong></span> <span class='ocrx_word' id='word_1_915' title='bbox 1179 2486 1206 2509; x_wconf 88' lang='lat' dir='ltr'><strong>et</strong></span> <span class='ocrx_word' id='word_1_916' title='bbox 1222 2486 1345 2517; x_wconf 83' lang='lat' dir='ltr'><strong>egentem</strong></span> <span class='ocrx_word' id='word_1_917' title='bbox 1364 2489 1458 2516; x_wconf 86' lang='lat' dir='ltr'><strong>sensu,</strong></span> <span class='ocrx_word' id='word_1_918' title='bbox 1473 2482 1567 2510; x_wconf 83' lang='lat' dir='ltr'><strong>dicens</strong></span> <span class='ocrx_word' id='word_1_919' title='bbox 1584 2492 1592 2510; x_wconf 83' lang='lat'><strong>:</strong></span> <span class='ocrx_word' id='word_1_920' title='bbox 1612 2482 1660 2510; x_wconf 74' lang='lat' dir='ltr'><strong>Ve-</strong></span> 
     </span>
    </p>
   </div>
   <div class='ocr_carea' id='block_1_112' title="bbox 866 2528 1660 2563">
    <p class='ocr_par' dir='ltr' id='par_1_112' title="bbox 866 2528 1660 2563">
     <span class='ocr_line' id='line_1_112' title="bbox 866 2528 1660 2563; baseline 0.003 -9"><span class='ocrx_word' id='word_1_921' title='bbox 866 2529 929 2560; x_wconf 84' lang='lat' dir='ltr'><strong>nite,</strong></span> <span class='ocrx_word' id='word_1_922' title='bbox 943 2528 1100 2556; x_wconf 81' lang='lat' dir='ltr'><strong>niunducate</strong></span> <span class='ocrx_word' id='word_1_923' title='bbox 1108 2536 1188 2563; x_wconf 85' lang='lat' dir='ltr'><strong>panes</strong></span> <span class='ocrx_word' id='word_1_924' title='bbox 1201 2536 1280 2559; x_wconf 84' lang='lat' dir='ltr'><strong>meos,</strong></span> <span class='ocrx_word' id='word_1_925' title='bbox 1294 2532 1319 2555; x_wconf 84' lang='lat' dir='ltr'><strong>et</strong></span> <span class='ocrx_word' id='word_1_926' title='bbox 1334 2528 1413 2554; x_wconf 81' lang='lat' dir='ltr'><strong>bibite</strong></span> <span class='ocrx_word' id='word_1_927' title='bbox 1427 2528 1514 2554; x_wconf 83' lang='lat' dir='ltr'><strong>uinum</strong></span> <span class='ocrx_word' id='word_1_928' title='bbox 1524 2528 1593 2563; x_wconf 84' lang='lat' dir='ltr'><strong>quod</strong></span> <span class='ocrx_word' id='word_1_929' title='bbox 1609 2529 1660 2556; x_wconf 87' lang='lat' dir='ltr'><strong>mi-</strong></span> 
     </span>
    </p>
   </div>
   <div class='ocr_carea' id='block_1_113' title="bbox 827 2605 1657 2644">
    <p class='ocr_par' dir='ltr' id='par_1_113' title="bbox 827 2605 1657 2644">
     <span class='ocr_line' id='line_1_113' title="bbox 827 2605 1657 2644; baseline -0.001 -8"><span class='ocrx_word' id='word_1_930' title='bbox 827 2609 836 2636; x_wconf 97' lang='lat' dir='ltr'><strong>l</strong></span> <span class='ocrx_word' id='word_1_931' title='bbox 851 2610 914 2637; x_wconf 89' lang='lat' dir='ltr'><strong>Cor.</strong></span> <span class='ocrx_word' id='word_1_932' title='bbox 932 2619 992 2644; x_wconf 78' lang='lat' dir='ltr'><strong>xui,</strong></span> <span class='ocrx_word' id='word_1_933' title='bbox 1011 2610 1055 2638; x_wconf 71' lang='lat' dir='ltr'><strong>l2.</strong></span> <span class='ocrx_word' id='word_1_934' title='bbox 1106 2611 1129 2627; x_wconf 84' lang='lat'><strong>‘°</strong></span> <span class='ocrx_word' id='word_1_935' title='bbox 1142 2610 1215 2638; x_wconf 84' lang='lat' dir='ltr'><strong>Psal.</strong></span> <span class='ocrx_word' id='word_1_936' title='bbox 1232 2612 1296 2643; x_wconf 72' lang='lat' dir='ltr'><strong>iLvn,</strong></span> <span class='ocrx_word' id='word_1_937' title='bbox 1308 2609 1336 2637; x_wconf 73' lang='lat'><strong>2.</strong></span> <span class='ocrx_word' id='word_1_938' title='bbox 1375 2608 1396 2624; x_wconf 85' lang='lat'>&quot;</span> <span class='ocrx_word' id='word_1_939' title='bbox 1413 2607 1491 2635; x_wconf 87' lang='lat' dir='ltr'><strong>Cant.</strong></span> <span class='ocrx_word' id='word_1_940' title='bbox 1508 2615 1537 2639; x_wconf 86' lang='lat' dir='ltr'><strong>Il,</strong></span> <span class='ocrx_word' id='word_1_941' title='bbox 1555 2605 1597 2641; x_wconf 83' lang='lat' dir='ltr'><strong>l6,</strong></span> <span class='ocrx_word' id='word_1_942' title='bbox 1615 2606 1657 2644; x_wconf 82' lang='lat' dir='ltr'><strong>l7_.</strong></span> 
     </span>
    </p>
   </div>
   <div class='ocr_carea' id='block_1_114' title="bbox 849 2642 1648 2679">
    <p class='ocr_par' dir='ltr' id='par_1_114' title="bbox 849 2642 1648 2679">
     <span class='ocr_line' id='line_1_114' title="bbox 849 2642 1648 2679; baseline 0.009 -7"><span class='ocrx_word' id='word_1_943' title='bbox 849 2646 871 2661; x_wconf 86' lang='lat'><strong>&quot;</strong></span> <span class='ocrx_word' id='word_1_944' title='bbox 890 2645 961 2673; x_wconf 84' lang='lat' dir='ltr'><strong>Psal.</strong></span> <span class='ocrx_word' id='word_1_945' title='bbox 970 2642 1113 2679; x_wconf 64' lang='lat' dir='ltr'><strong>cavtlt,l3l</strong></span> <span class='ocrx_word' id='word_1_946' title='bbox 1120 2667 1126 2674; x_wconf 94' lang='lat'><strong>.</strong></span> <span class='ocrx_word' id='word_1_947' title='bbox 1641 2642 1648 2656; x_wconf 80' lang='grc'><strong>’</strong></span> 
     </span>
    </p>
   </div>
   <div class='ocr_carea' id='block_1_115' title="bbox 863 2723 1660 2762">
    <p class='ocr_par' dir='ltr' id='par_1_115' title="bbox 863 2723 1660 2762">
     <span class='ocr_line' id='line_1_115' title="bbox 863 2723 1660 2762; baseline -0.003 -7"><span class='ocrx_word' id='word_1_948' title='bbox 863 2726 1023 2762; x_wconf 78' lang='grc' dir='ltr'><strong>,ράσατέμε</strong></span> <span class='ocrx_word' id='word_1_949' title='bbox 1033 2726 1073 2759; x_wconf 86' lang='grc' dir='ltr'><strong>τῷ</strong></span> <span class='ocrx_word' id='word_1_950' title='bbox 1085 2727 1197 2762; x_wconf 55' lang='lat' dir='ltr'><strong>admitti</strong></span> <span class='ocrx_word' id='word_1_951' title='bbox 1206 2726 1259 2753; x_wconf 86' lang='grc' dir='ltr'><strong>τοῦ</strong></span> <span class='ocrx_word' id='word_1_952' title='bbox 1266 2725 1404 2762; x_wconf 65' lang='grc' dir='ltr'><strong>Χριστοῦῖ</strong></span> <span class='ocrx_word' id='word_1_953' title='bbox 1420 2734 1429 2749; x_wconf 84' lang='grc'><strong><em>‹</em></strong></span> <span class='ocrx_word' id='word_1_954' title='bbox 1446 2723 1609 2762; x_wconf 75' lang='lat' dir='ltr'><strong>Introducite</strong></span> <span class='ocrx_word' id='word_1_955' title='bbox 1619 2732 1660 2753; x_wconf 72' lang='lat' dir='ltr'><strong>me</strong></span> 
     </span>
    </p>
   </div>
   <div class='ocr_carea' id='block_1_116' title="bbox 866 2759 1658 2793">
    <p class='ocr_par' dir='ltr' id='par_1_116' title="bbox 866 2759 1658 2793">
     <span class='ocr_line' id='line_1_116' title="bbox 866 2759 1658 2793; baseline -0.003 -5"><span class='ocrx_word' id='word_1_956' title='bbox 866 2759 892 2788; x_wconf 84' lang='lat' dir='ltr'><strong>in</strong></span> <span class='ocrx_word' id='word_1_957' title='bbox 906 2759 1012 2788; x_wconf 68' lang='lat' dir='ltr'><strong>domum</strong></span> <span class='ocrx_word' id='word_1_958' title='bbox 1024 2762 1086 2789; x_wconf 82' lang='lat' dir='ltr'><strong>niui.</strong></span> <span class='ocrx_word' id='word_1_959' title='bbox 1110 2759 1208 2788; x_wconf 51' lang='lat' dir='ltr'><strong>i&#39;llazc</strong></span> <span class='ocrx_word' id='word_1_960' title='bbox 1219 2759 1334 2787; x_wconf 33' lang='lat' dir='ltr'><strong>dicit&#39;ad</strong></span> <span class='ocrx_word' id='word_1_961' title='bbox 1349 2761 1447 2786; x_wconf 76' lang='lat' dir='ltr'><strong>amicos</strong></span> <span class='ocrx_word' id='word_1_962' title='bbox 1463 2759 1572 2793; x_wconf 78' lang='lat' dir='ltr'><strong>sponsi,</strong></span> <span class='ocrx_word' id='word_1_963' title='bbox 1593 2767 1658 2786; x_wconf 75' lang='lat' dir='ltr'><strong>stm-</strong></span> 
     </span>
    </p>
   </div>
   <div class='ocr_carea' id='block_1_117' title="bbox 865 2795 1655 2832">
    <p class='ocr_par' dir='ltr' id='par_1_117' title="bbox 865 2795 1655 2832">
     <span class='ocr_line' id='line_1_117' title="bbox 865 2795 1655 2832; baseline -0.003 -10"><span class='ocrx_word' id='word_1_964' title='bbox 865 2802 920 2823; x_wconf 78' lang='lat' dir='ltr'><strong>clos</strong></span> <span class='ocrx_word' id='word_1_965' title='bbox 932 2796 1048 2832; x_wconf 75' lang='lat' dir='ltr'><strong>angelos.</strong></span> <span class='ocrx_word' id='word_1_966' title='bbox 1065 2797 1104 2823; x_wconf 80' lang='lat' dir='ltr'><strong>rel</strong></span> <span class='ocrx_word' id='word_1_967' title='bbox 1120 2796 1252 2830; x_wconf 83' lang='lat' dir='ltr'><strong>apostolos</strong></span> <span class='ocrx_word' id='word_1_968' title='bbox 1277 2801 1301 2822; x_wconf 86' lang='lat' dir='ltr'><strong>et</strong></span> <span class='ocrx_word' id='word_1_969' title='bbox 1313 2795 1471 2832; x_wconf 37' lang='lat' dir='ltr'><strong>prophetas;</strong></span> <span class='ocrx_word' id='word_1_970' title='bbox 1483 2799 1585 2821; x_wconf 84' lang='lat' dir='ltr'><strong>tantum</strong></span> <span class='ocrx_word' id='word_1_971' title='bbox 1604 2801 1655 2821; x_wconf 80' lang='lat' dir='ltr'><strong>tum</strong></span> 
     </span>
    </p>
   </div>
   <div class='ocr_carea' id='block_1_118' title="bbox 864 2829 1505 2865">
    <p class='ocr_par' dir='ltr' id='par_1_118' title="bbox 864 2829 1505 2865">
     <span class='ocr_line' id='line_1_118' title="bbox 864 2829 1505 2865; baseline -0.003 -7"><span class='ocrx_word' id='word_1_972' title='bbox 864 2832 953 2860; x_wconf 72' lang='lat' dir='ltr'><strong>dicens</strong></span> <span class='ocrx_word' id='word_1_973' title='bbox 967 2829 977 2859; x_wconf 69' lang='grc' dir='ltr'>ξ</span> <span class='ocrx_word' id='word_1_974' title='bbox 995 2841 1004 2858; x_wconf 77' lang='grc' dir='ltr'><strong>ι</strong></span> <span class='ocrx_word' id='word_1_975' title='bbox 1022 2829 1193 2859; x_wconf 70' lang='lat' dir='ltr'><strong>Commisccte</strong></span> <span class='ocrx_word' id='word_1_976' title='bbox 1206 2839 1245 2858; x_wconf 85' lang='lat' dir='ltr'><strong>me</strong></span> <span class='ocrx_word' id='word_1_977' title='bbox 1256 2830 1358 2865; x_wconf 80' lang='lat' dir='ltr'><strong>corpori</strong></span> <span class='ocrx_word' id='word_1_978' title='bbox 1372 2829 1482 2858; x_wconf 69' lang='lat' dir='ltr'><strong>Christi.</strong></span> <span class='ocrx_word' id='word_1_979' title='bbox 1496 2846 1505 2862; x_wconf 83' lang='grc'><em>,</em></span> 
     </span>
    </p>
   </div>
  </div>
