1846 3053
36 129 112 158 1881

627 128 660 157 ΙΝ
680 128 798 158 LECAM
821 129 961 158 HOMILIA
982 127 1088 156 XXXII.

1609 124 1678 154 188⁸3

33 191 69 216 et
85 187 281 222 interpretatur
292 187 356 215 illud
374 187 408 215 de
420 187 539 220 Christo,
554 187 627 221 quod
641 195 696 215 non
709 188 743 215 de
755 188 836 215 Chri-
850 191 873 218 Α
888 192 1048 222 potestatem
1069 186 1247 215 conculcandi
1277 191 1314 218 te,
1336 191 1363 214 et
1385 186 1477 214 datam
1502 186 1581 215 nobis
1607 186 1677 213 hanc

32 237 99 266 sto,
116 232 162 260 sed
175 233 209 260 de
225 233 329 260 sanctis
343 233 505 268 generaliter
519 233 650 267 scriptum
667 238 719 261 est.
736 233 832 261 Libere

31 279 144 313 quippe
156 283 182 305 et
195 282 250 305 tota
263 278 426 306 conﬁdentia
439 278 597 306 contradico
614 278 733 312 diabolo,
750 286 832 313 super

32 321 145 352 Christi
157 331 271 358 persona
287 323 340 351 ltoc
350 331 403 350 non
419 331 497 358 posse
511 323 635 358 intelligi.
650 323 743 359 Neque
758 324 831 351 enim

33 367 146 404 indiget
170 369 328 404 angelorum
351 369 464 402 auxilio,
487 370 533 404 qui
559 370 648 405 major
669 370 782 405 angelis,
806 374 833 397 et

33 415 144 443 melius
169 415 237 450 ipsis
263 416 447 444 hareditatem
475 421 639 444 consecutus
667 421 695 444 et
721 424 832 444 nomen.

29 460 117 489 Nulli
136 463 293 498 angelorum
318 470 438 497 unquam
453 462 524 490 dixit
545 462 638 490 Deus:
656 462 744 490 Filius
761 471 832 490 meus

31 516 66 535 es
84 513 123 539 tu,
137 516 182 543 ego
197 507 272 535 hodie
285 508 362 543 genui
372 514 397 535 te
410 508 503 535 "‘.Ad
523 508 628 536 nullum
641 516 735 536 eorum
754 508 832 543 quasi

33 554 76 582 ad
93 553 191 581 Filium
209 554 317 581 locutus
333 561 340 579 :
359 553 411 586 Qui
426 554 491 588 facit
514 553 619 586 angelos
637 562 698 581 suos
712 554 832 589 spiritus,

32 605 63 626 et
81 599 217 626 ministros
240 607 301 626 suos
317 600 402 634 ignem
421 605 538 626 urentem
553 599 593 632 ";
616 600 663 627 sed
685 600 718 627 ad
733 600 832 627 Filium

32 646 152 680 proprie
165 653 256 678 suum,
265 646 299 672 de
309 652 364 680 quo
378 645 587 673 innumerabilia
598 646 719 681 loquitur
730 646 757 672 in
771 654 834 680 pro-

33 692 142 726 phetis.
158 690 217 718 Non
234 691 345 726 indiget,
362 692 484 727 inquam,
499 693 656 726 angelorum
669 692 772 719 auxilio
787 691 833 718 Fi-

33 736 97 763 lius
114 736 171 763 Dei.
190 735 261 768 Quin
277 736 367 770 potius
384 736 469 770 disce,
487 737 605 769 diabole,
621 737 695 772 quod
720 736 772 764 nisi
786 735 832 764 Ie-

33 789 91 810 sus
105 782 241 816 adiuverit
257 782 368 817 angelos
388 782 456 816 (86),
474 782 610 810 oll'endcnt
624 783 719 818 pedem
741 790 832 810 suum.

33 827 76 854 Et
93 827 116 855 si
129 827 192 862 quis
208 828 366 862 angelorum
383 828 457 856 visus
468 832 510 856 cst
523 828 670 860 oﬂ'cndere,
686 829 720 857 de
732 829 832 864 quibus

883 235 1033 267 ditionem,
1060 241 1114 260 non
1135 233 1224 260 solum
1248 232 1274 260 in
1299 232 1386 261 Veteri
1413 232 1586 260 Testamento
1605 233 1677 259 sicut

883 286 955 306 nunc
967 282 1094 305 cantatur
1116 277 1143 304 in
1158 278 1275 312 psalmo,
1293 278 1340 306 sed
1357 278 1438 306 ctiam
1456 277 1482 305 in
1502 276 1590 309 Novo,
1615 277 1676 304 Sal-

884 330 975 352 vatore
991 324 1097 351 dicente
1107 323 1128 339 “
1141 333 1147 350 :
1166 323 1233 350 Ecce
1246 324 1279 350 do
1296 324 1367 351 vobis
1385 328 1539 359 potestatem
1551 324 1594 351 cal
1600 324 1677 350 :ondi

883 378 961 405 super
985 374 1115 404 serpentes
1139 374 1164 397 et
1192 370 1353 404 scorpiones,
1374 375 1399 396 et
1423 378 1525 397 omnem
1552 370 1678 397 uirtutem

882 416 995 447 inimici,
1020 419 1045 443 et
1067 415 1134 442 nihil
1157 415 1228 443 vobis
1255 415 1393 443 nocebant.
1423 415 1572 443 Sumamus
1601 423 1676 443 arma

883 465 958 488 tanta
978 465 1111 496 potestate
1132 461 1242 492 ﬁrmati.
1265 466 1293 489 et
1319 461 1445 489 universa
1470 461 1624 490 faciamus:
1648 465 1680 489 ut

885 514 932 541 per
953 507 1191 533 conversationem
1213 511 1335 533 nostram
1357 507 1462 534 leonem
1479 507 1675 536 conculcemus

883 556 910 580 et
924 552 1082 580 draconem.
1099 551 1184 579 Porro
1204 556 1234 579 ut
1251 553 1323 580 scias
1340 553 1478 588 quomodo
1497 554 1675 581 conculcetur

883 600 925 628 leo
942 605 967 628 et
995 605 1152 628 conteratur
1168 601 1261 631 draco,
1283 600 1360 627 Pauli
1385 600 1533 636 Epistulam
1552 601 1620 635 lege,
1646 602 1672 628 in

883 654 936 681 qua
950 646 1048 674 asserit
1069 645 1223 673 conculcari
1243 650 1400 678 peccatores
1425 645 1493 673 Filio
1517 645 1573 673 Dei.
1597 646 1674 673 Sicut
1696 660 1700 664 -

882 699 948 726 ergo
972 691 1018 726 qui
1038 697 1163 726 peccator
1186 695 1228 718 est
1252 691 1427 719 conculcatur
1453 692 1522 718 Filio
1543 691 1590 719 Dei
1608 702 1614 719 :
1632 692 1673 720 sic

882 737 1036 764 econtrario
1053 737 1100 771 qui
1113 736 1205 771 justus
1219 741 1261 764 est
1275 738 1418 764 conculcat
1443 737 1548 764 leonem
1562 741 1589 765 et
1604 737 1670 765 dra-

883 789 989 813 conem.
1004 788 1030 809 et
1044 789 1152 809 omnem
1167 782 1292 809 virtutem
1308 783 1409 810 inimici
1423 782 1564 810 ronculcat
1578 784 1604 810 in
1622 791 1672 810 no-

883 835 956 854 mine
967 827 1050 862 970
1065 826 1129 854 Iesu
1142 826 1256 858 Christi,
1267 827 1312 854 cui
1326 831 1367 855 est
1379 828 1465 862 gloria
1479 832 1505 855 et
1524 828 1671 863 imperium

31 873 146 900 dudum
159 873 257 900 lectum
269 877 321 906 est,
334 874 398 908 quia
411 874 518 909 angelos
525 874 706 909 judicabimus
719 875 742 890 "
755 884 762 902 :
775 875 835 902 ideo
851 877 871 904 Β
886 873 912 900 in
929 873 1027 900 sarcula
1045 873 1218 900 saeculorum.
1231 873 1327 900 Amen.

32 919 166 952 oﬂ’endit,
179 919 244 954 quia
261 927 315 946 non
329 920 450 947 extendit
463 928 573 948 manum
589 929 666 948 suam
681 921 713 948 ad
727 920 831 953 Iesum,

33 970 70 992 ut
84 965 272 1000 apprehensus
284 965 319 992 ab
330 972 363 993 eo
374 973 428 992 non
441 965 599 994 ollenderet.
612 966 746 1000 Quoniam
759 967 831 994 enim

33 1011 66 1038 in
89 1012 199 1046 propria
223 1010 323 1038 virtute
345 1010 496 1044 conlidens,
523 1019 576 1038 non
603 1011 713 1039 invocas
738 1013 833 1046 praesi-

32 1057 116 1084 dium
134 1056 209 1089 Iesu,
226 1056 352 1089 olfendis,
368 1060 395 1083 ct
417 1057 527 1084 credere
543 1057 570 1084 in
584 1056 675 1084 Iesum
691 1057 830 1085 Christum

32 1101 139 1130 Filium
155 1102 201 1129 Dei
223 1102 345 1129 noluisti.
364 1101 398 1129 Ut
413 1106 504 1129 autem
522 1102 593 1130 scias
605 1102 678 1137 quod
697 1103 768 1130 male
788 1103 830 1129 in-

34 1152 205 1182 terpretatus
219 1155 259 1180 es,
277 1151 305 1174 et
316 1154 369 1174 non
384 1147 417 1174 de
434 1146 553 1179 Christo,
570 1147 616 1174 sed
631 1148 664 1174 de
676 1148 778 1175 sanctis
793 1148 832 1175 in-

32 1193 124 1228 telligi
141 1200 202 1228 qum
218 1196 378 1227 sequantur,
395 1192 530 1220 ausculta.
552 1193 574 1218 Δ
592 1193 670 1220 ruina
685 1198 712 1220 et
726 1193 829 1221 daemo—

33 1238 87 1266 nio
103 1237 254 1265 meridiano
270 1237 292 1253 ³⁷
309 1245 362 1264 non
375 1236 468 1265 Iesum
485 1237 624 1265 Christum
639 1238 735 1266 liberat
747 1238 828 1272 Deus.

32 1283 86 1311 sed
108 1287 233 1311 sanctos.
260 1283 328 1318 Lege
350 1283 556 1317 nonagesimum
581 1283 728 1317 psalmum,
750 1285 830 1319 cujus

31 1328 223 1364 principium:
239 1328 292 1361 Qui
313 1328 416 1356 habitat
436 1329 463 1355 in
486 1328 620 1363 adjutorio
638 1328 783 1359 Altissitni.
800 1330 828 1356 in

31 1375 199 1409 protection
225 1374 273 1401 Dei
296 1374 354 1402 ccli
371 1374 581 1401 commorabitur
600 1375 634 1407 ³⁸,
655 1379 683 1402 et
708 1374 829 1402 invenies

32 1421 97 1448 haec
113 1420 201 1455 magis
221 1419 296 1454 justo
319 1420 388 1450 viro.
404 1427 486 1455 quam
509 1420 555 1447 Dei
573 1419 642 1448 Filio
665 1420 826 1448 convenire:

32 1464 141 1492 Cadent
157 1473 173 1491 a
188 1464 270 1491 latere
287 1470 331 1491 tuo
344 1463 426 1496 mille,
440 1469 464 1491 et
484 1464 573 1491 decem
590 1465 677 1491 millia
692 1473 709 1491 a
725 1465 826 1492 dextris

1145 927 1291 956 HOMILIA
1303 928 1411 956 XXXII.

884 985 922 1013 De
938 993 967 1012 eo
988 985 1058 1020 quod
1072 985 1201 1020 scriptum
1215 990 1274 1012 est:
1296 995 1305 1011 ‹
1332 985 1457 1012 Reversus
1478 991 1517 1012 est
1538 986 1617 1013 Iesu:
1643 986 1670 1012 in

917 1023 1014 1048 virtute
1027 1021 1149 1055 spiritus,
1169 1030 1178 1046 ι
1199 1028 1279 1055 usque
1300 1020 1335 1046 ad
1353 1028 1412 1046 eum
1429 1021 1526 1052 locum,
1552 1021 1596 1047 ubi
1612 1021 1670 1047 ait:

919 1065 928 1082 ι
947 1055 980 1082 Et
998 1055 1114 1082 omnium
1130 1055 1200 1082 oculi
1213 1061 1287 1082 erant
1304 1057 1332 1082 in
1352 1063 1487 1091 synagoga
1509 1055 1671 1083 intendente;

917 1091 945 1118 in
961 1099 1031 1118 eum.
1051 1100 1060 1116 ι
1079 1091 1145 1125 Cap.
1167 1099 1203 1117 tv.

913 1143 1035 1171 Primum
1051 1144 1161 1179 quidem
1178 1144 1259 1172 Iesus
1275 1145 1372 1180 plenus
1392 1145 1495 1180 Spiritu
1515 1150 1610 1174 sancto
1626 1153 1668 1173 rc-

880 1197 977 1218 versus
989 1194 1031 1218 est
1047 1197 1061 1217 a
1077 1189 1206 1222 Iordane,
1221 1195 1248 1218 et
1272 1191 1405 1226 agebatur
1425 1192 1452 1219 in
1468 1191 1564 1226 spiritu
1580 1192 1608 1219 in
1623 1192 1671 1219 de-

880 1240 953 1263 serto
964 1235 1061 1264 diebus
1075 1236 1267 1271 quadraginta.
1278 1236 1347 1264 Cum
1359 1241 1509 1264 tentaretur
1520 1245 1536 1264 a
1550 1237 1669 1270 diabolo,

880 1281 936 1316 (88)
957 1281 1022 1316 quia
1042 1283 1131 1310 adhuc
1145 1282 1171 1309 vi
1192 1286 1345 1310 certaturus
1360 1286 1420 1310 erat.
1434 1283 1566 1311 adversus
1590 1290 1667 1314 eum.

878 1332 905 1354 et
921 1328 1016 1360 semel,
1032 1333 1059 1356 et
1073 1328 1125 1361 his,
1140 1336 1194 1356 non
1215 1336 1278 1356 cum
1301 1329 1487 1357 additamenta
1503 1329 1596 1364 aliquo
1611 1329 1669 1364 spi-

879 1374 946 1400 ritus
967 1375 1087 1409 ponitur.
1110 1375 1226 1408 Quando
1249 1384 1313 1404 vero
1336 1381 1392 1404 tres
1416 1376 1579 1404 tentationes
1600 1383 1671 1411 quas

879 1419 1020 1455 Scriptura
1039 1426 1247 1454 commemorat,
1262 1422 1410 1457 pugnando
1429 1422 1578 1457 superavit,
1602 1423 1668 1457 quid

877 1468 911 1496 de
922 1469 1019 1503 spiritu
1046 1469 1186 1504 signantcr
1201 1474 1335 1504 cauteque
1358 1473 1486 1504 ponatur,
1506 1469 1543 1496 ait
1559 1477 1567 1496 :
1583 1468 1617 1495 Et
1630 1476 1672 1496 ro-

32 1511 112 1540 tuis:
133 1511 168 1537 ad
188 1515 212 1538 te
229 1515 316 1537 autent
338 1518 389 1536 non
403 1510 635 1545 appropinquubit,
651 1515 826 1538 verumtamen
847 1548 861 1550 _
879 1523 966 1542 versus
979 1521 1017 1542 est
1032 1515 1110 1543 Iesus
1123 1515 1151 1542 in
1164 1517 1260 1542 virtute
1271 1516 1391 1550 spiritus.
1406 1515 1499 1543 Virtus
1513 1514 1603 1542 addita
1617 1519 1671 1548 est,

30 1557 123 1584 oculis
141 1557 193 1583 tuis
219 1556 329 1589 videbis,
352 1561 376 1583 et
390 1556 589 1583 retributionem
605 1557 716 1591 aspicies
735 1565 826 1592 pecca-

919 1561 944 1588 ia
964 1561 1173 1589 conculcaverat
1184 1562 1343 1594 draconem,
1357 1566 1385 1589 et
1410 1565 1571 1589 tentatorem
1585 1561 1672 1588 comi-

31 1607 127 1630 corum
144 1603 177 1635 ",
189 1607 217 1630 et
230 1603 344 1637 reliqua,
359 1611 440 1638 super
455 1611 599 1637 personam
614 1604 680 1638 justi
697 1604 830 1639 interpre—

32 1654 111 1677 tans.
130 1649 182 1676 Sed
197 1654 223 1676 et
237 1649 277 1677 sic
291 1657 400 1684 quoque
423 1657 551 1684 perverse
567 1650 686 1678 ali'erens
701 1651 828 1678 diabolus

30 1695 206 1728 testimonia,
223 1699 253 1722 ut
278 1699 412 1723 assereret
435 1703 517 1730 super
540 1694 681 1724 Salratore
701 1696 826 1731 intelligi,

30 1739 100 1767 silet
115 1743 143 1766 et
159 1739 256 1767 transit
270 1739 421 1766 versiculos
432 1740 480 1774 qui
494 1744 589 1768 contra
603 1748 633 1767 se
646 1741 739 1775 scripti
752 1745 826 1768 sunt.

29 1785 106 1812 Cum
121 1785 194 1812 enim
208 1785 323 1813 dixisset
341 1794 348 1812 :
373 1786 473 1821 angelis
487 1787 543 1813 suis
558 1787 693 1813 mandavit
708 1787 740 1814 de
755 1792 788 1819 ιε,
803 1792 827 1814 et

28 1832 62 1858 in
79 1831 202 1858 manibus
223 1832 315 1858 tollent
337 1837 371 1865 te,
385 1840 417 1858 ne
430 1832 498 1866 forte
512 1831 631 1866 offendas
651 1832 686 1858 ad
712 1832 827 1866 lapidem

27 1877 127 1912 pedem
140 1882 225 1910 tuum,
239 1877 325 1905 tacuit
338 1877 403 1905 illud
417 1877 490 1912 quod
503 1878 626 1913 sequitur
638 1885 645 1904 :
660 1877 746 1913 Super
754 1878 828 1912 aspi-

26 1923 94 1950 dem
109 1927 134 1949 et
155 1922 308 1950 basiliscum
326 1923 485 1957 ambulabis,
499 1929 524 1951 et
544 1923 709 1951 conculcabis
725 1923 827 1951 leonem

25 1972 57 1996 et
68 1969 222 1996 draconem.
239 1969 339 2002 Quare,
363 1969 480 2001 diabole,
496 1969 570 2001 siles,
586 1969 637 1997 nisi
658 1969 730 2004 quod
751 1974 778 1997 tu
795 1977 827 1997 es

26 2015 231 2046 hasiliscus.tu
254 2022 284 2041 es
298 2015 419 2042 omnium
444 2014 610 2049 serpentium
629 2015 751 2050 regulus,
775 2023 826 2043 no-

25 2060 154 2088 centiora
178 2060 281 2087 habens
297 2067 399 2087 venena
422 2067 504 2093 quam
527 2060 640 2087 czeteri?
657 2060 709 2093 Qui
735 2061 825 2088 statim

27 2111 62 2133 ut
75 2105 179 2132 videris
194 2105 328 2139 aliquem,
346 2105 486 2138 interlicis,
502 2109 529 2132 et
540 2105 622 2132 aliam
639 2105 825 2132 fortitudinem

25 2151 201 2180 contrariam
215 2151 316 2179 sociam
329 2151 370 2178 tui
390 2152 519 2184 assumis,
535 2159 597 2186 qua:
611 2151 685 2186 aspis
705 2151 825 2187 appella-

25 2206 89 2231 tur,
103 2203 131 2226 et
147 2199 206 2226 viro
226 2199 301 2233 justo
312 2199 434 2233 subjecta
447 2203 500 2231 est,
515 2202 542 2225 et
555 2198 658 2226 idcirco
675 2198 767 2226 omnia
784 2203 826 2226 ta-
840 2215 862 2242 ο

24 2253 89 2274 ces.
107 2244 147 2272 Tu
161 2252 191 2272 es
205 2244 299 2276 draco.
315 2248 342 2271 tu
355 2252 385 2272 es
400 2245 452 2277 leo,
470 2244 504 2271 de
519 2244 620 2279 quibus
632 2244 760 2272 scribitur
778 2245 802 2261 “
816 2253 823 2271 :

25 2291 120 2326 Super
131 2290 248 2325 aspidem
262 2295 287 2317 et
305 2289 458 2318 basiliscum
481 2290 607 2323 calcabis,
621 2295 645 2317 et
660 2290 825 2318 conculcabis

23 2339 133 2365 leonem
158 2341 182 2363 et
205 2337 356 2363 draconem.
387 2335 438 2363 Sed
463 2336 526 2364 licet
543 2340 569 2363 tu
591 2340 692 2369 taceas,
710 2345 760 2365 nos
778 2337 825 2371 qui

25 2383 189 2416 Scripturas
205 2381 305 2409 rectius
319 2381 445 2416 legimus,
461 2380 563 2408 scimus
578 2381 679 2408 habere
703 2389 754 2409 nos
768 2381 824 2416 (87)

66 2439 102 2456 ’ν
123 2439 195 2466 Ρδτιι.
214 2447 244 2468 ιι.
260 2439 286 2466 7.
325 2439 347 2455 ’⁸
366 2439 439 2466 Psal.
451 2446 510 2472 cm.
524 2438 551 2466 ι.
590 2438 613 2454 ³⁸
633 2440 644 2466 ι
668 2439 731 2467 Cor.
750 2447 786 2473 v1,
804 2439 831 2466 5.

24 2483 87 2507 ICI,
101 2474 145 2503 15.
198 2475 219 2490 δ’
240 2474 306 2503 Luc.
324 2482 352 2507 κ,
368 2474 410 2501 Ιυ.

3 2553 4 2558 η
35 2570 43 2573 _
68 2533 126 2573 (_8t5)
150 2532 249 2573 itecole
267 2540 328 2573 quae
345 2532 473 2573 superius
493 2533 527 2573 ad
554 2533 680 2561 homilias
695 2532 729 2560 10
744 2536 772 2561 et
787 2532 824 2561 25

24 2570 64 2598 de
80 2568 132 2595 hac
143 2568 265 2596 diximus
278 2568 403 2602 Origenis
414 2568 582 2602 opinatione.

68 2603 128 2638 (87)
149 2604 236 2630 Antea
250 2603 319 2630 falso
333 2602 473 2638 legebatur
489 2611 543 2630 vos.
559 2602 722 2638 Hujusmodi
739 2602 825 2630 mani-

25 2639 104 2667 festa
121 2638 219 2665 menda
235 2645 289 2666 non
304 2637 387 2666 semel
402 2637 484 2671 inl'ra,
499 2637 662 2666 lectore’nec
673 2638 822 2670 admonito,

24 2677 261 2769 ωῗὲἕίᾞὲιῖὲάω
274 2707 367 2735 Grabii
380 2712 408 2735 et
422 2707 578 2735 Combetisii
591 2716 598 2734 ε
621 2708 729 2744 Ἐπειδὴ
744 2707 823 2743 ιμελ-

24 2749 75 2769 λεν
95 2743 114 2769 ἀ
132 2742 187 2769 λεῖν
209 2742 278 2769 πρὸς
296 2743 342 2769 τὸν
360 2742 492 2769 διάϐολον.
508 2743 537 2769 ὲν
558 2743 597 2769 τῶ
617 2743 762 2769 minuant}:
783 2743 823 2769 δὶς

24 2749 75 2771 λεν
95 2742 187 2778 ἀθλεῖν
209 2742 278 2778 πρὸς
296 2743 342 2778 τὸν
360 2742 492 2778 διάσᾳλον,
508 2743 537 2769 ὲν
558 2743 597 2778 τῷ
617 2742 765 2777 πειρασέιῷ
783 2743 823 2775 δὶς

25 2776 195 2820 ρνομάζςται
212 2776 243 2804 τὸ
256 2777 365 2820 fruct-ipa.
375 2777 460 2820 χωρὶς
476 2776 824 2820 πάῃςῑῆτροσθήκηξζίοτε

25 2812 238 2847 ἀγωνισάμενος
255 2812 365 2846 ἐνίκησε
385 2812 449 2844 τοὺς
467 2814 540 2847 τρεῖς
562 2812 824 2847 ἀναγεγραμμένους

27 2847 215 2883 nupserim-3;,
237 2847 355 2882 πρόσχες
376 2848 408 2882 τῇ
422 2847 550 2883 ἀκριϐείᾳ
565 2847 613 2882 τῆς
635 2848 744 2883 Γραφῆς
761 2848 824 2883 περὶ

879 1614 932 1634 nus
943 1607 1056 1634 vicerat.
1077 1607 1215 1635 Reversus
1237 1611 1353 1642 estergo
1365 1606 1446 1634 Iesus
1457 1607 1483 1634 in
1495 1607 1594 1634 virtute
1607 1605 1671 1641 Spi-

879 1652 948 1680 ritus
960 1653 986 1679 in
1001 1653 1141 1680 Galilaeam
1156 1658 1268 1685 terram,
1286 1659 1313 1680 et
1324 1653 1395 1681 fama
1415 1654 1481 1681 exiit
1499 1661 1547 1688 per
1559 1661 1670 1681 omnem

879 1698 1020 1732 regionem
1032 1699 1066 1725 de
1076 1707 1109 1726 eo
1126 1707 1133 1726 :
1150 1699 1208 1733 ipse
1222 1699 1338 1728 docebat
1357 1699 1383 1726 in
1402 1699 1548 1735 synagogis
1565 1706 1672 1732 eorum,

878 1747 904 1769 et
916 1743 1117 1777 gloriticabatur
1131 1744 1166 1771 ah
1181 1745 1319 1772 omnibus.
1345 1744 1418 1772 Cave
1435 1753 1469 1772 ne
1494 1745 1587 1772 beatos
1611 1745 1672 1772 illos

879 1792 985 1816 tantum
997 1788 1114 1823 judices.
1127 1793 1155 1816 et
1183 1794 1210 1816 te
1234 1790 1376 1817 arbitreris
1402 1790 1520 1825 primum
1548 1798 1609 1818 esse
1624 1791 1673 1817 do-

877 1833 975 1860 etrina.
991 1834 1020 1860 Si
1032 1841 1094 1860 vera
1113 1838 1176 1860 sunt
1191 1840 1252 1867 qum
1275 1833 1376 1868 scripta
1404 1837 1480 1866 sunt,
1504 1841 1556 1860 non
1582 1834 1672 1861 solum

877 1883 943 1906 tunc
957 1879 983 1906 in
1002 1878 1258 1914 congregationibus
1279 1877 1448 1912 Iutlmorum,
1472 1878 1519 1905 sed
1547 1883 1575 1905 et
1591 1879 1672 1906 hodie

877 1924 905 1952 in
932 1925 985 1952 hac
1012 1925 1224 1960 congregatione
1252 1924 1384 1951 Dominus
1413 1924 1554 1958 loquitur:
1573 1929 1601 1951 ct
1615 1932 1670 1951 non

879 1970 968 1998 solum
982 1970 1009 1997 in
1022 1970 1083 2004 hac,
1099 1970 1146 1998 sed
1157 1971 1239 1998 etiam
1253 1971 1280 1998 in
1294 1970 1348 1997 alio
1359 1974 1442 2002 coetu,
1457 1975 1484 1997 ct
1498 1971 1524 1997 in
1539 1975 1595 1997 toto
1605 1971 1671 1998 orbe

876 2016 956 2044 docet
970 2015 1061 2048 Iesus,
1071 2023 1196 2051 quarens
1208 2023 1310 2051 organa
1322 2024 1370 2051 per
1383 2024 1444 2051 quae
1458 2016 1564 2043 doceat.
1574 2015 1667 2049 Orate,

877 2067 907 2090 ut
920 2070 964 2090 me
989 2070 1099 2098 quoque
1114 2062 1294 2097 compositum
1322 2062 1357 2089 ad
1371 2062 1534 2094 canendum,
1559 2067 1668 2097 aptum-

876 2118 929 2145 que
946 2109 1074 2144 reperiat.
1089 2107 1167 2136 Sicut
1179 2109 1252 2135 enim
1278 2108 1376 2143 quaerit
1399 2108 1576 2143 omnipotens
1597 2108 1672 2137 Deus

878 2155 1026 2190 prophetas
1039 2162 1072 2182 eo
1095 2159 1216 2189 tempore
1238 2162 1293 2189 quo
1314 2154 1455 2189 prophetia
1484 2154 1613 2182 mortales
1627 2154 1672 2181 in-

877 2201 979 2236 digent,
996 2205 1023 2228 et
1050 2200 1162 2232 invenit,
1181 2200 1254 2227 verbi
1276 2201 1363 2235 gratia
1377 2199 1485 2232 Isaiam,
1512 2199 1670 2231 Ieremiam.

879 2247 1060 2279 Ezechielem,
1078 2246 1218 2274 Danielem
1233 2256 1240 2274 :
1257 2247 1297 2275 sic
1313 2247 1410 2282 quaerit
1425 2247 1498 2275 Deus
1509 2255 1610 2282 organa
1625 2255 1672 2282 per

879 2300 940 2327 qua!
956 2292 1053 2320 doceat
1070 2300 1223 2319 sermonem
1250 2300 1342 2325 suum,
1365 2293 1407 2319 vel
1425 2293 1531 2320 erudiat
1557 2293 1671 2327 populos

879 2338 906 2364 in
922 2338 1068 2372 synagogis
1090 2345 1205 2369 eorum,
1229 2342 1256 2364 et
1287 2337 1454 2373 gloriﬁcetur
1473 2337 1507 2364 ab
1532 2337 1670 2364 omnibus.

879 2382 957 2410 Nunc
971 2383 1058 2417 magis
1081 2383 1249 2418 glorificatur
1273 2383 1309 2410 ab
1332 2384 1460 2411 omnibus
1474 2382 1565 2416 Iesus,
1587 2391 1670 2417 quam

869 2440 890 2455 ³⁷
910 2439 983 2468 Psal.
999 2448 1043 2473 xc,
1061 2441 1087 2467 ϐ.
1126 2440 1149 2456 ⁸⁸
1162 2440 1230 2468 ibid.
1249 2440 1273 2467 i.
1312 2440 1335 2456 "
1355 2439 1421 2467 ibid.
1438 2439 1471 2472 7,
1487 2438 1515 2466 8.
1557 2439 1579 2455 "
1596 2438 1669 2466 Psal.

871 2533 919 2570 re;
937 2533 1101 2570 tgvsdpajrog.
1116 2534 1149 2561 Ti
1158 2542 1261 2570 φησιν;
1282 2536 1324 2562 ὅτι
1345 2532 1460 2570 Ἰησοῦς
1478 2531 1671 2570 ύπέᾳτρεψε-ςν

872 2568 910 2604 si:
921 2568 958 2603 τῇ
973 2567 1098 2604 δυνάμει
1111 2567 1172 2596 τοῦ
1186 2567 1368 2604 ἐνδύματος.
1383 2569 1438 2596 Καὶ
1452 2567 1622 2604 προσέθηδεεν
1636 2569 1673 2594 ἐν·

872 2602 910 2637 τῇ
922 2601 1108 2638 carmina
1119 2604 1168 2631 τὸν
1189 2601 1309 2639 ἀθληέὴν
1327 2605 1373 2630 τὸν
1389 2601 1673 2639 νενικήκότᾳζοιιαη-

873 2638 1013 2673 doquidem
1040 2644 1191 2666 certaturus
1203 2638 1259 2665 erat
1274 2645 1367 2665 contra
1382 2638 1529 2670 diabolum,
1543 2638 1571 2664 in
1587 2642 1673 2664 tenta-

874 2674 944 2708 tionc
956 2674 996 2700 bis
1011 2674 1166 2701 nominatur
1181 2674 1292 2708 spiritus
1304 2675 1400 2708 absque
1410 2673 1464 2700 ullo
1476 2673 1670 2700 additamenta.

875 2707 988 2740 Quando
1005 2717 1062 2735 vero
1084 2714 1136 2736 tres
1152 2707 1310 2736 tentationes
1330 2707 1396 2743 quas
1414 2708 1558 2742 Scriptura
1580 2709 1671 2742 refrrt.

875 2743 1015 2777 pugnando
1026 2744 1170 2778 superavit,
1185 2743 1289 2770 attende
1301 2752 1380 2778 qtunn
1391 2748 1515 2770 accurate
1531 2742 1669 2778 Scriptura

875 2778 1000 2808 loquatur
1018 2777 1170 2813 de'spiritu.
1187 2779 1257 2812 Quid
1271 2777 1334 2806 ait?
1349 2778 1485 2805 Reversus
1496 2783 1539 2805 est
1552 2777 1630 2806 Iesus
1645 2787 1670 2805 nt

876 2814 976 2840 virtute
1000 2814 1124 2848 spiritus.
1157 2813 1188 2840 Et
1215 2814 1319 2840 addidit
1344 2823 1351 2841 :
1383 2814 1409 2841 in
1438 2814 1548 2844 virtute.
1568 2819 1670 2848 Diopch

876 2848 984 2875 athleta:
1001 2850 1148 2876 victoriam.
1170 2849 1279 2878 illam.
