1846 3053
62 115 139 142 1885

61 176 140 201 hanc
159 182 218 200 non
236 175 371 209 recepisse
388 176 544 210 prophetas,
566 182 592 204 ct
605 185 698 205 eorum
714 179 840 206 vaticinia
854 188 860 206 :
879 182 899 208 A

60 228 153 256 porro
173 222 301 249 nationes
323 230 384 256 quae
410 223 490 259 longe
515 224 648 253 l‘uerauta
664 227 813 262 prophetis.
837 233 864 255 et

59 274 168 294 eorum
185 267 309 295 notitiam
333 276 386 295 non
421 269 565 304 habebam,
592 273 745 307 suscepisse
768 274 863 300 vatiei~

62 312 146 339 nium
162 311 229 341 Jcsu
246 313 360 341 Christi.
373 314 459 342 Nemo
474 321 516 344 est
538 324 603 352 ergo
629 319 759 353 propheta
786 327 864 346 acce-

61 363 131 392 ptus
146 359 175 385 in
190 359 276 394 patria
295 368 355 393 sua,
373 361 424 388 hoc
449 366 490 389 est
517 362 544 389 in
572 364 672 398 populo
695 363 861 392 Iudaeorum.

60 403 123 431 Nos
143 411 238 432 autem
254 406 300 440 qui
313 414 423 434 eramus
438 407 518 435 alieni
543 416 558 435 a
576 413 737 437 testamento
749 415 776 438 et
787 419 864 445 perc-

60 449 140 483 grini
153 459 170 477 a
188 452 429 485 promissionibus,
443 457 500 481 toto
513 455 660 490 prophetas
673 456 755 483 corde
767 464 863 484 susce-

61 497 175 531 pimus,
195 498 338 533 magisque
351 499 484 526 babemus
503 499 612 535 Moysen
628 505 654 527 ct
672 501 817 535 prophetas
830 502 864 529 de

59 543 186 571 Christo
197 545 386 579 praedicantes,
401 554 483 581 quam
497 546 535 573 illi
557 547 603 581 qui
620 555 652 575 ex
666 555 699 575 eo
720 549 793 583 quod
809 557 862 576 non

61 588 372 623 susceperuntlesum,
402 598 452 618 nec
481 591 543 619 illos
566 597 746 627 susceperunt
762 593 808 627 qui
831 594 864 620 de

60 635 113 662 illo
145 636 390 663 annuutiaverunt.
418 636 496 664 Unde
520 638 552 664 ad
580 638 605 664 id
632 639 705 673 quod
731 639 861 666 dixerat:

63 681 157 708 Nemo
175 682 302 716 propheta
321 689 442 718 acceptus
473 685 498 710 in
521 685 611 718 patria
632 691 708 712 sua:
736 691 763 712 et
790 686 862 713 aliud

60 727 196 762 adjungit
214 737 221 755 :
239 727 272 754 In
286 728 394 756 veritate
408 730 477 756 enim
495 730 555 756 dico
578 730 660 763 vobis,
679 732 742 766 quia
772 732 863 759 multa!

61 773 157 800 vidua:
175 778 253 801 erant
267 775 294 801 in
310 774 401 801 diebus
416 774 484 802 Elia:
497 775 526 802 in
540 775 637 810 Israel,
662 778 768 812 quando
793 778 864 804 clau-

60 827 124 845 sum
136 825 178 846 est
196 820 289 847 calum
311 821 388 847 annis
415 822 509 853 tribus,
529 827 554 849 et
569 823 699 850 mensibus
716 831 771 851 sex.
784 823 862 857 Quod

60 864 132 892 dicit
150 865 207 892 tale
223 869 283 893 est:
299 865 372 893 Elias
389 867 522 901 propheta
538 872 606 900 erat.
620 869 666 896 sed
683 874 743 896 erat
765 870 791 896 in
816 877 864 904 po-

60 909 130 943 pulo
147 908 320 937 Judaaorum.
339 910 392 938 Sed
407 912 518 945 quando
542 912 666 940 mirabile
689 913 753 948 quid
776 913 861 941 Iactu-

61 962 112 982 rus
128 962 192 982 erat
206 962 268 982 cum
281 960 373 983 essent
388 957 481 992 plures
495 958 583 985 vidua:
595 958 621 985 in
643 958 736 991 Israel,
754 960 863 995 reliquit

60 1007 121 1032 cas,
136 1004 166 1026 et
184 1001 259 1028 venit
277 1001 310 1027 ad
323 1001 432 1028 viduam
453 1002 479 1028 in
507 1002 647 1038 Sareptam
677 1004 805 1038 Sidoniae,
829 1006 862 1032 ad

61 1043 198 1079 gentilem
228 1045 429 1077 mulierculam,
458 1046 571 1081 figuram
602 1048 700 1076 futurae
714 1051 752 1078 rei
778 1051 863 1085 expli-

62 1098 143 1122 cans,
176 1090 241 1125 quia
258 1097 408 1125 occupante
430 1092 500 1120 fame
523 1101 576 1121 non
593 1095 682 1129 panis.
711 1104 799 1131 neque
817 1097 861 1124 siti

60 1142 156 1169 aquae,
175 1136 224 1163 sed
235 1136 307 1163 fame
323 1137 450 1164 audiendi
482 1146 635 1167 sermonem
660 1140 717 1174 Dei,
737 1142 810 1169 venit
826 1143 859 1169 ad

61 1182 192 1214 viduam,
205 1181 239 1209 de
253 1190 306 1217 qua
320 1187 347 1210 et
363 1184 495 1218 propheta
514 1190 629 1213 testatur
644 1187 738 1215 dicens
754 1197 760 1215 :
780 1188 861 1216 Multi

61 1226 253 1261 ﬁliidesertw,
268 1229 351 1264 magis
364 1237 444 1264 quam
468 1230 525 1264 ejus
549 1240 607 1266 quae
629 1233 704 1259 habet
728 1235 811 1261 uirum
825 1236 858 1262 δ’.

63 1272 97 1300 Et
114 1281 181 1300 cum
197 1275 328 1306 venisset.
353 1283 449 1310 panem
475 1276 549 1305 illius
564 1282 591 1305 et
617 1279 744 1308 alimenta
768 1282 861 1308 multi-

61 1319 156 1352 plicat.
175 1319 217 1346 Tu
233 1328 295 1349 eras
312 1321 392 1349 vidua
408 1322 435 1349 in
449 1322 562 1358 Sarepta
589 1324 718 1358 Sidoniae,
742 1334 758 1354 e
780 1328 860 1362 cujus

64 1366 169 1394 tinibus
181 1367 337 1395 Chananata
352 1369 451 1397 mulier
469 1371 620 1405 egreditur,
639 1377 666 1399 et
680 1374 756 1408 cupit
767 1376 858 1402 sanari

62 1412 148 1439 tiliam
168 1421 259 1447 suam,
272 1419 299 1442 et
312 1420 425 1450 propter
436 1416 515 1444 tidem
534 1418 635 1445 meruit
651 1419 774 1454 accipere
785 1422 859 1456 quod

63 1460 186 1492 pett-bat.
201 1459 296 1487 Multce
319 1469 380 1496 ergo
392 1462 480 1490 viduae
503 1469 579 1490 erant
599 1465 627 1490 in
644 1466 740 1500 populo
759 1466 856 1500 Israel,

62 1506 109 1532 sed
128 1507 165 1533 ad
184 1506 288 1533 nullam
304 1515 395 1534 earum
411 1509 507 1536 missus
534 1515 573 1537 est
592 1510 680 1545 Elius,
698 1513 750 1540 nisi
766 1514 793 1540 in
807 1514 857 1541 Sa-

61 1553 144 1586 reptis
161 1553 197 1580 ad
214 1553 348 1580 mulierem
364 1555 481 1583 viduam.
493 1556 546 1584 Sed
559 1562 585 1584 et
597 1558 669 1585 aliud
685 1559 718 1586 ad
730 1561 855 1588 eumdem

63 1605 179 1627 sensum
195 1600 336 1634 pertinens
361 1601 501 1636 loquitur:
523 1602 603 1630 Multi
618 1610 694 1632 erant
718 1606 814 1641 leprosi
828 1609 855 1634 in

65 1644 152 1672 Israel
165 1646 194 1673 in
213 1645 304 1673 diebus
326 1646 418 1673 Elistri
444 1649 586 1683 prophetat,
617 1654 641 1676 et
665 1659 740 1678 nemo
765 1661 855 1680 eorum

62 1691 210 1717 mundatus
222 1695 260 1717 est
286 1691 338 1718 nisi
355 1690 478 1718 Naaman
496 1692 591 1727 Syrus,
607 1695 652 1728 qui
679 1696 776 1730 utique
799 1705 854 1724 non

61 1740 121 1763 erat
138 1744 172 1763 ex
183 1737 277 1764 Israel.
288 1736 436 1765 Considera
451 1747 538 1773 usque
559 1740 591 1766 ad
607 1747 766 1774 praesentem
783 1743 854 1770 diem

62 1783 165 1810 multos
182 1782 306 1818 leprosos
330 1784 357 1810 in
383 1783 464 1811 Israel
491 1785 641 1813 secundum
655 1795 776 1820 carnem,
793 1789 854 1816 vide

62 1827 221 1854 ccoulrario
231 1827 313 1862 lepra:
326 1828 454 1862 squalore
468 1829 605 1863 perfusos,
623 1835 705 1865 atque
728 1831 785 1867 (9|)
797 1833 854 1867 spi-

62 1873 134 1900 ritali
148 1873 248 1901 Elisaco
262 1874 378 1901 Domino
395 1880 490 1902 nostro
501 1880 526 1902 et
543 1874 695 1910 Salvatore,
725 1882 750 1905 te
762 1883 853 1906 autem

63 1920 173 1954 purgari
191 1920 317 1953 baptismi
331 1925 515 1954 sacramento,
530 1925 556 1948 et
569 1921 623 1949 dici
645 1924 678 1950 ad
697 1929 722 1952 te
743 1934 749 1952 :
770 1924 853 1959 Surge

61 1971 84 1992 et
100 1966 165 1993 unde
177 1966 206 1993 in
228 1965 385 2000 Iordanem,
410 1971 434 1994 et
461 1967 560 2001 lavare,
585 1973 609 1995 et
633 1970 788 1997 restituetur
805 1973 853 1998 tibi

64 2013 125 2032 caro
146 2012 194 2033 tua
208 2008 241 2034 ³⁷.
263 2008 385 2037 Surrexit
402 2010 521 2038 Naaman
537 2017 564 2039 ct
578 2013 656 2046 abiit,
673 2019 700 2041 et
713 2014 783 2042 lotus
798 2015 850 2042 im-

62 2050 145 2084 plevit
166 2054 325 2088 mysterium
348 2055 488 2090 baptismi,
508 2061 536 2085 et
554 2057 624 2086 facta
645 2064 687 2087 est
707 2067 770 2087 caro
790 2060 850 2095 ejus

61 2101 141 2134 quasi
158 2109 225 2128 caro
237 2102 324 2135 pueri,
343 2103 388 2135 qui
403 2104 430 2129 in
448 2104 556 2131 lavacro
577 2108 789 2140 regenerationis
805 2118 852 2136 0r-

62 2151 107 2174 tus
122 2147 205 2174 fuerit
220 2147 247 2173 in
261 2147 373 2175 Christo
391 2147 467 2176 Iesu.
485 2150 535 2177 Cui
551 2156 593 2178 est
610 2152 695 2187 gloria
720 2159 747 2182 et
767 2156 853 2191 impc-

61 2192 131 2220 rium
150 2193 177 2220 in
195 2193 294 2221 sarcula
307 2194 480 2222 stcculorum.
495 2195 591 2224 Amen.

90 2351 113 2368 "‘
141 2352 194 2380 Isa.
223 2360 277 2384 Liv,
308 2353 331 2379 I.
371 2353 392 2368 ⁸⁷
413 2352 445 2380 IV
463 2352 528 2388 Reg.
547 2354 632 2387 v,10.

60 2423 166 2459 modum
182 2427 207 2449 et
219 2423 297 2459 vidua
313 2431 372 2458 qua:
383 2424 410 2450 in
427 2424 545 2459 Surcptis
559 2430 626 2458 erat,
653 2426 742 2455 Eliam
760 2437 849 2457 susce-

15 2474 20 2478 -
60 2457 109 2489 pit,
125 2458 198 2491 facta
208 2459 236 2493 in
259 2457 343 2486 Israel
365 2459 434 2493 [ante
446 2457 572 2487 audiendi
598 2462 667 2488 verbi
685 2463 744 2490 Dei.
764 2463 798 2492 Et
817 2467 850 2493 de

23 2497 26 2505 λ
61 2492 133 2531 ηρὸίδ
151 2490 252 2534 dit-limi
266 2498 305 2520 ιδι
323 2501 335 2534 5
361 2490 505 2534 Multihlilii
521 2496 644 2534 desertae,
663 2499 752 2534 inagis
766 2490 849 2534 quain

59 2526 118 2567 ejus
136 2535 197 2567 quin
210 2529 290 2567 habet
306 2529 404 2567 virum.
428 2529 462 2556 Et
479 2539 571 2558 rursus
588 2526 642 2559 alia
658 2526 796 2567 Scriptura
806 2526 850 2562 di;

59 2561 121 2604 icit":
147 2563 252 2591 Sterilis
267 2566 381 2604 peperit,
396 2569 422 2592 et
433 2572 494 2600 quin
511 2567 612 2594 multos
636 2561 754 2596 habebat
769 2561 849 2604 lilios,

60 2597 196 2625 inﬁrmata
213 2597 271 2626 cst.‘
280 2597 388 2628 liuius.

95 2632 217 2667 (9I)Aut
232 2634 328 2674 absque
356 2635 497 2674 legendum
522 2641 564 2664 est
586 2645 634 2672 pro
660 2644 747 2674 atque,
767 2648 850 2668 sensu

61 2670 269 2706 utcunque-non
287 2670 469 2706 incommodo,
483 2676 528 2699 aut
539 2670 610 2699 certe
629 2670 744 2701 mutilus
758 2676 848 2703 verbis

60 2701 163 2735 aliquot
176 2704 274 2731 misere
290 2701 511 2734 detruncatisbie
528 2711 616 2735 textus
629 2713 679 2735 est.

96 2736 154 2771 (92)
178 2738 326 2777 Postremae
341 2741 393 2777 ita:
421 2742 618 2776 subsequentes
640 2751 687 2771 sex
715 2745 844 2777 homilitn,

61 2779 121 2798 cum
135 2775 324 2801 continuatum
341 2775 366 2801 in
388 2775 573 2810 superioribus
591 2779 713 2805 ordinem
731 2789 782 2807 non
805 2775 844 2808 te;

62 2812 152 2847 neunt.
171 2810 316 2836 manifesto
332 2819 361 2847 se
373 2813 488 2844 produnt
499 2821 514 2839 a
528 2813 623 2847 majori
637 2814 773 2842 detractas
793 2816 843 2842 bo-

61 2841 214 2878 utiliarum,
247 2853 315 2880 quas
345 2841 523 2875 Adamantius
549 2841 759 2883 clueubraverit,

646 118 680 145 IN
697 119 816 147 LUCAM
838 118 980 148 IIOMILIA
1000 121 1121 150 XXXIV.

672 2356 694 2371 ⁸⁸
708 2356 784 2385 Deut.
801 2367 837 2392 vr,
850 2359 877 2393 4‘,
892 2360 919 2387 5.

1639 126 1706 154 1836

1126 183 1269 210 IIOIIIIJA
1292 183 1399 211 XXXW
1425 185 1492 219 (92).

915 247 953 273 De
968 256 999 287 ρο
1015 249 1083 287 quod
1096 250 1222 283 scriptum
1235 255 1273 277 cst
1290 258 1298 277 :
1319 260 1327 276 ι
1349 250 1486 285 Magister,
1501 252 1563 286 quid
1585 252 1645 280 boni
1669 253 1706 287 fu.

950 284 1020 321 ciens
1035 284 1115 321 vitam
1131 284 1411 321 afternanrpossidebo
1423 287 1435 312 ε)
1450 296 1459 311 ι
1488 284 1569 321 usque
1589 288 1622 314 ml
1644 284 1704 314 eum

949 319 1036 356 locum
1057 320 1101 346 ubi
1123 320 1160 348 ait
1189 330 1198 347 :
1226 331 1235 346 ι
1259 320 1330 348 Vade
1361 325 1385 348 et
1415 326 1442 348 tu
1471 319 1676 356 fac'aimilitcr.
1693 333 1703 349 ι

949 354 1015 389 Cap.
1030 363 1056 382 x.

949 410 1017 437 Cum
1032 411 1118 439 multa
1146 411 1174 439 in
1200 411 1259 447 lege
1282 417 1416 448 praecepta
1436 413 1500 445 sint,
1518 413 1576 440 hinc
1599 418 1704 441 tantum

915 455 1041 484 Salvator
1052 458 1079 484 in
1097 457 1243 492 Evangelio
1258 459 1348 492 posuit
1367 467 1428 494 quae
1441 459 1558 494 quodam
1573 468 1704 495 compen-

914 501 960 528 dio
973 503 1006 530 ad
1020 508 1121 530 aeterna
1138 503 1297 532 obcdicntes
1309 504 1450 532 ducerent.
1468 505 1508 532 Ad
1536 505 1562 532 id
1573 505 1648 532 enim
1665 513 1708 533 re-

915 549 995 583 spicit
1008 550 1081 584 quod
1091 550 1159 585 legis
1173 550 1269 578 doctor
1287 551 1500 586 interrogaverat
1514 559 1575 578 eum
1588 551 1683 579 «ὶίοιηις
1696 562 1703 579 z

915 594 1055 630 Magister.
1080 596 1144 631 quid
1162 596 1262 630 faciens
1291 598 1371 623 vitam
1400 602 1526 624 wternuut
1551 597 1707 631 possidcbo.’

914 649 975 675 quze
994 641 1074 669 lectio
1091 642 1242 669 secundum
1267 643 1368 673 Lucam
1398 644 1478 670 hodie
1501 644 1578 671 vobis
1593 645 1706 672 recitata

914 693 974 715 est:
994 688 1155 723 respondit:
1182 688 1215 715 In
1241 689 1305 725 Lege
1321 690 1384 725 quid
1397 690 1478 724 972
1503 691 1631 725 scriptum
1645 695 1683 717 est
1694 691 1708 717 1’

916 734 1054 767 Quomodo
1076 735 1275 771 legisPDiliges
1304 735 1449 763 Dominum
1471 736 1554 763 Dauni
1580 742 1655 763 tuum
1673 744 1706 764 rx:

915 785 970 808 toto
981 781 1059 809 corde
1077 786 1133 814 tuo,
1153 786 1179 809 et
1197 790 1230 809 ea:
1253 788 1309 809 tota
1333 783 1429 810 virtute
1459 789 1515 815 tua,
1538 788 1562 810 et
1586 791 1618 809 ea:
1649 788 1706 809 tota

915 833 1000 855 mante
1012 832 1068 861 tua,
1090 833 1115 855 et
1127 829 1278 863 proximum
1298 834 1373 856 tuum
1393 833 1519 864 tanquam
1532 829 1652 859 teipsnm.
1667 829 1707 856 Ac

914 873 1032 901 deinde:
1046 873 1128 906 Bene,
1149 874 1196 907 ait,
1211 874 1371 909 respondisti
1388 882 1398 901 :
1419 874 1467 900 hac
1502 874 1556 907 fuc,
1578 879 1602 900 et
1626 874 1705 901 vires.

915 919 994 947 Ilaud
1019 920 1132 948 dubium
1161 921 1226 955 quin
1253 921 1448 956 sempiternam
1475 921 1560 948 vitam
1593 922 1643 948 hoc
1666 920 1706 948 fa-

913 965 1009 993 ciendo
1025 970 1188 1000 accepturus
1206 967 1256 998 sis,
1273 967 1306 994 de
1319 975 1372 1002 qua
1386 971 1414 995 et
1427 967 1493 1001 legis
1510 966 1606 994 doctor
1626 967 1708 994 inter-

913 1018 1065 1047 rogaverat.
1092 1013 1234 1048 Simulque
1262 1013 1406 1048 pcrspicuc
1433 1013 1565 1040 docemur
1590 1013 1616 1039 in
1638 1013 1707 1047 legis

914 1064 1056 1094 praecepto,
1085 1064 1114 1087 ut
1137 1059 1283 1095 diligamus
1311 1059 1406 1086 Deum.
1437 1059 1465 1086 In
1495 1059 1707 1086 Deuteronomio

913 1105 1045 1140 scriptum
1057 1111 1100 1133 est
1118 1115 1126 1133 :
1143 1107 1223 1138 Audi,
1240 1106 1339 1141 inquit,
1367 1106 1464 1139 Israel,
1487 1105 1615 1132 Dominus
1635 1105 1705 1132 Deus

913 1157 985 1185 tuus,
998 1152 1068 1180 Deus
1095 1161 1163 1179 unus
1188 1158 1237 1180 est.
1262 1153 1297 1179 Et
1321 1153 1415 1188 diliges
1451 1152 1592 1179 Dominum
1622 1152 1705 1178 Deum

912 1203 1030 1226 tuumex
1051 1203 1107 1226 tota
1135 1206 1220 1227 mente
1242 1205 1300 1232 tim,
1317 1204 1344 1227 et
1369 1200 1485 1235 reliqua,
1506 1205 1531 1226 et
1554 1199 1705 1233 proximum

912 1250 985 1272 tuum
998 1246 1075 1281 quasi
1089 1247 1200 1280 teipsum
1216 1246 1247 1272 ⁸⁸.
1263 1245 1294 1272 Ει
1308 1245 1435 1273 Salvator
1455 1253 1537 1280 super
1562 1245 1604 1273 his
1623 1249 1705 1273 testa-

912 1295 956 1317 tus
968 1295 1010 1318 est
1032 1291 1149 1318 dicens:
1178 1290 1211 1317 In
1237 1291 1277 1317 his
1295 1291 1398 1317 duobus
1422 1290 1556 1318 mandatis
1584 1295 1641 1317 tota
1661 1290 1704 1316 lca:

910 1336 1003 1371 pendet
1017 1340 1042 1363 et
1054 1337 1186 1371 ριόρΙοθιιε
1201 1336 1235 1363 δ’.
1259 1335 1371 1363 Valente
1394 1340 1484 1363 autem
1503 1335 1616 1362 doctore
1637 1336 1705 1370 legis

908 1383 1060 1417 justilicare
1088 1383 1278 1417 semetipsum,
1300 1387 1326 1410 ct
1353 1382 1497 1409 ostendere
1524 1382 1595 1416 quod
1623 1389 1704 1408 nemo

911 1429 962 1457 sibi
975 1433 1048 1456 esset
1061 1428 1212 1463 proximus,
1230 1433 1311 1464 atque
1323 1429 1430 1456 dicente
1449 1438 1455 1455 :
1473 1428 1539 1461 Quis
1558 1433 1597 1455 est
1611 1428 1704 1462 proxi-

911 1482 969 1501 mus
982 1475 1073 1501 meus?
1086 1475 1179 1502 intulit
1199 1474 1332 1502 Dominus
1348 1475 1516 1509 parabolam,
1533 1475 1611 1509 cujus
1623 1483 1703 1502 exor-

871 1524 891 1554 C
908 1520 984 1547 dium
1000 1524 1041 1548 est
1056 1530 1063 1547 :
1083 1520 1171 1547 Homo
1184 1521 1292 1555 quidam
1306 1520 1477 1548 descendebat
1499 1521 1531 1548 de
1552 1521 1702 1549 Jerusalem

911 1568 939 1594 in
950 1566 1068 1598 Iericho,
1083 1572 1109 1594 et
1125 1567 1229 1602 reliqua
1246 1576 1253 1594 :
1274 1571 1301 1594 ct
1313 1567 1392 1595 docet
1403 1567 1505 1595 nullius
1518 1567 1602 1595 fuisse
1614 1569 1703 1603 proxi-

911 1622 987 1641 mum
1002 1613 1224 1644 descendentem,
1240 1612 1293 1641 nisi
1320 1613 1393 1641 illius
1407 1613 1454 1648 qui
1482 1614 1599 1641 voluerit
1610 1619 1703 1642 custo-

910 1657 970 1685 dire
984 1661 1131 1692 praecepta,
1156 1661 1183 1684 et
1210 1665 1365 1692 praeparare
1385 1665 1424 1689 se,
1450 1663 1479 1686 ut
1501 1658 1537 1685 sit
1561 1659 1702 1693 proximus

910 1703 985 1730 omni
1000 1702 1104 1729 homini
1116 1703 1163 1737 qui
1179 1703 1283 1730 auxilio
1297 1703 1408 1738 indiget.
1419 1703 1477 1730 Iloc
1489 1703 1562 1730 enim
1574 1708 1616 1731 est
1629 1704 1700 1738 quod

910 1753 972 1782 post
988 1749 1147 1783 parabolam
1164 1748 1191 1775 iu
1211 1749 1263 1776 line
1282 1749 1404 1783 ponitur.
1423 1749 1492 1782 Quis
1504 1749 1537 1776 de
1557 1749 1600 1776 bis
1614 1749 1702 1777 tribus

909 1795 1016 1822 videtur
1028 1795 1077 1822 tibi
1093 1795 1235 1829 proximus
1244 1802 1306 1822 esse
1319 1796 1379 1829 ejus
1393 1796 1440 1830 qui
1456 1796 1484 1822 in
1498 1795 1617 1824 latrones
1633 1797 1700 1824 inci-

909 1841 1032 1870 dit?Nec
1044 1841 1117 1868 enim
1143 1841 1280 1874 sacerdos,
1305 1849 1354 1868 nec
1378 1841 1486 1869 Levites
1511 1843 1627 1876 proximi
1640 1843 1701 1877 ejus

909 1888 1019 1915 fuerunt
1034 1897 1040 1915 :
1055 1889 1113 1920 sed,
1134 1891 1164 1915 ut
1182 1888 1240 1922 ipse
1254 1895 1364 1922 quoque
1386 1888 1452 1922 legis
1471 1888 1567 1916 doctor
1585 1897 1698 1924 respon-

908 1934 957 1966 dit,
975 1934 1020 1960 ille
1047 1933 1094 1968 qui
1123 1932 1187 1960 fecit
1209 1933 1439 1965 misericordiam,
1472 1935 1616 1969 proximus
1638 1935 1699 1969 ejus

910 1980 968 2007 fuit.
986 1978 1062 2006 Unde
1077 1983 1103 2006 et
1118 1986 1132 2006 a
1151 1978 1292 2006 Salvatorc
1318 1978 1428 2010 dicitur,
1455 1978 1536 2012 Vade,
1566 1984 1591 2006 et
1608 1984 1635 2006 tu
1655 1980 1698 2014 [ac

908 2026 1042 2053 similiter.
1058 2025 1156 2053 Aiebat
1167 2024 1278 2059 quidam
1295 2024 1328 2052 de
1348 2025 1516 2060 presbyteris
1529 2025 1624 2053 volens
1651 2033 1697 2060 pa-

908 2072 1030 2099 rabolam
1047 2071 1231 2105 interpretari,
1249 2070 1386 2097 hominem
1412 2071 1457 2105 qui
1473 2070 1613 2098 descendit
1638 2079 1697 2098 esse

907 2118 1011 2151 Adam;
1028 2117 1190 2149 Jerusalem,
1216 2116 1374 2151 paradisum
1388 2126 1394 2149 ;
1409 2116 1530 2149 Iericho,
1549 2117 1697 2148 mundum;

908 2166 1026 2192 latrones
1053 2163 1206 2191 contrarias
1231 2163 1425 2196 fortitudines;
1458 2164 1639 2195 sacerdotem,
1665 2162 1696 2190 Ic-

871 2205 894 2231 Ῑ)
908 2219 985 2247 gem;
1004 2210 1135 2243 Levitem,
1163 2209 1324 2244 prophetas;
1342 2209 1517 2243 Samaritcm,
1532 2209 1671 2236 Christum
1689 2218 1696 2237 :

908 2257 1020 2285 vulnera
1038 2264 1113 2290 vero,
1133 2256 1364 2289 inobedientiam;
1381 2256 1494 2289 animal,
1518 2264 1618 2292 corpus
1645 2256 1695 2283 Do-

905 2303 987 2334 mini;
1015 2302 1196 2337 pandochium
1222 2299 1292 2334 (95),
1323 2301 1349 2330 id
1373 2308 1424 2334 est,
1450 2303 1602 2336 stabulum,
1620 2303 1694 2337 quod

959 2360 981 2376 δ’
997 2359 1090 2386 Matth.
1106 2366 1173 2390 χχιι,
1189 2358 1224 2386 59

903 2438 990 2460 mero.
1004 2430 1064 2466 Ipse
1077 2435 1182 2462 auctor,
1191 2426 1272 2466 quod
1287 2435 1315 2456 et.
1330 2430 1364 2466 cl.
1387 2429 1502 2457 Iluetius
1519 2430 1692 2459 animadven

904 2467 945 2500 tit,
965 2465 1040 2494 tonio
1063 2475 1113 2494 xm
1139 2467 1167 2492 in
1180 2465 1310 2501 Joannem
1325 2465 1418 2501 plures
1433 2466 1493 2492 istis
1518 2467 1629 2501 triginta
1646 2476 1692 2495 no-

904 2510 976 2535 vem,
992 2510 1053 2536 qua:
1079 2505 1234 2536 supersunt,
1262 2500 1310 2526 abs
1336 2499 1502 2536 Hieronymo
1521 2499 1616 2528 Laliue
1631 2503 1690 2529 red-

904 2537 979 2570 ditis,
995 2535 1010 2563 a
1031 2545 1061 2564 se
1077 2535 1163 2564 fuisse
1177 2536 1324 2563 adornatas
1339 2535 1470 2566 declarat,
1485 2544 1546 2563 cum
1560 2537 1607 2567 ait.
1620 2537 1655 2564 τὰ
1665 2538 1691 2565 δὲ

904 2572 969 2608 περὶ
982 2572 1144 2608 cuiusnath
1163 2570 1306 2607 προϐάτων
1317 2569 1388 2608 ἔχεις
1407 2571 1449 2602 εἰς
1465 2571 1514 2603 τὰς
1537 2572 1607 2608 κατὰ
1625 2574 1690 2599 Aou-

901 2605 954 2634 xiv
967 2607 1076 2642 ὁμιλίας
1086 2617 1092 2622 ·
1111 2607 1176 2640 Qua:
1186 2605 1279 2633 autem
1292 2605 1325 2642 ad
1338 2611 1440 2642 centum
1450 2615 1508 2633 oues
1517 2606 1691 2639 pertinent,m

900 2640 989 2669 habes.
1006 2643 1033 2670 in
1054 2643 1177 2669 homilias
1201 2649 1266 2677 quas
1298 2641 1325 2667 in
1348 2640 1447 2667 Lucam
1473 2644 1688 2676 conscripsimus.

898 2676 970 2704 Nihil
984 2678 1057 2705 enim
1076 2679 1128 2705 tale
1155 2678 1182 2704 in
1203 2678 1255 2708 bis,
1287 2684 1349 2711 qua:
1380 2681 1498 2709 exstant,
1523 2678 1643 2705 homiliis
1664 2679 1689 2705 iu

898 2712 997 2739 Lucam
1014 2714 1146 2740 invenias.

933 2748 989 2783 (95)
1001 2748 1057 2775 lloc
1068 2756 1179 2783 quoque
1194 2748 1345 2782 prolectant
1357 2758 1387 2776 e\'
1399 2748 1509 2776 llieron.
1518 2754 1560 2775 est
1571 2749 1688 2782 calamo,

897 2783 970 2844 ἔνιοί]
986 2783 1120 2811 stabulant
1132 2784 1227 2812 Latine
1241 2790 1329 2820 sonet,
1343 2786 1415 2821 quod
1433 2786 1459 2812 in
1471 2784 1606 2812 (ἔκιες.ρῇ
1621 2792 1687 2811 παν-

912 2827 1008 2844 ονεων.

912 2827 956 2853 οχε
961 2827 1008 2845 ιον.
