1846 3053
137 122 202 150 1887

873 112 1035 141 ORIGENIS

1700 103 1766 130 l8‘8

135 179 279 206 universos
304 177 426 204 volentes
456 173 569 202 introire
593 172 741 207 suscipiat,
773 171 922 199 Ecclesium
938 172 960 200 Λ
974 169 1082 204 quidem
1101 175 1150 202 ego
1163 172 1239 202 puto,
1261 173 1313 192 non
1328 168 1440 200 propter
1464 162 1552 189 istum
1573 167 1658 207 unum
1684 159 1767 185 semi-

136 223 319 259 interpretari.
333 222 420 250 Porro
434 221 504 248 duos
519 219 658 251 denarios,
670 218 776 245 Patrem
788 222 814 245 et
824 217 922 245 Filium

136 269 274 304 intelligi;
309 267 509 298 stabularium,
532 265 660 293 Ecclesia:
690 264 849 299 praesidem,
878 263 922 290 cui

135 314 306 349 dispensatio
320 314 422 341 credita
435 317 487 339 est.
508 313 544 338 De
559 319 592 338 eo
609 318 674 338 vero
687 310 759 344 quod
774 309 924 336 Samarites

136 367 310 387 reversurum
325 366 354 386 se
371 366 431 386 esse
446 357 589 392 promittit,
605 356 756 383 secundum
775 355 924 382 Salvatoris

135 405 272 441 ﬁgurabat
288 405 446 432 adventum.
462 403 525 430 Hart:
552 411 614 430 eum
646 402 842 429 rationabiliter
861 401 920 436 put.

135 452 257 486 ehreque
276 451 413 483 dicantur,
438 458 492 478 non
520 455 563 477 est
589 454 680 477 tamen
710 448 923 475 existimandum

135 497 209 531 quod
223 496 256 523 ad
271 503 382 523 omnem
396 495 534 523 hominem
554 495 718 530 pertineant.
739 493 834 528 Neque
849 493 923 520 enim

134 542 226 570 ouonis
239 542 322 569 homo
351 541 494 568 descendit
513 541 547 568 de
568 540 720 568 Jerusalem
749 540 776 567 in
799 539 922 572 Iericho,

137 596 187 615 nec
202 587 322 615 universi
350 592 494 622 propterea
516 587 542 613 in
571 586 698 622 prmsenti
726 586 828 613 saeculo
848 593 926 613 com-

137 637 281 661 morantur
302 643 309 660 :
330 633 393 660 licet
409 633 453 660 ille
477 633 523 667 qui
538 633 639 660 missus
652 636 703 664 est,
729 637 839 667 propter
861 639 924 666 per-

135 679 208 706 ditas
222 686 287 706 oves
310 678 415 706 venerit
430 679 528 706 domus
551 677 644 705 Israel.
674 677 761 705 llomo
779 677 861 712 igitur
877 677 925 712 qui

135 725 170 752 de
182 723 332 751 Jerusalem
348 723 489 751 descendit
510 724 538 750 in
552 723 672 755 .Iericho,
687 724 750 758 quia
765 723 851 751 voluit
868 723 926 758 ipse

136 769 312 802 descendere,
330 774 474 804 propterea
488 770 515 796 in
535 770 653 797 latrones
672 769 774 797 incidit.
794 769 926 797 Latrones

136 819 228 842 autem
244 815 310 842 nulli
327 820 392 842 sunt
409 815 466 848 alii,
481 815 535 843 nisi
547 815 582 843 de
599 816 699 850 quibus
722 816 847 843 Salvator
866 817 924 844 ait:

139 860 236 888 Ouum
247 861 292 895 qui
304 867 364 888 ante
378 869 419 888 me
428 866 562 892 venerunt,
575 861 646 895 [ures
664 861 769 896 fuerant
787 867 811 889 et
841 862 925 888 latra-

137 915 182 933 ucs
207 906 241 934 ⁸⁸.
269 906 460 935 Verumtamen
484 915 538 934 non
561 907 656 935 incidit
674 908 701 934 in
722 907 808 941 fures,
823 908 870 936 sed
898 909 925 935 in

140 952 226 979 multo
241 951 347 979 furibus
361 952 506 987 nequiores
520 953 650 984 latrones.
663 953 709 988 qui
718 953 925 981 descendentem

137 1004 201 1024 eum
221 997 254 1024 de
269 996 421 1024 Jerusalem
444 1006 505 1025 eum
524 998 662 1026 incidisset
677 998 703 1024 in
725 998 797 1030 illos,
824 998 926 1033 spolia-

139 1046 236 1069 verunt
257 1046 285 1069 et
300 1042 490 1077 imposuerunt
505 1043 529 1070 oi
547 1043 649 1078 plagas.
667 1043 732 1077 Qua:
744 1047 807 1071 sunt
827 1043 928 1078 plagm?

138 1095 200 1122 qua:
212 1087 324 1117 vulnera
343 1087 443 1122 quibus
465 1089 624 1116 vulneratus
654 1093 697 1116 est
723 1089 825 1116 homo?
857 1088 927 1115 Vitia

139 1138 221 1167 atque
241 1138 360 1168 peccata.
380 1134 482 1162 Deinde
508 1135 570 1170 quia
595 1135 716 1162 latrones
735 1135 782 1170 qui
805 1135 926 1162 nudave-

141 1183 203 1206 rant
215 1184 289 1210 sum,
308 1183 335 1206 et
348 1180 566 1212 vulneraveram,
580 1187 633 1207 non
651 1180 772 1209 assident
783 1180 868 1212 nudo,
878 1179 927 1207 sed

139 1223 226 1258 plagis
239 1231 335 1252 rursus
350 1225 484 1260 impositis
498 1226 656 1260 relinquunt
667 1234 741 1258 eum,
751 1226 852 1256 idcirco
861 1226 928 1254 scri-

140 1274 215 1303 ptum
239 1275 302 1298 est:
331 1270 482 1306 Spolianm
502 1280 572 1303 eum,
590 1277 616 1300 et
637 1272 746 1300 vulnera
771 1277 927 1307 opponentes

140 1315 272 1348 abierunt,
286 1325 316 1343 eo
331 1325 386 1346 non
401 1323 519 1351 mortuo,
541 1319 588 1346 sed
602 1319 738 1347 sentiae“.
752 1318 864 1348 Factum
887 1324 929 1346 est

139 1366 231 1390 autem
251 1367 280 1389 ut
296 1363 322 1391 in
342 1363 435 1390 eadem
460 1364 503 1392 via
532 1364 637 1399 primus
670 1365 809 1397 sacerdos,
830 1365 928 1392 deinde

143 1406 250 1434 Levita-3
261 1408 465 1442 descendi-rent,
475 1410 521 1444 qui
543 1409 657 1437 forsitan
681 1410 744 1438 aliis
771 1410 929 1439 hominibus

141 1451 212 1479 bona
237 1453 361 1486 quadam
384 1453 516 1487 fecerant.
541 1462 595 1482 non
610 1459 701 1481 tamen
724 1454 797 1486 huic,
808 1455 854 1489 qui
879 1456 928 1485 de-

140 1497 284 1525 scenderat
297 1498 331 1525 ab
346 1497 496 1527 Jerusalem
510 1500 536 1527 in
545 1499 665 1527 Jericho.
677 1500 755 1529 Hunc
768 1500 841 1528 enim
862 1500 928 1530 vidit
940 1520 962 1548 ρ

142 1542 279 1575 sacculos,
294 1547 358 1578 puto
374 1544 429 1572 Lex
445 1546 511 1573 vidit
527 1554 534 1573 :
557 1545 676 1579 Levites,
697 1551 726 1573 ut
752 1554 823 1578 reor.
837 1553 928 1574 sermo

140 1587 328 1622 propheticus.
344 1589 449 1617 Etcum
463 1591 594 1618 vidissent
605 1592 784 1626 reliquerunt,
797 1595 825 1619 et
839 1596 926 1620 trans-

141 1631 243 1659 ierunt.
276 1633 408 1663 Scrrahat
422 1636 523 1671 quippe
543 1637 705 1664 seminecem
719 1637 887 1672 providentia
903 1637 927 1666 ei

140 1679 188 1715 qui
207 1679 302 1709 fortior
316 1686 374 1709 erat
384 1683 441 1717 lege
456 1687 483 1710 et
499 1684 649 1718 prophetis,
668 1683 842 1713 Samaritano
853 1685 928 1714 vide.

141 1726 216 1759 licet,
236 1727 281 1761 qui
295 1727 489 1762 interpretatur
500 1735 600 1757 custos.
619 1730 669 1757 Iste
684 1735 725 1758 est
741 1731 787 1766 qui
800 1738 853 1759 non
865 1731 928 1759 dor-

143 1772 231 1804 mitat,
254 1781 341 1808 neque
368 1775 467 1802 dormit
493 1777 652 1804 custodiens
684 1777 790 1805 Israel:
818 1783 928 1813 propter

143 1818 306 1846 seminecem
321 1820 459 1854 profectus
478 1825 520 1849 est
543 1823 593 1850 iste
610 1822 799 1851 Samaritanus
823 1832 876 1851 non
895 1825 929 1852 de

142 1862 293 1892 Jerusalem
312 1866 339 1893 in
351 1865 470 1900 Jericho,
487 1868 557 1896 sicut
573 1869 701 1897 sacerdos
720 1874 747 1897 et
771 1869 863 1902 Levita
883 1871 929 1898 de-

143 1910 276 1938 scendens
295 1919 302 1937 :
318 1916 367 1938 aut
382 1913 404 1939 si
426 1913 574 1946 descendit,
599 1915 700 1943 idcirco
730 1916 877 1949 descendit,
899 1921 929 1944 ut

142 1954 260 1981 salvaret
277 1957 479 1992 custodit-etque
503 1960 674 1988 moriturum.
692 1961 731 1988 Ad
749 1969 828 1996 quem
846 1962 927 1989 locuti

142 2004 207 2025 sunt
228 1999 313 2027 Judmi
329 2010 336 2028 :
356 2002 545 2031 Samaritanus
557 2014 584 2033 es
601 2011 640 2038 tu,
660 2011 685 2033 et
701 2007 862 2035 dwmonium
881 2009 928 2035 Ita-

141 2042 185 2069 bes
198 2044 232 2071 ".
251 2045 302 2078 Qui
316 2054 378 2075 cum
393 2054 518 2084 negasset
536 2058 565 2078 se
579 2051 678 2078 habere
691 2051 866 2085 daemonium,
879 2054 929 2081 Sa-

142 2090 266 2118 maritem
276 2100 375 2128 negare
382 2102 413 2122 se
425 2096 521 2123 noluit.
535 2096 643 2124 Sciebat
654 2098 726 2125 enim
739 2106 768 2126 se
776 2099 927 2127 custodem.

142 2137 236 2170 Itaque
250 2145 312 2165 cum
325 2139 442 2168 venisset
460 2142 493 2169 ad
510 2143 685 2177 selninccem,
698 2149 725 2171 et
739 2145 849 2172 vidisset
866 2153 928 2172 eum

974 220 1079 241 necem.
1097 213 1143 240 sed
1159 216 1266 247 propter
1278 211 1346 238 alios
1359 216 1474 245 quoque
1487 208 1536 243 qui
1550 207 1587 234 ob
1604 205 1692 232 varias
1706 212 1768 231 cau-

974 267 1020 286 sas
1036 258 1143 287 fuerant
1162 258 1307 290 vulnerati,
1328 261 1355 284 et
1377 255 1540 290 indigebant
1557 252 1721 288 ailigaturis,
1741 256 1767 278 et

974 303 1044 335 oleo,
1059 308 1086 330 et
1101 304 1174 336 vino,
1189 311 1280 330 secum
1298 306 1421 336 portasse
1442 298 1623 326 Samarilem.
1645 296 1767 324 Habebat

934 345 962 354 ””
974 350 1063 377 oleum
1081 349 1115 376 de
1131 357 1186 384 quo
1201 349 1331 383 scriptum
1344 353 1386 374 est
1402 347 1446 374 ":
1475 345 1509 372 L71
1521 343 1654 372 altilem
1671 343 1766 377 [αιὶιηι

974 395 1001 421 in
1014 394 1087 426 oleo;
1105 395 1176 422 haud
1189 394 1301 422 dubium
1318 393 1385 428 quia
1400 392 1461 426 ejus
1473 391 1521 426 qui
1537 394 1652 418 curatus
1669 389 1766 419 fuerat,

974 442 1035 468 oleo
1053 442 1135 469 etiam
1159 445 1282 468 tumores
1305 439 1450 467 vulnerum
1473 437 1646 464 sedarentur.
1671 434 1723 461 Sed
1739 438 1766 460 ct

974 487 1039 514 vino
1050 487 1163 515 mundat
1177 486 1298 518 vulnera,
1310 483 1466 520 asperitatis
1479 482 1583 517 aliquid
1591 480 1749 509 admiscens
1757 489 1765 505 :

975 540 1093 567 eumque
1111 532 1157 567 qui
1176 532 1264 559 funerat
1280 528 1579 563 vulneratnsimposnit
1590 527 1728 562 jumento,
1740 525 1765 552 id

975 583 1028 612 est,
1047 579 1156 614 proprio
1170 577 1291 613 corpori,
1311 577 1389 612 juxta
1407 576 1434 604 id
1458 575 1532 611 quod
1554 579 1599 601 est
1625 573 1762 600 hominem

975 625 1102 660 dignatus
1114 632 1263 652 assumere.
1277 623 1330 650 Iste
1339 621 1530 649 Samaritanus
1546 623 1659 655 peccata
1675 622 1765 644 nostra

976 675 1074 705 portat.
1093 675 1121 698 et
1137 677 1185 705 pro
1198 669 1277 697 nobis
1290 669 1373 702 dolet,
1383 671 1474 703 portat
1489 666 1669 697 seminecem,
1688 664 1768 690 indu-

975 717 1013 744 cit
1044 716 1071 744 in
1096 715 1298 751 pandochium,
1326 714 1352 741 id
1378 718 1420 740 est
1446 712 1473 739 in
1502 710 1675 740 Ecclesiam,
1705 716 1767 744 qua

976 769 1071 789 omnes
1086 761 1209 796 suscipit,
1222 765 1249 788 et
1264 760 1329 787 nulli
1344 759 1477 786 auxilium
1491 765 1572 786 suum
1590 756 1718 791 denegat.
1734 755 1768 782 ad

977 816 1058 843 quam
1071 812 1184 836 cunctos
1193 811 1322 842 pravocat
1342 805 1422 833 Jesus
1435 805 1531 832 dicens
1545 803 1568 818 “
1589 812 1597 830 :
1622 801 1713 829 Venite
1735 801 1768 828 ad

977 861 1026 884 inc,
1039 860 1127 879 omnes
1138 853 1183 887 qui
1196 851 1323 878 laboratis
1334 855 1359 877 et
1379 849 1484 876 onerati
1505 849 1583 880 estis,
1604 852 1628 874 et
1648 855 1697 882 ego
1708 847 1768 880 reﬁ-

976 898 1044 925 ciam
1057 906 1112 925 vos.
1140 897 1174 924 Et
1198 901 1341 932 postquam
1365 895 1447 933 973
1473 894 1582 922 induxit
1610 901 1687 926 eum,
1714 900 1768 920 non

977 945 1067 972 statim
1083 944 1194 976 recedit,
1214 943 1261 970 sed
1282 949 1338 969 uno
1349 942 1393 969 die
1415 942 1442 968 in
1465 941 1576 968 stabulo
1599 947 1665 967 cum
1688 939 1769 966 semi-

978 997 1043 1017 ncce
1055 993 1219 1024 perseverat,
1235 993 1262 1016 et
1274 992 1352 1015 curat
1363 987 1477 1014 vulnera
1495 994 1551 1014 non
1564 986 1656 1013 solum
1670 985 1698 1012 in
1713 985 1766 1015 die.

978 1044 1070 1063 verum
1081 1036 1163 1063 etiam
1174 1035 1200 1061 in
1214 1039 1303 1067 nocte,
1315 1034 1446 1068 reliquam
1456 1032 1675 1060 sollicitudinem
1691 1039 1766 1059 suam

976 1082 1173 1110 etindustriam
1189 1081 1322 1108 tribuens.
1338 1079 1463 1114 Cumque
1483 1079 1564 1106 vellet
1586 1085 1671 1105 mane
1689 1078 1767 1112 proti-

977 1127 1055 1160 cisci,
1070 1127 1104 1154 de
1121 1126 1234 1161 probato
1247 1129 1358 1161 argento
1382 1132 1442 1157 suo,
1465 1124 1502 1151 de
1519 1124 1632 1158 probata
1654 1123 1768 1158 pecunia

978 1180 1027 1200 sua
1051 1173 1121 1200 tollit
1144 1173 1213 1200 duos
1232 1171 1368 1204 denarios,
1400 1174 1426 1198 et
1453 1175 1553 1197 onerat
1574 1170 1766 1199 stabularinm,

978 1219 1050 1246 haud
1065 1218 1177 1246 dubium
1195 1217 1261 1252 quin
1276 1216 1402 1252 angelum
1418 1215 1559 1248 Ecclesia,
1582 1216 1627 1242 cui
1648 1214 1769 1250 pracipit

979 1269 1008 1292 ut
1020 1265 1163 1300 diligenter
1178 1268 1256 1292 curet
1272 1271 1348 1296 eum,
1362 1267 1390 1290 et
1406 1263 1438 1290 ad
1451 1262 1598 1289 sanitatem
1609 1269 1699 1296 usque
1710 1268 1768 1295 per-

978 1311 1071 1344 ducat,
1086 1318 1167 1346 quem
1186 1318 1236 1345 pro
1247 1309 1373 1345 angustia
1393 1308 1524 1343 temporis
1536 1308 1621 1335 etiam
1644 1307 1706 1342 ipse
1720 1314 1767 1334 cu-

979 1363 1098 1388 raverat.
1113 1358 1172 1386 Duo
1190 1357 1292 1386 denarii
1309 1357 1404 1384 notitia
1420 1356 1485 1383 mihi
1511 1355 1620 1382 videtur
1635 1362 1700 1382 esse
1716 1353 1766 1380 Ρι-

979 1405 1029 1433 tris
1046 1408 1073 1432 et
1085 1404 1156 1435 Filii,
1171 1407 1198 1431 et
1209 1402 1323 1430 scientia
1344 1400 1521 1430 sacramenti.
1534 1399 1679 1435 quomodo
1693 1399 1767 1426 Pater

980 1451 1006 1479 in
1019 1449 1097 1483 Filio,
1106 1455 1133 1476 et
1142 1449 1228 1476 Filius
1241 1449 1267 1475 in
1281 1447 1359 1475 Patre
1369 1446 1464 1481 sit,qui
1480 1446 1555 1474 velut
1569 1445 1713 1472 mercedes
1724 1444 1767 1471 do-

980 1500 1079 1524 nantur
1097 1495 1204 1529 angelo,
1227 1498 1258 1521 ut
1278 1493 1434 1527 diligentius
1454 1495 1533 1519 curet
1556 1491 1610 1518 sibi
1630 1490 1768 1517 hominem

980 1543 1212 1574 commendatum,
1229 1545 1256 1568 et
1267 1539 1434 1575 promittitur
1448 1538 1473 1565 ei
1489 1537 1622 1572 quidquid
1632 1537 1668 1564 de
1683 1545 1734 1564 suo
1743 1536 1768 1562 i

981 1589 1113 1618 medelam
1132 1586 1276 1615 seminecis
1296 1583 1464 1619 cxpenderit,
1482 1582 1556 1609 illico
1569 1589 1633 1609 esse
1655 1580 1769 1608 redden-

980 1635 1056 1664 dum.
1076 1633 1145 1661 Vere
1169 1632 1249 1666 Legis
1269 1634 1296 1658 et
1316 1628 1465 1665 prophetia:
1496 1632 1591 1656 custos
1616 1627 1770 1656 animarum

981 1681 1032 1710 iste
1043 1680 1167 1710 vicinior.
1180 1678 1227 1713 qui
1241 1677 1305 1705 fecit
1319 1673 1537 1703 misericordiam
1562 1673 1588 1700 ei
1603 1673 1652 1708 qui
1669 1673 1769 1699 incide-

981 1731 1023 1753 rat
1041 1725 1068 1752 in
1081 1725 1210 1756 latrones.
1232 1727 1259 1750 et
1272 1721 1414 1757 proximus
1428 1721 1489 1755 ejus
1505 1719 1634 1754 apparuit
1649 1726 1704 1747 nou
1716 1722 1769 1746 tam

981 1779 1108 1800 sermone
1122 1778 1203 1806 quam
1216 1777 1306 1804 opere.
1324 1768 1393 1801 Quia
1406 1774 1471 1802 ergo
1485 1766 1617 1801 possibile
1635 1769 1680 1793 est
1694 1765 1768 1798 juxta

981 1819 1048 1846 illud
1065 1818 1138 1854 quod
1158 1816 1292 1852 sequitur.
1312 1814 1413 1841 imitari
1433 1821 1484 1840 nos
1502 1812 1657 1842 Christum,
1678 1816 1704 1838 et
1721 1809 1770 1836 mi-

982 1865 1065 1894 sereri
1077 1871 1172 1892 eorum
1188 1863 1235 1898 qui
1251 1860 1402 1889 inciderant
1426 1859 1454 1886 in
1486 1859 1620 1889 latrones,
1643 1857 1769 1884 auertere

981 1913 1014 1939 ad
1029 1919 1087 1943 eos,
1103 1910 1186 1945 ligare
1205 1909 1326 1939 vulnera,
1348 1906 1493 1933 infundere
1511 1905 1602 1931 oleum
1619 1908 1648 1931 et
1668 1904 1769 1934 vinum,

982 1957 1122 1990 imponere
1133 1961 1215 1988 super
1231 1952 1370 1987 proprium
1381 1951 1551 1985 jumentum.
1563 1953 1591 1976 ct
1601 1948 1674 1975 ferre
1690 1956 1769 1974 onera

982 2002 1119 2037 ipsorum;
1146 2004 1287 2034 propterea
1306 1998 1338 2024 ad
1354 1998 1416 2024 talia
1437 2005 1489 2024 nos
1518 1996 1669 2023 cohortans
1690 1994 1771 2021 Filius

982 2049 1041 2081 Dei.
1054 2055 1107 2076 non
1121 2052 1174 2075 tam
1193 2044 1298 2073 doctori
1316 2043 1382 2078 legis
1392 2050 1482 2078 .quam
1495 2042 1573 2069 nobis
1591 2049 1705 2076 quoque
1719 2049 1770 2068 οιιι-

982 2096 1062 2122 nihus
1075 2093 1194 2127 loquitur
1209 2101 1216 2118 :
1240 2090 1310 2118 Vade
1323 2094 1348 2116 et
1368 2094 1396 2116 tu
1408 2089 1452 2123 {ac
1463 2088 1600 2117 similiter.
1615 2087 1685 2120 Quae
1703 2088 1724 2114 si
1737 2087 1769 2114 si-

982 2141 1082 2168 militer
1098 2137 1254 2168 fecerimus,
1268 2135 1351 2163 vitam
1370 2141 1574 2168 consequemur
1596 2137 1729 2160 aeternam
1745 2132 1769 2158 in

144 2184 172 2211 in
187 2192 239 2211 suo
254 2185 386 2219 sanguine
400 2187 528 2220 volutari,
547 2188 676 2218 misertus
685 2191 847 2219 accessit'ad
865 2199 927 2218 eum
945 2197 966 2225 ι)
981 2185 1092 2213 Christo
1107 2183 1182 2215 Iesu,
1197 2183 1241 2210 cui
1258 2187 1299 2210 est
1311 2182 1397 2217 gloria
1410 2185 1438 2208 et
1453 2179 1598 2215 imperium
1621 2178 1648 2205 in
1675 2177 1768 2205 secula

145 2233 174 2256 ut
190 2230 265 2257 tieret
288 2230 347 2265 ejus
371 2233 520 2266 proximus.
551 2234 658 2270 Ligavit
685 2238 806 2270 vulnera,
831 2237 929 2265 infudit

143 2275 234 2303 oleum
249 2276 313 2304 vino
325 2277 449 2312 mistum,
464 2287 552 2315 neque
572 2281 642 2309 dixit
655 2283 726 2317 quod
748 2283 775 2310 in
799 2283 928 2318 propheta

143 2322 260 2358 l:-gitur:
276 2322 337 2351 Non
353 2329 392 2351 est
414 2325 547 2360 malagma
568 2327 710 2362 imponere,
731 2336 811 2362 neque
831 2328 928 2361 olea)",

143 2376 223 2404 mque
246 2369 405 2404 alligaturus
430 2372 465 2399 ⁸¹.
489 2372 540 2400 Iste
560 2378 602 2401 est
623 2373 823 2408 Samaritanus,
850 2375 929 2409 cujus

143 2422 208 2441 cura
224 2420 252 2442 et
273 2416 376 2444 auxilio
394 2424 488 2445 omnes
504 2419 551 2453 qui
569 2420 640 2447 male
660 2420 770 2451 habent,
797 2420 928 2455 indigent.

145 2459 232 2495 llujus
246 2462 288 2488 vel
303 2463 420 2490 maxime
435 2463 599 2492 Samaritani
620 2465 756 2500 indigebat
770 2465 872 2492 auxilio
883 2466 929 2501 qui

143 2506 177 2532 de
189 2505 338 2534 Jerusalem
357 2508 524 2537 descendens
546 2510 678 2538 inciderat
703 2512 730 2538 in
747 2512 876 2543 latrones,
903 2516 930 2539 et

144 2550 302 2579 vulneratus
319 2552 354 2579 ab
370 2552 419 2585 eis,
437 2554 606 2581 semianimis
621 2554 709 2582 fuerat
721 2554 876 2582 derelictus.
895 2553 931 2582 Ut

145 2600 234 2623 autem
245 2597 319 2624 scias
332 2599 404 2632 quod
416 2598 493 2632 juxta
507 2599 703 2634 providentiam
718 2600 763 2627 Dei
781 2600 930 2628 Samarites

143 2641 194 2668 iste
209 2642 380 2670 descenderit
396 2648 424 2670 nt
438 2649 547 2672 curaret
558 2653 619 2672 eum
639 2646 685 2680 qui
699 2645 831 2673 inciderat
850 2647 875 2673 in
889 2646 929 2673 la-

143 2691 245 2718 trones,
259 2688 401 2716 manifesto
416 2690 556 2718 (loceberis
570 2699 602 2718 ex
625 2699 658 2718 eo
677 2693 749 2726 quod
773 2699 864 2719 secum
883 2692 930 2719 ha-

144 2731 225 2758 bebat
236 2733 403 2768 alligatnras,
422 2744 513 2762 secum
531 2736 632 2769 oleum,
644 2744 736 2763 secum
746 2737 849 2763 vinum.
863 2736 929 2769 Qua:

181 2821 297 2851 “Joau.
313 2833 340 2858 χ,
355 2826 380 2853 8.
418 2827 438 2841 “
453 2826 531 2854 Juan.
550 2835 607 2860 rm,
626 2829 665 2855 l8.
704 2828 726 2844 "
739 2827 789 2855 lsa.
807 2836 824 2861 I,
841 2829 866 2854 G.
907 2829 910 2843 ³

418 2827 438 2841 ⁵⁸
453 2826 531 2854 Juan.
550 2835 607 2860 rm,
626 2829 665 2855 l8.
704 2828 726 2844 "
739 2827 789 2855 lsa.
807 2836 824 2861 I,
841 2829 866 2854 G.
907 2827 1006 2862 ’il‘sal.
1027 2835 1084 2860 cui,
1107 2827 1146 2855 15.

980 2231 1153 2261 saeculorum.
1165 2230 1262 2257 Amen.

1240 2283 1383 2312 HOMILIA
1394 2281 1505 2310 XXXV.

982 2334 1020 2361 De
1031 2341 1060 2360 eo
1072 2332 1141 2368 quod
1150 2332 1278 2366 scriptum
1288 2335 1326 2358 est
1340 2337 1349 2356 .'
1363 2338 1372 2355 ι
1391 2328 1507 2368 Qumi‘do
1519 2327 1595 2368 ratiis
1608 2335 1669 2353 cum
1680 2327 1769 2368 paver-

1015 2362 1086 2396 βαι·ίὸ
1099 2373 1154 2399 tuo,
1171 2376 1180 2393 ι
1194 2362 1217 2393 ἐι
1229 2371 1334 2398 εωιεηι,
1346 2372 1427 2399 usque
1439 2363 1473 2389 ad
1486 2371 1545 2390 eum
1559 2362 1647 2399 locum
1658 2362 1704 2388 ubi
1716 2363 1769 2388 ait:

1018 2413 1027 2430 ε
1044 2403 1078 2430 Et
1089 2397 1259 2430 novissimum
1270 2397 1398 2427 minutum
1413 2399 1517 2426 reddes.
1530 2407 1541 2426 ι
1556 2397 1624 2432 Cap.
1641 2404 1695 2426 xu.

1014 2457 1072 2485 Nisi
1087 2461 1160 2484 esset
1175 2456 1253 2483 nobis
1274 2459 1370 2482 natura
1391 2453 1519 2485 insitum,
1540 2452 1566 2479 id
1580 2452 1656 2487 quod
1669 2453 1769 2486 justum

980 2508 1022 2531 est
1039 2502 1192 2538 judicandi,
1210 2508 1349 2535 nunquam
1371 2499 1501 2528 Salvator
1527 2499 1632 2527 diceret
1652 2508 1660 2525 :
1688 2497 1769 2531 Quare

981 2556 1081 2580 autem,
1093 2554 1119 2576 et
1132 2557 1147 2575 (ι
1159 2546 1348 2581 nobismetipsis
1361 2554 1413 2573 non
1426 2545 1498 2579 quod
1509 2544 1770 2579 justuntestjudico-

983 2596 1040 2623 tis?
1060 2594 1159 2622 Verum
1183 2602 1217 2621 ne
1244 2593 1278 2620 ad
1307 2592 1499 2627 probationem
1521 2592 1606 2627 hujus
1635 2592 1770 2626 sententia

981 2641 1089 2677 longius
1106 2648 1263 2675 evagemur,
1285 2638 1404 2666 maxime
1424 2646 1489 2665 cum
1513 2638 1601 2665 multa
1625 2637 1769 2665 dilicilion

981 2689 1044 2716 huic
1056 2687 1175 2723 capitulo
1193 2687 1312 2714 subnexa
1327 2686 1394 2716 sint,
1410 2689 1520 2712 tantum
1537 2685 1672 2720 superbos
1695 2683 1769 2718 signi-

982 2735 1078 2762 ﬁt'asse
1091 2734 1215 2761 sutiiciet.
1234 2731 1304 2765 Quin
1324 2731 1414 2766 potius
1436 2732 1598 2759 animarum
1624 2737 1769 2759 nostrarum

1189 2827 1209 2842 "
1225 2825 1318 2854 Matth.
1337 2833 1373 2859 ιι,
1388 2825 1435 2852 ‘28.
