1846 3053
91 141 108 171 Ι
115 144 169 171 889

676 141 709 169 IN
730 142 848 170 LITCAM
868 142 1009 171 IIOMIIdA
1031 142 1137 171 XXXV.

1656 145 1727 173 18:0

92 204 132 231 ad
150 203 234 228 Deum
257 201 315 228 vcla
348 200 510 236 pamlamus,
533 201 764 236 deprecemurque
785 200 884 228 adven-
900 203 922 230 Α
936 207 986 228 est.
1006 201 1033 228 Si
1050 208 1141 229 autent
1161 201 1329 234 forinsecus,
1348 209 1398 229 nec
1411 201 1445 229 de
1468 201 1514 229 illa
1529 202 1647 230 Ecclesia
1664 212 1725 238 quae

93 254 155 275 tum
168 248 304 275 sermonis
317 247 387 281 ejus,
412 252 440 274 ut
459 247 652 281 interpretetur
673 248 829 282 mraholam
852 248 885 274 de

95 303 151 329 qua
167 294 317 321 scribitur:
333 293 447 326 Quando
460 293 533 319 rat/is
547 301 606 319 tuin
626 293 776 320 adversario
792 298 836 320 tuo
850 294 884 320 ad

92 340 252 373 principem,
265 339 291 365 in
304 340 345 366 ria
358 339 392 365 da
405 347 521 372 operam,
538 344 565 365 ut
587 338 680 365 liberes
699 344 724 366 te
742 339 774 365 ab
791 347 831 372 eo,
854 347 885 366 ne

93 386 166 420 forte
178 385 268 412 tradat
283 390 306 411 te
319 384 416 419 judiri,
434 389 459 411 et
467 384 551 418 judex
566 385 655 411 tradat
671 389 694 412 te
709 391 837 418 exacto",
860 390 884 411 et

92 431 123 457 in
136 438 267 457 (arcerem
279 430 408 456 mittaris.
422 430 504 457 Amen
514 431 573 457 dico
585 430 642 462 tibi,
665 438 717 457 non
732 431 794 457 inde
801 432 883 463 aries,

91 478 179 504 donec
195 476 366 502 novissimum
379 475 510 502 minutum
524 475 629 502 reddas.
649 476 774 509 Quatuor
791 483 884 511 perso-

90 531 146 550 nas
161 522 223 557 poni
238 522 326 555 video,
340 521 505 554 adversarii,
523 522 653 557 principis
664 543 671 555 ,
694 523 795 558 judicis
808 543 814 554 ,
834 531 866 550 ex
879 539 882 541 ι

90 569 207 601 actoris,
221 574 247 596 et
264 568 327 603 quia
341 567 446 595 videtur
459 568 622 603 evangelista
637 568 780 597 Mattlneus
795 570 884 597 simile

90 616 160 651 quid
177 617 286 643 locutus
302 615 328 642 in
347 621 380 642 eo
391 614 462 649 quod
479 614 517 641 ait
535 623 541 640 :
560 613 624 641 Esto
642 614 777 641 benevolus
788 615 883 642 adrer-

90 662 169 688 aario
181 666 226 688 tuo
237 661 299 687 dum
313 668 339 687 es
351 661 378 686 in
387 661 428 686 via
439 668 498 686 cum
510 668 539 686 eo
554 660 588 692 ",
599 668 691 695 quaero
706 665 796 687 utrum
812 661 882 688 idem

89 714 194 734 sensus
216 707 262 737 sit,
285 714 319 733 an
341 705 431 740 aliqua
455 706 491 733 sit
517 705 626 738 vicinia,
657 706 791 741 siquidem
812 707 883 741 apud

88 751 251 780 Maltbmum
267 760 319 779 una
332 760 447 787 persona
464 753 647 787 praetermissa
666 753 711 785 sit,
723 758 749 780 et
763 753 815 780 alia
832 755 884 780 im-

89 804 210 826 mutata.
231 798 436 826 Prtetermissus
446 803 488 826 est
499 799 635 834 princeps,
652 803 679 826 et
696 807 745 834 pro
756 804 883 827 exactore

88 845 220 872 minister
231 845 349 873 insertus
371 854 378 872 :
394 845 568 874 adversarius
583 853 648 873 vero
664 850 691 873 et
705 845 788 880 judex
802 846 879 873 sinti-

87 891 156 918 Iiter
166 891 200 918 ab
212 896 327 926 tttroque
337 895 401 919 sunt
416 891 508 926 positi.
521 891 593 918 Imus
604 891 696 926 itaque
711 899 772 919 cum
788 891 881 919 adver-

87 936 168 962 sario
188 940 283 963 nostro
307 936 340 963 ad
366 936 528 971 principem,
552 941 579 963 et
604 940 711 971 oportet
731 945 790 969 nos,
814 936 879 964 dum

85 981 182 1008 adhuc
193 981 218 1008 in
235 982 277 1008 via
295 989 402 1014 sumus,
419 981 525 1009 fortiter
542 981 674 1013 laborare,
690 985 720 1008 ut
735 981 881 1010 liberemur

85 1027 128 1053 ab
141 1033 183 1053 eo.
199 1026 333 1059 Quoniam
356 1026 512 1062 ambiguum
528 1026 627 1062 quippe
646 1026 751 1063 (94-95)
767 1028 880 1055 verbum

83 1078 143 1103 est.
154 1076 275 1107 etpotest
285 1077 339 1099 tam
349 1072 381 1100 ad
393 1072 540 1108 principem
552 1080 633 1108 quam
642 1072 675 1100 ad
683 1073 879 1106 adversarium,

86 1118 188 1145 referri
205 1128 212 1145 :
227 1117 268 1145 Ne
280 1118 347 1153 forte
364 1118 455 1145 tradat
473 1125 497 1145 te
508 1139 516 1151 ,
536 1119 594 1146 sive
614 1118 798 1152 adversarius,
824 1118 881 1146 sive

84 1163 230 1198 princeps,
243 1163 340 1197 judici,
352 1163 468 1197 etjadea:
483 1163 575 1190 tradat
592 1169 616 1191 te
630 1164 759 1197 exactori,
784 1168 808 1190 et
829 1171 879 1190 non

84 1207 153 1234 inde
162 1208 241 1240 exies,
260 1207 341 1234 donec
359 1208 528 1235 nouissimum
542 1207 598 1244 (95)
614 1213 739 1235 neutrum
761 1208 858 1235 reddas
872 1216 879 1236 :

87 1260 144 1288 pro
159 1260 213 1287 quo
237 1252 379 1281 Mattbaeus
400 1254 438 1281 ait
456 1263 463 1281 :
487 1253 574 1280 Donec
596 1255 690 1281 reddas
709 1255 880 1281 nouissimum

86 1297 267 1332 quadrantem
288 1299 321 1325 ⁵⁸.
343 1298 459 1326 Verbum
481 1306 546 1326 vero
572 1299 742 1326 novissimum
767 1304 881 1333 uterque

88 1343 190 1370 scribit
205 1353 212 1370 :
228 1344 384 1378 discrepare
396 1349 486 1372 autem
500 1349 564 1372 sunt
577 1345 638 1377 visi,
656 1346 728 1380 quod
747 1345 791 1372 hic
813 1353 880 1381 qua-

88 1388 217 1415 drantem
229 1409 236 1421 ,
254 1389 298 1416 ille
315 1390 450 1417 minutum
471 1390 579 1425 posuit:
596 1391 720 1425 quaedam
735 1391 800 1418 mihi
817 1396 882 1418 sunt

87 1434 242 1461 secretiora
256 1435 401 1470 tangenda,
417 1439 446 1462 ut
461 1436 643 1471 intelligamus
662 1436 744 1463 alium
757 1444 818 1464 esse
833 1437 881 1464 ad-

86 1479 260 1512 versarium,
280 1480 347 1507 alias
364 1485 419 1508 tres
438 1488 570 1516 personas
581 1500 590 1514 ,
609 1481 634 1508 id
653 1486 694 1509 est
711 1482 859 1517 principem
871 1503 879 1516 ,

85 1527 223 1562 iudicem,
239 1532 405 1554 exactorem.
421 1527 549 1563 Legimus
565 1527 605 1560 (si
624 1532 712 1555 tamen
729 1528 772 1555 cui
792 1529 879 1563 placet
893 1541 914 1569 ο

88 1572 282 1606 hujuscemodi
301 1572 470 1607 Scripturam
490 1573 628 1608 recipere)
645 1574 760 1608 iustitiae
780 1578 807 1601 et
829 1574 880 1600 ini-

87 1618 205 1652 unitatis
227 1619 340 1654 angelos
365 1626 446 1653 super
468 1619 584 1647 Abrahae
607 1619 695 1646 salute
716 1624 743 1646 et
769 1620 879 1647 interitu

85 1663 287 1697 disceptantes,
303 1663 369 1690 dum
387 1667 509 1698 utraeque
525 1668 621 1691 turmae
639 1671 689 1691 suo
706 1671 767 1691 eum
785 1664 880 1692 Volunt

85 1710 175 1737 metui
194 1709 344 1737 vindicare.
363 1709 440 1743 Quod
457 1710 478 1737 si
497 1710 541 1737 cui
556 1710 694 1745 displicet,
711 1715 831 1737 transeat
845 1710 878 1737 ad

86 1755 220 1782 volumen
237 1755 310 1789 quod
327 1756 407 1782 titulo
421 1755 543 1782 Pastoris
560 1755 699 1788 scribitur,
717 1760 744 1783 et
761 1755 879 1783 inveniet

86 1812 94 1826 ι
108 1801 200 1828 unctis
217 1801 373 1829 hominibus
387 1801 456 1837 (97)
476 1802 545 1830 duos
565 1802 660 1829 adesse
676 1802 802 1836 angelos:
820 1809 879 1828 mn-

86 1848 158 1880 I'un,
174 1848 221 1884 qui
240 1847 272 1876 ad
286 1855 414 1883 perversa
429 1848 606 1880 exhortatur,
621 1851 648 1874 et
665 1847 764 1875 bonum
782 1847 828 1883 qui
845 1847 878 1874 ad

85 1893 193 1926 optima
212 1901 328 1929 quaeque
355 1894 509 1929 persuadet.
538 1893 673 1920 Scribitur
697 1893 781 1925 alibi,
805 1893 877 1928 quod

85 1940 222 1968 assistant
244 1941 368 1974 homini,
390 1941 447 1968 sive
464 1941 490 1967 in
512 1940 611 1967 bonam
625 1960 632 1972 ,
649 1940 706 1967 sive
729 1939 755 1966 in
779 1940 877 1966 malam

85 1989 195 2020 partem
219 1985 342 2021 duplices
367 1985 467 2020 angeli.
493 1984 532 2012 De
548 1985 626 2012 bonis
649 1985 730 2012 etiam
755 1984 879 2011 Salvator

86 2031 235 2063 meminit,
255 2031 350 2058 dicens
371 2031 408 2058 νε
437 2030 530 2065 Angeli
552 2038 643 2057 eorum
667 2038 768 2065 semper
791 2031 878 2057 vident

85 2076 185 2111 faciem
209 2075 301 2103 Patris
323 2075 374 2102 mei
399 2076 444 2111 qui
466 2075 492 2102 in
514 2075 586 2102 uelis
606 2079 655 2102 est.
676 2072 764 2103 Simul
788 2082 879 2110 quaere

84 2126 181 2149 utrum
205 2122 382 2157 parvulorum
400 2121 427 2148 in
443 2120 563 2148 Ecclesia
580 2128 688 2155 semper
703 2120 812 2147 videant
827 2128 875 2147 an-

84 2167 141 2202 geli
157 2166 254 2194 faciem
276 2166 383 2199 Patris,
406 2171 433 2194 et
447 2166 563 2193 aliorum
584 2165 671 2200 angeli
690 2173 743 2192 non
762 2166 878 2194 habeant

936 254 991 273 non
1010 247 1090 273 habet
1106 247 1239 273 maculam
1257 252 1304 273 aut
1327 254 1423 281 rugam
1436 247 1459 262 ”
1470 267 1478 278 ,
1500 253 1547 274 aut
1561 248 1626 282 quid
1644 249 1725 277 istius

935 293 1027 324 modi,
1044 298 1071 319 et
1092 293 1150 327 ipsa
1171 300 1200 319 re
1222 293 1322 327 probor
1343 293 1449 321 alienus
1470 300 1532 321 esse
1552 301 1567 320 a
1586 294 1632 321 tali
1656 303 1724 322 eon-

935 338 1101 373 gregatione,
1115 346 1168 364 non
1184 338 1265 365 habet
1277 338 1404 365 fiduciam
1420 339 1533 374 angelus
1546 346 1624 367 meus
1638 341 1725 375 respi-

936 383 1024 411 cicndi
1045 384 1149 410 vultum
1171 382 1263 411 Patris
1283 383 1335 410 mei
1353 384 1400 418 qui
1419 384 1445 410 in
1469 385 1547 412 cadis
1562 392 1614 413 est.
1637 385 1725 419 Quam

935 430 971 456 oh
988 437 1098 457 causam
1114 430 1204 464 angeli
1221 437 1272 464 pro
1287 429 1366 457 bonis
1382 430 1491 458 solliciti
1511 435 1587 463 sunt,
1607 432 1727 459 scientes

935 477 1006 511 quod
1019 476 1041 503 si
1055 484 1105 503 nos
1115 473 1185 503 bene
1196 475 1418 510 gubernaverint,
1427 481 1453 504 ct
1464 477 1497 504 ad
1508 477 1624 505 salutem
1638 485 1725 513 usque

935 522 1129 557 perduxerint,
1148 522 1265 549 habeant
1284 522 1366 548 etiam
1386 522 1438 556 ipsi
1461 522 1589 550 fiduciam
1614 523 1724 552 videndi

935 567 1030 594 faciem
1048 567 1147 595 Patris.
1165 567 1309 600 Quomodo
1326 567 1398 595 enim
1414 568 1437 596 si
1454 576 1502 603 per
1516 577 1610 597 curam
1628 578 1724 598 eorum

934 617 962 639 et
976 612 1138 639 industriam
1154 612 1228 639 salus
1246 611 1405 638 hominibus
1418 618 1610 647 comparatur,
1625 614 1724 642 faciem

934 655 1023 683 Patris
1048 664 1157 691 semper
1172 657 1337 683 attendunt:
1359 657 1399 684 sic
1418 657 1441 684 si
1465 665 1512 692 per
1532 658 1725 694 negligentiam

934 709 1030 729 corum
1047 702 1131 729 homo
1143 702 1288 734 corruerit,
1302 702 1384 729 etiam
1399 703 1441 730 sui
1457 703 1569 738 periculi
1590 712 1646 732 rem
1663 713 1726 734 esse

935 755 989 774 non
1006 747 1144 775 nesciunt.
1161 746 1194 774 Et
1207 747 1279 774 sicut
1294 748 1384 775 bonos
1395 749 1551 783 cpiscopus,
1565 754 1589 777 et
1602 750 1726 784 optimus

934 791 1064 820 Ecclesia
1078 792 1250 826 dispensator
1266 792 1317 819 scit
1329 792 1370 820 sui
1387 793 1476 819 meriti
1496 801 1557 821 esse
1572 798 1654 829 atque
1665 795 1724 822 vir-

937 839 1003 866 tutis
1016 839 1024 872 ,
1038 839 1061 866 si
1082 847 1147 866 oves
1165 838 1255 874 gregis
1273 838 1324 866 sibi
1341 839 1434 865 crediti
1451 839 1551 866 fuerint
1568 841 1723 874 custodita,

933 886 968 912 ita
991 885 1109 920 intellige
1125 889 1152 912 et
1168 884 1202 911 de
1215 884 1330 918 angelis.
1345 884 1497 919 Ignominia
1514 886 1611 920 angelo
1634 892 1677 914 est
1697 887 1723 914 si

932 931 1014 958 homo
1025 930 1116 965 justus
1130 929 1251 957 creditus
1263 929 1356 961 fuerit,
1370 934 1398 956 et
1411 930 1581 964 peccaverit:
1598 937 1627 958 ut
1641 940 1723 959 econ-

931 978 1016 1005 trario
1031 978 1116 1012 gloria
1129 981 1172 1004 est
1184 976 1280 1011 angelo
1295 975 1319 1003 si
1332 975 1416 1012 974
1426 977 1546 1004 creditus
1561 977 1613 1005 sibi
1627 979 1722 1006 saltem

932 1024 1065 1051 minimus
1081 1023 1107 1050 in
1125 1022 1246 1051 Ecclesia
1260 1021 1352 1050 fuerit.
1367 1020 1504 1049 Videbunt
1513 1023 1586 1050 enim
1601 1031 1654 1051 non
1670 1025 1722 1051 ali--

931 1069 1050 1105 quando,
1066 1069 1112 1097 sed
1128 1077 1246 1104 semper,
1262 1068 1358 1095 faciem
1370 1066 1459 1095 Patris
1473 1068 1518 1103 qui
1533 1073 1575 1096 est
1589 1070 1615 1096 in
1633 1070 1722 1102 oculis,

932 1125 993 1143 cum
1011 1116 1056 1144 alii
1075 1123 1183 1150 semper
1203 1123 1256 1142 non
1279 1115 1398 1142 videant.
1422 1113 1576 1142 Secundum
1593 1116 1722 1144 meritum

931 1163 1004 1189 enim
1020 1169 1115 1189 eorum
1129 1169 1246 1197 quorum
1259 1160 1349 1195 angeli
1365 1164 1447 1193 sunt,
1464 1164 1512 1187 aut
1531 1168 1656 1195 semper,
1672 1164 1722 1189 aut

932 1216 1071 1243 nunquam
1082 1229 1089 1240 ,
1104 1207 1145 1235 vel
1161 1215 1256 1242 parum
1268 1227 1275 1238 ,
1295 1207 1337 1234 vel
1353 1207 1414 1242 plus
1426 1226 1433 1238 ,
1453 1206 1550 1234 faciem
1570 1206 1616 1234 Dei
1632 1207 1723 1243 angeli

933 1253 1203 1289 contemplabuntur.
1227 1252 1313 1287 Cujus
1333 1253 1372 1280 rei
1386 1252 1419 1279 ad
1434 1252 1567 1287 liquidum
1593 1253 1719 1280 notitiam

933 1300 1004 1328 Deus
1019 1299 1135 1332 noverit,
1151 1303 1178 1326 et
1193 1299 1215 1326 si
1235 1299 1313 1333 quis,
1329 1298 1392 1326 licet
1405 1305 1477 1329 raro,
1493 1297 1575 1325 fuerit
1593 1297 1721 1325 inventus

932 1354 1012 1381 quem
1036 1346 1162 1373 Christus
1184 1345 1315 1372 illnxerit.
1345 1343 1489 1372 Videamus
1510 1351 1576 1379 ergo
1600 1344 1720 1379 primum

932 1392 995 1427 quis
1008 1392 1044 1419 sit
1057 1392 1230 1419 adversarius
1243 1399 1305 1418 cum
1317 1398 1373 1426 quo
1386 1390 1437 1417 iter
1448 1390 1593 1418 faciamus.
1607 1389 1721 1425 Semper

934 1438 1076 1465 nobiscum
1087 1441 1129 1465 est
1141 1437 1325 1464 adversarius.
1336 1435 1458 1463 Infelices
1470 1443 1532 1468 nos,
1542 1440 1624 1470 atque
1637 1435 1720 1463 mise-

933 1484 1047 1512 rabiles!
1063 1483 1287 1518 Quotiescunque
1310 1482 1525 1518 peccaverimus.
1546 1482 1723 1510 adversarius

934 1535 1025 1556 noster
1040 1529 1175 1561 exsultat,
1197 1528 1288 1555 sciens
1303 1527 1432 1562 quoniam
1456 1526 1536 1554 habet
1560 1527 1718 1554 facultatem

932 1575 1002 1610 apud
1019 1574 1168 1609 principem
1183 1573 1276 1601 szcculi
1290 1573 1383 1607 hujusI
1397 1572 1444 1607 qui
1460 1580 1490 1599 se
1505 1572 1618 1599 miserat
1631 1572 1722 1600 exsul-

930 1620 1005 1648 tandi
1016 1625 1043 1647 et
1054 1619 1198 1655 gloriandi,
1210 1627 1243 1646 eo
1255 1619 1327 1654 quod
1341 1618 1524 1650 alversarius,
1538 1618 1612 1645 verbi
1623 1619 1722 1660 gratia,

906 1674 908 1676 ·
930 1666 1013 1701 hujus
1027 1666 1069 1693 vel
1091 1665 1179 1698 illius,
1203 1673 1267 1692 eum
1284 1665 1378 1692 fecerit
1393 1665 1509 1700 principi
1528 1665 1621 1691 saeculi
1638 1665 1721 1699 hujus

929 1720 990 1740 esse
1013 1712 1168 1746 subjectum
1186 1719 1234 1746 per
1251 1711 1313 1738 talia
1334 1715 1427 1745 totque
1449 1715 1576 1745 peccata,
1599 1718 1648 1745 per
1668 1711 1721 1738 hoc

930 1758 1051 1792 illudque
1068 1757 1208 1784 delictum.
1236 1755 1333 1783 Evenit
1357 1761 1448 1782 autent
1473 1755 1626 1788 interdum,
1651 1757 1720 1783 utsi

929 1803 975 1838 qui
1003 1803 1085 1830 fuerit
1105 1805 1271 1837 praeparatus
1292 1805 1430 1827 armatura
1455 1800 1519 1834 Dei,
1538 1807 1565 1828 et
1586 1809 1618 1828 ex
1643 1802 1722 1828 omni

929 1852 1006 1884 parte
1020 1855 1048 1875 se
1061 1848 1168 1878 texerit,
1181 1850 1294 1873 conetur
1306 1845 1416 1880 quidem
1432 1845 1606 1873 adversarius
1619 1846 1720 1873 vulnus

930 1894 1051 1927 inferre,
1079 1893 1125 1921 sed
1151 1892 1307 1919 facultatem
1331 1898 1384 1918 non
1415 1891 1513 1918 habeat
1537 1891 1720 1926 pcreutiendi.

930 1939 1044 1975 Semper
1063 1938 1206 1966 uobiscum
1230 1936 1405 1964 adversarius
1421 1936 1559 1971 graditur,
1576 1945 1719 1972 nunquam

929 1994 979 2013 nos
992 1985 1110 2016 deserit,
1126 1984 1223 2019 quaerit
1243 1983 1414 2010 occasionem
1430 1982 1603 2015 insidiarum,
1619 1983 1642 2010 si
1663 1991 1720 2018 quo

929 2030 1011 2058 modo
1027 2037 1078 2057 nos
1089 2029 1248 2057 subvertere
1259 2033 1351 2064 queat,
1365 2033 1394 2055 ut
1407 2028 1434 2055 in
1448 2027 1588 2062 principali
1605 2027 1721 2064 [ἡγεμοσ

928 2076 1007 2112 νικῷ]
1026 2075 1116 2104 cordis
1133 2075 1219 2102 nostri
1243 2075 1341 2102 malam
1368 2074 1496 2108 subjiciat
1513 2074 1721 2109 cOgitationem.

929 2122 1043 2156 Quando
1053 2123 1127 2149 vadis
1139 2122 1174 2149 ad
1187 2122 1332 2156 principem
1341 2121 1374 2147 ".
1386 2120 1518 2153 Quisnam
1531 2120 1582 2147 iste
1593 2120 1719 2154 princeps

928 2169 989 2197 est?
999 2169 1111 2202 Quando
1126 2168 1261 2195 dividebat
1270 2167 1426 2194 Altissimus
1438 2171 1536 2202 gentes,
1548 2167 1654 2201 quando
1665 2166 1721 2193 dis-

84 2213 241 2240 libertatem
265 2212 371 2240 vultum
392 2211 484 2239 Patris
507 2211 666 2239 attendere:
691 2219 779 2246 neque
803 2212 875 2239 enim
892 2214 914 2242 ι)
928 2215 1075 2242 ιεηιίηαὺαι
1088 2214 1159 2249 ﬁlios
1173 2213 1270 2246 Adam,
1284 2213 1379 2239 statuit
1392 2213 1517 2239 terminos
1529 2211 1668 2239 nationum
1681 2219 1720 2238 se-

85 2258 254 2292 sperandum
284 2262 346 2291 est,
378 2257 500 2284 omnium
526 2256 637 2291 angelos
661 2257 753 2284 videre
779 2257 875 2285 faciem

85 2304 178 2332 Patris
189 2304 235 2339 qui
247 2304 274 2331 in
287 2304 364 2331 caelis
373 2308 424 2331 est.
435 2303 463 2330 Si
476 2303 555 2331 fuero
564 2304 598 2330 de
609 2302 741 2336 Ecclesia,
751 2303 877 2338 quamvis

85 2350 221 2378 minimus
231 2350 294 2382 sim,
304 2350 386 2377 habet
395 2349 546 2377 libertatem
559 2349 671 2383 angelus
684 2356 760 2376 meus
770 2353 796 2376 ct
808 2348 878 2376 lida-

85 2396 160 2423 ciam
176 2403 283 2430 semper
301 2395 390 2423 videre
409 2395 505 2423 faciem
521 2393 611 2422 Patris
625 2394 678 2422 mei
697 2394 743 2429 qui
758 2394 785 2421 in
799 2395 877 2423 caelis

931 2261 1046 2287 cundum
1060 2267 1196 2286 numerum
1211 2258 1364 2294 angelorum
1379 2257 1440 2290 Dei,
1455 2263 1480 2284 et
1495 2258 1568 2292 facta
1579 2263 1618 2285 est
1632 2257 1720 2292 portio

931 2305 1039 2332 Domini
1061 2304 1173 2340 populus
1193 2304 1250 2339 ejus
1270 2303 1371 2336 ,ιω-οι,
1395 2303 1532 2338 funiculus
1554 2302 1719 2329 hereditatis

929 2351 987 2385 ejus
1004 2349 1092 2377 Israel
1103 2350 1135 2377 ‘°.
1151 2348 1207 2385 (98)
1222 2349 1305 2384 Igitur
1319 2348 1499 2384 principibus,
1516 2347 1542 2374 id
1554 2351 1598 2375 est
1613 2347 1719 2382 angelis

930 2397 987 2433 (99)
1000 2396 1035 2423 ab
1050 2396 1164 2424 exordio
1178 2401 1249 2423 terra
1263 2395 1350 2423 divisa
1365 2400 1417 2422 est.
1432 2393 1525 2421 Daniel
1542 2393 1644 2429 quippe
1657 2400 1718 2420 ma-

123 2464 147 2480 "
161 2463 254 2491 Matth.
270 2472 296 2496 ν,
311 2463 356 2491 25.
394 2464 416 2479 ⁵⁸
430 2463 496 2491 ibid.
510 2462 555 2491 '26.
594 2462 718 2498 "Matth.
732 2465 860 2496 xvthO.
899 2467 922 2483 ⁵⁸
938 2466 1070 2502 Ephesv,
1081 2465 1125 2492 27.
1166 2465 1188 2482 "
1203 2464 1298 2492 Matth.
1313 2472 1362 2496 xu,
1380 2464 1424 2492 58.
1463 2463 1486 2479 “
1499 2463 1577 2490 Dcut.
1591 2462 1716 2495 xun,8.

126 2531 235 2564 (94-95)
247 2530 370 2567 Graecum
392 2530 461 2567 sacri
475 2534 565 2567 textus
578 2530 701 2567 verbum,
720 2531 873 2567 καταρύρᾳ,

86 2567 308 2600 substituendum
323 2565 366 2592 hic
380 2566 486 2592 videtur
501 2564 607 2597 Latino,
625 2566 727 2600 quippe.
793 2564 805 2573 ’“

125 2601 180 2636 (96)
195 2599 306 2627 Videtur
316 2600 349 2636 de
360 2600 494 2636 industria
505 2599 648 2636 lectionem
663 2601 735 2636 illam
748 2599 875 2636 pra‘ferre

86 2634 178 2663 eam
192 2634 341 2670 archetypi,
357 2642 418 2669 qua:
437 2635 464 2661 in
485 2640 583 2661 neutro
601 2634 681 2661 habet
693 2635 723 2661 τὸ
740 2634 853 2669 ἔσχατον
865 2655 872 2668 ,

85 2671 167 2699 alteri
175 2678 235 2705 quae
246 2671 272 2697 in
281 2671 341 2696 aliis
351 2670 469 2696 occurrit
475 2669 686 2705 exemplaribus,
695 2669 743 2705 rei
749 2669 871 2705 ἔσχατον,

125 2705 182 2741 (97)
195 2704 317 2741 Diximus
331 2711 412 2738 supra
427 2705 460 2731 ad
473 2704 568 2741 homil.
584 2704 715 2741 25vidcrl
728 2704 871 2741 Origenem

86 2739 211 2769 sensisse
219 2740 298 2767 bonis
310 2743 425 2772 tantum,
434 2739 589 2774 sanctisque
599 2739 666 2774 viris
674 2739 813 2774 custodem
827 2747 873 2766 an-

85 2776 178 2812 gelum
196 2774 321 2812 adjungi:
341 2774 384 2801 hic
397 2774 483 2812 multo
497 2773 575 2801 aliter
589 2773 657 2801 duos
670 2774 768 2812 quique
783 2773 871 2801 homi-

85 2802 153 2838 iinm
166 2802 319 2844 assig'natuos
332 2810 547 2844 apocrypborum
560 2816 669 2844 quoque
679 2802 812 2844 libi-orum
825 2816 871 2836 au-

85 2845 215 2874 ctoritate
226 2843 380 2872 iontendit:
396 2843 421 2871 ei
433 2843 515 2879 paulo
529 2843 643 2872 inferius
655 2843 871 2872 luculentissime

929 2533 963 2561 iis
976 2533 1058 2560 etiam
1073 2533 1118 2568 qui
1132 2533 1166 2560 ab
1177 2532 1298 2560 Ecclesia
1307 2532 1387 2559 alieni
1400 2527 1644 2568 sunt,assig’natos
1655 2539 1718 2566 pro-

930 2569 1038 2595 nuntiat
1047 2566 1176 2596 custodes
1187 2568 1308 2602 angelus,
1321 2568 1383 2594 dunt
1396 2576 1443 2594 eos
1457 2567 1494 2593 ait
1506 2574 1558 2592 non
1571 2566 1672 2593 audere
1681 2568 1716 2594 ad

929 2603 1048 2631 caelestis
1063 2603 1152 2630 Patris
1164 2603 1259 2630 faciem
1271 2603 1366 2629 oculos
1380 2602 1512 2633 attollere,
1528 2606 1555 2628 et
1566 2609 1615 2635 pro
1628 2602 1715 2628 homi-

929 2646 994 2665 num
1008 2638 1060 2666 sibi
1079 2638 1248 2665 subditorum
1265 2638 1370 2664 meritis
1386 2643 1432 2664 aut
1454 2644 1564 2671 semper.
1588 2641 1633 2662 aut
1649 2645 1717 2663 nun-

928 2681 1018 2706 quam,
1036 2673 1074 2700 vel
1089 2681 1200 2707 parum,
1217 2672 1257 2699 rel
1271 2672 1331 2706 plus
1355 2672 1450 2706 facient
1474 2671 1523 2698 Dei
1544 2671 1716 2707 cantetnplari

927 2716 1008 2743 posse
1022 2716 1029 2741 ;
1047 2706 1299 2744 quaeexaggeratio
1310 2727 1317 2739 ,
1344 2711 1487 2744 quantum
1504 2706 1538 2733 ab
1563 2706 1716 2734 orthodoxa

927 2743 1062 2770 sententia
1079 2743 1236 2773 abhorreat,
1254 2749 1334 2768 netno
1351 2749 1405 2768 non
1420 2743 1512 2768 st-ntit.

965 2777 1019 2814 (98)
1039 2778 1103 2814 Vide
1116 2786 1175 2814 cap.
1188 2776 1205 2804 5
1223 2777 1270 2805 lib.
1287 2785 1314 2814 tu
1328 2776 1398 2814 Περὶ
1413 2776 1515 2814 ἀρχῶν.

964 2810 1020 2848 (99)
1039 2813 1104 2841 Vide
1119 2810 1192 2840 n.'in
1209 2820 1269 2848 cap.
1289 2813 1305 2840 5
1326 2810 1377 2840 lib.
1394 2810 1510 2846 ιιιΠερὶ
1528 2810 1630 2846 ἀρχῶν.
