1846 3053
141 135 204 162 illi"

140 192 264 220 rubenius
275 198 346 226 quos
360 189 466 226 Moyses
481 190 592 225 angelos
608 190 773 221 nominarat,
790 189 925 223 prim-ipes
943 190 962 217 Α

140 247 202 266 esse
215 242 339 268 testatur,
359 237 472 263 dicens:
492 236 617 270 Princeps
638 236 711 268 regni
730 235 883 264 Persarum,
903 239 927 260 et

140 287 260 320 princeps
277 284 348 317 regni
366 283 518 310 Cra-corum
529 302 536 314 ,
557 287 580 308 et
603 282 717 308 Michael
732 282 851 316 princeps
869 289 930 315 gen-

141 331 208 358 tium
222 331 254 357 εί.
276 330 304 364 (l
319 334 327 364 )
341 329 374 356 Et
393 328 579 362 unusquisque
594 332 718 354 nostrum
734 335 826 354 secum
850 327 930 353 habet

141 377 329 404 adversarium
354 376 553 403 coluerentem.
581 372 660 406 cujus
683 380 752 407 opus
769 377 810 400 est
832 373 930 399 ducere

142 429 194 449 nos
213 421 246 447 ad
270 420 436 455 principem,
462 422 489 444 et
510 417 623 444 dicere:
644 416 829 461 0.prinecps,
855 415 929 442 verbi

142 467 244 501 gratia,
261 465 335 500 regni
355 463 516 493 Persarum,
536 463 587 489 iste
603 462 648 496 qui
669 462 762 488 subter
785 465 844 488 erat
861 461 929 491 tibi,

141 517 217 543 eum,
230 515 259 536 ut
271 517 339 544 opus
356 507 452 539 ineat,
469 507 604 534 custodiri
622 516 628 533 :
646 507 738 534 nullus
753 507 826 533 enim
842 506 874 533 de
888 513 931 532 re-

144 556 226 590 liquis
246 554 414 589 principibus
430 553 464 579 ad
479 559 509 579 se
524 552 612 586 potuit
627 551 814 584 transducere,
837 558 871 578 nc
887 551 931 578 ille

143 602 266 636 quidem,
278 600 324 634 qui
338 600 370 625 avl
384 599 436 625 hoc
445 605 473 625 se
485 597 729 631 venissejactabat,
740 601 768 623 ut
779 597 812 623 de
824 597 931 624 cunctis

146 646 350 674 haereditatibus
364 644 520 675 Persarum,
537 643 595 669 sive
609 642 778 675 Graecorum,
794 643 931 669 omniurn—

144 700 198 726 qrrc
216 692 357 718 nation‘utn
376 693 483 724 raperet
503 689 644 720 homines,
664 692 690 715 et
710 687 867 714 haereditate
884 687 930 713 Dei

145 737 246 763 faceret
271 743 332 761 esse
357 734 505 768 subjectos.
531 733 657 760 Christus
682 732 814 759 Dominus
838 737 931 758 noster

144 790 239 808 orrtues
254 781 390 816 principes
404 780 478 811 vicit,
492 783 519 805 et
531 779 662 805 terminos
675 786 769 805 eorum
785 777 929 810 transiens,

144 827 266 860 captivos
289 825 402 859 populos
417 823 449 850 ad
468 832 496 851 se
511 824 648 850 transtulit
666 824 692 849 in
710 823 836 850 salutent.
855 823 885 849 Et
902 827 930 849 tu

880 126 1043 157 ORIGENIS

1719 129 1778 155 189Ξ

979 186 1072 214 Deum.
1093 186 1203 219 Quando
1219 187 1293 214 radis
1311 195 1372 213 cum
1393 187 1563 214 adversario
1583 191 1630 212 tuo
1643 186 1677 211 ad
1690 187 1779 219 princi-

980 240 1049 266 pem,
1066 233 1093 258 in
1107 233 1147 259 via
1162 233 1196 258 da
1212 241 1327 267 operam.
1356 232 1462 258 Lat'ttat
1487 232 1516 257 in
1540 231 1596 257 huc
1620 230 1680 256 loco
1697 238 1778 256 nescio

981 277 1058 312 quid,
1081 282 1107 304 et
1128 283 1261 305 secretum
1280 282 1339 310 est,
1358 279 1386 304 in
1407 277 1452 304 uia
1466 277 1506 302 da
1523 283 1650 309 operam.
1667 275 1780 302 Salvator

980 323 1018 350 ait
1031 324 1054 340 "‘
1068 334 1073 351 :
1089 323 1145 358 Ego
1163 332 1221 350 sum
1240 324 1298 356 via,
1323 325 1422 351 veritas
1435 343 1444 355 ,
1478 328 1506 349 et
1529 323 1602 349 vita.
1628 321 1657 348 Si
1680 322 1778 348 dederis

980 377 1103 404 operam.
1120 375 1147 395 ut
1163 370 1287 396 libereris
1302 369 1336 396 ab
1353 368 1532 401 adversario,
1549 372 1614 394 esto
1638 367 1665 393 in
1678 367 1739 393 via:
1753 373 1778 394 et

956 410 965 417 ’
981 423 1042 442 cum
1055 415 1163 442 steteris
1171 415 1196 442 in
1208 423 1241 442 eo
1249 415 1295 449 qui
1303 415 1383 442 dicit:
1398 414 1455 449 Ego
1465 422 1527 440 sum
1538 414 1594 445 tria,
1605 413 1715 440 stetisse
1729 420 1776 438 non

981 461 1088 493 audiuit,
1111 461 1159 488 sed
1179 461 1212 488 da
1236 468 1345 495 operam
1363 465 1392 487 ut
1410 460 1544 487 libereris
1562 460 1599 486 ab
1615 459 1777 486 adversario.

981 505 1038 533 Nisi
1062 506 1169 533 dederis
1196 514 1316 540 operam,
1340 511 1368 532 ut
1395 506 1432 532 ab
1456 505 1626 532 adversario
1653 504 1776 535 libereris,

981 558 1042 584 qua:
1063 555 1088 577 te
1111 557 1259 585 sequantur
1277 550 1413 578 ausculta.
1437 550 1539 577 Trahit
1560 554 1587 576 te
1608 550 1643 576 ad
1664 549 1775 583 judicent

982 597 1165 629 adversarius,
1180 597 1237 624 sive
1251 597 1378 631 princeps
1393 604 1458 623 eum
1476 601 1502 623 te
1517 595 1678 630 susceperit
1690 596 1723 621 ab
1736 596 1777 622 ad-

982 640 1116 671 versario,
1132 640 1215 667 trahit
1235 646 1260 667 te
1276 640 1308 667 ad
1323 640 1458 674 judicem.
1481 639 1572 673 Quam
1597 641 1712 674 elegans
1724 648 1777 666 ven

984 686 1058 716 bum,
1076 686 1168 717 trahit,
1187 686 1352 714 utostendat
1369 686 1580 721 quodammodo
1603 691 1778 713 retractantes

982 734 1010 757 ct
1029 730 1150 757 nolentes
1171 731 1203 757 ad
1223 731 1482 758 condemnationem
1507 730 1580 758 trahi
1601 735 1630 757 et
1650 731 1691 757 ire
1710 738 1778 757 com-

983 776 1061 810 pelli!
1083 775 1150 808 Quis
1166 776 1238 803 enim
1257 777 1392 804 homicida
1408 777 1520 804 concito
1534 778 1622 811 gradu
1642 777 1730 810 pergit
1747 777 1776 802 ad

981 821 1120 855 judicent?
1144 822 1205 856 quis
1226 823 1346 857 gaudens
1364 823 1398 849 ad
1413 823 1683 850 condemnationem
1703 831 1775 850 suam

145 873 177 898 de
202 876 277 906 parte
304 869 419 903 alicujus
446 869 577 903 principis
597 875 678 895 eras:
707 869 781 895 venit
801 867 880 895 Jesus
907 873 933 894 ct
949 860 969 888 Β
985 866 1024 893 ire
1038 866 1158 898 festinat,
1177 873 1203 893 et
1220 875 1273 894 non
1292 868 1393 895 invitus
1409 868 1540 901 trahitur,
1552 876 1587 895 ac
1606 868 1777 902 repugnans?

145 918 235 952 rapuit
252 921 277 943 te
291 917 325 943 de
349 919 482 950 potestate
508 922 634 949 perversa
645 934 653 946 ,
668 918 696 941 et
712 913 767 941 Deo
784 913 855 940 Patri
881 913 932 941 ob-

146 963 219 989 tulit.
236 962 414 989 Adversarius
427 968 493 995 ergo
512 965 603 987 noster
618 960 750 992 ambulat,
768 961 871 987 dueerrs
883 967 932 988 nos

145 1009 177 1035 ad
193 1009 342 1043 principem
359 1016 449 1035 suum.
467 1006 543 1034 Unde
562 1014 612 1042 ego
631 1007 745 1033 credens
758 1006 849 1033 omnia
861 1006 933 1033 Seri—

145 1058 287 1089 pturarum
304 1055 385 1081 verba
405 1055 504 1081 habere
521 1053 665 1083 rationem.
682 1060 734 1080 non
750 1057 815 1087 puto
832 1052 932 1080 frustra

142 1099 260 1133 judicent
278 1099 316 1133 (‘2)
331 1099 400 1134 apud
414 1099 534 1131 Graecos,
549 1106 610 1126 cum
624 1098 870 1133 articulopositum
885 1099 931 1133 qui

143 1144 342 1178 singularitatis
361 1144 529 1179 signiﬁcator
544 1149 602 1176 est;
625 1143 774 1179 principem
790 1152 853 1171 vero
871 1145 930 1172 sine

143 1189 261 1216 articulo
285 1190 416 1224 scriptum
443 1197 503 1217 esse
525 1189 695 1224 simpliciter.
724 1189 836 1222 Quando
855 1190 928 1216 uadis

143 1242 202 1261 cum
221 1235 373 1261 adversario
386 1239 439 1261 tuo.
456 1234 600 1269 Signauter
615 1234 661 1266 ait,
678 1240 733 1261 tuo.
751 1234 843 1270 Neque
857 1235 930 1262 enim

143 1288 238 1307 omnes
251 1281 372 1307 omnium
390 1284 454 1307 sunt
470 1279 631 1313 adversarii,
646 1280 692 1308 sed
711 1281 810 1315 singuli
835 1281 942 1316 singu-'

142 1325 184 1352 los
201 1326 310 1357 habent,
328 1327 373 1360 qui
393 1327 493 1360 ubique
517 1334 563 1354 cos
580 1331 740 1360 sequantur,
763 1332 790 1353 et
809 1327 865 1354 sint
885 1334 931 1354 co-

143 1371 233 1398 mites.
256 1371 368 1403 Quando
387 1372 462 1398 vadis
475 1380 536 1398 cum
551 1372 704 1399 adversario
721 1378 768 1399 tuo
783 1373 817 1400 ad
834 1373 931 1405 princi-

141 1424 209 1450 pem.
236 1416 294 1444 Non
312 1425 374 1444 cum
398 1417 514 1445 articulo
531 1419 678 1453 principem
699 1419 802 1453 posuit,
820 1427 854 1446 ne
872 1426 929 1446 cer-

143 1467 200 1489 tum
225 1462 362 1489 videretur
382 1463 543 1496 ostendere;
566 1464 612 1491 sed
640 1464 699 1491 sine
718 1465 844 1497 articulo,
867 1470 896 1492 ut
915 1472 931 1492 c

141 1506 268 1540 pluribus
281 1514 364 1534 unum
377 1514 437 1535 esse
453 1513 617 1537 monstraret
630 1518 636 1535 :
650 1509 722 1543 quod
739 1509 810 1543 apud
821 1509 929 1537 Graecos
944 1527 964 1555 ο

144 1553 232 1587 magis
251 1553 419 1588 intelligitur.
438 1552 632 1588 Unusquisque
646 1555 718 1581 enim
736 1562 859 1582 nostrum
876 1564 929 1583 non

143 1598 227 1625 habet
243 1598 382 1632 proprium
399 1598 560 1633 principem.
576 1599 628 1632 Qui
645 1599 730 1634 Syrus
748 1605 801 1631 est.
818 1601 869 1628 sub
885 1601 930 1637 Sy-

142 1649 236 1670 rorum
255 1643 375 1677 principe
388 1648 439 1675 est,
460 1649 485 1671 et
508 1644 698 1679 unusquisque
717 1646 769 1673 sub
788 1653 839 1673 suo
855 1647 930 1681 prin-

140 1688 202 1721 cipe
215 1687 303 1722 gcntis
319 1693 378 1716 est:
396 1688 418 1716 si
435 1693 524 1717 tamen
542 1691 682 1725 hucusque
703 1692 868 1726 processisse
887 1701 930 1721 mc

141 1733 259 1765 subicit.
277 1738 303 1761 et
331 1734 366 1763 ab
387 1735 437 1762 hac
460 1736 643 1771 disputatione.
665 1737 698 1764 ad
716 1738 795 1765 aliam
815 1739 930 1767 transire

142 1779 286 1816 majorem,
301 1787 329 1808 ut
342 1787 455 1810 crateras
472 1790 582 1817 quoque
598 1788 690 1817 gentes
709 1784 790 1811 etiam
810 1792 930 1812 comme-

142 1834 257 1854 morem.
286 1825 363 1854 Undc
389 1826 489 1854 dicitur
503 1828 549 1854 ως
576 1827 667 1855 Videte
681 1827 765 1856 Israel
787 1829 929 1856 tectmdum

141 1881 257 1900 carnem.
278 1873 408 1900 Prudenti
423 1873 551 1908 coepisse,
568 1874 670 1901 dixisse
682 1880 743 1902 est:
760 1875 821 1902 licet
837 1881 864 1902 ct
879 1875 929 1902 hoc

140 1919 169 1948 in
185 1919 284 1954 populo
299 1919 416 1953 cmpisse
432 1926 598 1946 sermonem.
622 1919 675 1952 Qui
699 1924 724 1946 te
743 1920 810 1951 \‘ult,
831 1920 928 1954 inquit,

141 1966 242 1993 ducere
265 1965 300 1992 ad
324 1964 474 2000 principem
506 1973 603 1998 suum,
628 1971 656 1992 et
676 1966 711 1993 ab
731 1966 785 1993 alio
809 1965 930 2000 principe

141 2011 309 2042 conducere,
337 2011 448 2046 quando
470 2011 546 2038 vadis
567 2019 628 2038 cum
649 2011 806 2039 adversario
829 2016 875 2038 tuo
895 2011 929 2039 ad

141 2057 302 2091 principem,
327 2057 353 2084 in
376 2058 418 2085 via
441 2059 474 2085 dn
500 2065 610 2092 operam
635 2062 664 2085 ut
687 2058 810 2084 liberta-is
831 2058 865 2084 ab
885 2064 927 2084 eo.

140 2102 198 2129 Nisi
226 2103 301 2130 omni
329 2104 419 2131 studio
448 2103 626 2136 laboraveris,
655 2103 719 2130 dum
749 2103 838 2130 adhuc
858 2103 928 2130 viam

140 2148 243 2182 carpis,
266 2153 412 2182 antequam
438 2149 601 2184 ingrediaris
614 2148 646 2175 ad
663 2149 823 2183 principem,
839 2149 928 2184 prius-

141 2201 223 2227 quam
238 2194 365 2228 princeps
388 2195 477 2221 tradat
501 2201 526 2222 tc
543 2194 624 2229 judici
640 2194 675 2221 ab
689 2195 844 2221 adversario
861 2201 928 2228 prtc-
945 2206 965 2233 [ι

141 2244 278 2272 paratum,
300 2243 391 2272 postea
414 2238 515 2266 frustra
536 2239 690 2266 conaberis.
715 2239 751 2266 Da
771 2247 837 2273 ergo
862 2247 926 2274 ope-

141 2292 210 2315 ram.
227 2289 256 2311 ut
273 2284 397 2311 libereris
412 2285 446 2311 ab
459 2292 502 2317 eo,
517 2284 575 2312 sive
592 2292 607 2311 a
623 2285 743 2319 principe
758 2285 791 2311 ad
807 2292 887 2319 quem
902 2289 928 2312 te

141 2329 226 2356 trahit
250 2329 433 2356 adversarius.
457 2329 494 2356 Da
518 2337 629 2364 operam
652 2334 682 2356 ut
698 2329 798 2356 habeas
819 2330 926 2363 sapien-

141 2374 218 2407 tiam,
232 2374 377 2408 justitiam,
395 2375 594 2407 fortitudinem,
610 2380 691 2409 atque
708 2375 924 2409 temperantiam,

139 2425 167 2446 et
182 2424 247 2447 tunc
264 2420 467 2454 complcbitur:
492 2419 559 2446 Ecce
578 2420 666 2452 ltomo,
688 2428 764 2454 opera
786 2420 842 2454 ejus
865 2426 926 2447 ante

140 2466 236 2501 facient
251 2474 326 2492 suam
344 2466 377 2492 “.
405 2465 461 2493 Nisi
484 2466 593 2493 dederis
616 2474 737 2500 operam,
758 2474 811 2493 non
826 2467 925 2501 puteris

139 2511 290 2539 adversarii
303 2515 412 2546 pactum
433 2511 591 2546 infringere,
605 2512 684 2546 cujus
703 2511 822 2538 amicitia
836 2517 876 2539 est
896 2513 924 2540 in

174 2581 196 2597 “
212 2580 279 2608 Dan.
294 2589 320 2612 ιι,
339 2581 381 2608 15.
397 2580 442 2610 20,
458 2581 503 2608 21.
541 2581 656 2608 “lCor.
672 2581 753 2611 x.18.

140 2623 167 2648 ι,
184 2616 228 2647 52,
240 2616 284 2642 '55.
333 2616 352 2631 ‘7
366 2615 460 2642 Matth.
474 2624 549 2647 xviii,
563 2617 606 2643 ΞΑ.
641 2616 663 2631 ⁴³¹⁸
675 2616 767 2643 Matth.
783 2625 857 2649 xvm,
871 2618 915 2643 ει.

174 2671 213 2707 (l‘,
230 2671 296 2707 Vide
306 2680 367 2707 cap.
383 2672 413 2701 8.
427 2670 473 2697 lib.
491 2679 511 2703 ι,
524 2671 591 2705 Περὶ
602 2671 711 2707 ἀρχῶν.

176 2706 213 2743 (ῖξ)
240 2706 311 2734 Duas
332 2706 458 2737 voculas.
484 2709 552 2741 apud
578 2706 697 2738 (ir/eros.
721 2708 839 2743 itemque
864 2709 923 2736 illas

142 2742 222 2774 paulo
247 2748 316 2778 post,
338 2743 406 2776 quod
429 2743 497 2778 apud
518 2742 620 2768 Gr‘a'cos
645 2744 728 2777 magis
755 2742 923 2778 intelligitur,

142 2777 183 2811 the
199 2783 248 2811 suo
264 2775 442 2811 Hieronymus
465 2777 630 2810 adjuuxcrrt.
659 2775 705 2804 Εζι
732 2787 796 2805 \‘ero
818 2775 922 2810 (Limen,

142 2810 184 2848 ἐπ’
197 2809 323 2848 ἆρχογτα,
338 2809 536 2848 ald-principem.
553 2814 653 2845 absque
668 2814 800 2846 articulo;
816 2820 839 2840 ct
858 2814 924 2848 7.95;

142 2844 186 2868 τὸν
205 2844 299 2878 κριτὴν
315 2845 361 2870 καὶ
377 2847 390 2870 ὸ
404 2850 506 2883 κριτὴς,
524 2855 585 2873 eum
601 2848 722 2874 articulo.

794 2581 815 2596 σε
826 2581 876 2608 isa.
892 2590 957 2615 Lxrt,
970 2583 1011 2609 ll.

985 912 1042 939 Scit
1055 913 1126 939 enim
1142 920 1171 940 se
1185 913 1217 940 ad
1231 913 1282 940 hoc
1296 913 1346 945 ire,
1364 919 1394 940 ut
1408 914 1574 941 sententiam
1593 915 1694 942 mortis
1708 916 1776 942 acci-

984 958 1049 992 piat.
1065 957 1104 984 Ne
1119 957 1188 985 forte
1204 959 1292 986 trahat
1310 964 1335 986 te
1348 960 1381 987 ad
1395 961 1532 994 judicem.
1550 961 1622 993 Quis
1635 966 1717 996 putas
1729 963 1776 989 iste

980 1003 1064 1037 judex
1089 1003 1153 1030 est?
1177 1002 1233 1038 Ego
1250 1004 1342 1031 nescio
1367 1005 1453 1032 alium
1472 1006 1594 1040 judiccm
1618 1007 1671 1034 nisi
1689 1007 1774 1034 Domi~

983 1057 1048 1075 num
1069 1057 1158 1076 meum
1177 1049 1267 1076 Jesutn
1283 1050 1435 1082 Christum,
1453 1051 1488 1078 de
1501 1059 1558 1086 quo
1574 1052 1643 1079 alibi
1658 1053 1771 1080 dicitur:

983 1093 1018 1120 Et
1035 1097 1132 1120 statuet
1151 1101 1209 1120 oves
1228 1102 1244 1120 a
1262 1094 1372 1125 dextris,
1389 1094 1480 1121 Ira-dot
1497 1100 1588 1121 autem
1610 1104 1627 1122 a
1644 1095 1728 1131 975
1739 1097 1772 1122 si-

983 1139 1074 1166 nistris
1086 1140 1118 1166 ⁵⁵.
1136 1138 1168 1165 Et
1187 1140 1282 1166 iterum
1296 1147 1302 1164 :
1319 1139 1372 1171 Qui
1393 1140 1531 1169 confessus
1546 1141 1631 1175 fuerit
1653 1149 1704 1170 me.
1717 1150 1772 1167 cort-

981 1185 1076 1219 ﬁlebor
1090 1190 1113 1211 et
1125 1193 1170 1219 ego
1187 1193 1246 1211 eum
1263 1193 1354 1211 coram
1369 1185 1450 1212 Patre
1467 1194 1526 1213 meo
1537 1187 1584 1220 qui
1604 1187 1632 1212 in
1646 1188 1718 1213 ralis
1729 1193 1771 1213 est.

983 1231 1035 1263 Qui
1059 1238 1146 1257 autem
1171 1231 1301 1265 negaverit
1326 1239 1365 1257 me
1383 1239 1473 1257 coram
1497 1232 1666 1263 Ιιοιιεὶιιὶόιιε,
1681 1233 1773 1268 negabo

980 1284 1041 1303 eum
1059 1284 1149 1302 coram
1162 1275 1242 1302 Patre
1261 1284 1317 1302 meo
1334 1277 1378 1310 qui
1398 1277 1425 1302 in
1443 1277 1517 1303 cmlis
1533 1281 1572 1304 est
1587 1278 1622 1304 “.
1635 1277 1656 1303 Τ
1660 1278 1736 1304 rabat
1751 1284 1773 1304 te

982 1323 1015 1350 ad
1030 1322 1162 1358 judicent,
1181 1321 1299 1356 etjudcx
1315 1321 1403 1349 tradat
1417 1327 1443 1349 te
1458 1323 1596 1350 exactori.
1625 1322 1772 1358 Unusquis-

981 1377 1034 1404 que
1051 1371 1174 1395 nostrum
1186 1375 1233 1402 per
1249 1367 1353 1402 singula
1368 1372 1478 1402 peccata
1495 1368 1633 1395 damnum
1650 1369 1770 1396 sustinet.

982 1419 1008 1442 et
1028 1414 1105 1449 juxta
1132 1413 1290 1448 qualitatem
1316 1413 1510 1448 rationemque
1538 1413 1656 1445 delicti.
1689 1414 1771 1441 damni

981 1459 1140 1495 magnitudo
1164 1463 1312 1493 reputatur.
1342 1458 1432 1486 Debeo
1448 1459 1563 1492 aliquod
1578 1460 1613 1486 de
1631 1459 1660 1486 Si
1671 1460 1772 1494 ripturis

981 1506 1078 1534 afferre
1093 1505 1279 1533 testimonium
1300 1512 1382 1539 super
1397 1505 1501 1531 damno
1528 1505 1675 1540 multaque
1698 1514 1772 1541 pecu-

983 1553 1044 1581 niae.
1069 1552 1146 1580 Alius
1165 1551 1295 1578 damnum
1322 1551 1440 1578 sustinet
1454 1551 1675 1586 quingentorum
1698 1553 1773 1578 dena-

982 1598 1097 1630 riorum,
1113 1597 1234 1625 etdeth
1254 1603 1313 1627 eos.
1332 1596 1402 1623 alius
1433 1597 1641 1631 quinquaginta
1662 1598 1773 1624 denariis

982 1643 1180 1670 condemnatur
1203 1651 1209 1668 :
1231 1649 1291 1676 qua
1324 1649 1431 1669 summa
1449 1642 1589 1669 ambobus
1611 1649 1627 1668 θ
1644 1643 1773 1669 creditore

981 1690 1149 1718 conceditur.
1176 1689 1260 1716 Porro
1281 1689 1368 1720 alius,
1394 1689 1466 1716 sicut
1486 1689 1634 1723 Scriptura
1656 1689 1723 1716 dicit
1736 1689 1771 1715 ’τε

983 1736 1095 1764 Oblatas
1110 1741 1146 1762 est
1163 1736 1186 1762 ei
1197 1743 1262 1762 unus
1274 1736 1318 1770 qui
1333 1733 1444 1762 debebat
1455 1735 1548 1761 decem
1562 1735 1650 1761 millia
1665 1735 1770 1765 talenta.

980 1783 1074 1810 decem
1093 1782 1213 1809 millibus
1235 1781 1399 1809 talentorum
1423 1781 1639 1808 condemnatur.
1665 1780 1699 1807 Et
1713 1781 1773 1815 quid

983 1837 1027 1857 me
1051 1836 1162 1856 necesse
1181 1832 1224 1855 est
1246 1827 1321 1862 plura
1342 1827 1491 1862 persequi?
1507 1826 1709 1861 Unusquisque
1726 1834 1771 1861 pro

980 1875 1111 1910 qualitate
1133 1878 1160 1901 ct
1182 1873 1335 1908 quantitate
1358 1873 1483 1907 peccati,
1510 1873 1650 1899 diversam
1686 1873 1773 1899 multa:

981 1920 1140 1947 sententiam
1168 1918 1305 1953 expendit.
1331 1917 1359 1944 Si
1384 1925 1481 1952 parum
1499 1923 1543 1944 est
1565 1917 1641 1952 quod
1668 1925 1771 1952 peccas,

981 1965 1087 1992 ferieris
1109 1965 1208 1991 damno
1231 1963 1340 1995 minuti,
1359 1968 1389 1989 ut
1404 1961 1494 1990 Lucas
1517 1963 1641 1996 scripsit,
1661 1967 1692 1989 ut
1711 1970 1772 1990 vero

981 2009 1313 2044 Hattlrteus,quadrantis.
1338 2008 1533 2035 Verumtamen
1555 2008 1640 2035 etiam
1665 2017 1772 2036 om

980 2061 1020 2084 est
1040 2057 1091 2082 hoc
1111 2055 1198 2090 ipsum
1214 2053 1287 2089 quod
1309 2053 1413 2080 exstitit
1433 2053 1551 2084 debitor.
1573 2054 1696 2083 solvere.
1718 2054 1771 2081 N-.n

979 2102 1051 2129 cnim
1065 2101 1128 2128 inde
1141 2100 1216 2128 exies
1229 2099 1281 2126 nisi
1293 2103 1321 2127 ct
1339 2099 1452 2126 minima
1466 2107 1584 2134 quteque
1598 2100 1770 2134 pet-solvitis.

979 2146 1030 2180 Qui
1046 2153 1110 2173 vero
1133 2145 1220 2172 ﬁdelis
1242 2148 1293 2173 est.
1312 2144 1387 2171 nullo
1410 2144 1513 2171 damno
1540 2145 1709 2178 percutitur.
1729 2147 1770 2173 sed

981 2191 1101 2226 quotidie
1114 2191 1216 2218 ditatur
1231 2197 1238 2216 :
1252 2190 1291 2224 (ὃ)
1303 2189 1384 2216 Totus
1399 2189 1470 2216 enim
1485 2189 1602 2216 mundus
1616 2191 1769 2217 diuitiarum

979 2238 1034 2272 ejus
1054 2242 1104 2265 est.
1122 2236 1240 2271 lnfidelia
1266 2241 1353 2263 autem
1377 2243 1423 2262 nec
1443 2235 1552 2262 obuium
1573 2237 1666 2264 habet.
1700 2238 1769 2264 Alius

979 2284 1125 2311 damnatur
1147 2281 1269 2314 denario,
1292 2281 1363 2308 alius
1387 2288 1468 2312 mna.
1498 2280 1571 2308 alius
1597 2281 1714 2309 talento.
1741 2282 1768 2308 lit

977 2330 1107 2364 quaesitor
1125 2329 1207 2363 hujus
1221 2328 1332 2363 negotii,
1348 2327 1395 2362 qui
1412 2334 1558 2354 mensuras
1577 2328 1765 2356 universorum

978 2376 1084 2403 never-it
1098 2378 1292 2409 peceatorum.‘
1303 2373 1360 2401 Hoc
1373 2373 1505 2401 delictum
1521 2374 1628 2401 talento
1640 2375 1765 2402 condem-

979 2425 1059 2447 natur
1079 2429 1085 2447 :
1106 2419 1170 2447 illud
1198 2424 1337 2454 peccatum
1363 2417 1478 2445 multam
1502 2419 1661 2446 istiusmodi
1685 2428 1764 2446 mete-

978 2470 1031 2493 tur.
1052 2465 1187 2500 Scriptum
1207 2470 1248 2492 est
1263 2464 1334 2491 enim
1347 2463 1370 2479 “
1383 2472 1389 2490 :
1404 2463 1472 2491 Cum
1487 2469 1575 2491 autem
1591 2465 1714 2499 (cpisset
1726 2465 1761 2499 [a-

977 2520 1035 2539 cere
1050 2512 1189 2538 rationem.
1207 2509 1385 2545 Supputanda
1399 2514 1442 2537 est.
1458 2506 1590 2537 omnibus
1607 2511 1690 2538 nobis
1709 2519 1764 2546 ιη.

1049 2581 1162 2609 “Joan.
1184 2588 1240 2613 ειν,
1252 2579 1278 2606 6.
1318 2579 1340 2595 ⁸⁸
1352 2578 1448 2606 Matth.
1462 2587 1528 2611 xxv.
1552 2580 1597 2607 33.
1634 2580 1658 2596 ε⁸
1669 2580 1760 2607 Matth.

1016 2674 1054 2710 (5)
1086 2673 1199 2708 Sumpta
1229 2681 1261 2699 ex
1286 2672 1503 2710 lfr'ot'erbiormp
1532 2672 1604 2710 libro
1635 2673 1761 2710 sententia

975 2706 1034 2743 cap.
1051 2717 1117 2738 χιιι.
1134 2706 1195 2743 post
1209 2716 1278 2735 vers.
1294 2708 1321 2740 6,
1338 2709 1419 2743 juxta
1434 2706 1518 2743 LXX.
1533 2707 1582 2743 τοῦ
1598 2708 1697 2734 πιςτῡῦ
1713 2709 1762 2734 ξιιμ(

975 2745 988 2769 ὁ
1006 2742 1105 2779 κόσμος
1127 2742 1180 2770 τῶν
1200 2743 1358 2779 χρημάτων,
1373 2742 1421 2768 τοῦ
1442 2742 1470 2768 δὲ
1489 2742 1608 2779 ἀπίστῳ
1630 2743 1691 2779 οὑδξ
1711 2743 1762 2779 ἐᾷ-

975 2779 1030 2810 λός.
1050 2777 1243 2812 interpretatur
1260 2778 1441 2812 Hieronymus
1465 2778 1548 2812 epist.
1568 2777 1616 2808 53,
1633 2778 1666 2804 ad
1680 2778 1762 2804 Pauli-

977 2822 1053 2844 num,
1071 2822 1146 2839 unm.
1164 2813 1197 2839 10
1211 2822 1216 2838 :
1232 2813 1354 2839 (Ξῖ-εαριηὶ
1379 2817 1452 2839 totus
1473 2813 1593 2839 mundus
1618 2814 1760 2841 diuitiarum

977 2855 1034 2875 est:
1054 2849 1168 2874 iit/idolis
1188 2853 1275 2874 autem
1292 2848 1372 2874 etiam
1389 2847 1466 2873 obolo
1485 2847 1598 2881 indiget.
