1846 3053
46 137 67 165 ι
74 138 138 167 893

638 137 670 166 IN
691 139 810 168 LUC.\M
831 139 971 168 IIOMILIA
993 141 1113 168 XXXVI.

1630 150 1640 176 t
1647 150 1700 179 895

39 193 113 222 σε.
138 193 197 222 Non
221 200 263 223 est
291 195 362 223 aliud
389 201 495 230 tempus
520 195 651 223 faciendm
671 197 787 224 rationis
803 197 853 223 nisi
872 199 892 226 Λ
908 197 987 231 hujus
1003 199 1035 224 ⁷².
1057 199 1111 225 Aut
1128 199 1335 233 comparatione
1361 201 1485 236 majoris,
1514 208 1593 231 tenue
1616 211 1699 240 atque

45 243 177 277 tempus
199 241 312 277 judicii,
334 242 444 277 quando
465 242 569 276 liquido
591 247 770 276 cognoscetur
788 243 852 277 quid

41 287 144 315 nobis
169 288 301 315 creditum
329 293 380 320 est,
406 292 433 315 ct
457 289 521 324 quid
546 288 625 321 lucri,
650 289 750 323 quidve
771 289 854 315 detri-

42 334 150 359 menti
173 332 328 365 fecerimus,
354 334 417 368 quis
443 340 567 362 nostrum
594 335 727 368 acceperit
750 342 853 366 mnam,

43 378 128 412 quis
142 386 227 405 unum
249 379 393 412 talentum,
417 381 479 414 quis
500 381 570 412 duo,
594 380 657 414 quis
681 380 802 414 quinque
819 380 851 408 ⁸⁵.

43 423 182 453 Necesse
195 433 249 453 non
266 430 306 453 est
323 426 401 461 plura
418 426 549 459 indicare,
569 434 631 454 cum
652 426 704 454 hoc
729 427 756 453 in
778 433 854 453 com-

44 478 149 499 mune
167 471 270 499 dixisse
290 471 414 504 sullieiat,
435 473 591 501 reddituros
613 480 662 500 nos
687 480 747 500 esse
770 473 854 499 ratio-

45 525 127 545 nem
141 526 150 545 :
162 522 189 545 ct
203 517 226 545 si
244 518 382 547 debitores
400 520 503 547 inventi
524 519 657 547 fuerimus
672 519 743 546 trahi
760 519 792 546 ad
810 518 854 554 ju-

45 562 163 594 dicem,
179 567 207 590 et
221 570 236 590 a
247 562 338 597 judice
353 565 476 592 exaetori
493 565 574 592 tradi.
590 564 694 600 Singuli
712 570 854 593 exactores

42 607 190 642 proprios
206 609 339 638 habemus
351 618 358 636 :
370 611 461 638 omnis
474 618 540 638 vero
556 611 711 643 multitudo,
730 611 854 646 pluribus

46 654 202 686 traditur,
234 656 384 683 secundum
411 656 440 685 id
467 657 539 691 quod
569 657 596 684 in
627 657 695 684 lsaia
721 657 851 693 scriptum

46 703 105 726 ost
116 700 162 726 ὀε
179 700 295 734 Populus
311 709 395 733 meus,
415 707 550 730 exactores
569 703 647 730 t-estri
663 704 778 738 spoliant
797 713 852 738 vos,

45 749 82 772 et
96 745 143 780 qui
152 749 269 780 potentes
282 752 342 773 sunt
357 748 531 775 dominantur
554 750 644 776 vestri.
672 749 854 778 Dominantur

45 796 215 823 exactores,
233 793 256 819 si
275 792 451 823 debuerimus
466 794 580 830 aliquid.
597 795 626 822 Si
641 801 732 823 autem
750 797 853 824 habue-

47 836 150 864 rimus
164 837 300 871 ﬁduciam,
317 844 344 866 et
361 839 448 867 fronte
461 840 546 868 libera
560 840 722 875 vixerimus,
736 843 851 870 servabo

47 887 226 916 przeceptum
240 883 328 911 libens
342 893 348 911 :
363 884 472 912 Reddite
484 885 603 912 omnibus
618 885 706 913 debita
719 894 728 913 :
742 887 785 914 cui
800 888 851 914 tri-

50 926 166 959 butum,
184 927 387 957 tributum:cui
405 930 534 964 timorem,
553 930 694 958 timorem:
713 933 755 958 cui
772 933 852 959 vecti-

49 971 115 1005 gal,
132 973 243 1008 uectigal
254 981 264 1000 :
275 975 318 1001 cui
330 975 465 1008 honorem,
487 976 611 1004 honorem
623 977 658 1004 '”.
679 977 707 1005 Si
722 979 851 1006 omnibus

50 1017 191 1045 universa
211 1019 365 1054 reddidero,
380 1021 459 1049 venio
477 1022 511 1049 ad
532 1029 699 1055 exactorem,
720 1028 747 1051 et
767 1024 850 1052 intre-

49 1063 124 1097 pida
146 1070 237 1091 mente
260 1067 421 1100 respondeo,
433 1066 506 1094 Nihil
530 1068 578 1095 tibi
591 1068 686 1096 debeo.
702 1068 783 1097 Venit
804 1077 851 1097 ex-

49 1113 139 1137 actor
159 1110 192 1137 ad
205 1110 417 1146 deposcendum,
437 1114 537 1141 resisto
552 1114 587 1141 ei.
610 1114 674 1142 Scio
691 1115 762 1142 enim
777 1115 850 1150 quod

50 1154 81 1182 si
109 1155 178 1182 nihil
204 1155 341 1189 debuero,
372 1157 399 1185 in
424 1165 466 1186 me
492 1166 547 1186 non
572 1159 653 1186 habet
677 1164 848 1195 potestatem.

51 1200 140 1234 Quod
157 1201 179 1228 si
192 1201 299 1229 debitor
323 1203 410 1236 fuero,
426 1205 515 1232 mittet
530 1212 575 1232 me
590 1211 700 1232 exactor
724 1213 802 1234 meus
823 1207 850 1234 in

51 1253 210 1288 carcerem,
231 1247 275 1274 illo
297 1248 392 1276 ordine
404 1249 450 1284 qui
464 1251 610 1284 pra-dictus
632 1255 684 1278 est.
715 1252 851 1280 Adversa-

52 1292 120 1319 rius
140 1293 213 1320 enim
231 1301 275 1321 me
294 1294 369 1322 ducit
388 1295 421 1322 ad
436 1296 597 1331 principem,
614 1297 740 1333 princeps
758 1299 791 1326 ad
805 1299 850 1334 ju-

52 1337 162 1370 dicem,
187 1343 214 1366 et
237 1338 320 1373 judcx
348 1340 436 1367 tradet
462 1348 506 1368 me
530 1343 662 1373 exactori,
693 1348 719 1370 et
739 1349 850 1372 exactor

53 1382 152 1409 mittet
166 1382 192 1409 in
208 1390 355 1412 carcerem.
372 1384 438 1418 Quae
452 1385 490 1422 (4)
505 1391 547 1414 est
566 1386 609 1414 lex
624 1388 742 1415 carceris
754 1388 852 1416 istius?

53 1426 121 1454 Non
148 1429 272 1464 egredior
297 1437 329 1457 ex
353 1438 396 1464 eo,
420 1439 509 1466 neque
539 1440 582 1460 me
611 1439 722 1461 exactor
748 1434 850 1469 patitur

53 1473 151 1506 exire,
172 1475 223 1502 nisi
246 1475 366 1503 debitum
392 1484 473 1505 omne
492 1479 660 1512 persolvet-0.
687 1479 746 1507 Non
770 1481 851 1509 habet

53 1523 172 1546 exactor
196 1523 367 1554 potestatem,
392 1527 421 1549 ut
441 1523 507 1549 mihi
535 1524 630 1551 saltem
657 1525 848 1560 quadrantem.
864 1539 884 1567 ρ

53 1562 102 1588 vel
130 1563 270 1590 minimam
293 1565 445 1599 portionem
474 1567 562 1595 valeat
585 1569 753 1604 concedere,
776 1579 848 1599 unus

50 1613 111 1642 est,
127 1609 173 1643 qui
196 1609 363 1638 debitoribus
386 1619 438 1639 non
460 1612 623 1641 habentibus
650 1615 722 1643 unde
747 1618 849 1651 persol-

55 1659 134 1686 vant,
147 1660 237 1690 potest
248 1658 405 1686 concedere.
416 1659 541 1693 Accessit,
551 1660 649 1696 inquit,
662 1661 696 1688 ad
709 1670 767 1688 eum
780 1671 846 1690 unus

53 1699 104 1734 qui
125 1699 233 1727 debebat
249 1701 403 1737 quingentos
426 1704 560 1736 denarios,
582 1710 607 1732 et
628 1706 698 1733 alius
717 1708 847 1743 quinqua-

55 1745 136 1778 ginta
151 1753 160 1772 :
175 1750 199 1772 et
215 1753 273 1772 cum
289 1754 339 1773 non
353 1747 477 1775 haberent
492 1748 561 1776 unde
576 1750 732 1782 redderent,
757 1752 847 1778 ambo-

54 1789 107 1815 bus
125 1789 234 1816 donavit
248 1791 282 1818 τ’.
301 1791 351 1824 Qui
370 1792 481 1820 donavit
495 1793 627 1822 Dominus
641 1799 682 1822 est
695 1805 702 1822 :
717 1796 767 1824 iste
782 1805 846 1824 vero

53 1835 105 1869 qui
124 1841 233 1863 exactor
244 1841 294 1869 est,
310 1845 363 1864 non
380 1843 421 1866 est
431 1839 569 1872 dominus,
585 1841 632 1868 sed
648 1849 662 1868 a
682 1841 797 1870 Domino
811 1843 844 1870 ad

53 1882 191 1916 exigenda
214 1882 304 1910 debita
328 1885 497 1919 prmpositus.
524 1885 583 1913 Non
607 1885 683 1914 fuisti
700 1888 799 1923 digitus
818 1894 846 1916 ut

55 1927 109 1953 tibi
127 1927 277 1963 quingenti,
300 1931 356 1956 sive
373 1930 571 1966 quinquaginta
585 1932 688 1960 denarii
711 1934 846 1961 donaren-

55 1978 115 2005 tur,
134 1981 182 2000 nec
201 1974 296 2001 audire
309 1975 442 2009 meruisti,
458 1975 576 2004 Dimissa
597 1983 662 2005 sunt
682 1979 731 2006 tibi
748 1980 845 2008 delicta

54 2025 105 2047 tua
129 2028 137 2046 :
161 2021 208 2048 sed
234 2021 350 2049 mitteris
378 2022 404 2048 in
430 2025 585 2053 ca‘rcerem.
611 2029 638 2051 et
658 2025 694 2052 ibi
728 2026 845 2061 cxigcris

53 2073 108 2100 per
126 2066 245 2094 laborem
267 2071 292 2094 et
308 2075 400 2102 opera,
425 2067 483 2095 sive
504 2077 551 2104 per
567 2077 661 2104 pinnas
679 2075 760 2106 atque
781 2080 845 2107 sup-

53 2111 149 2147 plicia,
166 2116 192 2139 et
212 2120 265 2139 non
287 2113 349 2140 inde
364 2115 439 2142 exies
460 2115 513 2142 nisi
533 2115 684 2144 reddideris
704 2117 844 2151 quadran-

54 2163 124 2190 tem,
149 2158 191 2186 vel
215 2159 396 2186 novissimum
422 2161 569 2193 minutum,
593 2162 665 2197 quod
688 2163 726 2198 (5)
753 2163 845 2191 Graue

907 243 1016 269 subtile.
1038 243 1138 270 Beatus
1150 251 1192 270 est
1210 244 1301 278 igitur,
1320 245 1438 279 primunt
1455 249 1501 282 qui
1519 256 1572 275 non
1588 257 1695 285 peccat,

906 290 1026 314 secundo
1047 293 1075 315 ut
1099 289 1125 315 in
1147 289 1291 316 collatione
1308 291 1409 325 aliquis
1424 293 1520 319 saltem
1538 299 1620 322 tenue
1633 302 1698 330 pee-

906 336 996 358 catum
1021 333 1128 359 habeat.
1148 332 1180 360 Et
1201 334 1271 360 inter
1292 334 1348 368 ipsa
1373 343 1484 371 quoque
1509 339 1600 366 tenuia
1617 346 1699 375 atque

905 379 1026 410 subtilia.
1041 384 1082 406 est
1096 379 1240 407 diversitas
1258 385 1441 414 peetatorum.
1458 383 1514 411 Nisi
1530 391 1602 412 esset
1617 394 1699 420 pecu-

906 423 951 450 nia
977 424 1102 455 subtilis,
1121 432 1260 459 nunquam
1285 426 1441 453 diceretur:
1464 428 1525 455 Non
1538 431 1609 457 aries
1626 432 1699 466 inde,

905 469 987 496 donec
1004 470 1101 496 reddas
1122 469 1293 498 nouissimum
1307 473 1482 506 quadrantem
1495 475 1528 502 7‘.
1552 476 1698 508 Quomodo

905 515 964 542 sine
981 516 1096 550 pecunia
1119 516 1223 544 diceret
1244 518 1424 546 novissimum
1449 520 1596 555 minutum,
1620 524 1694 557 quod

904 565 946 588 est
965 561 1105 593 denarius,
1128 562 1186 589 sive
1207 570 1344 594 uenturus,
1366 564 1424 591 sive
1443 566 1554 598 obolus,
1579 569 1620 594 vel
1642 574 1698 595 sta-

906 610 973 634 tera.
988 607 1066 639 Quod
1082 607 1105 635 si
1120 615 1247 642 magnam
1262 609 1405 642 pecuniam
1422 610 1608 646 dcbuerimus,
1625 615 1697 641 sicut

904 653 949 680 ille
967 653 1013 688 qui
1031 654 1161 680 scribitur
1178 654 1271 681 decem
1290 655 1375 683 millia
1400 656 1499 685 talenta
1526 659 1652 687 debuisse
1662 661 1697 693 ⁷⁸,

904 703 1006 733 quanto
1027 704 1149 734 tempore
1168 700 1328 727 claudamur
1347 702 1374 728 in
1393 710 1513 733 carcere.
1529 705 1616 732 dtmec
1634 707 1696 733 red-

903 745 1001 772 damus
1013 745 1145 778 debitum,
1158 754 1211 773 non
1226 754 1337 781 possum
1351 749 1493 777 manifeste
1505 752 1693 784 pronuntiare.

904 790 932 818 Si
955 792 1028 819 enim
1055 793 1101 827 qui
1126 800 1222 827 parum
1246 794 1342 827 debet,
1363 802 1418 822 non
1444 797 1616 831 egredietur,
1642 799 1695 825 nisi

903 838 1025 865 exsolvat
1047 838 1183 866 minutum
1205 840 1386 874 quadrantem
1404 851 1411 868 :
1432 843 1526 876 utique
1546 843 1592 877 qui
1621 848 1696 871 tanto

902 884 994 910 debito
1018 883 1099 911 fuerit
1123 884 1274 918 obnoxius,
1291 885 1397 913 inﬁnita
1422 887 1446 914 ei
1470 887 1502 914 ad
1528 888 1694 917 reddendum

902 929 1022 957 debitum
1037 931 1135 958 sarcula
1154 933 1381 960 numerabuntur.
1407 933 1578 970 Quapropter
1590 936 1628 971 (6)
1646 936 1694 962 de-

903 983 964 1003 mus
990 983 1116 1010 operam,
1144 983 1174 1004 ut
1198 978 1346 1005 liberemur
1368 978 1402 1006 ab
1423 979 1598 1014 adversario,
1629 982 1693 1008 dum

902 1030 998 1050 sumus
1024 1023 1051 1050 iu
1072 1024 1128 1056 via,
1143 1028 1170 1051 et
1190 1024 1340 1059 jungamur
1358 1024 1474 1052 Domino
1486 1025 1562 1059 Jesu,
1588 1027 1632 1054 cui
1655 1033 1696 1056 est

902 1070 987 1103 gloria
1002 1074 1029 1097 et
1043 1070 1186 1105 imperium
1202 1071 1229 1097 in
1242 1071 1341 1098 sarcula
1355 1071 1529 1099 saeculorum.
1542 1073 1639 1100 Amen.

1150 1125 1291 1152 llOlilLl.\
1317 1126 1390 1153 XXX
1399 1126 1446 1154 Vl.

902 1180 940 1207 De
959 1189 988 1208 eo
1008 1182 1077 1216 quod
1104 1182 1232 1216 scriptum
1255 1187 1293 1209 est
1311 1191 1320 1209 :
1342 1192 1351 1209 ε
1370 1183 1422 1215 Qui
1444 1183 1553 1210 roluerit
1575 1185 1692 1212 animant

937 1224 1012 1253 suam
1029 1216 1142 1253 sulcare,
1159 1218 1250 1253 perdet
1264 1226 1322 1243 rum
1333 1238 1340 1250 ,
1359 1228 1368 1243 ι
1392 1226 1474 1253 usque
1488 1219 1522 1244 ad
1535 1227 1592 1245 eum
1607 1220 1693 1246 larunt

937 1251 981 1277 ubi
997 1252 1035 1278 ait
1049 1260 1058 1277 :
1074 1261 1083 1277 ‹
1099 1252 1215 1286 Regnum
1233 1251 1281 1278 Dei
1296 1253 1368 1279 intra
1384 1251 1489 1280 vos‘est.
1507 1263 1516 1279 ι
1541 1254 1608 1288 Cap.
1625 1263 1691 1281 xvn.

940 1295 993 1327 Qui
1005 1297 1150 1330 quaesierit,
1164 1296 1263 1329 inquit,
1283 1297 1400 1324 animam
1412 1305 1488 1324 suam
1502 1298 1617 1330 salt-are,
1632 1307 1692 1333 per-

901 1344 945 1369 det
958 1350 1017 1368 eam
1031 1349 1041 1368 :
1062 1347 1087 1368 et
1102 1343 1148 1377 qui
1163 1343 1308 1377 perdiderit
1323 1351 1392 1376 eam,
1409 1343 1521 1371 salvabit
1536 1352 1605 1371 eam.
1622 1344 1694 1371 Nar-

903 1393 975 1422 ty‘es
998 1392 1123 1422 quaerunt
1149 1388 1254 1415 salvare
1281 1388 1400 1415 animam
1426 1396 1503 1416 suam
1523 1398 1530 1415 :
1551 1393 1691 1424 propterea

902 1433 1027 1467 perdunt,
1050 1437 1079 1460 ut
1099 1433 1205 1460 sali-ent
1227 1441 1299 1460 eam.
1316 1433 1367 1466 Qui
1384 1440 1449 1460 vero
1463 1434 1559 1461 volunt
1583 1433 1691 1462 salvare

902 1479 1021 1506 animam
1042 1487 1138 1511 suam.
1159 1484 1189 1507 ut
1207 1487 1260 1506 non
1277 1480 1391 1514 perdant
1407 1487 1478 1513 eam,
1497 1479 1525 1506 hi
1545 1485 1573 1507 et
1592 1488 1692 1516 corpus

901 1531 927 1551 et
950 1524 1070 1552 animam
1093 1525 1176 1560 976
1203 1525 1321 1559 perdunt
1346 1525 1448 1559 pariter
1473 1525 1501 1552 in
1527 1526 1690 1560 gehennam.

903 1569 1078 1601 Quamobrem
1090 1570 1169 1596 nolite
1185 1570 1276 1596 timere
1290 1578 1344 1602 eos,
1356 1570 1403 1602 ait,
1417 1571 1462 1604 qui
1474 1577 1582 1605 possunt
1597 1580 1691 1606 corpus

902 1616 1030 1647 occidere,
1049 1615 1094 1642 sed
1114 1616 1202 1642 timete
1221 1615 1305 1649 magis
1328 1623 1388 1641 eum
1407 1617 1452 1650 qui
1471 1622 1556 1650 potest
1573 1618 1691 1644 animum

900 1667 924 1688 et
942 1669 1036 1695 corpus
1053 1662 1159 1695 perdere
1176 1661 1203 1687 in
1216 1661 1369 1695 gehennam.
1387 1661 1443 1688 lloc
1458 1662 1491 1688 ad
1507 1663 1689 1697 propositum,

899 1707 976 1742 juxta
993 1707 1066 1733 virus
1087 1706 1186 1739 ingenii
1208 1706 1293 1734 nostri
1310 1707 1428 1734 breviter
1441 1707 1602 1735 dixerimus.
1626 1709 1691 1735 Ani-

901 1752 980 1779 malis
998 1756 1085 1778 autent
1111 1759 1162 1777 non
1187 1751 1280 1785 recipit
1304 1759 1334 1778 ca
1351 1759 1409 1786 qum
1431 1757 1493 1778 stult
1520 1753 1632 1786 spiritus
1650 1755 1689 1782 "‘:

900 1803 927 1825 ct
955 1797 1054 1824 idcirco
1082 1796 1181 1823 salvari
1204 1804 1258 1823 non
1286 1801 1384 1831 potest.
1413 1797 1569 1824 Sentinntnr
1595 1807 1647 1833 cor,
1658 1809 1689 1827 us

901 1845 1030 1876 animale,
1055 1843 1140 1878 surgit
1161 1851 1256 1877 corpus
1284 1843 1405 1877 spiritale
1419 1845 1452 1871 ⁷⁷.
1473 1844 1559 1871 Porro
1575 1846 1622 1880 qui
1641 1847 1689 1873 ad-

901 1891 983 1917 lueret
997 1889 1121 1920 Domino,
1143 1888 1256 1922 spiritus
1276 1895 1348 1915 unus
1367 1887 1490 1915 eilieitur.
1515 1889 1543 1915 Si
1559 1896 1624 1923 ergo
1640 1891 1686 1924 qui

901 1936 1015 1961 Domino
1036 1934 1190 1968 copulatur,
1212 1941 1273 1961 cum
1298 1934 1424 1961 animalis
1447 1939 1520 1961 esset
1543 1942 1591 1969 per
1612 1935 1638 1962 id
1659 1936 1687 1963 in

899 1980 1046 2014 spiritalem
1063 1979 1188 2009 vertitur,
1205 1983 1231 2006 ct
1246 1985 1317 2005 unus
1334 1982 1375 2005 est
1392 1978 1505 2013 spiritus
1522 1986 1529 2004 :
1552 1986 1603 2006 nos
1619 1987 1687 2014 quo-

899 2034 952 2060 que
974 2025 1119 2060 perdamus
1145 2024 1264 2051 animam
1299 2029 1442 2057 nostram,
1471 2029 1501 2052 ut
1517 2024 1687 2054 adhaerentes

899 2070 1014 2097 Domino
1031 2070 1058 2096 in
1075 2077 1159 2096 unum
1185 2069 1310 2103 spiritum
1336 2068 1573 2096 transformemur.
1591 2069 1644 2097 Sed
1658 2075 1686 2098 et

898 2116 932 2144 de
946 2123 1029 2150 regno
1044 2115 1090 2142 Dei
1108 2115 1303 2149 interrogatus.
1323 2115 1462 2149 respondit
1477 2114 1602 2143 Salvator
1614 2114 1685 2143 Pha-

898 2161 1005 2189 risatis:
1029 2160 1142 2193 Quando
1159 2160 1266 2192 venerit,
1280 2159 1389 2194 inquit,
1412 2168 1464 2186 non
1485 2160 1553 2186 venit
1576 2168 1684 2195 regnum

55 2208 135 2230 tenue
156 2203 209 2231 dici
233 2208 332 2238 potest,
358 2204 473 2232 Peccata
497 2212 587 2233 autem
611 2212 704 2234 nostra
733 2208 842 2243 pinguia
861 2215 881 2242 ι)
895 2208 943 2236 Dei
959 2214 1019 2234 cum
1035 2206 1224 2236 observatione,
1247 2213 1328 2240 neque
1342 2205 1451 2237 dicunt,
1474 2213 1532 2232 ecce
1554 2206 1606 2237 hic.
1630 2211 1679 2234 aut

55 2252 132 2276 sunt.
156 2248 290 2277 Scribitur
310 2250 383 2277 cnim
403 2260 409 2276 :
428 2250 611 2279 Incrassatum
632 2257 671 2279 est
689 2261 735 2280 cor
753 2254 844 2288 populi

93 2318 116 2353 ff
128 2316 221 2345 Matth.
235 2326 297 2344 xxv.
341 2319 364 2334 "
384 2318 447 2353 Cap.
464 2327 503 2352 Ill,
528 2328 599 2347 vers.
622 2321 665 2348 12.

53 2354 78 2369 ’⁸
88 2352 182 2380 Matth.
200 2353 278 2385 v,26.
317 2354 340 2369 ⁷⁵
351 2352 445 2381 Matth.
460 2362 536 2381 xvut.

92 2425 133 2461 (ι)
147 2424 187 2451 Ex
201 2424 253 2452 hoc
267 2424 339 2461 item
350 2424 409 2452 loro
422 2425 456 2452 el.
471 2424 586 2461 Huetius
600 2426 714 2461 colligit,
733 2431 844 2461 putasse

54 2460 211 2496 Origenem,
222 2459 312 2494 pinnis
323 2459 516 2496 damnatorum
531 2460 611 2488 linem
628 2459 783 2495 impositum
798 2463 842 2496 iri,

56 2501 85 2523 et
105 2493 196 2521 omnia
215 2493 300 2522 unum
323 2494 350 2521 in
369 2493 423 2521 Deo
441 2496 548 2522 tandem
565 2493 712 2530 aliquando
732 2493 841 2530 futura;

58 2537 146 2564 neque
159 2530 235 2565 adeo
257 2529 324 2556 alias
346 2537 428 2563 quam
445 2529 618 2564 purgatorias
640 2538 736 2565 pcenas
755 2529 842 2559 admié

57 2563 138 2593 sisse.
159 2563 223 2595 Nos,
243 2571 401 2598 quanquam
421 2563 451 2591 et
468 2563 550 2599 supra
565 2565 598 2592 ad
622 2563 716 2592 homil.
729 2566 764 2593 24
787 2567 842 2594 ani-

57 2599 265 2628 madvertimus.
281 2603 307 2626 et
321 2599 382 2625 aliis
397 2599 582 2633 compluribus
593 2608 625 2627 ex
641 2600 707 2627 locis
728 2601 842 2628 manife-

58 2641 130 2662 stum
149 2634 251 2661 erroris
271 2639 412 2671 teneamus
432 2633 573 2671 Origeuem
594 2635 620 2671 in
638 2635 789 2671 quastione
807 2637 840 2663 de

58 2668 383 2705 pwnarumrtcteruitate;
406 2676 460 2696 non
484 2668 576 2705 iamen
593 2668 665 2696 hunc
688 2670 782 2698 eadem
799 2671 839 2698 la-

58 2703 156 2732 borare
174 2704 253 2740 culpa
275 2708 437 2740 contextum
450 2703 651 2740 existimamus,
666 2705 732 2739 quin
749 2706 840 2740 potius

58 2738 210 2767 «contrario
226 2746 258 2765 ex
277 2738 310 2765 iis
327 2746 398 2765 unus
414 2739 546 2774 videatur,
566 2739 612 2774 qui
628 2739 656 2766 in
671 2738 731 2774 ejus
746 2738 839 2767 defen-

59 2775 162 2802 sionem
181 2773 276 2800 adduci
290 2779 398 2808 queant.
417 2773 494 2801 Certe
509 2773 839 2808 cum’possct'commode

57 2809 235 2835 Adamantius
249 2808 414 2842 propositam
426 2809 581 2842 parabolam
594 2809 621 2835 in
634 2816 712 2836 suum
728 2817 837 2837 sensum

59 2850 183 2878 perverse
195 2843 368 2878 detorquere,
382 2843 515 2872 catholico
530 2843 584 2872 fere
600 2851 681 2872 sensu
695 2846 820 2879 exposuit

717 2323 738 2338 “
762 2313 840 2351 item.
861 2332 921 2355 xm,
947 2323 972 2349 7.

575 2356 597 2371 "
615 2356 698 2384 lCor.
712 2365 741 2389 ιι,
755 2358 797 2386 it.
836 2360 857 2375 ⁷⁷
875 2359 958 2386 lCor.
977 2365 1021 2390 xv,
1038 2357 1082 2384 44.

898 2261 956 2282 ecce
968 2253 1014 2279 ibi.
1032 2251 1150 2286 Regnum
1166 2251 1235 2278 enim
1246 2251 1296 2278 Dei
1315 2252 1385 2279 intra
1400 2259 1444 2279 vos
1457 2257 1507 2280 est.
1519 2251 1578 2279 Non
1594 2252 1684 2279 omni-

1026 2322 1049 2337 "
1066 2321 1132 2349 Luc.
1154 2329 1203 2353 vit,
1221 2321 1267 2355 41,
1287 2321 1332 2348 42.
1387 2321 1410 2337 ⁷³
1427 2321 1487 2349 Act.
1512 2329 1595 2349 xxvnt
1609 2342 1617 2353 ,
1635 2321 1681 2349 27.

896 2433 955 2456 tum
971 2425 1190 2454 luculentissime
1207 2425 1340 2456 deﬁnivit,
1354 2426 1509 2460 graviorum
1535 2427 1680 2455 criminum

896 2471 958 2490 reos
974 2461 1082 2490 aeternis
1099 2460 1262 2487 addiccndos
1276 2461 1415 2494 suppliciis
1429 2468 1489 2487 cum
1504 2461 1542 2488 ait
1558 2470 1564 2487 :
1581 2461 1610 2488 Si
1624 2471 1681 2488 ma-

892 2503 971 2530 gnam
981 2496 1117 2529 pecuniam
1126 2495 1289 2522 debuerimus
1299 2515 1307 2526 ,
1330 2496 1399 2521 sicut
1419 2495 1466 2521 ille
1481 2496 1526 2530 qui
1549 2494 1680 2523 scribitur

895 2532 984 2558 deum
1001 2531 1088 2558 millia
1104 2530 1204 2557 talenta
1216 2530 1346 2560 debuisse.
1358 2535 1456 2565 quanto
1478 2535 1592 2563 tempore
1608 2532 1681 2558 clau-

895 2567 992 2593 damur
1016 2566 1043 2592 in
1064 2573 1182 2597 carcere,
1204 2565 1286 2591 donec
1308 2565 1448 2591 reddamus
1474 2565 1605 2599 debitum,
1628 2575 1679 2593 non

894 2609 1000 2635 possunt
1022 2600 1159 2634 manifeste
1179 2599 1410 2634 pronuntiare.....
1432 2601 1522 2635 utique
1540 2601 1585 2635 qui
1606 2607 1680 2628 tanto

893 2636 981 2663 debito
996 2635 1074 2670 fuerit
1088 2634 1227 2670 obnoxius,
1242 2641 1360 2660 ιΜηΝιτΑ
1373 2635 1398 2660 ei
1411 2634 1445 2660 ad
1459 2634 1618 2662 reddendum
1633 2636 1679 2663 de-

894 2671 977 2697 bitum
996 2668 1093 2697 saecula
1107 2668 1325 2696 numerabantur.

929 2706 967 2741 (5)
989 2705 1120 2741 Additum,
1142 2705 1194 2741 hoe
1212 2711 1320 2741 quoque
1339 2711 1445 2741 comma
1462 2710 1503 2732 est
1521 2705 1570 2732 abs
1582 2704 1678 2733 Hiero-

892 2739 990 2776 nymo,
1005 2746 1035 2776 ut
1050 2739 1171 2776 quod_in
1181 2739 1281 2776 λεπτόν
1299 2740 1372 2767 vocis
1387 2740 1461 2767 varia
1482 2741 1678 2775 signiﬁcatione

893 2774 961 2802 ludit
974 2775 1114 2810 Origenes,
1129 2774 1242 2802 Latinus
1257 2776 1342 2801 lector
1355 2781 1556 2810 assequeretur.

929 2811 965 2846 (b')
984 2810 1085 2838 Vitiosc
1102 2810 1240 2844 legebatur
1254 2815 1333 2837 antea
1349 2810 1470 2838 debemus
1481 2832 1488 2843 ,
1507 2819 1556 2845 pro
1574 2811 1674 2838 (lentus.
