1846 3053
169 126 238 154 I895

169 186 220 213 bus
233 184 358 212 Salvator
372 183 447 215 dicit,
463 190 570 218 regnum
587 182 634 209 Dei
648 182 718 208 intra
739 188 783 207 ros
797 184 836 207 ut
851 188 859 206 :
875 179 962 212 siqui~
976 181 997 208 Α

169 231 231 258 dem
249 232 274 258 in
293 229 482 265 peccatoribus
498 237 611 264 regnum
629 227 731 263 peccati
749 231 803 258 est,
819 231 846 253 et
858 225 962 260 absque

171 278 225 304 ulla
244 277 432 311 ambiguitate,
447 281 493 303 aut
514 282 626 309 regnum
646 273 763 308 peccati.
786 277 832 300 aut
848 279 960 307 regnum

171 322 218 348 ι).ιί
235 323 261 348 in
275 322 357 348 corde
377 327 471 348 nostro
488 321 610 355 imperat.
639 318 716 346 Unde
740 319 798 346 sive
815 326 876 353 qua:
893 317 962 345 laci-

171 376 249 399 mns,
276 368 334 395 sive
354 376 415 402 qua:
439 367 599 401 loquimur,
623 365 680 392 sive
708 373 769 399 quze
795 364 960 399 cogitamus,

169 415 386 447 contemplemur
408 413 548 443 attentius.
568 416 595 438 et
613 416 678 439 tune
700 410 853 438 videbimus
870 415 961 437 utrum

171 459 218 487 Dei
236 459 378 494 imperium
399 462 494 493 regnet
515 457 541 484 in
563 457 653 489 nobis,
675 464 710 483 an
731 456 874 490 imperium
897 455 964 482 deli-

170 511 287 533 ctorum.
301 505 389 538 Quam
401 504 588 531 diversitatem
605 503 694 530 sciens
705 502 863 536 Apostolus,
876 509 961 536 quos—

169 551 230 577 dam
255 553 426 580 commonet,
447 548 541 575 dicens
560 556 567 574 ς
589 547 651 574 Non
669 553 757 582 regnet
779 551 913 582 peccatum
935 546 963 573 in

170 595 279 622 mortali
293 599 376 622 vestro
389 602 498 629 corpore
509 594 542 621 ⁷⁸.
558 592 586 620 Si
610 593 672 628 quis
691 597 813 620 nostrum
826 592 964 620 desiderat

170 649 282 676 regnum
302 640 360 672 Dei,
383 644 512 675 regnatur
533 639 568 666 ab
587 646 632 666 eo.
652 638 680 665 Si
697 639 759 673 quis
775 637 897 665 avaritiae
919 645 964 663 ar-

169 687 236 714 dore
251 686 400 716 cruciatur,
417 689 546 720 regnatur
562 684 596 711 ab
610 684 736 711 avaritia.
757 683 843 710 Porro
857 683 904 717 qui
921 682 963 709 in-

167 732 304 767 justitiam
321 731 443 766 reginam
461 730 553 762 habet,
567 734 696 765 regnatur
712 729 747 757 ab
759 737 802 756 ea.
819 729 871 762 Qui
886 736 963 755 vanze

170 778 263 813 gloria:
278 777 427 804 ambitione
448 776 614 808 sustollitur,
630 779 726 810 regnat
747 774 772 802 ei
790 782 856 802 aura
873 782 963 809 popu-

170 822 236 850 laris
261 822 312 855 Qui
328 825 433 851 niteret.
449 821 496 856 qui
511 820 614 855 aliquid
629 820 800 852 reformidat.
815 820 863 855 qui
877 823 962 851 amat,

171 869 218 902 qui
236 868 383 899 desiderat,
406 867 542 902 imperant
563 866 590 893 ei
615 866 732 901 singula.
754 871 836 901 prout
853 870 961 901 pertur-

173 915 330 943 bationibus
354 913 437 941 variis
458 913 624 948 possidetur.
648 912 714 945 Quae
733 911 825 938 omnia
856 918 960 946 cogno-

172 967 292 993 scentes.
321 966 347 988 et
370 968 451 995 quam
477 959 562 986 multa
591 959 646 986 sint
669 965 768 993 genera
803 965 960 992 regnorum,

173 1015 317 1042 surgamus
338 1013 536 1041 precemurqne
554 1004 649 1038 Deum,
671 1008 701 1031 ιιι
722 1003 829 1031 auferat
849 1011 863 1030 a
882 1003 961 1031 nobis

173 1061 286 1087 regnum
309 1052 431 1084 inimici.
450 1056 477 1079 et
497 1051 634 1086 possimus
654 1051 706 1079 sub
728 1058 813 1086 regno
837 1058 898 1078 esse
915 1049 961 1077 Dei

173 1099 378 1134 onmipotcntis,
406 1098 431 1125 id
451 1102 493 1125 cst
516 1098 569 1125 sub
593 1105 676 1132 regno
699 1097 850 1132 sapientiae,
875 1097 961 1131 pacis,

171 1145 294 1180 jtlSIIII‘rP,
308 1145 440 1176 veritatis,
454 1151 515 1178 qua:
528 1148 624 1171 cuncta
642 1143 668 1170 in
685 1143 824 1178 unigenito
836 1142 883 1169 Dei
893 1141 962 1169 Filio

173 1190 373 1226 intelliguntur,
392 1190 435 1218 cui
451 1194 494 1218 est
508 1189 594 1225 gloria
609 1193 637 1216 et
652 1188 795 1224 imperium
820 1188 849 1216 in
863 1187 962 1217 saecula

172 1237 346 1265 mulorum.
361 1237 466 1270 Amen,

419 1293 559 1321 IIOMILIA
582 1291 714 1320 XXXVII.

201 1339 238 1366 De
253 1347 283 1366 eo
296 1339 365 1375 quod
381 1347 396 1366 a
412 1338 552 1375 discipulis
566 1337 654 1372 pullus
670 1337 754 1365 asina:
769 1337 872 1365 solutus
887 1341 936 1365 ut.

495 1373 562 1408 Cap.
586 1380 642 1400 χιι.

210 1428 322 1456 Lectum
339 1432 381 1455 est
399 1428 426 1455 in
439 1426 585 1462 Evangelia
599 1427 748 1454 secundum
763 1427 877 1458 Lucam.
894 1434 963 1462 quo-

174 1473 270 1504 modo,
279 1481 341 1500 cum
365 1473 484 1500 venisset
504 1471 630 1499 Salvator
645 1471 811 1507 Bethphage,
824 1477 851 1499 ct
867 1472 963 1499 Betha-

175 1520 248 1546 niam
261 1518 338 1552 juxta
352 1522 472 1545 montem
482 1517 589 1549 Oliveti,
600 1517 706 1544 miserit
715 1518 785 1544 duos
795 1525 810 1544 e
822 1517 963 1552 discipulis
978 1524 999 1554 ο

175 1565 244 1595 suis,
259 1569 288 1591 ut
301 1564 438 1591 solverent
449 1563 552 1597 pullutn
567 1563 663 1595 asinae,
676 1562 723 1596 qui
740 1563 847 1589 vinctus
858 1567 926 1595 erat,
937 1566 965 1590 et

175 1617 343 1644 auperqucm
357 1609 448 1635 nullus
457 1608 597 1634 hominum
607 1607 754 1642 aliquando
764 1608 880 1635 sederat.
888 1608 965 1641 Quod

176 1655 287 1689 quidem
304 1654 369 1681 mihi
387 1654 494 1681 videtur
508 1653 594 1688 magis
615 1653 648 1679 ad
672 1653 796 1680 altiorem
814 1653 967 1689 intelligen-

175 1702 253 1733 tiam,
265 1707 349 1734 quam
365 1700 398 1726 ad
415 1699 566 1734 simplicem
580 1698 724 1726 historiam
741 1699 889 1734 pertinere.
904 1700 966 1727 Asi-

176 1755 228 1773 nus
252 1746 358 1772 vinctus
380 1749 447 1772 erat.
480 1744 616 1772 Ubinam?
640 1744 740 1772 Contra
764 1744 920 1781 Bethphage
939 1750 966 1772 rt

177 1792 346 1819 Bithaniam.
387 1791 407 1818 E
431 1791 531 1826 quibus
559 1790 688 1818 Bethania
712 1790 906 1825 interpretatur
926 1791 964 1826 (7)

175 1839 269 1865 domus
282 1838 446 1870 obedientiw,
465 1837 620 1872 Bethphoge
636 1845 712 1870 vero,
725 1837 818 1863 domus
837 1837 965 1863 maxilla-

177 1891 234 1910 rum
252 1891 261 1910 :
278 1883 457 1910 sacerdotalis
471 1883 581 1917 quidam
597 1882 673 1909 locus
687 1891 694 1908 ε
708 1881 824 1908 tnaxillze
834 1882 906 1908 enim
921 1890 966 1908 sa-

175 1929 333 1957 cerdotibus
350 1929 496 1960 dabantur,
515 1928 584 1955 sicut
600 1927 626 1954 in
642 1928 699 1962 lege
713 1928 876 1962 praecipitur.
899 1927 966 1954 Illuc

175 1983 241 2010 ergo
256 1975 300 2002 ubi
316 1974 480 2006 obedientia,
498 1974 544 2001 ubi
558 1974 636 2000 locus
659 1973 847 2000 sator-dotibus
863 1973 966 1999 mattei-

177 2026 274 2055 patus,
301 2019 383 2046 mittit
406 2019 531 2046 Salvator
543 2019 693 2053 discipulos
709 2026 790 2049 suos,
808 2022 837 2044 Ill
859 2018 967 2045 solvant

179 2066 284 2101 pullum
317 2065 400 2092 asina:
426 2073 507 2099 super
530 2072 611 2098 quem
635 2064 726 2091 nullus
751 2064 890 2091 hominum
917 2063 966 2090 ali-

177 2110 288 2145 quando
302 2110 419 2137 sederat.
436 2109 523 2136 Porro
541 2109 605 2144 quid
622 2110 694 2136 aliud
707 2116 787 2143 super
799 2110 906 2136 asinum
923 2116 966 2135 sc-

177 2157 241 2183 dere
258 2159 348 2189 potest
360 2155 463 2190 absque
477 2155 607 2182 homine?
636 2154 703 2182 Volo
720 2155 857 2189 paulisper
872 2162 965 2182 erem-

178 2203 252 2236 plum
268 2208 394 2234 sumere,
412 2206 441 2228 ut
456 2202 528 2236 quod
545 2201 669 2229 dicturus
686 2209 745 2228 sum
758 2221 765 2232 ,
785 2198 964 2234 possit'intel-
981 2208 1003 2236 υ

177 2247 233 2283 ligi.
259 2247 397 2282 Scriptum
420 2251 460 2274 est
478 2247 505 2274 in
524 2246 592 2274 Isaia
608 2247 631 2262 "
648 2256 655 2274 :
679 2246 751 2273 Vinio
764 2246 965 2281 quadrupedum

177 2293 204 2321 in
222 2293 393 2321 tribulatione
406 2298 430 2320 et
443 2293 578 2328 angustia,
590 2297 617 2319 et
631 2293 745 2327 reliqua,
758 2300 845 2327 usque
856 2293 889 2319 ad
901 2300 964 2319 eum

177 2341 268 2368 locum
284 2338 331 2366 ubi
344 2339 383 2366 ait
404 2348 412 2366 :
431 2338 493 2366 Non
509 2338 653 2373 proderunt
667 2339 703 2366 eis
719 2339 819 2366 diuitias
832 2339 964 2373 aspidum.

179 2385 375 2421 Unusquisque
386 2389 510 2412 nostrum
521 2385 676 2413 consideret
690 2389 807 2420 quantas
817 2392 883 2420 opes
897 2384 966 2419 aspi-

177 2433 242 2459 dum
259 2436 323 2459 ante
336 2431 495 2467 portaverit,
509 2435 627 2466 quantas
643 2430 752 2458 divitias
765 2429 925 2462 bestiarum,
939 2434 966 2457 et

177 2477 316 2513 quomodo
338 2485 478 2512 nunquam
505 2476 674 2503 rationabilis
698 2476 780 2502 homo
804 2475 904 2502 sederit
918 2483 966 2503 su-

178 2531 226 2558 per
240 2522 347 2550 asinum
362 2527 499 2554 nostrum,
516 2529 571 2548 non
587 2528 678 2549 sermo
699 2519 795 2555 Moysi,
811 2527 864 2547 non
878 2520 964 2553 Isaia,

179 2575 233 2595 non
254 2566 394 2599 Ieremia,
418 2574 469 2594 nec
486 2566 653 2601 reliquorum
675 2565 797 2591 otnnium
819 2565 966 2599 propheta-

213 2647 235 2662 "
247 2646 325 2674 Rom.
341 2655 381 2679 vt,
396 2646 440 2673 12.
479 2645 500 2666 "-
516 2645 584 2680 Cap.
605 2653 658 2671 xxx
669 2665 676 2677 ,
691 2651 761 2670 vers.
782 2642 808 2669 6.
856 2643 878 2658 δ’
893 2642 960 2670 Luc.

217 2722 254 2758 (Ἰ)
274 2723 376 2750 Confer
392 2722 421 2750 S.
434 2722 591 2758 Hieronymi
607 2722 692 2758 libros
708 2720 852 2758 Nummum
871 2719 964 2758 llevr_.,

182 2762 208 2784 et
222 2755 281 2791 quae
296 2759 327 2784 ad
345 2758 441 2784 harutn
464 2755 561 2784 vocum
585 2756 761 2790 etymologias
776 2762 825 2782 nos
839 2755 964 2791 animad—

184 2789 411 2828 vertimus-,mnon
437 2792 520 2828 semel
541 2789 695 2828 Dethphage
706 2790 793 2818 villam
816 2789 966 2816 sacerdota-

184 2826 250 2852 lium
266 2826 435 2853 ntaaillarum
451 2827 650 2862 interpretatur.

894 116 1058 148 ORIGENIS

983 2651 1030 2676 ιιι,
1054 2643 1079 2669 I.

1752 114 1812 141 1896

1014 184 1073 202 rum
1099 184 1106 202 :
1133 179 1160 202 ct
1173 174 1273 202 videbit
1287 179 1352 202 tunc
1370 174 1480 202 sedisse
1496 181 1586 208 super
1600 180 1654 199 nos
1667 180 1810 200 sermonm

1016 220 1061 247 Dei
1076 225 1157 255 atque
1179 221 1329 252 rationem.
1351 220 1466 254 quando
1483 219 1561 246 venit
1582 218 1720 245 Dominus
1733 217 1811 250 Iesus,

1012 272 1038 294 et
1051 266 1179 301 praecepit
1197 266 1340 301 discipulis
1357 267 1415 293 suis
1432 271 1460 292 ut
1479 270 1582 292 euntes
1598 264 1742 291 solverent
1760 266 1811 299 pul-

1018 313 1073 340 lunt
1089 313 1183 345 asinae,
1205 313 1251 347 qui
1268 313 1343 347 pritts
1358 313 1469 339 vinctus
1486 312 1591 342 fuerat,
1616 316 1647 337 ut
1662 311 1733 337 liber
1749 311 1813 337 inca

1013 359 1100 386 deret.
1120 358 1232 386 Solutus
1246 359 1337 393 itaque.
1348 359 1440 393 pullus
1457 358 1547 385 asina:
1562 356 1718 383 adducitur
1731 356 1763 382 ad
1776 355 1812 384 Ie-

1013 413 1086 437 sum,
1100 406 1133 432 ad
1149 405 1227 440 cujus
1245 406 1409 433 solutionem
1435 404 1552 431 mittens
1571 403 1732 437 discipulos
1744 403 1812 430 dise-

1013 456 1057 479 rat
1071 461 1076 478 :
1097 451 1127 478 Si
1140 452 1197 486 quis
1210 460 1254 478 vos
1268 451 1469 485 interrogarerit
1490 459 1576 485 quare
1586 449 1698 476 soltitis
1710 450 1811 483 pallula,

1013 496 1094 523 dicite
1119 497 1143 522 ei
1170 496 1233 531 quia
1260 495 1387 522 Dominus
1411 496 1597 522 rwcusarium
1626 494 1709 520 illum
1734 495 1810 522 ωτι

1013 541 1090 569 Multi
1117 547 1194 569 erant
1219 541 1321 568 domini
1343 541 1425 575 hujus
1444 541 1512 576 pulli
1527 541 1570 575 (8)
1587 546 1745 575 antequam
1762 540 1811 566 Sal-

1013 592 1091 615 vator
1112 596 1174 614 eum
1200 587 1311 614 haberet
1338 587 1526 615 necessarium
1555 596 1563 613 ε
1586 591 1742 621 postquam
1758 594 1812 612 vero

1014 634 1059 660 ille
1074 633 1157 668 cmpit
1171 641 1231 660 csse
1244 632 1382 664 dominus,
1407 633 1501 667 plures
1516 632 1632 659 domini
1651 639 1716 659 esse
1731 639 1811 659 assa-

1014 683 1121 706 verunt.
1141 677 1227 705 Nemo
1242 678 1314 705 enim
1334 682 1424 712 potest
1440 677 1495 704 Deo
1511 677 1625 705 servire
1639 683 1670 704 et
1685 684 1813 703 mammo-

1015 732 1066 752 nae.
1102 723 1217 756 Quando
1242 723 1350 749 malitiae
1373 722 1572 753 scrvierimus.
1603 719 1707 748 multis
1729 728 1813 747 sumus

1014 769 1189 805 passionibus
1201 768 1327 803 vitiisque
1344 767 1469 802 subjecti.
1487 766 1617 794 Solvitur
1632 774 1704 802 ergo
1721 767 1811 800 pullus.

1014 814 1078 848 quia
1103 809 1236 841 Dominus
1259 812 1443 840 necessarium
1468 819 1533 839 eum
1558 812 1656 838 habet.
1688 811 1744 839 Vos
1757 812 1812 838 estis

1016 859 1106 894 pullus
1126 859 1225 891 asinte,
1252 858 1317 893 quid
1343 858 1426 884 vestri
1444 857 1532 885 Filius
1556 857 1606 884 Dei
1633 858 1811 885 necessarium

1015 903 1118 931 habet?
1134 904 1198 938 quid
1213 912 1228 931 a
1245 904 1322 931 vobis
1333 905 1453 939 expetit?
1469 905 1561 931 salute
1574 909 1673 932 vestra
1686 911 1757 938 opus
1772 903 1812 928 ha—

1015 950 1076 982 bri,
1102 949 1177 984 cupit
1203 957 1251 976 vos
1275 950 1343 977 solvi
1361 950 1478 977 vinculis
1494 955 1697 984 peccatorum.
1723 947 1811 975 Deinde

1016 995 1127 1022 mittunt
1145 995 1271 1029 discipuli
1292 1001 1381 1022 vestes
1398 1003 1463 1022 suas
1479 1003 1566 1030 super
1579 995 1716 1028 asinum,
1738 999 1763 1021 et
1777 1002 1811 1021 5e-

1015 1041 1079 1067 dere
1092 1040 1195 1068 faciunt
1209 1040 1388 1068 Salvatorem.
1414 1041 1570 1068 Assumunt
1585 1048 1749 1067 sermonem
1762 1039 1809 1071 Dei,

1015 1091 1042 1113 et
1057 1086 1200 1121 imponunt
1215 1093 1277 1113 cum
1292 1094 1374 1120 super
1396 1086 1504 1114 animas
1519 1086 1704 1113 auditorum.
1735 1084 1810 1111 Vesti-

1016 1131 1068 1159 bus
1083 1138 1231 1164 exuuntur,
1257 1132 1437 1159 substernunt
1456 1139 1504 1159 eas
1528 1132 1559 1158 in
1585 1133 1645 1159 via.
1666 1131 1755 1166 Super
1768 1138 1809 1158 nos

1016 1182 1082 1205 sunt
1104 1178 1266 1205 vestimenta
1290 1179 1476 1213 apostolorum
1495 1187 1501 1205 :
1518 1185 1608 1212 opera
1624 1185 1725 1204 eorum
1740 1177 1809 1208 bona,

1016 1229 1176 1251 ornamenta
1200 1228 1293 1251 nostra
1308 1228 1383 1255 sunt,
1398 1224 1493 1251 volunt
1513 1223 1641 1258 apostoli
1662 1223 1807 1250 indumenta

1016 1278 1065 1298 sua
1082 1269 1181 1297 calcari
1201 1277 1217 1298 a
1238 1269 1328 1297 nobis.
1349 1269 1382 1296 Et
1403 1278 1496 1297 retea
1511 1269 1629 1297 solutus
1647 1277 1662 1296 a
1680 1270 1807 1304 discipulis

1015 1315 1121 1347 Asinus.
1138 1319 1166 1341 et
1181 1319 1293 1350 portans
1310 1313 1404 1342 Iesum
1415 1335 1422 1348 ,
1438 1314 1535 1341 incidit
1553 1322 1644 1350 super
1656 1315 1805 1342 vestimenta

1016 1360 1201 1396 apostolorum
1213 1381 1220 1393 ,
1238 1360 1348 1396 quando
1363 1360 1516 1388 doctrinam
1531 1368 1636 1388 eorum
1655 1361 1774 1387 imitatur
1786 1366 1806 1387 et

1016 1407 1111 1435 vitam.
1140 1405 1213 1440 Quis
1224 1410 1347 1433 nostrum
1371 1406 1407 1433 ita
1430 1406 1526 1433 beatus
1541 1410 1597 1438 est,
1618 1412 1652 1434 ut
1669 1406 1806 1434 sedeatsu-

1017 1459 1064 1487 per
1077 1451 1151 1478 illum
1167 1450 1268 1478 Iesus?
1295 1449 1347 1483 Qui
1361 1451 1482 1485 quamliu
1504 1451 1531 1476 in
1553 1454 1656 1478 monte
1675 1449 1743 1482 fuit,
1755 1457 1805 1476 cum

1016 1496 1074 1524 suis
1089 1496 1218 1531 apostolis
1233 1495 1389 1521 morabatur
1406 1503 1415 1522 ;
1433 1494 1547 1530 quando
1563 1502 1636 1522 vero
1656 1495 1739 1529 etrapit
1752 1494 1807 1520 viei-

1017 1548 1069 1568 nus
1092 1548 1153 1567 esse
1177 1538 1332 1571 descensui,
1348 1545 1404 1566 ltnn
1417 1540 1539 1567 occurrit
1557 1540 1583 1566 ei
1603 1539 1690 1566 turbs
1709 1539 1806 1574 populu-

1016 1594 1088 1613 rum.
1109 1584 1137 1612 Si
1150 1593 1203 1612 non
1217 1585 1334 1612 venisset
1348 1585 1380 1611 ad
1398 1584 1578 1616 descensum,
1595 1592 1656 1612 non
1672 1586 1698 1612 ei
1714 1589 1806 1620 poterat

1016 1638 1159 1659 occurrere
1171 1629 1326 1657 multitudo.
1347 1629 1503 1661 Descendit,
1517 1630 1653 1665 seditque
1668 1638 1749 1665 super
1761 1631 1808 1665 pul-

1016 1676 1071 1703 lum
1085 1676 1179 1709 asiam,
1194 1680 1221 1702 et
1233 1675 1322 1702 omnis
1336 1675 1453 1710 populus
1466 1683 1534 1702 voce
1548 1684 1680 1703 consona
1692 1677 1809 1704 laudabat

1017 1721 1111 1748 Deum.
1128 1720 1206 1754 Quod
1222 1720 1352 1748 Pharisiei
1371 1721 1506 1752 videntes,
1524 1721 1662 1749 dicebant
1675 1721 1807 1749 Domino:

1018 1766 1129 1802 lncrepa
1153 1775 1206 1793 eos.
1232 1766 1336 1799 Quibus
1359 1767 1403 1793 ille
1425 1767 1570 1801 respondit
1592 1776 1600 1794 '.
1619 1767 1651 1794 St
1667 1768 1715 1795 isti
1731 1773 1809 1794 tuu-

1017 1813 1088 1845 rint,
1109 1812 1210 1846 lapides
1230 1811 1311 1846 917
1327 1812 1492 1839 clanutbunt.
1522 1806 1647 1844 Quando
1664 1821 1718 1841 nos
1734 1813 1808 1848 loqui-

1017 1865 1093 1890 mur,
1116 1858 1220 1892 lapides
1235 1858 1316 1885 silent
1330 1866 1336 1883 :
1352 1857 1462 1892 quando
1479 1865 1531 1885 nos
1547 1863 1697 1892 tacemus,
1718 1859 1808 1893 lapides

1017 1904 1143 1932 clamant.
1176 1903 1268 1931 Potest
1291 1903 1363 1930 enim
1389 1903 1523 1931 Dominus
1541 1904 1576 1930 de
1589 1903 1736 1939 lapidibus
1759 1905 1808 1931 istis

1017 1950 1152 1977 suscitare
1173 1950 1243 1978 tilios
1262 1950 1379 1977 Abrahae
1390 1949 1423 1976 '°.
1456 1950 1517 1982 Quo
1536 1954 1667 1984 tempore
1683 1957 1735 1978 nos
1749 1955 1808 1977 tace

1017 1996 1123 2023 bimus?
1131 1995 1246 2028 Quando
1255 1995 1390 2022 refrixerit
1399 1994 1521 2021 charitas
1530 1995 1703 2027 multorum,
1711 1996 1806 2030 quam

1017 2040 1083 2068 illud
1100 2042 1171 2076 quod
1184 2049 1198 2067 a
1215 2041 1357 2068 Salvatore
1377 2040 1555 2075 przedicalum
1571 2044 1636 2072 est,
1663 2040 1750 2068 fuerit
1766 2041 1805 2067 im-

1016 2088 1118 2122 pletum
1135 2096 1141 2114 :
1160 2087 1246 2114 Putas
1259 2088 1361 2114 veniens
1374 2087 1465 2114 Filius
1477 2088 1595 2114 hominis
1611 2089 1731 2116 inueniet
1741 2089 1806 2124 ﬁl:-

1018 2142 1097 2168 super
1114 2138 1211 2160 terram
1226 2133 1269 2161 “3
1293 2133 1438 2168 Propterea
1460 2133 1572 2161 Domini
1593 2135 1805 2163 misericordiam

1018 2180 1205 2215 deprecemur.
1215 2187 1257 2211 ne,
1271 2179 1349 2206 nobis
1357 2179 1522 2211 tacentibus,
1534 2179 1644 2214 lapides
1658 2181 1804 2212 clamitent;

1019 2226 1066 2253 sed
1079 2226 1223 2260 loquamur
1239 2230 1266 2252 et
1278 2224 1419 2252 laudemus
1432 2224 1517 2251 Deum
1536 2225 1563 2251 in
1579 2224 1679 2259 Patre,
1695 2230 1723 2254 et
1738 2226 1803 2255 Filio.

1018 2276 1043 2298 ct
1060 2270 1161 2304 Spiritu
1176 2276 1271 2297 sancto
1287 2279 1294 2297 :
1307 2269 1350 2297 cui
1366 2274 1407 2297 cst
1417 2269 1505 2304 gloria
1518 2275 1546 2297 et
1559 2270 1715 2306 imperium
1728 2272 1754 2299 in
1767 2278 1804 2298 st

1019 2317 1079 2344 cuia
1097 2316 1271 2344 saeculorum.
1291 2316 1387 2343 Amen.

1262 2361 1332 2389 IIOM
1338 2361 1406 2389 lLIA
1423 2361 1573 2390 XXXVIII.

1020 2409 1059 2436 De
1079 2417 1109 2436 eo
1131 2408 1205 2448 quod
1217 2408 1348 2448 _s_cript_um
1364 2412 1403 2435 ut
1418 2416 1427 2435 :
1443 2417 1467 2448 ι-
1474 2407 1543 2448 cum
1565 2414 1660 2436 autem
1676 2410 1803 2445 appropin-

1053 2449 1169 2480 quasset,
1180 2443 1245 2480 vidit
1257 2443 1400 2480 ciuitatem.
1411 2448 1436 2469 st
1447 2444 1520 2480 [lenit
1530 2451 1618 2480 super
1631 2443 1726 2478 ιαιιιζὶ
1738 2443 1803 2479 usqu

1052 2477 1086 2506 ad
1109 2487 1168 2505 eum
1191 2478 1278 2505 locum
1293 2477 1336 2504 ubi
1353 2478 1390 2504 ait
1405 2486 1414 2504 :
1432 2487 1442 2504 I
1460 2477 1548 2510 Ejecit
1568 2477 1665 2506 om
1683 2477 1802 2508 Inﬁnita

1057 2514 1203 2540 columbas.
1224 2523 1233 2539 ι
1255 2513 1321 2548 Cap.
1336 2521 1393 2540 ιιι.

1057 2559 1124 2586 Cum
1140 2558 1374 2593 appropinquasset
1392 2557 1548 2586 Jerusat'ens
1571 2558 1707 2587 Dominus
1720 2564 1800 2589 nutu.

1125 2641 1146 2656 "
1162 2638 1228 2667 Luc.
1245 2646 1327 2671 xvttt,
1346 2638 1375 2666 8.

1057 2719 1096 2754 (8)
1116 2715 1365 2754 liecolenda_httjus
1383 2714 1437 2742 loci
1457 2713 1797 2754 Hieronymiana‘espositit

1021 2754 1048 2781 in
1061 2751 1210 2781 Comment.
1226 2753 1252 2778 in
1267 2751 1438 2778 Nautium.
1466 2758 1531 2787 quae
1546 2752 1649 2780 iisdem
1662 2751 1735 2787 plane
1746 2757 1797 2779 can-

1022 2790 1123 2817 texitur
1135 2788 1271 2815 sensibus.
