1846 3053
53 125 113 152 1⁸89⁵1

634 127 668 154 IN
688 127 804 155 LUCAM
824 127 964 155 IIOMILIA
986 128 1103 156 XXXIX.

1600 129 1667 156 1:93

53 182 136 208 videns
150 190 206 208 eam
227 183 296 216 [ierit
308 203 314 215 ,
339 188 362 209 et
384 183 452 209 dixit
467 191 475 209 :
493 182 522 209 Si
536 190 701 217 cognosceres
721 189 744 210 et
761 188 787 209 tu
802 183 829 209 in
843 185 867 214 Α
882 184 945 211 riosi
961 184 1017 216 lilii,
1034 184 1080 219 qui
1096 183 1278 212 substantiam
1293 191 1370 210 suam
1389 183 1492 218 accepit
1509 191 1523 210 a
1541 191 1627 218 patre,
1641 188 1668 210 et

52 228 90 254 dte
100 227 148 254 ista
164 236 222 262 qua:
237 229 270 254 ad
283 237 373 263 parem
387 233 447 255 sunt
463 228 530 261 tibi;
543 237 611 256 nunc
622 235 708 256 autem
722 229 831 256 abscon-

51 275 105 302 dita
118 280 176 302 sunt
194 275 225 302 ab
241 276 324 302 oculis
341 277 393 302 tuis
403 296 410 308 ,
432 276 557 311 quoniam
571 276 672 302 venient
687 276 743 302 dies
754 284 831 310 super

51 324 84 349 te.
98 325 120 346 et
136 321 336 347 circumdabant
349 326 372 348 te
384 321 485 348 inimici
498 321 538 348 tui
555 321 634 348 vallo.
656 320 830 348 Sacramenta

50 371 110 392 sunt
134 374 193 400 qum
213 366 359 399 dicuntur,
385 371 412 393 et
437 375 597 401 speramus,
617 367 749 401 pandente
763 365 829 397 Deo,

50 410 149 443 aperire
170 417 251 445 posse
275 411 348 445 quod
373 411 473 439 latitat.
502 410 623 437 Primum
638 418 703 445 ergo
718 411 752 438 de
766 412 829 438 ﬂetu

47 456 106 490 ejus
115 456 380 484 videndum.0rnnes
391 457 572 485 beatitudines
586 465 654 492 quas
670 457 777 485 locutus
787 461 829 484 est

48 501 75 529 in
90 502 231 537 Evangelio
241 501 337 535 Iesus,
348 511 399 530 suo
408 503 503 530 "ﬁrmat
514 503 648 538 exemplo,
661 506 687 529 et
699 502 770 537 quod
785 502 830 529 do‘

48 548 113 580 cuit,
130 555 178 582 pro
191 548 348 576 testimonio
363 549 469 583 probat.
495 549 589 582 Beati,
619 549 707 583 inquit
721 548 762 580 ιι,
780 548 830 574 mi-

49 599 97 621 tes.
125 593 192 621 Huic
209 594 296 621 simile
319 598 361 622 est
383 594 417 622 de
438 595 584 629 semetipso
604 603 612 621 :
629 594 727 621 Discite
745 602 761 620 a
775 601 825 625 me,

45 638 165 672 quoniam
177 638 250 665 mitis
260 646 319 665 tum
330 638 364 665 ".
377 638 455 666 Beati
464 639 570 674 paciﬁci
581 639 604 655 ⁸⁵
618 648 624 666 :
640 644 667 666 et
682 638 743 673 quis
759 638 829 666 alius

42 683 84 710 ira
99 683 235 718 paciﬁcus,
254 688 283 711 ut
305 683 438 712 Dominus
459 692 537 712 meus
553 684 642 717 Jcsus,
660 684 705 718 qui
720 689 761 711 est
775 691 827 718 pax

45 732 136 755 nostra
146 749 152 760 ,
164 728 210 762 qui
225 729 306 756 solvit
320 729 509 761 inimicitiam,
531 734 558 757 et
571 730 597 757 in
614 737 663 757 sua
676 737 734 756 eam
747 737 828 757 carne

39 774 194 801 destruxit?
206 773 282 801 Beati
293 775 339 809 qui
349 775 555 808 persecutionem
568 775 709 809 patiuntur
723 779 828 809 propter

43 818 172 851 iustitiam
187 819 226 846 "'.
253 818 338 847 Nemo
357 820 403 848 sic
428 821 644 855 persecutionem
667 827 764 855 passus
787 825 828 848 est

44 869 152 898 propter
163 864 299 899 justitiam
309 885 317 898 ,
336 869 365 892 ut
377 865 507 893 Dominus
520 864 600 893 Jesus
610 885 617 898 ,
633 866 680 900 qui
699 874 748 901 pro
763 874 827 901 pec-

43 910 112 937 catis
128 910 228 938 nostris
247 910 395 938 cruciﬁxus
418 915 470 938 est.
498 910 599 938 Omnes
616 912 698 946 igitur
712 912 828 938 beatitu-

42 956 119 983 dines
134 956 160 983 in
177 956 324 991 semetipso
338 956 470 984 Dominus
486 957 614 984 ostendit.
636 957 675 984 Ad
695 965 775 992 quam
790 958 827 985 si-

43 1001 222 1028 militudinem
246 1001 327 1029 etiam
352 1002 418 1029 illud
442 1002 514 1037 quod
528 1003 651 1034 dixerat,
669 1002 747 1029 Beati
762 1003 828 1037 ﬂen—

42 1052 81 1074 tea
97 1047 137 1079 “,
155 1047 212 1081 ipse
223 1046 315 1078 ﬂevit,
330 1052 360 1075 ut
374 1047 456 1082 hujus
470 1055 580 1082 quoque
591 1048 768 1075 beatitudinis
781 1048 826 1082 ja-

39 1096 114 1119 ceret
134 1091 320 1120 fundamenta.
351 1092 437 1120 Flevit
456 1097 547 1120 autem
569 1101 649 1128 super
663 1092 825 1126 Jerusalem,

39 1138 133 1165 dicens
161 1146 168 1164 :
193 1137 223 1165 Si
238 1140 399 1173 cognouisset
414 1145 437 1166 et
453 1145 482 1167 tu
494 1140 522 1166 in
536 1140 581 1166 die
598 1140 650 1166 ista
661 1147 719 1175 quae
732 1140 766 1166 ad
779 1148 828 1174 pa-

38 1191 96 1210 cem
113 1188 174 1210 sunt
197 1183 256 1216 tibi,
279 1193 350 1211 nunc
361 1190 448 1211 autent
461 1184 615 1211 abscondita
625 1190 686 1211 sunt
699 1185 731 1211 ab
742 1185 826 1212 oculis

36 1229 104 1260 tuis,
131 1233 157 1256 et
177 1229 292 1264 reliqua,
314 1237 402 1264 usque
421 1230 454 1257 ad
469 1237 530 1257 eum
547 1230 636 1257 locum
650 1230 694 1257 ubi
707 1230 746 1257 ait
762 1239 768 1257 :
786 1229 827 1256 Eo

35 1275 109 1309 quod
131 1282 181 1301 non
201 1276 353 1310 cognoveris
367 1280 466 1310 tempus
479 1275 644 1302 uisitationis
662 1279 723 1302 tuae.
751 1275 828 1302 Dicat

38 1321 141 1355 aliquis
166 1320 322 1348 atrditorurn
346 1330 352 1348 :
370 1320 510 1348 Manifesta
527 1325 592 1348 sunt
607 1329 667 1356 qua:
689 1321 826 1353 dicuntur,

37 1371 63 1393 et
77 1373 160 1400 opere
171 1365 308 1400 completa
324 1365 357 1392 de
372 1364 532 1392 Jerusalem.
553 1365 737 1392 Circumdedrt
750 1364 824 1392 enim

35 1420 100 1439 eam
118 1411 258 1439 Romanus
269 1412 416 1443 exercitus,
429 1415 455 1438 et
469 1411 502 1438 ad
515 1411 726 1438 intemecionem
741 1419 827 1447 usque

37 1458 166 1490 vastavit,
182 1461 342 1492 tempusque
357 1457 446 1485 veniet
460 1457 570 1493 quando
584 1457 652 1492 lapis
664 1465 746 1492 super
760 1457 827 1493 lapi-

34 1503 99 1530 dem
116 1510 169 1530 non
185 1503 353 1538 relinquetur
367 1511 449 1538 super
462 1511 534 1530 eam.
555 1502 613 1530 Non
629 1510 698 1537 nego
714 1508 741 1530 et
753 1503 824 1546 illam
840 1517 862 1546 α

36 1548 147 1582 quidem
165 1546 314 1575 Jerusalem
332 1551 442 1582 propter
460 1546 642 1574 habitatorum
662 1546 764 1574 scelera
782 1545 824 1573 fu-

36 1595 93 1621 isse
109 1594 287 1626 destructam,
313 1595 359 1620 sed
371 1601 468 1628 quer
488 1593 511 1620 si
530 1598 557 1620 et
571 1593 604 1620 ad
617 1593 686 1620 hane
701 1596 824 1620 nostram

33 1639 187 1667 Jerusalem
205 1639 284 1666 Ictus
308 1639 360 1666 iste
387 1639 528 1674 pertineat.
561 1638 615 1665 Nos
637 1638 709 1665 enim
729 1646 824 1666 sumus

33 1684 187 1712 Jerusalem
199 1692 259 1719 qua:
271 1684 396 1717 deﬂetur,
406 1683 453 1718 qui
468 1683 546 1710 nobis
559 1683 684 1710 videmur
695 1683 822 1710 intuitum

33 1731 136 1758 habere
152 1730 294 1765 majorem.
325 1729 402 1762 Quod
422 1729 444 1757 si
458 1733 520 1763 post
537 1729 666 1763 mysteria
690 1728 821 1760 veritatis,

32 1782 98 1812 post
114 1784 266 1804 sermonem
281 1775 431 1810 Evangelii,
448 1779 508 1810 post
520 1774 670 1802 doctrinam
684 1773 821 1807 Ecclesiae,

31 1827 96 1858 post
110 1822 243 1849 visionem
267 1825 501 1848 sacramentorum
515 1819 586 1854 ejus,
602 1819 702 1854 aliquis
716 1826 731 1846 e
743 1819 823 1846 nobis

29 1867 198 1903 peccaverit,
214 1866 350 1902 plangitur
365 1870 446 1900 atque
460 1865 549 1892 ﬂetur.
570 1864 655 1891 Nemo
669 1864 741 1891 enim
758 1872 822 1898 gen-

29 1914 89 1941 tilis
115 1913 212 1944 ﬂetur,
236 1912 282 1939 sed
306 1912 352 1938 ille
375 1911 420 1945 qui
438 1910 488 1938 fuit
503 1910 538 1937 de
553 1909 720 1941 Jerusalem,
749 1909 822 1944 quod

28 1963 95 1994 pust
112 1963 223 1993 peccata
234 1957 406 1984 circumdant
419 1963 479 1983 eam
497 1955 611 1987 inimici,
624 1955 767 1982 contraria:
783 1954 823 1981 vi-

27 2004 133 2031 delicet
148 2002 339 2035 fortitudines,
354 2002 467 2036 spiritus
481 2008 609 2035 nequam,
625 2005 652 2027 et
674 2000 823 2027 immittant

29 2051 59 2077 in
75 2049 195 2076 circuitu
208 2049 267 2083 ejus
280 2048 381 2075 vallum
394 2066 401 2078 ,
414 2052 440 2074 et
455 2047 601 2074 obsideant
615 2053 675 2072 earn
685 2066 694 2078 ,
711 2050 737 2072 et
754 2045 823 2079 lapi-

25 2096 93 2122 dem
109 2101 192 2128 super
205 2094 320 2127 lapidem
333 2100 387 2120 non
402 2093 557 2126 relinquant
569 2100 578 2117 τ
597 2091 715 2118 maxime
727 2091 749 2117 si
761 2096 822 2126 post

25 2139 149 2166 multatur
164 2138 358 2165 continentiam
367 2157 375 2169 ,
401 2141 461 2171 post
474 2136 577 2171 aliquot
589 2143 677 2163 annos
688 2136 821 2163 castitatis

882 229 1008 257 universa
1035 229 1152 264 perdidit
1176 229 1258 256 nimie
1283 228 1401 264 potando
1415 229 1447 255 ⁸⁸.
1479 229 1507 256 Si
1522 229 1583 263 quis
1602 237 1667 264 ergo

882 273 990 305 vendit,
1007 273 1132 307 cjicitur,
1151 273 1286 307 praecipue
1309 272 1332 300 si
1356 272 1489 300 vendebat
1514 273 1665 300 columbas.

881 317 971 350 Quare
996 319 1066 346 alias
1089 326 1152 345 aves
1174 325 1228 345 non
1247 318 1337 353 posuit
1353 319 1405 346 nisi
1427 319 1587 347 columbas?
1610 318 1668 347 Hoc

880 363 982 390 animal
1005 363 1117 398 simplex
1131 367 1192 397 est,
1219 369 1247 391 et
1260 363 1400 391 decorum.
1431 363 1531 392 Vereor
1546 372 1580 392 ne
1598 369 1623 391 et
1639 364 1666 390 in

881 408 959 436 nobis
972 408 1066 436 vitium
1082 408 1161 436 istius
1174 409 1246 436 modi
1258 409 1484 444 deprehendatur.
1506 409 1534 437 Si
1546 410 1617 437 enim
1634 418 1666 437 ea

880 461 941 488 qua:
954 453 1020 480 mihi
1035 462 1049 481 a
1063 459 1157 481 sancto
1171 453 1274 489 Spiritu
1288 455 1405 482 revelata
1418 460 1496 488 sunt,
1511 459 1538 483 et
1550 455 1665 489 credita,

881 503 911 526 ut
924 499 949 526 in
963 499 1060 535 vulgus
1074 499 1209 533 eﬂcrrem,
1235 500 1322 535 pretio
1346 500 1504 533 vendidero,
1519 506 1546 529 et
1561 502 1667 537 absque

880 544 1004 571 mercede
1020 552 1072 571 non
1086 544 1216 577 docuero,
1227 545 1291 579 quid
1309 544 1382 572 aliud
1398 545 1479 579 facio,
1492 546 1545 573 nisi
1559 546 1666 573 colum-

880 589 939 621 bas,
957 590 981 617 id
1007 594 1049 618 est
1063 590 1195 625 Spiritum
1217 595 1340 619 sanctum
1362 591 1472 619 vendo?
1500 591 1584 625 Quem
1600 599 1664 619 eum

879 635 1037 667 vendidero,
1053 635 1148 670 ejicior
1161 636 1194 663 de
1211 637 1311 671 templo
1323 636 1380 664 Dei.
1401 636 1570 672 Quapropter
1584 646 1663 672 roge-

880 688 940 708 mus
954 680 1111 714 Dorninum,
1121 686 1151 709 ut
1162 689 1256 709 omnes
1268 690 1392 711 emamus
1407 683 1496 718 potius
1511 691 1592 718 quam
1606 692 1667 710 ven-

879 726 987 754 damus.
1004 726 1034 753 Si
1048 727 1121 754 enim
1139 735 1194 755 non
1207 727 1421 760 vendiderimus.
1435 729 1624 764 cognoscimus
1639 733 1666 756 et

879 771 1055 807 intelligimus
1067 772 1183 800 salutem
1197 778 1318 800 nostram
1338 782 1344 800 :
1362 773 1480 809 alioquin
1499 774 1602 801 inimici
1615 774 1667 802 cir-

879 817 1045 845 cumdahunt
1075 818 1169 845 urbem
1196 823 1326 846 nostram.
1363 819 1441 852 Quod
1463 820 1485 847 si
1506 820 1590 847 semel
1613 828 1665 847 nos

877 863 1014 891 exercitus
1025 864 1133 892 hostilis
1146 864 1279 896 cinxerit,
1297 864 1431 900 iacryrnas
1446 864 1493 892 Dei
1507 873 1560 892 non
1576 873 1664 892 merc-

878 909 978 936 bimur.
996 908 1147 944 Surgamus
1158 917 1224 945 ergo
1236 910 1367 942 diluculo.
1381 914 1408 938 et
1422 911 1598 938 Obsecremus
1611 910 1664 937 Do-

878 953 994 987 minum,
1008 959 1038 982 ut
1050 955 1144 982 saltem
1159 955 1244 982 micas
1256 963 1317 990 quae
1328 955 1362 982 de
1375 963 1468 983 mensa
1480 955 1541 990 ejus
1551 956 1665 987 cadunt.

877 999 1019 1027 comedere
1035 1000 1183 1035 possimus.
1212 1000 1325 1028 Miratur
1349 1001 1488 1036 Scriptura
1501 1001 1524 1017 ”
1542 1001 1661 1036 reginam

878 1043 949 1071 Saba
964 1046 1070 1073 venisse
1093 1046 1128 1073 ab
1153 1050 1276 1073 extremo
1300 1051 1379 1073 terra:
1391 1046 1485 1073 audire
1503 1046 1658 1081 sapientia".

879 1089 1033 1117 Salomonis
1049 1099 1057 1118 :
1071 1099 1131 1126 qua:
1147 1099 1208 1118 cum
1224 1091 1336 1119 vidisset
1352 1091 1513 1126 prandium,
1528 1095 1555 1118 et
1573 1092 1665 1126 supel-

878 1134 993 1162 lectilem
1006 1156 1012 1167 ,
1033 1139 1059 1163 et
1074 1136 1226 1164 ministeria
1247 1136 1343 1164 domus
1357 1137 1432 1171 ejus,
1457 1137 1614 1168 obstupuit.
1637 1141 1665 1164 ct

879 1184 934 1207 tota
952 1180 979 1207 in
993 1181 1129 1208 miraculo
1142 1181 1203 1208 fuit.
1234 1180 1290 1208 Nos
1309 1181 1331 1209 si
1353 1185 1443 1209 tantas
1456 1181 1561 1209 Domini
1578 1182 1665 1209 nasni

878 1233 960 1260 opes,
977 1231 1078 1254 tantam
1096 1228 1231 1255 sermonis
1255 1228 1448 1262 supellectilem
1462 1248 1468 1259 ,
1484 1234 1511 1255 ct
1523 1229 1665 1255 abundan-

879 1272 943 1300 tiam
955 1273 1143 1304 doctrinarqu
1156 1282 1210 1301 non
1223 1274 1338 1301 libenter
1354 1274 1553 1309 amplectimur,
1569 1275 1592 1302 si
1610 1283 1664 1302 non

877 1319 1046 1346 comedimus
1059 1327 1156 1354 panem
1171 1319 1242 1352 vitaz,
1257 1319 1279 1347 si
1296 1328 1348 1347 non
1362 1320 1491 1347 carnibus
1505 1320 1606 1347 Christi
1624 1329 1665 1346 vc-

878 1363 981 1391 scimur
993 1384 1000 1396 ,
1018 1369 1044 1391 et
1056 1372 1153 1392 cruore
1167 1370 1308 1400 putamur;
1324 1365 1347 1393 si
1364 1365 1564 1392 contemnimus
1581 1366 1665 1399 dapes

878 1408 1029 1437 Salvatoris
1042 1410 1139 1442 nostri,
1151 1411 1222 1438 scire
1234 1411 1367 1438 debemus
1382 1411 1454 1446 quod
1471 1411 1568 1438 habeat
1580 1411 1664 1444 Deus,

878 1460 905 1482 et
919 1455 1124 1490 benignitatem,
1138 1460 1165 1482 et
1181 1456 1364 1483 severitatem.
1393 1456 1414 1483 E
1426 1457 1526 1491 quibus
1540 1457 1663 1492 benigni-

879 1504 960 1527 tatem
984 1500 1044 1535 ejus
1059 1501 1146 1535 magis
1168 1509 1246 1529 orare
1263 1502 1408 1534 debemus,
1433 1502 1459 1529 in
1475 1503 1583 1530 Christo
1598 1503 1663 1530 Jcsu

880 1546 996 1573 Domino
1007 1551 1100 1574 nostro
1124 1556 1130 1574 :
1157 1547 1200 1574 cui
1213 1552 1254 1574 est
1269 1548 1354 1583 gloria
1371 1553 1398 1576 et
1412 1548 1554 1584 irnperiuru
1569 1549 1595 1576 in
1613 1557 1664 1576 sa:-

878 1592 938 1620 cula
954 1593 1126 1620 surculorum.
1146 1592 1242 1620 Amen.

1104 1649 1187 1684 973
1201 1648 1341 1676 llOlilLlA
1361 1649 1483 1678 xxxrx.

877 1705 915 1732 De
927 1706 1070 1741 qumtione
1083 1705 1300 1735 Sadduceorum.
1317 1715 1396 1741 quant
1409 1712 1600 1740 proposuerant
1615 1707 1664 1735 DJ-

912 1742 982 1767 miuo
993 1761 1000 1772 ,
1025 1741 1142 1767 mulieris
1166 1741 1222 1775 ejus
1237 1749 1296 1775 qute
1313 1747 1409 1774 septem
1425 1742 1493 1768 viros
1508 1742 1622 1774 habuit,-
1638 1747 1664 1769 et

911 1783 1002 1802 rursus
1016 1777 1047 1802 de
1054 1775 1162 1802 denaria
1175 1774 1250 1810 q'ueni
1262 1776 1312 1802 sibi
1324 1775 1448 1802 Sulvutor
1457 1776 1539 1810 jussit
1548 1779 1660 1804 ostendi.

910 1811 976 1845 Cap.
993 1818 1037 1836 xx.

912 1865 959 1892 Est
971 1865 1081 1893 hteresis
1096 1865 1122 1892 in
1133 1864 1246 1898 Judtcis,
1256 1873 1316 1900 qum
1325 1865 1426 1893 dicitur
1436 1866 1663 1894 Sadducazorum:

875 1911 933 1938 hac
947 1911 1172 1938 resurrectionem
1186 1915 1355 1937 ruortuorurn
1368 1916 1458 1946 negat,
1471 1917 1499 1938 et
1512 1916 1590 1946 putat
1606 1913 1663 1938 arri-

876 1964 946 1984 mam
974 1957 1086 1984 interim
1100 1964 1163 1983 cum
1181 1965 1305 1992 corpore,
1319 1965 1368 1984 nec
1383 1962 1444 1992 post
1461 1963 1574 1985 mortem
1590 1959 1661 1985 ultra

876 2003 1018 2037 respirare.
1040 2003 1123 2037 Igitur
1137 2003 1314 2037 quaestionem
1341 2003 1455 2030 Domino
1467 2009 1659 2040 proponeutes,

875 2053 1088 2083 composuerunt
1110 2048 1231 2075 fabulam
1257 2048 1379 2075 mulieris
1403 2053 1505 2084 septeni
1528 2050 1660 2082 virorum,

875 2101 936 2128 quae
958 2098 1020 2128 post
1041 2094 1159 2128 primum
1175 2094 1264 2121 virum
1281 2094 1315 2121 ad
1334 2094 1551 2122 resuscitandum
1567 2102 1660 2122 semen

876 2140 974 2173 prioris
990 2140 1104 2166 alterum
1118 2139 1225 2167 duxerit
1242 2147 1249 2167 :
1266 2147 1321 2174 quo
1334 2144 1450 2172 mortuo,
1467 2140 1573 2167 tertium
1590 2149 1661 2174 quo-

26 2185 125 2212 victus
138 2183 201 2218 quis
219 2182 312 2214 fuerit,
329 2181 576 2216 blandimentisque
600 2181 691 2208 carnis
715 2181 821 2208 illectus
836 2190 858 2216 ῃ
874 2191 938 2218 que,
952 2183 1097 2211 et‘rursurn
1112 2189 1252 2219 quartum,
1279 2190 1360 2220 atque
1374 2185 1401 2211 in
1416 2184 1488 2212 hunc
1502 2186 1612 2212 modum
1627 2187 1661 2212 ad

24 2230 194 2266 patientiam
209 2228 426 2264 pudicitiamque
439 2228 571 2255 amiserit.
594 2227 622 2254 Si
637 2227 721 2254 fueris
734 2227 821 2254 forni-

21 2281 123 2306 catus.
141 2275 257 2309 lapidem
278 2282 361 2309 super
375 2274 490 2308 lapidem
504 2281 558 2300 non
574 2274 727 2308 relinquent
739 2281 821 2308 super

23 2329 66 2349 te.
85 2322 135 2350 Art
149 2327 221 2347 enim
238 2327 266 2346 In
284 2319 339 2347 alio
355 2319 416 2346 loco
430 2319 452 2335 δ’
469 2326 477 2345 :
495 2317 556 2345 Non
572 2319 730 2345 recordabar
750 2319 820 2353 prio-

21 2375 89 2394 rum
107 2365 278 2400 justitiarum
289 2364 346 2399 ejus
365 2372 374 2391 :
397 2365 423 2390 in
438 2369 543 2398 peccato
555 2371 614 2396 suo,
626 2364 652 2389 in
662 2371 715 2398 qua
728 2364 819 2398 depre-

20 2414 127 2439 Itemua
152 2411 243 2445 fuerit,
266 2411 293 2436 in
315 2411 372 2444 ipso
393 2409 516 2441 iudicabo
534 2417 603 2436 eum.
624 2408 686 2436 Haec
700 2413 741 2436 est
756 2417 821 2445 ergo

21 2465 92 2493 quae
110 2455 226 2483 deﬂetur
235 2455 395 2482 Jerusalem.
425 2454 491 2482 Post
506 2462 566 2489 quae
579 2455 680 2482 dicitur
694 2463 700 2482 :
718 2453 821 2490 Ingres-

18 2512 72 2532 sus
91 2506 133 2529 est
148 2502 283 2537 temptant.
302 2501 378 2534 Quod
393 2508 451 2527 cum
466 2500 559 2535 {uisset
577 2501 719 2535 ingressus,
745 2501 819 2535 ejecit

18 2557 70 2576 eos
96 2547 144 2582 qui
168 2546 310 2573 vendebant
332 2545 477 2573 columbas.
505 2544 564 2571 Non
579 2545 658 2579 ejecit
676 2550 816 2578 ementes;

19 2594 74 2629 qui
94 2593 170 2620 enim
184 2597 288 2624 emunt,
315 2596 342 2618 et
365 2591 437 2626 quod
453 2591 568 2618 emerint
582 2590 733 2625 possident.
760 2591 821 2618 Illos

18 2639 111 2675 ujccit
128 2639 162 2665 dc
175 2638 274 2673 templo
289 2637 378 2664 Patris
401 2636 480 2664 Iesus
492 2657 499 2669 ,
515 2637 561 2672 qui
576 2637 695 2663 vendunt
708 2641 735 2664 et
751 2637 820 2672 abji-

18 2685 106 2712 ciunt
120 2683 194 2718 quod
209 2683 368 2713 habuerant.
387 2683 414 2708 in
429 2682 636 2709 similitudinem
651 2682 724 2709 illius
742 2683 822 2710 luxu-

73 2731 98 2746 ὐ
117 2729 214 2756 Matth.
234 2737 249 2755 v
261 2749 268 2761 .
284 2729 311 2755 5.
372 2729 395 2744 ⁸³
407 2728 500 2756 Matth.
515 2737 552 2760 χι,
567 2729 612 2756 29.

18 2766 45 2781 ⁸⁸
65 2765 139 2792 Luc.
154 2772 198 2791 xv.
246 2764 268 2780 “
282 2763 314 2790 lll
330 2763 396 2799 Reg.
412 2772 437 2790 x.
485 2764 508 2780 ”
522 2763 616 2791 Matth.
633 2772 701 2795 xxn.
713 2765 758 2798 29,
773 2767 817 2794 50.

60 2811 104 2845 (9)
126 2809 198 2842 Quin
220 2809 384 2845 econtrario,
409 2813 443 2845 u_tr
464 2816 593 2844 perquam
612 2811 716 2837 erudite
739 2816 815 2839 notat

18 2843 216 2880 Hieronymus
223 2844 302 2877 epist.
317 2843 360 2874 75.
370 2845 402 2870 ad
414 2843 595 2880 Theodoram,
613 2846 676 2876 n.2,
693 2845 815 2880 Quando,

193 2879 328 2908 ΡΑἰ-ιιοι.
346 2879 403 2908 (in.
418 2879 499 2908 λιιι.

660 2729 682 2744 ⁸⁸
693 2729 786 2766 Matth.
804 2740 836 2766 v,
851 2733 878 2760 9.

874 2229 1019 2264 septimum
1044 2235 1130 2263 usque
1148 2234 1317 2263 pervenerat.
1341 2228 1478 2262 Quan‘itur
1495 2236 1559 2263 ergo
1573 2229 1599 2255 in
1616 2238 1661 2255 rc-

872 2274 1041 2302 surrectione
1064 2278 1254 2305 mortuorum,
1272 2273 1335 2308 quis
1361 2281 1419 2300 eam
1444 2274 1494 2300 sibi
1518 2281 1534 2300 e
1557 2278 1660 2307 septem

872 2319 1003 2347 fratribus
1021 2319 1057 2346 sit
1070 2319 1258 2346 vindicaturus
1273 2327 1398 2346 uxorem.
1420 2318 1476 2345 Hoc
1489 2323 1579 2346 autem
1598 2327 1660 2353 pro—

871 2366 957 2393 blema
984 2366 1147 2394 insidiantes
1172 2365 1263 2393 verbis
1287 2365 1453 2398 Salvatoris,
1482 2373 1515 2393 co
1539 2371 1661 2401 tempore

871 2416 1087 2447 proposuerunt,
1104 2419 1159 2446 quo
1187 2419 1248 2438 eum
1275 2411 1400 2438 viderant
1414 2411 1447 2438 de
1463 2412 1660 2438 resurrectione

871 2459 968 2486 docere
980 2457 1141 2492 discipulos.
1162 2457 1268 2490 Quibus
1280 2457 1448 2492 respondens
1462 2456 1588 2485 Saltator
1601 2458 1658 2484 ait:

874 2503 991 2536 Erratis,
1014 2504 1156 2530 nescientes
1179 2502 1342 2537 Scripturas,
1365 2511 1445 2538 neque
1467 2503 1588 2529 virtutem
1601 2503 1659 2530 Dei.

873 2549 906 2576 1η
920 2550 1109 2576 resurrectione
1132 2549 1201 2576 enim
1218 2553 1380 2575 mortuorum
1399 2556 1479 2583 neque
1498 2548 1603 2580 nubent,
1616 2556 1661 2575 ne-

872 2603 919 2629 que
932 2594 1072 2627 nubentur,
1087 2594 1131 2620 sed
1143 2598 1221 2620 erunt
1233 2594 1301 2619 sicut
1316 2592 1402 2627 angeli
1420 2594 1445 2619 in
1462 2593 1533 2620 caelis
1547 2593 1580 2619 ’°.
1606 2591 1659 2626 Qui

871 2645 952 2668 erunt
969 2641 1039 2667 sicut
1054 2640 1143 2676 angeli
1155 2661 1163 2673 ,
1185 2640 1279 2674 utique
1291 2638 1328 2674 (9)
1343 2639 1430 2673 angeli
1443 2643 1533 2666 erunt.
1557 2638 1659 2665 Simul-

871 2694 925 2720 que
939 2686 1108 2717 discenduru,
1120 2685 1193 2720 quod
1210 2684 1298 2720 angeli
1314 2685 1450 2712 connubia
1463 2692 1516 2711 non
1531 2685 1658 2712 habeant.

931 2733 952 2748 “
979 2732 1044 2759 ibid.
1078 2731 1121 2758 10.
1147 2731 1189 2766 ..⁸⁸
1204 2731 1271 2759 ibid.
1289 2731 1315 2758 ί.
1353 2731 1486 2758 "Ezech.
1504 2738 1587 2762 xvtn,
1612 2730 1648 2758 22

867 2812 932 2838 dicit
943 2832 949 2843 ,
967 2821 975 2837 ι
990 2809 1075 2845 Neque
1089 2811 1186 2837 nubent
1196 2830 1204 2843 ,
1219 2818 1299 2845 neque
1315 2811 1443 2838 nubentur
1454 2830 1460 2842 ,
1522 2811 1566 2837 sed
1580 2816 1658 2838 erum

870 2846 939 2873 δὶα-ιιι
982 2846 1067 2883 anguli
1085 2846 1112 2873 in
1139 2846 1209 2873 caelis
1221 2866 1228 2879 ,
1245 2856 1254 2872 ι
1273 2854 1324 2873 non
1341 2851 1483 2909 nolum‘et
1508 2847 1655 2873 substantia

1426 2883 1444 2910 (ὅ
1455 2884 1465 2910 l
