1879 3046
207 145 263 174 1⁸55

206 207 265 233 acut“
279 207 349 234 vobis
364 207 398 234 ".
416 206 469 234 Ista
480 211 523 235 est
533 207 633 235 domus
650 209 715 241 viui,
732 209 885 243 domusque
903 211 996 237 eonvi-
1009 213 1032 240 Α

207 251 255 284 vii,
272 252 300 281 in
318 260 373 287 quo
383 253 510 279 convivio
522 261 619 280 outnes
637 254 684 288 qui
701 254 811 281 veniunt
832 255 867 282 ab
887 256 994 283 oriente

207 300 236 323 ct
246 297 386 323 occidente
401 297 561 324 recumbent
572 305 634 325 cutn
650 298 797 331 Abraham,
814 298 888 327 Isaac
901 304 929 327 et
947 299 993 328 Ja-

207 342 261 369 cob
275 342 301 368 in
318 349 400 377 regno
414 342 462 369 Dei
477 343 510 369 ’⁷.
526 342 566 369 Ad
588 351 668 378 quam
683 343 794 371 domum
817 349 844 371 et
864 345 899 372 ad
918 345 992 380 quod

206 386 361 415 convivium
375 387 511 421 propheta:
524 387 671 422 perducunt
683 389 801 422 animas,
817 397 879 424 qum
901 394 991 418 tamen

206 438 254 458 eos
270 431 384 458 audiunt
400 437 427 459 ct
442 432 603 467 intelligunt.
623 432 676 459 Sed
691 437 718 460 et
731 434 818 461 sancti
832 435 922 470 angeli
936 443 992 463 cte-

206 477 343 512 Iestesque
354 477 468 504 virtutes
478 485 539 512 quae
551 478 579 504 in
592 478 744 506 ministerio
753 479 911 513 mittuntur,
928 489 992 516 pro-

206 526 267 555 pter
281 529 329 549 eos
345 522 391 556 qui
409 521 591 549 hereditatem
608 523 719 557 capiunt
733 523 841 552 salutis.
858 523 931 552 Istud
949 531 992 554 est

206 567 299 594 vinum
314 567 357 594 cui
373 567 530 594 scribuntur
543 567 589 594 isti
604 568 700 603 psalmi
719 570 767 604 qui
785 577 834 604 pro
849 571 991 598 torculari-

204 612 256 639 bus
269 612 448 640 attilulantur.
462 612 593 648 Istudest
607 614 698 640 vinum
708 621 741 642 ex
758 615 802 642 illa
826 617 880 643 vite
895 616 989 644 vinde-

203 658 317 685 miatum
332 666 392 693 quae
408 659 474 686 dicit
489 668 496 685 :
510 659 565 694 Ego
577 667 635 686 sum
648 661 708 687 uitia
719 669 779 687 tera
796 661 830 694 ";
846 663 917 698 quod
942 671 990 691 ex-

202 704 302 738 pressit
327 703 407 732 Pater
431 706 551 733 ctelestis
574 706 702 740 agricola.
729 706 802 735 Istud
829 712 873 736 est
896 709 989 736 vinum

200 751 272 784 quod
288 752 438 779 attulerunt
451 752 489 779 illi
507 752 642 786 palmites,
656 753 704 788 qui
725 753 752 780 in
778 753 843 782 Iesu
866 762 991 789 perman-

201 800 297 823 serunt
311 803 365 823 non
381 797 469 824 solum
488 797 515 824 in
531 798 622 829 terris,
636 797 683 826 sed
698 799 780 826 etiam
795 800 821 826 in
835 801 922 829 caelis.
944 801 989 829 Sic

200 841 274 867 enim
286 841 370 868 audio
382 842 447 869 illud
464 842 536 877 quod
548 842 666 876 dicitur,
684 845 748 878 quia
771 846 860 873 omnis
884 847 988 881 palmes

201 886 248 918 qui
263 894 317 912 non
330 893 420 914 manet
433 888 459 914 in
475 895 528 920 me,
542 896 595 915 non
611 894 698 922 potest
709 890 805 917 aII'erre
819 891 937 919 fructum
953 894 987 922 ’9.

202 930 288 958 Nemo
300 931 373 958 enim
397 933 522 967 producit
536 933 654 961 fructum
669 935 724 962 viui
746 935 844 970 hujus,
866 938 919 964 nisi
940 939 986 973 qtti

202 981 343 1010 permanet
357 977 384 1004 in
399 978 492 1012 verbo,
507 984 535 1006 et
548 979 690 1014 sapientia,
704 985 732 1008 et
753 982 876 1016 veritate,
896 988 922 1011 et
943 984 988 1019 ju-

202 1022 287 1056 stitia,
301 1029 328 1050 et
343 1031 410 1058 pace
424 1026 606 1060 omnibusque
619 1027 774 1055 virtutibus.
791 1028 864 1056 Istud
886 1035 928 1057 est
947 1031 988 1058 vi-

202 1075 278 1099 nuut,
290 1076 345 1103 quo
356 1070 436 1097 etiam
447 1071 573 1098 inebriari
588 1072 672 1106 justis
680 1077 708 1100 et
718 1075 821 1102 sanctis
832 1076 988 1112 quibusque

200 1115 319 1149 optabile
327 1115 445 1144 ducitur.
455 1116 517 1145 Hac
527 1122 593 1152 puto
606 1123 633 1145 et
644 1118 670 1145 in
678 1119 774 1154 spiritu
781 1121 838 1155 jam
850 1127 915 1150 tunc
930 1122 987 1150 Noe

199 1165 333 1188 contuens
340 1161 490 1190 inebriatus
497 1170 558 1190 esse
565 1163 664 1192 dicitur
672 1164 704 1197 '°;
711 1171 738 1193 et
745 1165 826 1194 David
835 1168 987 1198 admiratus

199 1206 252 1242 73
261 1207 342 1241 hujus
353 1208 472 1235 convivii
486 1209 610 1241 calicem,
624 1210 708 1238 dicit:
723 1211 756 1238 Et
772 1213 895 1247 poculum
910 1220 987 1243 luunt

197 1253 330 1280 inebrians
342 1261 420 1288 quam
432 1255 591 1289 praclarum
601 1261 640 1283 est
659 1256 692 1283 “.
714 1258 755 1284 Ad
768 1259 839 1286 hanc
857 1267 923 1295 ergo
937 1261 986 1288 do-

197 1305 272 1325 mum
287 1299 342 1326 vini
357 1299 488 1332 Ecclesia,
503 1301 545 1327 vel
560 1301 652 1328 anima
669 1309 838 1338 unaquzeque
850 1305 986 1334 desiderat

196 1351 259 1378 quae
274 1344 393 1378 perfecta
409 1350 474 1372 sunt
490 1347 604 1380 intrare,
620 1353 648 1376 et
659 1349 832 1385 dogmatibus
847 1352 987 1386 sapientia:

197 1391 387 1425 mysteriisque
403 1392 533 1425 scientiae,
550 1394 690 1428 epularum
713 1396 789 1423 velut
802 1397 944 1430 suavitate,
958 1404 986 1427 et

196 1435 252 1461 vini
267 1435 359 1462 laetitia
375 1437 487 1470 perfrui.
517 1438 664 1466 Sciendum
685 1448 752 1467 sane
767 1446 809 1468 est
836 1442 900 1476 quia
914 1443 986 1471 sicut

196 1486 236 1508 est
256 1481 327 1508 istud
345 1482 438 1509 vinum
454 1484 527 1518 quod
542 1484 576 1512 de
591 1485 763 1520 dogmatibus
776 1487 899 1515 veritatis
912 1496 986 1523 pres-

195 1534 257 1553 sum
272 1528 466 1555 commiscetur
477 1529 504 1556 in
519 1535 625 1557 cratere
641 1531 779 1566 sapientiae
795 1541 802 1560 :
817 1532 853 1560 ita
867 1538 909 1560 est
923 1541 985 1561 con-
999 1543 1020 1572 (ι

195 1572 308 1599 trarium
320 1573 425 1607 vinum,
441 1583 504 1602 cum
519 1576 612 1611 inique
631 1576 800 1605 incbriantur
816 1583 982 1612 peccatores,

193 1622 221 1644 et
232 1618 258 1645 hi
272 1619 318 1653 qui
336 1619 412 1648 falsa:
435 1622 557 1649 scientiae
577 1623 702 1658 dogmata
725 1625 876 1658 perniciosa
895 1627 985 1654 susci-

196 1663 284 1697 piunt.
307 1663 344 1692 De
360 1666 461 1701 quibus
479 1667 607 1695 Salomon
628 1669 654 1695 iu
671 1667 824 1697 Proverbiis
840 1671 906 1698 dicit
921 1681 927 1698 :
947 1671 984 1698 Hi

187 1714 283 1735 laulent
311 1710 391 1737 edunt
420 1711 490 1738 cibos
512 1713 671 1747 impietatis,
697 1715 757 1741 uino
778 1720 866 1742 autem
893 1717 983 1752 iniquo

193 1753 361 1782 inebriantur
371 1757 404 1783 ".
431 1756 468 1784 De
491 1759 542 1785 hoc
555 1759 649 1786 eodem
666 1760 730 1786 vino
747 1761 841 1795 iniquo
856 1762 938 1789 etiam
955 1763 982 1790 in

195 1799 406 1828 Deuteronomio
419 1802 535 1837 legimus
554 1804 590 1830 ita
604 1805 737 1839 scriptum
757 1815 763 1832 :
781 1806 822 1832 Ex
834 1807 916 1834 vineis
933 1807 983 1835 So-

192 1844 332 1872 domorum
343 1847 404 1873 rilis
421 1856 522 1881 eorum,
533 1853 557 1875 et
573 1849 672 1884 palmes
681 1859 771 1877 eorum
784 1851 980 1884 exﬁomorrlta,

192 1898 243 1917 ιιι-ιι
265 1899 356 1918 eorum
374 1901 424 1919 uva
441 1893 531 1928 fellis,
555 1901 579 1922 et
604 1896 694 1922 botrua
719 1897 909 1925 amaritudinis
927 1899 981 1931 eis;

192 1935 269 1970 furor
290 1937 437 1966 draconum
456 1941 545 1967 vinum
557 1950 658 1975 eorum,
673 1947 697 1969 et
714 1943 790 1977 furor
805 1952 895 1971 eorum
910 1946 982 1980 arpi-

191 1983 256 2008 dum
271 1983 428 2012 insanabilis
445 1985 478 2013 ⁸³.
496 1986 562 2014 Illud
576 1991 665 2014 autem
683 1987 775 2015 vinum
788 1990 860 2023 quod
877 1990 910 2017 de
927 1991 981 2018 vite

190 2036 253 2056 vera
278 2031 421 2064 procedit,
445 2039 545 2058 novum
571 2040 679 2068 semper
698 2038 750 2061 cst.
777 2034 890 2069 Semper
907 2035 980 2062 enint

189 2081 238 2108 per
260 2075 398 2109 profectus
418 2077 582 2104 discentium
607 2079 730 2106 seientize
743 2084 770 2106 et
784 2080 925 2114 sapientiae
938 2081 981 2107 di-

189 2119 262 2146 vinae
273 2121 421 2148 innovatur
433 2123 546 2156 agnitio.
560 2123 592 2150 Et
605 2123 665 2152 ideo
678 2124 785 2152 dicebat
801 2124 880 2152 Iesus
895 2126 979 2153 disci-

189 2164 263 2198 pulis
277 2165 345 2196 suis,
362 2166 425 2199 quia
441 2174 535 2192 nouum
550 2167 639 2194 bibam
658 2168 725 2194 illud
740 2169 872 2196 vobiscum
892 2170 920 2196 in
939 2178 981 2196 re—

189 2218 240 2244 gno
255 2209 347 2238 Patris
366 2212 416 2238 mei
430 2212 463 2239 ³⁸.
489 2211 637 2240 Innovatur
656 2215 730 2241 enim
748 2223 855 2250 semper
877 2217 979 2250 agnitio

189 2260 356 2283 secretorum
375 2265 593 2293 arcanornmque
611 2259 739 2286 revelatio
755 2267 802 2294 per
816 2261 976 2295 sapientiam

189 2301 248 2334 Dei,
265 2310 319 2329 non
335 2303 423 2330 solutn
440 2303 606 2339 hominibus,
625 2305 672 2333 sed
691 2311 719 2332 et
738 2307 842 2341 angelis
855 2307 974 2335 celesti-

188 2347 295 2381 busque
309 2348 466 2377 virtutibus.

225 2411 302 2440 Vers.
328 2414 354 2440 ιι.
382 2413 510 2441 Ordinate
534 2415 561 2442 in
585 2425 625 2443 me
651 2418 817 2445 clmritatem.
847 2418 975 2453 Ejusdem

187 2464 296 2498 sponsa:
316 2457 350 2484 ad
373 2459 482 2486 eosdem
506 2460 588 2487 verba
603 2466 681 2492 sunt,
700 2463 752 2490 nisi
770 2463 842 2497 quod
864 2471 978 2498 possunt

186 2495 304 2531 fortasse
317 2503 398 2530 etiam
415 2505 529 2538 apostoli
542 2504 642 2533 Christi
666 2507 735 2533 inter
752 2495 800 2534 eos
823 2495 925 2538 haberi,
941 2507 974 2533 ad

185 2539 255 2586 quos
270 2548 320 2583 ista
339 2554 534 2577 memorantur.
550 2550 628 2583 Quod
646 2559 710 2586 ergo
723 2552 761 2578 ait
779 2561 785 2578 τ
809 2551 936 2579 Ordinum
948 2553 976 2578 in

185 2601 226 2628 me
238 2593 405 2627 charilalem,
428 2594 501 2622 hunc
524 2595 605 2622 habet
630 2603 752 2624 sensum.
769 2596 871 2623 Omnes
887 2596 975 2623 homi-

187 2646 236 2666 nes
248 2645 342 2668 amant
362 2641 422 2668 sine
443 2642 527 2669 dubio
543 2643 657 2677 aliquid,
671 2647 698 2669 et
712 2642 803 2669 nullus
821 2643 920 2676 estqui
941 2642 975 2668 ad

187 2683 213 2710 id
235 2686 323 2712 anatis
339 2687 444 2715 venerit
459 2692 487 2714 ut
503 2697 596 2715 amare
611 2689 668 2723 jam
684 2688 779 2722 possit,
803 2692 831 2714 et
852 2695 906 2714 non
924 2688 975 2714 ali-

187 2728 252 2761 quid
267 2735 339 2757 amet
353 2740 360 2771 ξ
374 2732 445 2765 sicut
467 2734 548 2765 etiam
564 2733 590 2760 in
608 2733 765 2768 praefatione
787 2733 868 2766 hujus
885 2732 976 2767 operis

487 2822 507 2836 ’⁷
523 2821 616 2847 Matth.
630 2829 688 2850 VIII,
706 2820 748 2847 11.

224 2816 246 2853 ξξ
260 2814 338 2844 Prov.
357 2826 393 2847 Ix.
409 2819 435 2845 .‘w.
487 2822 507 2836 ’⁷
523 2821 616 2847 Matth.
630 2829 688 2850 vui,
706 2820 748 2847 11.
808 2821 830 2837 ’⁸
842 2820 920 2853 Joan.
934 2829 979 2853 xv,
1003 2821 1012 2846 I

750 149 912 178 ORIGENIS
932 149 966 177 IN
983 149 1161 179 CANTICUI
1172 150 1310 179 'CAN'I‘IC.

1077 2820 1099 2835 υ
1118 2819 1183 2839 Ibid,
1203 2833 1208 2839 ι

224 2818 246 2831 ’⁵
260 2818 338 2844 Prov.
357 2826 393 2847 Ix.
409 2819 435 2845 .‘w.
487 2822 507 2836 ’⁷
523 2821 616 2847 Matth.
630 2829 688 2850 vui,
706 2820 748 2847 11.
808 2820 920 2853 "Joan.
934 2829 979 2853 xv,
1003 2821 1026 2846 I.
1077 2820 1099 2835 "
1118 2818 1184 2845 Ibid.
1203 2818 1229 2844 li.
1282 2818 1303 2832 ³⁰
1315 2818 1381 2845 Gen.
1404 2825 1437 2844 Ix.

190 2851 210 2867 "
223 2849 302 2878 l‘rov.
320 2859 363 2885 tv,
378 2853 426 2889 17.
464 2855 486 2870 ³³
501 2855 577 2890 Dent.
596 2863 679 2887 χχιιι,
701 2856 745 2886 32,
762 2856 805 2883 55.
844 2856 864 2871 "
879 2854 972 2882 Matth.
989 2862 1063 2885 nrt,
1077 2854 1121 2881 29.
1159 2853 1181 2869 ³⁸
1194 2852 1287 2879 Matth.
1311 2859 1372 2883 alx,
1396 2852 1437 2879 I9.

1783 153 1838 182 156

1049 210 1211 239 sonit-tenter
1238 211 1418 239 ostendimus.
1450 211 1502 239 Sed
1525 212 1570 239 hic
1591 219 1690 244 amor,
1713 212 1755 239 vel
1777 213 1835 241 huc

1044 256 1165 284 charitas
1181 257 1208 283 in
1231 257 1370 285 nonnullis
1393 257 1504 292 quidem
1525 265 1578 286 suo
1600 257 1700 285 ordine
1717 263 1746 286 et
1767 266 1834 287 con-

1044 301 1182 328 venienter
1194 306 1284 336 aptata
1307 303 1427 336 procedit
1438 323 1446 335 ,
1463 303 1491 330 in
1508 303 1634 338 plurimis
1651 311 1717 331 vero
1738 309 1834 332 contra

1044 345 1178 373 ordinem.
1204 345 1309 373 Dicitur
1333 352 1423 375 autem
1451 352 1548 375 contra
1570 349 1696 376 ordinem
1719 357 1782 377 esse
1806 350 1833 376 in

1042 389 1134 423 aliquo
1147 390 1278 423 Charitas,
1293 398 1355 418 cum
1370 395 1418 418 aut
1434 392 1460 419 id
1474 391 1563 427 diligit
1576 393 1651 428 quod
1668 401 1724 420 nott
1741 393 1833 426 debet,

1042 441 1090 461 aut
1109 435 1182 468 quod
1205 435 1285 463 debet
1302 436 1402 471 diligit,
1423 436 1471 464 sed
1488 438 1549 472 plus
1571 437 1648 472 justo
1661 438 1761 474 diligit,
1787 443 1836 466 aut

1042 479 1132 506 minus
1143 479 1228 514 justo.
1252 481 1281 507 In
1305 481 1357 508 isto
1377 489 1442 516 ergo
1461 481 1616 510 inordinata
1637 491 1700 511 esse
1711 484 1836 510 charitas

1041 524 1155 557 dicitur;
1178 525 1205 551 in
1232 524 1284 552 illis
1311 533 1374 553 vero
1400 534 1470 561 quos
1489 527 1568 554 valde
1588 535 1692 562 paucos
1712 527 1835 555 arbitror

1040 577 1111 602 esse,
1126 569 1172 604 qui
1189 569 1294 598 scilicet
1313 578 1361 605 per
1376 571 1447 598 viam
1471 571 1532 598 vita;
1555 572 1696 605 incedunt,
1723 578 1751 600 et
1778 581 1833 600 nou

1040 614 1186 647 declinant,
1203 623 1289 649 neque
1301 616 1334 642 ad
1349 615 1498 648 dexteram,
1520 624 1609 651 neque
1621 618 1655 644 ad
1678 618 1833 649 sinistram.

1040 660 1068 686 in
1094 660 1160 695 ipsis
1181 660 1247 688 solis
1272 661 1394 689 ordinata
1417 668 1460 690 est
1486 663 1623 695 eharitas,
1654 668 1682 690 et
1706 663 1834 690 ordinent

1040 713 1121 732 suuut
1147 709 1228 733 tenet.
1260 705 1308 733 Est
1332 711 1424 734 autem
1458 708 1526 735 ordo
1558 708 1620 742 ejus
1644 713 1673 736 et
1703 717 1834 736 mensura

1039 748 1205 784 hujusmodi,
1222 750 1294 777 verbi
1310 752 1395 786 gratia
1409 761 1415 779 :
1435 751 1520 780 Deum
1535 753 1648 787 diligere
1661 754 1755 782 nullus
1774 762 1835 781 uto-

1040 794 1102 827 dus,
1115 794 1187 821 nulla
1202 801 1328 821 mensura
1345 800 1403 829 est,
1421 796 1474 824 nisi
1496 797 1554 824 haec
1568 797 1638 830 sola,
1651 803 1682 825 ut
1696 798 1722 825 ei
1744 803 1834 825 totum

1039 838 1168 865 exhibeas
1182 842 1312 873 quantum
1327 839 1421 867 habes.
1435 839 1463 866 In
1477 839 1588 868 Christo
1601 841 1674 868 enint
1689 840 1756 868 Iesu
1772 841 1835 868 dili-

1039 884 1142 918 gendus
1157 888 1198 910 est
1215 882 1285 911 Deus
1301 892 1333 912 ex
1346 889 1402 912 toto
1417 885 1509 919 corde,
1525 889 1552 912 et
1565 893 1598 912 ex
1614 890 1670 913 tota
1685 886 1792 919 anima,
1809 892 1836 913 et

1038 936 1070 956 ex
1097 929 1160 957 totis
1181 929 1294 957 viribus.
1318 930 1346 958 In
1368 930 1421 958 hoc
1445 938 1510 966 ergo
1533 931 1607 958 nulla
1631 939 1763 958 mensura
1780 935 1834 958 est.

1039 972 1157 1008 Diligere
1172 981 1236 1001 vero
1252 974 1418 1009 proximum,
1433 978 1475 1001 est
1489 981 1618 1001 mensura
1640 974 1745 1008 aliqua.
1767 972 1834 1000 Pro-

1037 1018 1155 1048 ximum.
1176 1018 1280 1053 inquit,
1307 1023 1381 1044 tuum
1403 1017 1484 1052 dilige
1507 1018 1576 1044 sicut
1596 1020 1711 1052 leipwm
1735 1018 1770 1045 ³⁵.
1804 1018 1833 1045 Si

1037 1070 1102 1098 ergo
1124 1067 1171 1090 aut
1196 1063 1223 1090 in
1244 1062 1291 1090 Dei
1311 1063 1455 1090 dilectione
1480 1063 1571 1090 minus
1597 1063 1702 1098 aliquid
1733 1063 1833 1090 feceris

1037 1116 1118 1143 quam
1135 1113 1223 1143 potes,
1240 1112 1267 1136 et
1285 1116 1366 1144 quam
1382 1108 1410 1135 in
1424 1109 1528 1136 viribus
1543 1109 1600 1136 tuis
1612 1113 1674 1141 est;
1696 1114 1745 1136 aut
1761 1110 1832 1136 inter

1038 1159 1063 1181 te
1085 1158 1112 1181 et
1135 1154 1288 1188 proximum
1306 1158 1381 1182 tuum
1399 1162 1453 1181 non
1477 1155 1630 1182 servaveris
1647 1154 1809 1189 aequitatem
1824 1173 1831 1185 ,

1038 1199 1084 1226 sed
1109 1199 1211 1233 aliquid
1238 1198 1398 1226 diﬂ‘erentiat
1426 1198 1575 1232 habueris;
1600 1206 1655 1226 non
1683 1203 1726 1227 est
1751 1200 1778 1225 in
1807 1203 1831 1226 tu

1037 1244 1158 1272 Charitas
1178 1244 1314 1276 ordinata,
1338 1251 1388 1272 nec
1410 1244 1532 1271 ordinem
1548 1252 1630 1271 suum
1647 1249 1756 1271 tenens.
1777 1244 1830 1271 Ve-

1038 1296 1097 1316 rum
1112 1288 1240 1323 quoniam
1257 1287 1336 1315 nobis
1351 1295 1442 1316 sermo
1456 1288 1489 1315 de
1504 1287 1600 1315 ordine
1614 1287 1761 1315 charitatis
1777 1293 1830 1319 est,

1036 1333 1192 1367 diligentius
1208 1340 1255 1368 per
1268 1332 1374 1368 singula
1389 1332 1573 1367 requiramus,
1591 1332 1633 1359 vel
1652 1340 1725 1367 quos
1740 1333 1830 1366 diligi,

1036 1379 1078 1405 vel
1093 1382 1224 1413 quantum
1243 1378 1318 1412 diligi
1333 1382 1465 1412 oporteat.
1481 1377 1549 1405 Nam
1570 1379 1606 1410 si,
1624 1383 1655 1404 ut
1674 1378 1743 1405 dicit
1758 1378 1830 1413 Apo-

1037 1424 1123 1452 stolus
1140 1424 1180 1457 ",
1196 1424 1317 1451 membra
1339 1423 1498 1451 alterutrum
1521 1431 1638 1457 sumus,
1662 1429 1729 1458 puto
1755 1424 1828 1458 quod

1036 1470 1109 1497 hunc
1128 1470 1253 1498 aﬂ'eetum
1267 1477 1330 1505 erga
1345 1470 1485 1504 proximos
1500 1470 1602 1498 habere
1620 1470 1783 1502 debeamus,
1801 1474 1830 1496 ut

1037 1523 1084 1543 eos
1101 1523 1156 1543 non
1170 1515 1249 1550 quasi
1271 1515 1358 1542 aliena
1376 1522 1501 1549 corpora,
1528 1515 1576 1542 sed
1593 1516 1677 1542 veluti
1703 1515 1829 1542 membra

1038 1565 1131 1588 nostra
1146 1560 1301 1596 diligamus.
1325 1559 1478 1587 Secundum
1500 1560 1551 1587 Itoc
1564 1567 1630 1595 ergo
1646 1560 1718 1595 qttod
1743 1567 1829 1586 ment-

1035 1607 1084 1633 bra
1109 1611 1201 1634 nostra
1224 1607 1339 1633 invicem
1362 1613 1467 1637 sumus,
1484 1606 1616 1640 aequalem
1644 1613 1709 1639 erga
1729 1612 1830 1632 omnes

1034 1653 1136 1680 habere
1150 1652 1320 1679 dilectionem
1332 1671 1339 1683 ,
1358 1651 1529 1686 similemque
1545 1650 1699 1678 conveniet.
1720 1650 1828 1677 Secun-

1033 1698 1097 1724 dum
1115 1697 1166 1724 hoc
1190 1704 1253 1723 vero
1277 1696 1350 1730 quod
1368 1700 1432 1722 sunt
1451 1695 1477 1721 in
1498 1702 1613 1729 corpore
1630 1694 1722 1728 aliqua
1741 1700 1830 1720 mem-

1033 1742 1081 1769 bra
1105 1741 1307 1768 honorabiliora
1323 1745 1350 1768 et
1365 1740 1534 1771 honestiora,
1556 1739 1609 1766 alia
1628 1746 1694 1765 vero
1712 1739 1830 1765 inhone-

1034 1785 1120 1811 stiora
1133 1788 1160 1811 et
1174 1784 1302 1811 inferiora
1319 1784 1352 1816 ³⁷,
1369 1788 1433 1818 puto
1448 1783 1521 1818 quod
1539 1791 1650 1810 rursum
1672 1790 1721 1817 pro
1738 1790 1827 1809 utent—

1033 1829 1145 1856 brorum
1163 1829 1267 1857 meritis
1282 1833 1309 1855 et
1323 1829 1434 1860 honore,
1451 1828 1533 1855 etiam
1553 1827 1711 1855 dilectionis
1730 1827 1828 1854 librari

1032 1870 1129 1902 debeat
1153 1874 1260 1901 modus.
1281 1872 1309 1900 Si
1326 1873 1388 1908 quis
1411 1880 1475 1907 ergo
1501 1871 1700 1899 rationaiiliter
1726 1876 1829 1898 cuncta

1031 1926 1111 1954 agere
1127 1919 1274 1946 secundum
1290 1918 1403 1944 verbum
1423 1916 1469 1944 Dei
1485 1924 1517 1943 ae
1533 1925 1598 1943 suos
1610 1917 1693 1944 etiam
1713 1915 1830 1942 :dl'ectus

1032 1969 1183 1998 temperare
1207 1963 1344 1998 proponit,
1369 1967 1435 1996 puto
1458 1962 1530 1996 quod
1552 1969 1618 1996 erga
1642 1961 1700 1988 hmc
1717 1960 1829 1995 singula

1031 2009 1154 2036 ordinem
1170 2008 1310 2035 eharitatis
1321 2011 1347 2034 et
1359 2008 1428 2034 scire
1441 2007 1538 2034 debeat
1550 2011 1578 2034 et
1593 2011 1695 2034 tenere.
1712 2005 1829 2038 Verum,

1032 2059 1061 2081 ιιι
1077 2054 1199 2088 apertius
1211 2054 1257 2080 liat
1275 2053 1347 2088 quod
1362 2053 1489 2086 dicimus,
1508 2052 1591 2087 paulo
1607 2052 1830 2080 evidentioribus

1032 2104 1142 2126 utamur
1151 2098 1272 2133 judiciis.

1066 2143 1095 2170 Si
1112 2144 1185 2178 quis,
1199 2142 1272 2169 verbi
1289 2142 1385 2176 gratia,
1403 2142 1507 2169 laboret
1524 2142 1550 2167 in
1566 2141 1651 2168 verbo
1669 2141 1727 2173 Dei,
1743 2146 1830 2176 atque

1033 2189 1139 2215 animus
1160 2193 1268 2215 nostras
1286 2187 1401 2214 instruat
1417 2191 1444 2214 et
1467 2187 1612 2219 illutninet,
1634 2186 1709 2213 viam
1728 2187 1829 2213 salutis

1032 2235 1139 2266 doceat,
1154 2233 1315 2267 vivendique
1330 2233 1452 2259 ordinem
1467 2233 1565 2264 tradat,
1580 2240 1635 2258 non
1651 2231 1701 2258 tibi
1719 2231 1829 2259 videtur

1032 2283 1059 2306 et
1085 2279 1130 2305 hic
1147 2277 1289 2312 proximus
1305 2284 1365 2304 esse
1386 2276 1506 2311 quidem,
1526 2277 1573 2304 sed
1596 2277 1685 2303 multo
1705 2277 1829 2311 amplius

1027 2324 1082 2351 alio
1100 2324 1225 2358 proximo
1247 2321 1400 2356 diligendus
1412 2341 1419 2352 ,
1441 2321 1488 2356 qui
1507 2321 1605 2349 horum
1624 2322 1694 2348 nihil
1719 2322 1830 2356 egerit?

1027 2368 1096 2396 Nam
1112 2367 1163 2395 etsi
1180 2367 1224 2394 ille
1245 2367 1352 2401 quidem
1375 2365 1527 2401 diligendus
1542 2371 1601 2397 est,
1629 2374 1681 2400 pro
1701 2375 1737 2393 eo
1752 2366 1829 2401 quod

1026 2413 1150 2442 membra
1172 2412 1252 2439 unius
1268 2411 1390 2446 corporis
1413 2419 1520 2444 sumus,
1536 2411 1678 2446 uniusque
1697 2412 1829 2438 substan-

1028 2460 1072 2487 tia:
1090 2468 1096 2485 ι
1115 2459 1161 2486 sed
1178 2458 1223 2485 hic
1239 2457 1325 2484 multo
1341 2457 1468 2491 amplius,
1493 2457 1540 2491 qui
1563 2465 1628 2484 cum
1641 2457 1690 2491 jus
1707 2457 1828 2492 proxitni

1033 2505 1175 2532 nobiscum
1194 2504 1302 2536 habeat,
1322 2502 1395 2537 quod
1410 2506 1437 2529 et
1454 2503 1545 2529 exteri
1565 2502 1696 2529 homines
1713 2503 1827 2533 habent.

1029 2551 1075 2578 dat
1086 2555 1174 2577 tamen
1189 2549 1260 2576 hanc
1270 2549 1401 2583 majorem
1414 2548 1555 2575 charitatis
1570 2555 1635 2582 erga
1651 2556 1682 2575 se
1699 2556 1826 2578 causam.

1028 2596 1102 2631 quod
1117 2595 1188 2622 viant
1205 2594 1252 2621 Dei
1277 2594 1410 2625 ostendit,
1433 2597 1460 2621 et
1481 2593 1581 2620 animte
1598 2593 1719 2621 salutent
1740 2594 1827 2621 divini

1029 2641 1103 2669 verbi
1128 2640 1371 2667 illuminationibus
1388 2639 1501 2666 confert.
1525 2639 1605 2672 Quod
1623 2640 1647 2667 si
1663 2640 1770 2674 aliquis
1786 2647 1828 2666 me

1028 2690 1164 2714 errantem
1181 2685 1248 2712 etin
1272 2684 1419 2720 praecipitio
1442 2684 1563 2719 positum
1592 2686 1743 2712 muliebris
1763 2693 1826 2720 pet:-

1028 2733 1081 2760 cati
1096 2731 1129 2759 ad
1146 2734 1233 2759 lucem
1246 2734 1352 2758 revocet
1368 2729 1485 2764 pictatis,
1495 2734 1522 2758 et
1538 2730 1572 2758 de
1588 2731 1650 2766 ipso
1663 2731 1726 2766 jant
1744 2731 1826 2758 inter-

1282 2818 1303 2832 "
1315 2818 1381 2845 Gen.
1404 2825 1441 2844 Ix.
1457 2818 1502 2848 2|.
1562 2819 1583 2835 “
1603 2818 1668 2847 Psal

1282 2873 1287 2879 .
1311 2859 1372 2882 xix.
1396 2852 1437 2879 l9.
1487 2853 1507 2869 ἐ
1524 2852 1613 2881 ICor.
1629 2862 1669 2882 an

1562 2819 1583 2835 ³⁸
1603 2818 1679 2847 Psal.
1699 2821 1820 2851 xum!»-

1723 2855 1746 2870 ν
1761 2858 1778 2883 1.
1790 2859 1824 2882 lii.
