1846 3053
57 116 70 142 iv
605 108 817 137 FRAGMENTA

836 107 869 136 IN
889 107 1024 136 LUCAM‘
1552 107 1621 134 1906

57 170 191 202 ιλαὸόντες
206 169 335 206 δόγματα·
345 168 438 204 ἕτεραι
453 167 503 202 τῆς
518 167 654 203 θεότητος,
677 165 777 201 πολλὴν

897 169 926 192 ιιι
941 165 1059 200 receptis
1071 164 1246 200 dogmatibus
1256 171 1271 191 a
1281 163 1436 191 idivinitate
1452 163 1559 196 alienis,
1574 171 1623 190 nec

57 226 87 244 τα
101 215 266 251 πιθανότητα
281 215 328 241 καὶ
357 213 493 240 ποικιλίαν
509 211 555 239 τοῦ
577 213 665 247 λόγου·
684 212 708 238 οἳ
732 212 780 239 καὶ

57 260 190 298 [φρονοῦσι
207 260 254 287 τοῦ
269 258 367 295 ἀγροῦ,
391 257 439 285 τοῦ
460 258 566 294 ἔχοντος
590 257 620 284 ἐν
632 256 721 292 ἑαυτῷ
733 255 780 292 θη-

57 307 93 334 av
116 307 162 334 καὶ
175 305 314 342 δυνάμεις.
338 305 368 331 '0
382 302 429 331 οὖν
442 303 479 340 μὴ
502 302 574 336 ἰδὼν,
590 302 658 339 μηδὲ
667 301 781 337 δοκιμά-

57 353 83 379 ὃν
95 352 194 378 ἐκτᾶτο
207 351 296 386 λόγον,
312 350 356 378 διὰ
366 350 396 377 τὸ
407 348 588 385 προειλῆφθαι
601 347 630 380 ἐξ
647 347 781 381 ἀνάγκης,

57 399 102 434 οὐχ
115 397 256 430 ἑκουσίως,
272 396 413 432 ἐξέρχεται
431 395 464 422 ἐκ
485 394 532 421 τοῦ
556 393 676 426 δείπνου,
687 392 735 420 καὶ
749 392 782 419 ἐκ

57 444 226 480 κεκληκότος,
243 443 313 479 τάχα
330 443 359 470 δὲ
374 442 421 469 καὶ
437 440 545 469 ἑαυτοῦ·
571 441 585 467 ὁ
609 439 649 472 δὲ,
672 436 782 473 Ἐρωτῶ

57 491 147 526 φησὶν,
159 490 197 522 ὡς
206 490 279 525 λόγῳ
295 489 370 525 μόνῳ
383 487 545 523 αἰδούμενος
556 486 602 513 τὸν
619 484 780 520 κεκληκότα.

57 537 69 564 ὲ
85 536 168 572 ζεύγη
190 536 260 572 βοῶν
272 534 411 572 ἀγοράσας
424 533 516 565 πέντε,
529 529 606 563 οὗτός
621 532 693 558 ἐστιν
704 531 717 557 ό
732 529 783 564 τῆς

57 584 89 619 ἧς
103 582 281 619 καταφρονῶν
293 581 402 617 φύσεως
411 589 419 597 ⁸
443 580 507 615 περὶ
521 579 551 606 δὲ
576 577 694 613 αἰσθητὰ
709 576 783 612 φιλο-

57 629 87 655 Iw
103 629 155 655 οὐδ’
172 625 249 659 οὗτος
266 627 428 662 ἐδοκίμασεν
454 624 485 657 ὲξ
500 624 587 660 ἀρχῆς
611 623 629 650 ἃ
654 622 782 658 ἐώνηται.

57 673 86 701 ὗν
102 675 116 701 ό
128 674 174 701 δύο
192 673 309 708 ἀριθμὸς
323 672 369 699 ἐπὶ
396 670 462 706 ὕλης
476 670 607 697 τάσσεται
624 668 671 696 καὶ
684 668 782 700 εἴδους,

57 727 68 750 ς
81 718 115 744 τὰ
123 718 204 745 ὑλικὰ
217 717 306 752 ἐτίμα·
319 716 359 743 διδ
371 716 419 743 καὶ
433 712 511 747 οὗτος
521 715 552 742 τδ
568 713 662 750 νοητὸν
675 713 783 740 δεῖπνον

57 764 159 799 ᾗτηται·
175 764 237 790 ὅθεν
248 763 294 790 καὶ
309 761 337 789 εν
350 770 432 793 τισιν,
451 761 512 788 ἀντὶ
532 760 590 792 τοῦ,
609 759 722 794 Ἐρωτῶ
735 767 781 791 σε,

830 219 884 238 non
900 210 1092 246 probabilitate
1105 215 1132 237 et
1147 210 1284 238 sermonis
1296 210 1428 237 varietate
1442 210 1546 237 ornatis
1557 219 1564 242 ;
1576 211 1623 244 qui

830 259 912 286 etiam
927 261 1107 285 contemnunt
1124 265 1221 292 agrum
1250 256 1297 291 qui
1315 256 1396 284 habet
1418 256 1446 283 in
1471 263 1500 283 se
1514 256 1623 283 thesau-

832 313 892 332 rum
907 309 934 332 et
950 304 1073 331 virtutes.
1087 303 1139 336 Qui
1167 303 1251 338 igitur
1277 310 1332 330 non
1356 302 1421 330 vidit
1438 310 1488 330 nec
1500 302 1625 337 probavit

833 358 913 385 quem
930 349 1076 385 acquisivit
1092 356 1260 382 sermonem,
1279 356 1312 376 eo
1324 348 1400 384 quod
1418 351 1624 384 pra‘OCcupalus

832 396 868 425 sit
883 396 1056 428 necessitate,
1072 398 1099 422 et
1124 403 1177 422 non
1203 394 1299 428 libere,
1323 394 1379 422 exit
1394 403 1408 421 a
1426 394 1552 429 prandio,
1566 398 1592 420 et
1609 401 1623 420 a

832 446 946 469 vocante
958 441 1094 474 fortassis,
1109 445 1137 468 et
1152 448 1168 468 tt
1194 440 1295 475 seipso.
1315 439 1404 473 Alius,
1419 439 1532 468 Obsecro
1548 447 1572 467 te
1589 439 1623 470 ¹⁵,

833 487 931 523 inquit,
949 491 1079 522 tanquam
1094 486 1178 514 verbo
1195 485 1255 514 solo
1281 485 1415 513 reveritus
1437 494 1500 514 eum
1514 486 1561 521 qui
1576 493 1623 513 vos

832 538 951 561 caverat.
965 533 1017 566 Qui
1032 537 1123 560 autem
1148 532 1214 568 juga
1241 532 1323 559 boum
1338 531 1459 567 quinque
1486 531 1563 564 emit,
1579 530 1624 559 hic

832 584 874 606 est
884 579 930 614 qui
941 578 1090 613 spiritalem
1105 577 1306 613 intelligibilem
1319 577 1470 604 contemnit
1483 583 1621 604 naturam:

833 625 880 660 qui
895 632 959 652 vero
987 624 1015 651 in
1043 624 1126 652 rebus
1152 623 1330 651 sensibilibus
1354 623 1469 650 libenter
1485 626 1622 654 versatus,

833 678 922 706 neque
935 670 980 698 hic
996 670 1031 698 ab
1057 670 1136 697 initio
1161 670 1286 705 probavit
1310 677 1371 705 quae
1395 669 1471 697 emit.
1497 668 1526 696 Si
1542 669 1624 704 igitur

833 724 964 744 numerus
978 716 1032 744 duo
1047 716 1080 743 de
1096 715 1209 743 materia
1232 720 1260 743 et
1287 715 1320 743 de
1343 715 1433 750 specie
1450 715 1622 750 praedicatur,

834 762 879 790 hic
895 762 1047 790 materialia
1073 761 1151 788 multi
1177 761 1313 789 faciebat:
1341 761 1519 796 quamobrem
1537 765 1563 788 ct
1579 760 1624 787 hic

59 810 108 837 διὰ
126 809 215 837 τοῦτο
229 811 266 837 οὐ
287 809 415 844 δύναμαι
427 808 537 840 ἐλθεῖν,
557 809 656 835 κεῖται·
681 808 708 834 oi
728 807 783 844 γὰρ

894 807 1019 835 llectuale
1035 807 1179 842 prandium
1198 807 1336 834 recusavit
1353 815 1361 833 :
1378 806 1450 833 unde
1465 810 1493 833 et
1512 806 1538 833 in
1562 806 1623 840 qui-

57 865 108 888 ντες
123 856 157 883 τὰ
176 855 292 891 αἰσθητά
308 841 373 890 φασι
386 854 423 890 μὴ
438 854 567 881 δύνασθαι
579 853 723 888 ἀσώματον
734 841 784 880 κα-

890 853 949 880 dam
966 841 1168 888 exemplaribus
1183 860 1233 887 pro
1258 853 1301 880 his
1315 852 1405 880 verbis
1424 861 1430 879 :
1458 852 1531 886 Rogo
1547 857 1571 878 te
1587 852 1619 882 ¹⁶.

60 902 126 929 ϐεῖν·
141 903 155 929 ὁ
165 902 193 929 δὲ
206 901 299 937 ἕτερός
308 902 381 928 ἐστιν
391 901 405 927 ὁ
416 899 510 927 εῐπών·
524 899 659 927 Γυναῖκα
676 899 780 934 ἔγημα.

57 948 129 975 οκῶν
144 947 292 983 εὑρηκέναι
308 947 417 981 σοφίαν,
437 946 483 973 καὶ
500 945 586 982 ταύτῃ
603 945 780 980 κοινωνήσας,

57 994 270 1030 παραιτούμενος
283 994 333 1028 τὴν
347 992 445 1028 ἀληθῆ·
459 992 476 1028 ἢ
490 992 504 1018 ὁ
518 993 553 1027 τῇ
572 991 654 1026 σαρκὶ
668 990 782 1026 ἑνούμε-

81 1040 224 1076 φιλήδονος
243 1039 343 1075 μᾶλλον
362 1038 381 1074 ἥ
394 1037 526 1072 φιλόθεος.
545 1037 582 1064 Τὸ
600 1037 648 1072 μὲν
664 1034 710 1064 οὖν
725 1036 783 1063 ὀλο-

58 1085 86 1117 ὲς
98 1086 148 1121 τῆς
162 1084 320 1121 παραϐολῆς
335 1083 431 1115 οὕτως.
458 1082 600 1115 Ἐκλάϐοις
616 1083 644 1110 δὲ
672 1083 721 1109 καὶ
734 1082 782 1109 ἄλ-

59 1131 131 1158 κατὰ
147 1130 193 1157 τὸν
205 1130 378 1158 τόπον.”’οσον
402 1128 541 1164 ἄνθρωποί
561 1129 656 1164 ἐσμεν,
672 1127 720 1154 καὶ
737 1127 783 1154 τδν

57 1184 106 1202 κτον
119 1175 170 1210 τῆς
186 1175 234 1201 τοῦ
250 1174 318 1202 Θεοῦ
335 1173 519 1210 χρηστότητος
535 1173 574 1200 οὐ·
591 1172 725 1208 συμφέρει
741 1180 783 1206 γι-

57 1230 104 1247 ιειν
120 1222 197 1257 ἡμῖν,
217 1220 325 1256 ἀληθῶς
340 1221 355 1247 ὸ
375 1220 441 1252 Θεδς
469 1219 605 1255 ἀνθρώπῳ
628 1218 780 1254 ὁμοιοῦται,

57 1277 74 1299 ις
94 1268 237 1303 ἄνθρωπος
249 1266 407 1302 ἀνθρώποις
435 1265 550 1302 λαλήσῃ,
565 1266 623 1297 τοῖς
648 1263 783 1299 χωροῦσιν

57 1313 201 1350 νομηθῆναι
220 1313 273 1340 ὑπὸ
289 1312 336 1339 τοῦ
353 1311 432 1344 Θεοῦ,
459 1312 548 1347 πάντη
566 1311 690 1347 μένοντος
702 1309 780 1337 Θεοῦ.

60 1359 122 1386 τότε
136 1358 272 1385 παύσεται
284 1360 462 1395 ὁμοιούμενος
475 1356 621 1393 ἀνθρώπῳ,
638 1357 701 1383 ὅταν
714 1355 783 1382 παύ-

57 1414 104 1432 ινοι
118 1405 217 1440 ἔριδος,
237 1404 330 1441 ζήλου,
346 1405 393 1432 καὶ
407 1404 462 1431 τῶν
485 1403 586 1431 λοιπῶν
602 1402 706 1434 κακῶν,
736 1401 783 1428 καὶ

57 1450 125 1476 κατὰ
148 1449 291 1486 ἄνθρωπον
306 1451 476 1486 περιπατεῖν,
495 1448 654 1484 ἀξιωθῶμεν
667 1447 783 1475 ἀκοῦσαι

57 1495 101 1522 τοῦ
116 1495 197 1522 Θεοῦ·
220 1495 292 1531 Ἐγὼ
305 1494 384 1523 εἶπα·
400 1496 468 1523 Θεοί
477 1496 558 1526 ἐστε,
570 1495 619 1522 καὶ
631 1494 689 1522 υἱοί
703 1494 785 1539 Ὑψί-
797 1510 818 1539 c

57 1550 65 1567 )
79 1540 203 1574 πάντες.
216 1541 389 1568 Πεπαύσεται
402 1541 431 1568 δὲ
443 1541 490 1568 καὶ
506 1540 574 1567 ἄλλα
588 1540 674 1566 πολλὰ
685 1538 783 1566 καλού-

58 1595 80 1619 ς,
97 1584 136 1614 ὧν
166 1587 332 1622 ἁμαρτωλὸς
357 1587 453 1623 χρῄζει
480 1586 637 1622 ἄνθρωπος,
662 1585 781 1622 πάνθηρ,

57 1633 130 1665 λέων,
147 1633 193 1659 καὶ
202 1633 313 1669 ἄρκτος,
329 1632 368 1664 ὼς
383 1634 412 1659 ὲν
426 1633 483 1664 τοῖς
500 1632 655 1668 προφήταις
679 1631 782 1667 γέγρα-

58 1698 65 1704 .
95 1677 234 1705 Παύσεται
247 1678 302 1714 γὰρ
315 1677 402 1704 ταῦτα
428 1677 550 1712 γίνεσθαι
575 1677 651 1708 Θεὸς,
680 1677 723 1703 ὅτε
739 1676 782 1703 διὰ

64 1724 129 1751 τάδε
148 1723 331 1760 πεποιηκότας
344 1723 442 1759 μηκέτι
453 1723 547 1759 χρῄζει
564 1722 610 1749 τοῦ
626 1722 664 1753 ὼς
678 1721 782 1757 πάνθη-

58 1770 106 1796 καὶ
119 1769 167 1796 τοῦ
184 1769 222 1801 ὡς
238 1769 355 1802 λέοντος,
372 1769 418 1796 καὶ
438 1768 484 1795 τοῦ
499 1769 536 1801 ὡς
551 1768 651 1804 ἄρκτου
666 1769 783 1803 ἀπορου-

57 1825 83 1842 υ.
102 1816 191 1847 Αὐτὸς
215 1815 266 1842 οὐκ
292 1815 333 1842 ἔτι
360 1815 429 1851 ἔχων
451 1815 514 1846 τοὺς
541 1815 679 1846 τοιούτους
700 1813 782 1841 αὑτοῦ

57 1864 154 1895 ἷοντας,
164 1863 309 1898 ὲμφανίσει
325 1862 420 1889 ἑαυτὸν
431 1861 521 1893 καθώς
537 1862 605 1893 ἐστι,
616 1861 682 1893 Θεὸς
698 1860 784 1892 ἑστὼς

57 1908 116 1943 έσῳ
132 1907 214 1935 Θεῶν.
230 1906 324 1939 Οὕτως
334 1906 425 1933 ἀκούω
440 1908 487 1934 καὶ
501 1907 558 1933 τοῦ·
575 1907 602 1933 ’0
618 1907 690 1940 Θεὸς
701 1905 784 1941 ἡμῶν

61 1954 307 1981 καταναλίσκον·
321 1953 360 1988 τῷ
371 1952 426 1988 γὰρ
440 1953 489 1980 οὐκ
504 1953 560 1980 ὄντι
578 1953 645 1988 ἀξίῳ
671 1961 784 1980 κατανα-

57 2000 133 2027 εσθαι
147 1999 205 2034 φῶς
215 2000 272 2025 ἐστι
286 1998 355 2025 κατὰ
382 1999 427 2025 τδν
452 1998 578 2034 Ἰωάννην
603 1998 725 2033 λέγοντα·
754 1998 785 2025 'O

57 2058 62 2064 -
79 2046 168 2082 ἡμῶν
180 2046 243 2080 φῶς
260 2046 342 2077 ἐστι,
365 2044 413 2072 καὶ
433 2046 539 2072 σκοτία
575 2045 610 2072 ἐν
632 2044 712 2077 αὐτῷ
728 2045 785 2071 οὐκ

57 2102 64 2108 ·
84 2094 133 2120 καὶ
148 2091 238 2125 αὖθις·
256 2093 354 2124 Οὔπω,
382 2091 473 2126 φησὶν,
488 2090 657 2125 ἐφανερώθη
671 2091 700 2118 τί
718 2091 785 2118 ἐσό-

57 2148 72 2165 ι.
91 2139 225 2174 οἴδαμεν
241 2138 284 2171 δὲ,
297 2139 353 2170 ὅτι,
368 2138 422 2165 ἐὰν
445 2136 610 2172 φανερωθῇ,
629 2137 721 2173 ὅμοιοι
733 2139 785 2164 αῦ-

834 901 943 935 ponitur
956 909 962 927 :
979 899 1013 927 Et
1028 905 1167 935 propterea
1187 908 1240 927 non
1258 908 1364 935 possum
1376 899 1471 926 venire.
1486 898 1537 932 Qui
1551 899 1622 927 enim

833 946 972 974 sensibilia
989 946 1092 978 vident,
1107 946 1185 973 aiunt
1198 953 1227 973 se
1242 953 1296 973 non
1310 953 1391 980 posse
1407 945 1481 981 quod
1499 945 1624 980 incorpo-

833 999 910 1018 reum
938 995 981 1018 est
1005 991 1247 1025 comprehendere.
1274 991 1349 1018 Alter
1365 996 1456 1018 autem
1471 991 1517 1026 qui
1532 991 1600 1018 dixit
1615 1000 1622 1019 τ

836 1036 948 1064 Uxorem
962 1037 1028 1064 duxi
1049 1037 1081 1069 "’.
1099 1037 1122 1065 is
1149 1041 1192 1065 est
1218 1037 1265 1073 qui
1291 1038 1399 1065 videtur
1428 1038 1566 1066 invenisse
1579 1047 1624 1066 sa-

834 1082 974 1117 pientiam,
988 1086 1015 1109 et
1029 1081 1102 1109 illius
1121 1082 1257 1117 particeps
1286 1090 1347 1110 esse
1372 1082 1471 1118 factus,
1487 1089 1515 1111 at
1530 1092 1622 1111 verum

833 1127 995 1163 sapientiam
1010 1131 1119 1156 recusat
1134 1137 1140 1155 :
1162 1129 1203 1156 vel
1220 1129 1267 1164 qui
1281 1130 1356 1158 carni
1383 1130 1484 1163 uultur,
1503 1134 1530 1157 et
1545 1130 1623 1157 volu-

833 1174 915 1209 ptatis
928 1175 1015 1209 magis
1029 1183 1111 1210 quam
1130 1175 1177 1203 Dei
1193 1180 1299 1203 amator
1328 1181 1380 1204 est.
1404 1175 1545 1203 Parabolze
1559 1185 1623 1211 ergo

833 1227 942 1247 summa
973 1221 1030 1248 haec
1057 1225 1108 1249 est.
1137 1221 1279 1256 Explicare
1302 1222 1404 1257 poteris
1427 1223 1507 1250 etiam
1534 1223 1622 1257 aliter.

833 1265 975 1298 Quatenus
1005 1267 1132 1295 homines
1156 1275 1262 1300 sumus,
1286 1275 1336 1296 nec
1359 1268 1467 1297 divitias
1495 1269 1624 1297 bonitatis

810 1346 814 1347 ν
833 1311 881 1339 Dei
897 1312 976 1340 nobis
991 1313 1120 1341 conducit
1133 1321 1310 1348 cognoscere,
1334 1322 1397 1342 vere
1426 1314 1498 1343 Deus
1518 1315 1623 1343 homini

833 1358 1010 1392 assimilatur,
1024 1363 1056 1387 ut
1069 1363 1202 1395 tanquam
1225 1360 1307 1388 homo
1325 1361 1454 1396 loquatur
1469 1361 1624 1389 hominibus

833 1404 880 1439 qui
894 1410 1007 1439 possunt
1032 1406 1178 1441 gubernari
1202 1414 1217 1433 a
1236 1405 1301 1438 Deo,
1327 1407 1439 1434 omnino
1466 1413 1623 1435 remanente

834 1449 899 1478 Deo.
915 1450 948 1477 Et
979 1456 1044 1478 tunc
1069 1451 1174 1479 desinet
1202 1452 1349 1480 assimilari
1373 1453 1487 1485 homini,
1514 1453 1624 1488 quando

835 1501 975 1525 cessantes
986 1505 1001 1524 a
1013 1498 1199 1531 contentione,
1215 1499 1284 1531 zelo,
1309 1504 1335 1527 et
1353 1500 1465 1534 reliquis
1479 1500 1567 1530 math,
1583 1504 1624 1526 at-

834 1550 889 1578 que
904 1543 1053 1571 secundum
1068 1543 1206 1571 hominem
1220 1545 1360 1572 ambulare
1374 1545 1539 1578 desinentes,
1550 1546 1623 1580 digni

836 1587 900 1615 facti
913 1587 1046 1616 fuerimus
1066 1589 1163 1617 audire
1181 1598 1188 1616 :
1206 1589 1262 1626 Ego
1273 1590 1352 1618 dixi:
1379 1590 1425 1617 Dii
1438 1591 1512 1623 estis,
1533 1596 1556 1618 et
1575 1591 1625 1625 ﬁlii

836 1633 943 1661 Excelsi
963 1643 1052 1662 omnes
1080 1635 1112 1662 “.
1131 1635 1242 1663 Desinet
1267 1636 1349 1664 etiam
1374 1636 1426 1664 alia
1443 1637 1558 1672 plurima
1576 1644 1625 1663 vo-

835 1679 998 1714 cari,$2
1013 1680 1114 1715 quibus
1138 1685 1264 1715 peccator
1291 1682 1376 1710 homo
1399 1683 1510 1718 indiget,
1529 1691 1625 1718 nempe

837 1724 979 1759 panthera,
1001 1725 1054 1758 leo,
1081 1730 1110 1753 et
1130 1733 1224 1759 ursus,
1255 1727 1328 1755 sicut
1352 1728 1379 1755 in
1406 1729 1545 1763 prophetis
1561 1729 1626 1756 scii-

836 1774 911 1804 ptum
924 1775 976 1798 est.
1002 1769 1113 1799 Desinet
1133 1772 1205 1799 enim
1235 1772 1292 1800 hzec
1315 1781 1376 1801 esse
1401 1773 1483 1805 Deus,
1515 1775 1625 1809 quando

836 1820 946 1849 propter
960 1822 1008 1842 eos
1022 1816 1068 1850 qui
1080 1816 1144 1843 talia
1161 1816 1294 1850 fecerunt,
1314 1826 1366 1845 non
1393 1819 1510 1853 amplius
1524 1819 1626 1854 indiget

837 1859 911 1888 illius
924 1860 972 1895 qui
988 1865 1115 1897 tanquam
1140 1863 1282 1898 panthera,
1302 1864 1343 1891 vel
1370 1868 1498 1899 tauquam
1515 1866 1566 1897 leo,
1583 1865 1624 1892 vel

838 1910 967 1941 tanquam
986 1915 1067 1935 ursus
1090 1908 1124 1936 ad
1150 1909 1270 1944 inopiam
1290 1910 1414 1938 redactus
1428 1917 1479 1938 est.
1496 1910 1555 1946 lpsc
1569 1918 1624 1939 non

838 1952 956 1986 amplius
967 1952 1072 1982 habens
1085 1954 1154 1982 tales
1169 1956 1215 1989 qui
1238 1955 1329 1990 seipso
1342 1956 1490 1992 indigeant,
1502 1958 1623 1992 seipsum

838 1998 1026 2026 manifestabit
1040 1999 1120 2027 sicuti
1146 2005 1198 2033 est,
1220 2001 1345 2036 Deusque
1374 2003 1456 2030 stabit
1482 2003 1508 2030 in
1535 2004 1625 2031 medio

838 2043 963 2071 deorum.
981 2045 1026 2072 Sic
1041 2046 1145 2081 accipio
1158 2047 1240 2074 etiam
1260 2048 1325 2075 illud
1344 2057 1351 2075 :
1367 2048 1437 2076 Deus
1455 2054 1542 2076 uoster
1556 2050 1624 2085 ignis

838 2097 992 2117 consumens
1010 2091 1049 2123 ";
1066 2091 1090 2118 ei
1104 2091 1177 2118 enim
1193 2092 1240 2127 qui
1252 2093 1350 2128 dignus
1365 2102 1418 2121 non
1434 2099 1475 2122 est
1487 2095 1623 2126 consumi,

839 2134 886 2161 lux
898 2139 941 2162 est
958 2136 1108 2163 secundum
1123 2135 1257 2164 Joannem
1273 2138 1406 2166 dicentem
1421 2148 1427 2166 :
1455 2139 1524 2167 Deus
1539 2144 1626 2166 uoster

57 2186 192 2219 ·σόμεθα,
207 2184 252 2210 ὅτι
280 2184 413 2218 ὀψόμεθα
427 2182 520 2210 αὑτὸν
533 2182 630 2216 καθώς
644 2183 738 2210 ἐστιν.
754 2183 785 2209 Εἰ

900 2185 949 2214 est,
963 2186 987 2207 et
1004 2180 1116 2208 tenebrae
1129 2182 1156 2208 in
1170 2191 1199 2209 eo
1215 2191 1264 2210 non
1290 2189 1351 2210 sunt
1367 2184 1400 2210 '°.
1416 2183 1448 2212 Et
1469 2192 1566 2213 rursus
1580 2185 1600 2200 ³⁸
1617 2193 1623 2212 :

57 2231 107 2258 καὶ
121 2229 284 2265 ἀξιωθῶμεν
299 2229 394 2264 βλέψαι
420 2229 468 2256 νῦν
484 2229 530 2256 τὸν
548 2229 614 2255 Θεὸν
628 2227 668 2263 τῷ
688 2229 727 2263 νῷ
742 2229 790 2255 καὶ¹

57 2277 149 2313 ιρδίᾳ,
165 2276 197 2302 οὑ
210 2275 345 2311 βλέπομεν
361 2275 442 2302 αὐτὸν
455 2275 545 2307 καθώς
559 2276 643 2307 ἐστιν,
660 2274 728 2301 ἀλλὰ
739 2283 788 2301 κα-

59 2323 107 2350 διὰ
124 2323 177 2358 τὴν
202 2322 340 2358 ἡμετέραν
361 2322 515 2356 οἰκονομίαν
532 2323 599 2357 ἡμῖν
622 2321 736 2355 γίνεται·
758 2321 788 2347 ὲν

57 2369 307 2406 ὶάποκαταστάσει
335 2368 453 2400 πάντων,
477 2369 515 2399 ὠς
540 2367 653 2403 ὲλάλησε
669 2367 713 2394 διὰ
727 2367 787 2394 στό-

57 2425 78 2448 ig
92 2416 153 2443 τῶν
174 2415 259 2449 ἁγίων
276 2414 367 2446 αὐτοῦ,
389 2414 512 2449 ὀψόμεθα
524 2414 573 2448 οὐχ
587 2413 625 2445 ὡς
639 2413 698 2445 νῦν,
711 2413 726 2439 ὃ
736 2414 787 2440 οὐκ

57 2471 76 2493 ι,
96 2460 161 2488 ἀλλ’
175 2460 212 2492 ὡς
228 2460 330 2496 πρέπει
355 2460 415 2486 τότε
434 2460 448 2486 ὅ
471 2460 540 2486 ἐστι.
568 2458 636 2494 Παρ¹
648 2459 713 2494 ἡμῖν
738 2458 787 2494 μὲν

64 2506 226 2542 ἀνθρώποις
252 2505 388 2542 ἀνθρώπῳ
401 2504 541 2541 ὡμοιώθη·
570 2505 646 2542 παρὰ
673 2505 701 2532 δὲ
730 2506 787 2537 τοῖς

57 2554 108 2585 οὺς
137 2552 336 2582 ἀποθεώσουσι.
353 2550 422 2586 Θεῷ’
450 2551 483 2577 ὀ
511 2550 583 2584 Oeric
609 2551 663 2587 γὰρ
693 2552 786 2585 ἔστη,

59 2608 90 2630 ν,
113 2599 152 2624 ἐν
162 2597 323 2632 συνηγωγῇ
341 2596 425 2624 θεῶν.

842 2226 968 2254 Nondum
995 2229 1118 2262 apparuit
1148 2229 1211 2263 quid
1235 2229 1345 2257 erimus.
1382 2230 1486 2257 Scimus
1502 2232 1626 2266 quoniam

837 2281 895 2300 cum
922 2275 1085 2308 apparuerit,
1117 2275 1216 2303 similes
1236 2276 1261 2303 ei
1287 2277 1396 2308 erimus,
1419 2278 1541 2312 quoniam
1555 2277 1625 2304 vidc-

837 2319 922 2346 bimus
933 2328 992 2346 eum
1007 2320 1085 2346 sicuti
1102 2327 1152 2348 est.
1171 2320 1227 2348 Etsi
1240 2321 1312 2348 cuitu
1327 2321 1400 2356 digni
1415 2322 1476 2349 facti
1494 2322 1626 2349 fuerimus

836 2364 931 2392 videre
943 2373 1015 2392 nunc
1044 2364 1129 2392 Deum
1158 2369 1247 2392 mente
1270 2369 1298 2393 et
1324 2366 1416 2398 corde,
1432 2374 1486 2392 non
1504 2365 1625 2392 videmus

839 2418 902 2437 eum
917 2411 996 2438 sicuti
1011 2415 1063 2444 est,
1080 2410 1126 2438 sed
1138 2410 1366 2445 quemadmodum
1382 2410 1460 2437 nobis
1471 2414 1512 2437 est
1526 2418 1625 2437 secun-

840 2458 904 2485 dum
923 2461 1042 2485 nostram
1053 2457 1149 2492 agendi
1167 2458 1298 2484 rationem
1313 2458 1364 2484 :-in
1378 2456 1546 2484 restitutione
1562 2464 1627 2483 vero

841 2503 975 2534 omnium,
994 2503 1065 2530 sicut
1087 2503 1201 2530 loeutus.
1221 2507 1263 2530 est
1278 2510 1324 2537 per
1337 2510 1369 2530 os
1394 2506 1549 2530 sanctorum
1565 2509 1627 2529 suo-

842 2557 913 2582 rum,
927 2549 1082 2576 videbimus
1093 2556 1148 2575 uon
1158 2548 1229 2576 sicut
1240 2556 1326 2581 nunc,
1344 2548 1416 2583 quod
1431 2555 1484 2575 non
1501 2552 1553 2578 est,
1567 2547 1624 2578 sed.

841 2595 912 2623 sicut
931 2595 1008 2622 decet
1023 2598 1099 2627 tune,
1112 2594 1183 2629 quod
1199 2598 1250 2621 est.
1277 2594 1355 2628 Apud
1380 2602 1430 2621 nos
1446 2594 1554 2629 quidem
1577 2594 1626 2621 ho-

57 2655 81 2674 ες
98 2645 207 2673 homini
235 2645 402 2673 assimilatus
412 2649 470 2675 est;
489 2644 559 2678 apud
575 2651 622 2671 eos
638 2652 703 2671 vero
713 2644 758 2679 qui
775 2644 879 2680 scipsos
894 2643 992 2671 divina:
1008 2647 1149 2672 consortes
1178 2647 1281 2670 natura:
1304 2642 1443 2675 fecerunt,
1458 2642 1513 2670 Deo
1529 2652 1536 2670 :
1556 2642 1625 2669 Deus

57 2701 80 2724 ι,
108 2691 216 2724 inquit,
231 2691 303 2718 stetit
326 2691 352 2717 in
372 2696 505 2724 synagoga
518 2689 624 2716 deorum
639 2690 672 2716 ".

70 2770 143 2797 an.
161 2776 222 2799 xm.
237 2768 279 2795 l8.
330 2768 352 2784 ¹⁶
377 2767 442 2795 ibid.
455 2767 487 2795 i9
500 2765 582 2794 9120.
633 2768 652 2782 ¹⁷
667 2767 735 2794 ibid;
752 2768 796 2795 20.

57 2806 79 2821 “
102 2805 111 2831 I
134 2802 215 2831 Joan.
235 2803 317 2834 "1.2.
356 2804 378 2819 η
403 2803 475 2830 Psai.
508 2809 600 2830 Lxxxt.
620 2801 641 2828 l.

856 2767 877 2783 ¹⁸
893 2767 966 2795 P‘sal.
985 2775 1077 2801 tun,
1094 2767 1121 2794 6.
1163 2767 1184 2782 ’⁸
1202 2767 1284 2795 Hebr.
1299 2775 1348 2800 xtl,
1365 2767 1409 2794 ‘25.
1447 2766 1470 2782 ’θ
1484 2765 1491 2792 1
1503 2764 1582 2793 Joan.
1601 2774 1623 2799 ι,
