1879 3046
27 157 64 186 157

675 149 775 178 LIBER
794 149 955 178 TERTIUS.

1579 146 1632 174 158

27 217 54 243 itu
81 213 176 248 eripiat
189 220 223 240 ac
236 210 356 239 retrahat
369 210 402 238 ad
417 210 544 243 salutem,
568 214 648 244 atque
671 217 703 237 ex
727 208 794 243 ipsis
808 211 830 238 Α
845 207 990 235 dett-renda
1013 211 1056 234 est
1079 204 1203 238 dilectio,
1227 203 1352 239 sequenti
1371 211 1435 230 vero
1458 202 1631 248 gradu.reuni

26 260 130 289 trucibus
145 264 256 286 teter-na:
278 257 376 284 mortis
397 257 514 291 eripiat,
538 264 591 283 non
618 256 666 283 tibi
687 255 795 282 videtur

25 306 82 342 quod
96 305 138 331 illa
151 304 223 338 ipsa,
243 303 266 330 si
281 302 338 329 ﬂeri
354 307 453 337 potest,
468 301 636 336 plenitudine
652 300 796 327 claritatis

25 358 66 386 qua
87 349 166 376 Deum
179 348 321 383 diligimus
335 347 490 381 diligendus
509 347 545 373 sit
561 350 623 381 post
638 345 743 373 Deum?
762 345 797 373 Et

26 404 50 423 ne
61 401 129 430 putes
141 394 216 429 quod
230 401 281 420 nos
295 393 330 420 ita
341 400 550 427 przesumamus,
563 392 625 419 audi
640 391 794 426 apostolum

26 441 118 468 Paulum
131 440 164 467 de
178 439 222 467 his
238 439 285 474 qui
298 438 326 465 in
336 438 420 466 verbo
432 437 479 465 Dei
494 438 629 470 laborant,
642 437 775 464 dicentem
787 446 794 464 :

29 487 53 514 Ut
73 485 311 521 superabmtdanter
329 484 449 511 habeatis
472 484 500 510 in
525 483 656 510 rharitale
682 491 726 510 eos
750 483 796 518 qui

26 531 154 565 illiusmodi
167 535 230 558 umt
247 535 352 565 propter
367 537 431 564 opus
452 530 570 563 ipsorum
589 529 622 555 ³⁸.
647 527 796 555 Videamus

27 577 129 605 etalium
155 576 247 603 adhuc
262 576 384 603 ordinem
401 574 554 606 eharitatis,
579 573 640 608 ejus
661 574 796 600 duntaxat

28 629 74 657 que
84 628 142 655 erga
158 620 300 655 proximos
322 619 415 646 haberi
431 619 546 646 videtur.
569 617 598 644 Si
613 618 648 644 sit
672 625 726 644 non
747 617 796 644 ha-

29 667 79 692 hens
93 665 196 700 quidem
207 664 323 691 docendi
338 664 380 690 vel
398 662 549 691 instruendi
561 663 689 698 gratiam,
708 667 796 697 neque

28 712 119 739 verbum
132 710 237 737 Domini
254 709 430 745 praedicandi,
442 709 489 736 sed
507 714 597 736 tamen
615 712 716 736 sanctae
733 708 796 735 vitae

29 758 69 789 rir,
81 758 213 788 innocens,
230 755 434 787 immaculatus,
451 759 478 782 et
491 754 537 789 qui
553 754 580 781 in
592 753 796 789 justiﬁeationi-

28 803 66 829 bus
77 806 100 829 et
113 801 245 828 mandatis
261 799 308 828 Dei
326 800 494 835 ingrediatur
507 799 566 826 sine
583 799 704 834 querela,
721 798 796 826 vide-

29 853 91 874 turne
103 846 147 873 tibi
171 845 234 872 talis
260 845 304 872 hic
323 845 367 872 vir
390 844 419 872 in
434 845 530 872 eodem
544 844 687 872 charilatis
700 843 797 871 ordine

847 252 964 287 quadam
988 250 1165 279 nihilominus
1189 248 1362 280 reverentia,
1376 248 1457 275 etiam
1480 247 1631 274 sororibus.

847 298 962 333 Proprio
987 305 1051 324 vero
1072 297 1191 332 quodam
1212 299 1240 322 et
1260 297 1431 329 sequestrate
1450 292 1541 320 abhis
1558 300 1633 320 more

846 343 967 369 Charitas
979 341 1143 376 coniugibus
1159 338 1321 367 exhibenda.
1338 337 1401 365 Post
1420 337 1470 367 bas
1493 344 1557 364 vero
1570 343 1632 371 per-

847 395 939 419 sonas,
952 394 1001 422 pro
1027 386 1131 414 meritis
1157 386 1239 412 etiam
1261 388 1289 412 et
1308 383 1410 414 causis.
1429 381 1577 416 unicuique
1605 381 1632 409 in

846 431 933 464 omni,
952 435 983 459 ut
997 432 1128 464 diximus,
1149 430 1275 458 castitate
1296 427 1441 456 deferenda
1454 427 1563 454 dilectio
1580 431 1632 454 est.

847 476 1002 505 Secundum
1025 477 1083 505 inec
1097 477 1179 504 etiam
1201 475 1235 503 de
1258 479 1352 509 patre,
1372 473 1413 501 vel
1435 472 1535 504 fratre,
1553 476 1634 506 atque

846 523 907 550 aliis
922 522 1083 558 propinquis
1106 521 1321 550 observavimus.
1344 518 1413 553 Erga
1438 522 1546 546 sanctos
1571 524 1634 544 vero

846 569 892 604 qui
909 576 961 596 nos
978 568 1005 596 in
1018 569 1130 596 Christo
1139 571 1303 603 genuerunt,
1319 565 1366 593 sed
1378 570 1404 592 et
1418 569 1539 599 pastores
1553 567 1634 597 atque

845 615 1009 650 episcopos,
1024 615 1067 642 vel
1092 614 1140 649 qui
1161 613 1244 640 verbo
1262 612 1309 640 Dei
1330 615 1451 647 prmsunt
1470 608 1634 644 presbyteri.

846 665 894 687 aut
909 659 958 694 qui
980 659 1048 686 bene
1063 658 1221 686 ministrant
1233 658 1261 685 in
1275 656 1406 689 Ecclesia,
1424 657 1464 683 vel
1481 655 1527 690 qui
1542 655 1568 681 in
1583 654 1636 681 [ide

846 706 1006 741 pracellunt
1018 709 1146 738 exteros.
1165 704 1303 739 quomodo
1320 711 1375 731 non
1393 710 1442 738 pro
1458 701 1635 736 uniuscujus-

845 759 900 787 que
924 751 1031 779 meritis
1059 750 1168 778 aliectio
1200 750 1357 785 pensabitur
1389 749 1532 777 cbaritatis
1556 748 1639 783 longe

845 796 1010 824 eminentior
1027 804 1109 831 quam
1127 803 1191 831 erga
1212 803 1262 823 eos
1279 795 1372 823 haberi
1395 798 1484 829 potest
1495 814 1503 825 ,
1527 793 1574 828 qui
1589 796 1638 820 aut

847 843 916 870 nihil
929 843 1038 875 borum,
1053 846 1101 869 aut
1113 849 1166 868 non
1185 841 1288 875 integre
1300 840 1433 876 egerunt?
1453 839 1505 866 Sed
1525 844 1553 865 et
1567 839 1637 866 inter

30 891 162 923 habendus,
182 898 238 925 quo
251 890 296 918 ille
317 889 363 924 qui
377 890 446 916 nihil
462 890 560 916 borum
575 889 649 924 agit?
673 888 796 923 quando-
811 883 833 911 Β
848 893 974 924 parentes
996 887 1090 915 ﬁdeles
1111 891 1137 914 et
1158 887 1290 918 inﬁdeles,
1313 890 1341 913 et
1356 885 1454 913 fratres
1475 885 1584 917 lideles,
1604 891 1639 912 ac

33 935 119 969 quidem
141 938 255 969 uterque
277 934 421 969 proximus
444 933 556 961 dicitur.
586 932 682 960 Nonne
702 937 730 960 et
752 932 796 960 hic

30 985 117 1015 propter
139 988 206 1014 opus
229 987 311 1007 suum
336 983 363 1007 et
383 980 447 1007 vita
470 979 599 1006 meritum
612 999 621 1012 ,
644 978 795 1006 secundum

32 1026 129 1061 Apostoli
140 1026 251 1058 dictum,
271 1025 397 1053 similiter
409 1028 439 1052 ut
450 1024 495 1052 ille
509 1024 555 1060 qui
567 1024 595 1051 in
603 1024 686 1052 verbo
698 1023 743 1050 Dei
757 1023 797 1050 la-

32 1072 100 1103 borat,
115 1071 381 1106 superabundanlius
395 1070 536 1098 habendus
551 1073 593 1097 est
615 1070 642 1096 in
661 1069 797 1097 eharitate

32 1116 73 1152 ’14
84 1121 183 1151 propter
196 1123 267 1151 opus
287 1116 349 1143 vita:
370 1116 446 1144 suae?
470 1115 519 1143 Est
536 1115 627 1143 adhuc
643 1115 714 1142 alius
728 1114 797 1143 ordo

33 1161 160 1188 charitalis.
185 1160 318 1188 Jubemur
336 1161 408 1187 enim
424 1165 452 1188 et
469 1160 595 1188 inimicos
610 1165 720 1188 nostros
735 1160 797 1188 dili-

33 1214 88 1241 gere.
108 1206 156 1233 Sed
174 1206 316 1234 videamus
339 1206 362 1233 si
382 1205 464 1233 etiam
484 1206 511 1232 in
532 1205 600 1240 ipsis
624 1213 696 1233 unus
721 1206 796 1234 solus

34 1252 110 1279 nodus
123 1252 172 1279 erit
187 1252 354 1284 dilectionis,
367 1259 401 1278 an
417 1251 454 1278 ibi
472 1251 583 1278 habebit
598 1251 689 1279 locum
705 1258 795 1278 sermo

33 1296 71 1323 iste
89 1296 130 1330 qui
149 1297 213 1324 dicit
235 1305 242 1324 :
267 1295 396 1324 Ordinem:
417 1296 444 1322 in
468 1303 508 1323 me
532 1296 699 1323 clmritalem.
725 1295 797 1323 Puto

33 1349 81 1375 ergo
95 1342 158 1376 quod
179 1343 204 1369 in
226 1342 270 1370 bis
283 1342 318 1369 sit
334 1342 401 1369 ordo
418 1341 574 1374 charitatis,
595 1342 671 1369 verbi
694 1342 795 1377 gratia,

33 1390 62 1412 est
70 1386 157 1422 aliquis
167 1387 233 1414 mihi
249 1387 389 1418 inimicus,
403 1388 430 1414 in
442 1387 504 1415 aliis
518 1392 608 1414 tamen
619 1387 688 1415 bene
700 1395 797 1422 agens,

34 1432 134 1465 pudicus.
151 1433 276 1467 sobrius,
297 1434 425 1462 mandata
449 1434 497 1462 Dei
521 1433 638 1469 plurima
661 1442 695 1461 ex
721 1439 797 1470 parte

34 1477 176 1510 rustodiens,
202 1478 229 1505 in
255 1478 394 1513 aliquibus
418 1483 508 1506 tamen
529 1486 637 1512 errans,
655 1483 684 1507 ut
701 1479 794 1507 homo.

35 1521 68 1549 Est
80 1523 140 1550 alius
151 1524 196 1558 qui
211 1524 343 1551 inimicus
355 1524 464 1558 quidem
481 1524 517 1552 sit
531 1529 558 1552 et
575 1525 634 1559 ipse
648 1524 738 1557 nobis,
754 1528 795 1552 ta-

34 1575 79 1594 men
90 1568 121 1595 sit
132 1555 185 1596 suae
197 1569 258 1597 vitae
269 1573 352 1603 atque
363 1555 463 1597 animae
478 1555 616 1602 inimicus.
634 1555 745 1604 paratus
761 1569 795 1596 ad
808 1555 830 1584 C

35 1615 123 1647 scelera,
136 1622 252 1650 praeceps
267 1614 303 1642 ad
319 1614 430 1650 ﬂagitia.
445 1615 513 1642 nihil
529 1615 626 1647 sancti,
649 1614 716 1642 nihil
731 1614 795 1642 reli-

35 1660 85 1694 giosi
105 1660 219 1693 dueens,
245 1667 302 1687 non
326 1660 374 1688 tibi
398 1660 506 1688 videtur
526 1661 607 1688 etiam
631 1661 701 1687 inter
721 1660 796 1695 ipsos

36 1704 135 1733 inimicos
145 1706 265 1740 quaedam
282 1705 428 1733 diversitas
442 1706 565 1733 habenda
581 1706 742 1734 charitatis?

60 1748 116 1777 Puto
128 1751 232 1786 quidem
247 1751 323 1786 quod
336 1759 368 1778 ex
383 1751 426 1778 his
440 1752 506 1779 satis
520 1752 638 1786 patuerit
668 1759 730 1779 esse
741 1752 795 1780 vim

35 1796 120 1829 quidem
135 1798 271 1826 charitatis
289 1806 382 1831 unam,
397 1799 497 1826 multas
510 1803 600 1826 tamen
614 1799 713 1826 habere
731 1806 796 1827 cau-

36 1847 82 1872 sas,
102 1847 126 1869 et
150 1844 247 1871 multos
268 1844 380 1871 ordines
400 1844 548 1880 diligendi,
563 1849 590 1872 et
613 1848 724 1880 propter
744 1845 796 1872 hoc

38 1893 91 1913 nunc
104 1887 184 1916 dicere
197 1897 326 1924 sponsam
346 1899 353 1916 :
372 1889 501 1918 Ordinate
520 1891 547 1917 iu
568 1898 608 1918 me
627 1890 796 1924 duritatem,

37 1930 75 1958 hoc
95 1938 131 1960 est
155 1934 247 1962 docete
280 1942 326 1962 me
355 1935 477 1962 diversos
504 1936 614 1963 ordines
642 1936 795 1963 cbaritatis.

37 1975 96 2008 Quod
107 1979 127 2006 si
143 1980 227 2008 adhuc
246 1980 401 2008 addendum
421 1981 463 2008 his
480 1981 581 2017 aliquid
596 1982 712 2015 videtur,
731 1990 795 2017 pos-

36 2028 109 2050 sumus
120 2029 144 2051 et
157 2025 220 2052 illud
234 2025 261 2053 in
275 2026 398 2053 medium
413 2026 558 2059 adducere,
581 2027 653 2062 quod
667 2028 706 2054 ait
723 2027 797 2061 Apo-

38 2068 103 2095 stolus
119 2079 125 2096 :
144 2069 207 2104 Viri,
225 2071 331 2106 diligite
347 2080 441 2098 uxores
462 2078 560 2099 uestras
587 2073 660 2100 sicut
680 2080 794 2107 corpora

38 2117 124 2145 vestra,
148 2115 213 2141 sicut
231 2115 356 2143 Christus
382 2115 477 2143 dilexit
497 2116 644 2143 Ecclesiam
666 2116 699 2144 “.
725 2115 796 2148 Quid

38 2164 86 2192 ergo
99 2159 187 2188 debent
202 2161 312 2196 quidem
328 2162 378 2188 viri
392 2170 491 2190 uxores
504 2171 568 2190 suas
585 2163 708 2198 diligere,
728 2163 796 2191 alias

37 2209 86 2252 vero
98 2206 213 2234 mulieres
231 2215 286 2234 non
299 2208 397 2235 debent
408 2209 521 2236 omnino
541 2208 654 2244 diligere
671 2208 698 2235 in
717 2208 793 2235 omni
810 2224 831 2252 υ

37 2249 135 2277 castitate
157 2256 182 2279 et
202 2254 369 2281 sanctitate?
396 2256 494 2282 Annon
523 2255 688 2282 videbuntur
710 2255 792 2281 etiam

38 2292 87 2326 ῖνεπ
104 2303 157 2324 esse
178 2298 209 2325 de
230 2299 382 2333 proximis?
402 2299 454 2327 Sed
482 2300 662 2335 impendenda
684 2300 793 2335 quidem

37 2343 68 2366 est
83 2340 185 2375 dilectio,
206 2345 247 2371 vel
266 2345 294 2372 in
321 2345 476 2380 coniugem.
492 2346 534 2373 vel
559 2346 586 2373 in
603 2351 729 2379 matrem,
751 2345 795 2373 vel

39 2383 58 2409 in
73 2392 187 2421 sororem,
202 2390 223 2416 si
245 2395 335 2418 tamen
353 2390 444 2418 ﬁdeles
461 2391 526 2424 sint,
545 2396 571 2419 et
585 2391 640 2420 Deo
655 2392 795 2420 adhaeren-

40 2433 78 2461 με,
91 2435 113 2458 et
121 2440 177 2468 erga
193 2435 272 2462 aliam
292 2435 433 2464 mulierem
451 2437 537 2470 nulla,
557 2437 707 2465 secundum
721 2437 795 2472 quod

38 2475 81 2508 ipsa
95 2481 202 2512 proxima
219 2482 335 2515 dicitur,
358 2487 400 2510 est
421 2483 500 2510 nobis
522 2484 702 2518 impendenda
723 2483 794 2511 dile-

39 2521 91 2549 ctio?
107 2524 173 2557 Quod
191 2527 212 2554 si
231 2527 282 2555 hoc
302 2528 452 2557 absurdum
469 2529 584 2561 videtur,
610 2529 690 2557 debet
704 2534 793 2557 autent

40 2570 159 2599 secundant
179 2575 297 2602 mandati
321 2574 445 2603 ordinem
468 2575 549 2602 etiam
571 2582 635 2610 erga
655 2583 702 2602 eas
718 2581 794 2603 easta

40 2613 135 2644 adhiberi
155 2619 268 2655 dilectio,
292 2628 407 2657 prorsus
430 2621 500 2648 inter
515 2622 589 2656 ipsas
606 2629 737 2656 personas
754 2622 794 2650 fu-

40 2658 147 2690 iuinarum
163 2666 257 2699 quibus
271 2667 451 2702 impendenda
465 2667 574 2696 dilectio
585 2672 636 2699 est,
650 2667 791 2696 habendus

39 2704 132 2753 Prtiiecto
144 2714 182 2736 est
196 2712 262 2739 ordo
274 2713 301 2740 in
314 2713 447 2741 cbaritate
458 2714 678 2748 conveniensque
695 2713 791 2741 distin-

40 2753 87 2778 τί¹¹⁵ι
109 2752 137 2779 El
156 2757 247 2791 majori
272 2759 381 2793 quidem
399 2768 460 2787 cum
486 2759 689 2787 honoriﬁcentia
713 2759 791 2787 matri

848 933 989 964 inﬁdeles,
1015 939 1198 966 sororesque,
1221 936 1344 967 potestne
1368 931 1428 958 tieri
1449 935 1476 958 ut
1497 937 1552 958 non
1572 936 1637 964 ergo

846 980 900 1008 bos
925 980 1050 1015 singulos
1076 979 1203 1007 diversus
1228 978 1297 1006 ordo
1321 978 1453 1005 habeatur
1477 976 1639 1004 charitstis?

847 1024 923 1058 Quas
938 1024 1109 1052 diversitates
1125 1025 1235 1052 intuens
1248 1031 1359 1058 sponsa,
1383 1026 1410 1050 et
1426 1022 1522 1049 videns
1543 1022 1577 1049 de
1595 1022 1639 1049 bis

847 1071 977 1098 omnibus
997 1070 1096 1098 anima:
1109 1071 1143 1098 ad
1160 1070 1352 1105 perfectionem
1373 1068 1492 1096 tendenti
1512 1075 1639 1096 necessa-

847 1117 916 1144 riam
935 1116 1019 1143 videri
1038 1116 1181 1143 scientiam
1196 1123 1290 1142 earum
1306 1121 1408 1146 rerum,
1425 1113 1639 1148 utuniuscujus—

846 1169 900 1197 que
915 1162 968 1189 loci
983 1166 1011 1190 et
1030 1161 1134 1189 ordinis
1148 1168 1290 1188 mensuras
1307 1161 1392 1196 possit
1410 1164 1502 1187 tenere
1520 1159 1639 1186 οδω-ηδε

848 1208 893 1241 tis,
907 1207 973 1235 dicit
985 1207 1021 1235 ad
1032 1207 1135 1235 amicos
1147 1207 1253 1242 sponsi,
1265 1213 1313 1234 eos
1325 1205 1449 1233 videlicet
1462 1205 1508 1240 qui
1526 1205 1639 1232 verbum

847 1253 895 1280 Del
908 1253 1065 1280 ministrant
1084 1262 1090 1280 :
1110 1252 1238 1279 Ordinate
1255 1252 1281 1279 in
1295 1259 1334 1278 me
1344 1251 1511 1283 duritatem,
1528 1250 1580 1277 hoc
1595 1254 1640 1278 est

847 1298 943 1326 docete
958 1306 1012 1331 me,
1032 1303 1058 1326 et
1073 1298 1173 1325 tradite
1190 1297 1257 1324 mihi
1279 1296 1419 1332 quomodo
1436 1304 1485 1331 per
1506 1296 1563 1323 haec
1582 1295 1638 1332 sin:

847 1343 910 1378 gula
934 1344 1056 1371 ordinem
1085 1350 1194 1371 servare
1217 1342 1329 1370 debeam
1354 1341 1507 1369 charitatis.
1535 1340 1639 1368 Omnes

846 1389 918 1416 enim
935 1389 1077 1421 homines.
1096 1389 1167 1416 sicut
1188 1388 1244 1424 jam
1258 1388 1394 1420 diximus,
1417 1386 1570 1414 secundum
1585 1387 1640 1415 hoc

846 1433 919 1468 quod
945 1433 1049 1462 similes
1073 1433 1152 1461 nobis
1168 1437 1242 1466 sunt,
1266 1433 1391 1460 similiter
1404 1431 1534 1468 diligendi
1549 1437 1614 1460 sunt
1628 1440 1638 1460 :

847 1479 903 1506 imo
927 1479 1017 1506 onmis
1040 1479 1211 1507 rationabilis
1239 1483 1364 1506 creatura
1386 1486 1402 1505 a
1425 1478 1523 1510 nobis,
1545 1482 1639 1512 utpote

847 1524 1065 1558 rationabilibus,
1080 1525 1222 1560 requaliter
1231 1524 1366 1559 diligenda
1381 1528 1432 1552 est.
1447 1524 1638 1559 Adjiciendunt

847 1576 936 1598 tamen
952 1570 979 1597 in
995 1571 1130 1599 cbaritate
1151 1575 1193 1598 est
1217 1572 1364 1606 unicuique
1384 1571 1419 1598 ad
1435 1571 1487 1598 hoc
1500 1571 1639 1605 quomodo

847 1621 899 1649 est.
916 1621 943 1644 et
961 1617 995 1644 ad
1008 1617 1061 1644 hoc
1082 1617 1154 1651 quod
1167 1616 1337 1644 rationabilis
1351 1620 1411 1649 est;
1426 1616 1466 1649 si,
1489 1615 1563 1643 verbi
1577 1623 1639 1650 gra-

847 1662 895 1694 tia,
912 1665 959 1689 aut
975 1663 1002 1689 in
1015 1662 1148 1694 moribus,
1165 1667 1211 1690 aut
1230 1662 1256 1689 in
1272 1670 1363 1697 opere,
1379 1667 1426 1689 aut
1442 1662 1469 1689 in
1487 1661 1638 1696 proposito,

847 1710 893 1734 aut
906 1706 934 1733 in
952 1706 1078 1738 scientia,
1094 1711 1142 1734 aut
1158 1707 1185 1734 in
1205 1707 1304 1734 studiis
1316 1712 1429 1734 caeteros
1444 1706 1592 1741 praecellit;
1611 1711 1639 1733 et

847 1759 895 1786 pro
906 1751 948 1778 his
959 1750 1074 1786 singulis
1085 1751 1235 1778 secundum
1247 1758 1327 1778 suum
1345 1750 1445 1784 cuique
1463 1750 1590 1777 meritum
1603 1750 1638 1777 ad

847 1799 999 1834 generalem
1017 1798 1189 1826 dilectionem
1203 1798 1358 1826 addendum
1377 1803 1420 1825 est
1433 1797 1515 1825 etiam
1533 1797 1638 1832 specia-

847 1845 881 1873 lis
896 1845 998 1880 aliquid
1016 1845 1170 1872 charitatis.

883 1890 983 1918 Verum
1009 1895 1039 1918 ut
1060 1890 1149 1926 major
1164 1891 1199 1918 de
1210 1891 1254 1919 bis
1277 1891 1409 1918 habeatur
1428 1890 1587 1922 auctoritas.
1602 1890 1638 1917 ab

847 1936 907 1971 ipso
922 1936 977 1963 Deo
992 1937 1134 1971 rapiamus
1149 1935 1315 1970 exemplum.
1330 1936 1389 1971 Ipse
1401 1937 1474 1963 enim
1489 1941 1564 1963 amat
1577 1943 1638 1962 oms-

847 1983 892 2009 nio
907 1990 967 2017 quat
988 1987 1053 2009 sunt
1068 1982 1219 2017 :equaiitcr,
1241 1987 1271 2009 ut
1283 1982 1351 2009 nihil
1365 1982 1452 2009 oderit
1468 1989 1562 2009 eorum
1577 1989 1638 2015 quau

847 2028 910 2056 fecit
929 2037 935 2055 :
953 2036 1041 2063 neque
1053 2029 1126 2056 enim
1139 2027 1205 2056 fecit
1219 2028 1320 2063 aliquid
1337 2028 1409 2063 quod
1421 2028 1485 2056 odio
1500 2028 1611 2055 haberet
1628 2037 1636 2055 ε

847 2082 901 2101 non
927 2079 1017 2101 tamen
1043 2075 1078 2101 ob
1101 2074 1154 2102 hoc
1178 2074 1304 2102 similiter
1329 2074 1426 2101 dilexit
1449 2073 1592 2109 Egyptios
1609 2078 1639 2101 ut

847 2119 983 2151 ilebrtnos,
1006 2122 1033 2146 ct
1048 2118 1219 2147 Pharaonem
1240 2123 1270 2146 ut
1284 2118 1395 2154 Moysen
1412 2123 1440 2146 et
1458 2118 1561 2158 Aaron.
1583 2118 1640 2147 Nec

846 2173 943 2193 rursus
956 2166 1077 2201 reliquos
1090 2165 1160 2193 ﬁlios
1173 2166 1257 2194 Israel
1273 2165 1399 2193 similiter
1413 2165 1508 2192 dilexit
1522 2170 1551 2191 ut
1563 2163 1638 2200 Moy-

846 2217 940 2245 sen,et
953 2211 1056 2244 Aaron,
1072 2217 1099 2239 ct
1111 2211 1240 2245 Mariam;
1260 2219 1310 2238 nec
1324 2211 1421 2238 iterant
1436 2211 1527 2238 Aaron
1542 2215 1569 2238 et
1581 2210 1639 2238 Ma-

848 2258 915 2285 riam
934 2258 1059 2285 similiter
1076 2258 1172 2286 dilexit
1195 2262 1225 2285 ut
1248 2256 1369 2290 Moysen,
1392 2257 1517 2292 quamvis
1543 2264 1636 2283 verum

846 2302 882 2330 sit
895 2307 924 2329 ut
942 2303 1043 2330 dicitur
1058 2302 1092 2330 ad
1105 2310 1167 2330 eum
1185 2312 1192 2330 :
1212 2302 1306 2329 Parcis
1323 2306 1410 2329 autem
1430 2300 1562 2331 omnibus,
1573 2301 1637 2335 quia

848 2348 934 2374 omnia
952 2352 997 2374 tua
1016 2353 1088 2381 sunt,
1102 2347 1213 2374 Domine
1223 2351 1328 2374 amator
1341 2347 1501 2373 animarum.
1520 2345 1636 2380 Spiritus

846 2394 915 2420 enim
938 2394 1144 2428 iucorruptionis
1167 2398 1205 2420 est
1231 2393 1259 2420 in
1279 2393 1399 2420 omnibus
1419 2392 1459 2425 ⁸ος
1479 2398 1569 2419 tamen
1592 2391 1637 2418 ille

846 2439 893 2474 qui
913 2447 1051 2472 mensura,
1068 2444 1095 2467 et
1107 2446 1234 2471 numero,
1248 2443 1275 2466 et
1289 2439 1408 2474 pondere
1420 2438 1558 2473 disposuit
1577 2445 1636 2465 orn-

847 2485 904 2518 nia,
921 2485 1071 2512 secundum
1095 2491 1253 2511 mensuram
1277 2484 1337 2511 sine
1351 2483 1435 2511 dubio
1460 2483 1635 2518 uniuscujus-

846 2539 904 2565 que.
915 2531 1073 2558 meritorum
1091 2535 1118 2558 et
1134 2529 1289 2558 dilectionis
1309 2537 1365 2557 sua:
1379 2532 1511 2563 temperat
1525 2529 1634 2566 librant,

847 2575 975 2611 Nunquid
1000 2583 1055 2603 non
1077 2576 1236 2612 putabimus
1247 2568 1319 2611 'quia
1339 2583 1391 2603 non
1414 2575 1538 2602 similiter
1553 2575 1587 2605 ab
1600 2582 1634 2602 eu

846 2623 962 2650 dilectus
985 2626 1027 2650 est
1048 2622 1160 2656 Paulus,
1177 2630 1238 2651 cum
1257 2625 1464 2657 persequeretur
1485 2620 1634 2648 Ecclesiant

847 2667 893 2695 Dei
912 2667 948 2700 ‘t',
970 2668 1041 2695 sicut
1060 2668 1238 2703 diligebatur,
1262 2668 1326 2695 dum
1352 2668 1410 2702 ipse
1426 2674 1476 2703 pro
1491 2674 1522 2694 ea
1540 2674 1633 2701 perse-

846 2715 970 2744 cutiones
999 2717 1194 2751 cruciatusque
1217 2716 1369 2748 tolerabat,
1393 2720 1421 2750 et
1449 2715 1557 2744 dicebat
1581 2715 1634 2743 sibi

846 2762 934 2790 inesse
946 2763 1155 2790 sollicitudinem
1169 2762 1291 2789 omnium
1307 2762 1508 2797 Ecclesiarum?
1520 2761 1633 2798 Multum

66 2850 183 2888 ﬂ.l'i‘ht's.
200 2866 224 2888 γ,
242 2859 281 2887 13.
311 2861 332 2877 ³⁹
347 2861 444 2903 Epirus.
465 2870 490 2895 v,
507 2862 549 2889 25.
591 2863 610 2877 ³⁸
633 2863 696 2898 διψ.
713 2871 750 2896 lx,
768 2863 794 2890 Ξῖ

884 2883 889 2894 ,
910 2863 932 2889 l.
972 2863 991 2878 ²¹
1011 2861 1032 2889 ll
1052 2862 1114 2890 Cor.
1132 2869 1169 2889 ix.
