1846 3053
51 141 64 166 I
451 136 496 164 AD
516 133 680 162 ORIGENIS
699 131 878 161 COMMENT.
901 132 934 159 IN
955 132 1175 160 MATTIIJEUM.

46 203 104 231 υς.
116 194 180 222 660.
202 195 233 221 ab
246 194 321 220 initio
336 193 571 231 vacantesjugiler
583 197 606 218 et
623 190 791 218 insidiantes.

46 248 62 257 ..
73 227 118 257 ἀὑ
133 231 212 256 initio
228 234 321 256 vacant
331 229 432 263 jnqiter
442 229 466 255 ei
480 227 649 263 insidiantes.

46 266 114 293 bid.
129 271 317 299 consequenter
328 259 387 290 cuin
402 264 439 290 eis
460 259 672 299 discipulihlesy
687 260 798 299 egregiae

350 304 386 336 ει⁸
398 289 482 336 docta:
507 289 533 324 al
552 295 625 336 Filio
645 289 714 336 Deli."
732 289 799 324 M'ss.

46 330 194 370 seqvuenter
205 335 242 361 eis
262 333 386 370 discipuli
406 333 470 370 J_es_u
495 331 595 370 egregie
612 330 801 366 intelliguntur

48 367 117 397 utes
133 375 234 396 sanch
245 373 268 396 et
282 369 366 395 doctte
378 377 394 394 a
412 368 485 394 Filio
499 367 556 393 Dei.

46 406 109 432 bid.
128 404 267 439 discipulis
295 404 353 438 ejus
378 403 423 437 qui
440 402 586 438 prohibent,
607 406 660 429 etc.
677 400 742 428 Mss.
757 401 802 428 di-

46 441 117 467 iulis
132 440 169 466 eis
186 440 241 474 qui,
254 444 305 466 etc.

46 475 111 502 bid.
128 474 182 501 Nec
192 471 265 501 enim
282 479 391 508 possunt
409 473 493 508 magis
508 471 660 507 specialiori
672 479 800 508 sermone,

46 531 49 537 .
71 509 146 538 Mss.
162 509 218 536 Nec
231 507 300 536 enim
321 512 430 544 possunt
451 508 535 543 magis
561 507 721 542 cpiritaliort
746 514 802 533 ser-

46 553 94 572 ηε.
112 550 168 572 CIC.

206 579 295 615 videns
311 587 363 606 non
383 577 530 614 prohibeat,
548 581 601 605 etc.
625 576 692 604 Mss.
708 576 800 604 videns

47 614 98 641 erit
114 623 168 642 non
184 614 331 648 prohibeat.
346 619 398 641 etc.

46 652 111 683 ἀπ.
127 650 190 676 662.
205 649 290 683 factus
303 655 341 676 ett
354 649 431 684 quasi
445 656 510 683 puer
525 669 532 679 ,
558 653 627 675 recte
649 648 733 680 dicat,
748 651 800 675 etc.

46 694 64 711 ι.
89 685 180 718 factus
196 689 234 711 est
247 685 325 719 quasi
345 692 420 718 puer,
433 688 462 710 ut
475 684 643 719 recteidicat,
659 686 712 709 etc.

46 722 110 754 ἐξ.
125 720 191 746 665.
210 727 277 747 unus
293 724 380 746 autent
401 719 517 754 proprie.
532 718 598 746 Mss.
615 726 682 745 unus
712 721 802 743 autem

46 764 73 781 ιδ
92 763 209 781 ιποιινιε.

46 764 73 781 ts
91 763 209 789 proprie.

46 792 108 823 ‘ag.
128 789 193 816 666.
212 789 359 817 Considera
387 794 477 816 autem
502 788 633 824 quomodo
659 787 802 824 bonitatem

46 833 55 851 ς
70 825 167 851 omnia
180 830 285 856 sperant
302 825 382 851 etiam
393 832 435 855 ea,
451 828 505 851 etc.
519 823 582 850 Mss.
601 823 746 850 Considera
757 830 803 848 au-

46 869 49 885 l
75 860 209 895 quoniam
227 860 369 886 bonitatem
381 859 439 893 ejus
451 863 557 895 sperant
569 858 647 885 etiam
656 866 697 888 ea.
712 862 764 895 etc.

46 892 110 929 ’aig.
131 894 195 922 667.
216 892 488 928 postmodum’autetn
515 894 631 927 fructum
660 892 802 929 pacificum

47 927 108 961 dei,
128 934 181 957 etc.
199 927 264 957 Mss.
282 929 451 964 postmodum
471 933 559 955 autem
572 928 688 963 fructum
708 927 802 962 paci/i-

46 973 60 990 n
76 965 198 998 justitite
214 964 315 997 reddet,
329 968 382 991 etc.

46 997 111 1034 δάε.
131 999 194 1026 669.
209 1000 234 1026 in
250 1000 297 1026 hoc
314 999 382 1026 enim
396 1003 512 1033 peccato,
526 1002 579 1026 etc.
605 997 687 1033 Lege,
708 997 737 1024 in
754 997 803 1024 hoc

46 1043 72 1060 ιη
91 1039 241 1069 peccatum,
256 1039 309 1061 t-tc.

50 1066 113 1097 bid.
129 1070 255 1104 quoniam
275 1074 299 1096 et
318 1068 461 1104 secundum
486 1067 556 1104 quod
574 1067 626 1104 ait.
654 1066 719 1095 Mss.
735 1075 802 1102 quo-

50 1113 80 1131 in
94 1109 120 1131 et
136 1103 282 1131 secundum
298 1103 453 1139 .Ipcstolum
468 1103 603 1139 quod_a_it,
617 1106 669 1130 etc.

52 1139 114 1166 bid.
137 1139 255 1173 intplevit
268 1145 290 1165 et
303 1137 360 1168 hoc,
377 1137 446 1173 quod
457 1137 496 1165 est
508 1137 520 1164 ξ
536 1137 635 1173 Diliges
650 1137 801 1173 proximum

46 1183 96 1201 tm.
117 1174 183 1201 Mss.
200 1174 315 1208 implevit
327 1178 351 1200 et
366 1172 414 1200 hoc
427 1173 497 1208 quod
513 1172 578 1200 dicit
592 1179 601 1199 :
622 1172 722 1207 Diliges
737 1179 803 1206 pro-

46 1217 114 1235 num
130 1213 204 1235 tuum
220 1209 289 1236 sicut
303 1213 326 1235 te
345 1216 442 1242 Ipsum.

46 1244 113 1279 Pag.
132 1244 195 1271 670.
211 1250 302 1270 neuter
319 1243 434 1270 addidit.
454 1242 519 1270 Mss.
543 1246 637 1268 neuter
650 1249 741 1268 eorum
754 1241 803 1268 ad-

46 1279 90 1306 lit.

46 1313 118 1341 Ibid.
135 1314 216 1340 etiam
234 1313 303 1340 illud
325 1321 352 1340 se
370 1312 516 1347 implevisse
530 1311 652 1344 dixisset,
666 1315 719 1338 etc.
736 1311 801 1339 Mss.

46 1357 90 1375 am
107 1349 155 1374 hoc
170 1349 295 1383 implevit,
314 1347 381 1375 illud
392 1355 419 1374 se
436 1347 582 1382 impteviue
599 1347 721 1383 dixisset,
747 1351 800 1375 etc.

46 1383 113 1416 Pag.
129 1383 191 1410 671.
207 1381 314 1418 propter
335 1383 536 1409 consonantiam
557 1381 780 1418 etcentplariorurm
793 1402 802 1415 ,

46 1428 60 1445 :.
79 1417 151 1454 Male
174 1417 328 1454 legendum
354 1421 395 1445 est
409 1436 416 1449 ,
445 1422 553 1452 propter
572 1417 802 1444 inconsonantiam

46 1453 246 1488 amplariorum,
261 1457 314 1481 etc.

46 1485 114 1523 Pa'g.
131 1488 194 1515 672.
213 1487 305 1516 Simon
316 1487 356 1523 ﬁli
373 1486 487 1520 Joanne,
503 1491 555 1515 etc.
570 1486 637 1515 Mss.
653 1485 746 1514 Simon
760 1487 802 1522 ﬁli

46 1532 99 1553 nte.
116 1527 169 1550 elc.

47 1558 117 1585 Ibid.
133 1558 213 1591 dicet,
229 1566 281 1585 non
292 1558 358 1585 satis
369 1557 520 1593 arguitione
532 1562 634 1591 reperta
649 1577 657 1589 ,
676 1558 802 1593 quoniam

50 1594 135 1620 ictunt
151 1598 176 1620 et
193 1598 317 1626 non,etc.
335 1592 492 1624 Mss.'dicet,
506 1600 556 1618 non
572 1593 640 1619 satis
654 1592 802 1628 arguitione

47 1634 120 1661 erta,
138 1628 182 1663 sed
193 1629 317 1663 quoniam
332 1628 483 1663 strictimet
496 1635 558 1659 non,
571 1631 623 1663 etc.

47 1663 116 1698 Pag.
134 1661 203 1698 67L
213 1668 241 1689 ut
258 1663 415 1697 exspiraret.
429 1661 494 1688 Mss.
504 1662 628 1698 utetiam
641 1663 800 1698 eetpiraret.

48 1696 115 1732 Pag.
130 1697 193 1725 675.
208 1699 231 1724 si
244 1696 363 1725 habuerit
386 1705 417 1724 eu
433 1704 492 1732 qua:
515 1696 643 1724 diximus.
660 1697 727 1726 Mss.
752 1699 802 1725 etsi

48 1742 63 1759 n
80 1732 203 1759 habuerit
219 1741 249 1760 ea
268 1741 326 1768 quae
341 1733 470 1759 diximus.

48 1768 118 1795 Ibid.
131 1769 153 1794 si
167 1769 205 1794 sic
218 1765 389 1802 responderit,
402 1773 456 1794 etc.
475 1765 547 1802 Dt‘Ie,
563 1766 596 1793 si.

48 1802 116 1838 Pag.
127 1802 188 1829 676.
198 1800 309 1838 magnus
322 1803 451 1838 efﬁciatur
463 1801 539 1828 valde
552 1801 651 1831 in.etc.
669 1800 715 1829 Bis
727 1802 802 1829 valde

48 1838 114 1872 gitur
130 1839 199 1872 apud
215 1846 282 1865 mss.

333 1871 474 1900 Christo...
491 1876 515 1897 et
529 1871 718 1905 expositionem
744 1880 801 1898 nto-

49 1907 97 1934 lem
117 1908 251 1935 transibit.
267 1907 332 1934 Mss.
346 1912 370 1934 et
389 1907 530 1941 dignorum
544 1907 685 1934 (.hristo...
702 1907 737 1933 ud
754 1915 802 1934 ex-

49 1943 172 1969 sitionem
185 1943 312 1969 moralem
326 1942 459 1969 transibit.

50 1977 119 2004 Ibid.
136 1982 165 2003 ut
176 1977 208 2004 sit
220 1977 370 2004 substantia
382 1976 487 2012 quidem
494 1976 631 2012 iustorum
642 1976 703 2003 boni
716 1982 801 2009 actus,

50 2020 134 2038 turum
150 2017 238 2039 autent
254 2010 395 2044 malorum,
411 2010 485 2037 ntali.
503 2010 569 2038 Mss.
587 2016 616 2038 ut
631 2012 664 2038 sit
680 2013 804 2038 substan-

50 2046 318 2108 Lquidemljustorum
331 2046 391 2073 boni
415 2051 490 2073 actus
514 2046 648 2080 ipsorum,
672 2047 803 2074 mulorum

51 2087 115 2108 tem.
131 2090 173 2108 ma
187 2083 206 2108 i.

51 2087 115 2114 tem,
131 2083 206 2109 mali.

51 2117 119 2152 Pag.
134 2116 196 2143 671.
213 2121 237 2144 et
255 2125 331 2144 amor
347 2117 527 2151 pecuniarum.
543 2114 609 2143 Mss.
627 2121 652 2143 et
667 2124 742 2143 artior
759 2117 803 2144 di-

54 2159 153 2178 tarum.

51 2186 118 2221 Pag.
131 2186 192 2213 680.
204 2195 282 2220 quant
295 2187 402 2214 divitem
419 2186 447 2213 in
461 2193 539 2221 regno
559 2185 694 2213 calorum.
710 2185 782 2222 Lege
795 2207 802 2220 ,

58 2229 166 2261 regnum
178 2221 310 2261 cwlorum.

58 2255 126 2284 Ibid.
144 2255 264 2283 Ostendit
278 2261 365 2283 autent
389 2256 512 2290 quoniant
528 2264 560 2283 ea:
584 2255 703 2288 teipso...
719 2264 804 2290 quan-

51 2300 75 2317 ιη
97 2291 132 2317 ad
156 2291 248 2322 Deum,
273 2292 311 2317 sic
336 2295 360 2317 et
386 2291 516 2323 divitem,
537 2296 590 2318 etc.
610 2290 719 2318 Rectius
736 2298 800 2317 mss.

52 2326 142 2352 ilendit
156 2331 242 2352 autent
259 2326 385 2361 quoniam
406 2326 475 2352 sicut
494 2334 526 2353 ea:
539 2326 658 2360 seipso...
675 2331 803 2360 quantunt

69 2361 158 2391 Deum,
174 2361 212 2387 sic
226 2367 250 2387 et
268 2361 386 2392 divitem,
397 2365 449 2388 etc.

55 2395 121 2422 Ibid.
132 2396 266 2430 respondet
277 2404 286 2422 :
297 2395 374 2429 Apud
385 2396 500 2422 homines
508 2394 669 2429 impossibile
677 2400 726 2422 est.
737 2395 801 2423 Mss.

52 2431 178 2463 spondit:
192 2431 266 2464 Apud
280 2431 395 2457 homines
410 2431 458 2457 hoc
469 2431 629 2465 impossibile
644 2435 692 2456 est.

209 2465 280 2498 Quid
292 2474 352 2501 ergo
368 2466 417 2492 erit
432 2466 505 2492 nobis
515 2467 527 2493 2
539 2465 605 2493 Mss.
623 2465 694 2498 Quid
713 2465 803 2500 utique

53 2505 71 2526 ιι
87 2505 158 2526 nobis
175 2505 181 2527 Ξ

57 2533 124 2562 Ibid.
140 2534 302 2568 [iducialiter
327 2535 420 2562 dixit:
446 2534 514 2562 Ecce
538 2543 619 2562 nos...
644 2534 715 2567 Quid
741 2542 802 2569 ergo

53 2569 70 2595 it
85 2569 177 2596 nobis}
190 2569 254 2597 Mss.
278 2570 438 2603 fiducialiter
464 2570 534 2597 dixit
556 2571 591 2596 ad
604 2569 694 2597 Jesum
710 2578 719 2596 :
736 2569 803 2596 Ecce

53 2612 104 2639 με...
119 2603 186 2636 Quid
200 2606 289 2639 u‘ique
299 2606 349 2631 erit
363 2604 456 2631 nobis?

57 2638 122 2674 Pag.
133 2639 193 2666 685.
211 2638 338 2666 Permitte
351 2639 415 2666 mihi
425 2639 538 2673 printum
550 2645 578 2666 ut
597 2640 731 2674 sepeliant,
749 2645 800 2667 etc.

54 2681 89 2709 ξς.
104 2674 226 2709 Permute
243 2674 309 2701 mihi
316 2675 431 2709 primum
440 2679 468 2700 ut
478 2682 548 2709 eam,
564 2679 589 2701 et
601 2674 735 2708 sepeliant,
748 2680 800 2701 etc.

60 2707 126 2735 Ibid.
139 2716 170 2735 ea:
182 2709 230 2736 illo
244 2707 321 2744 facta
335 2709 425 2743 Petro,
440 2713 492 2737 etc.
510 2708 575 2737 Mss.
603 2707 636 2736 ex
661 2709 709 2735 illo
730 2710 803 2743 facta

60 2747 62 2767 ξ
80 2742 167 2769 Petro.
184 2748 237 2769 etc.

54 2747 62 2768 t
80 2747 167 2776 Petro,
184 2748 237 2772 etc.

62 2776 126 2814 Ρη.
142 2778 202 2806 6δό.
216 2779 364 2813 conﬁtentit
379 2783 407 2805 ut
425 2779 456 2806 de
471 2784 566 2807 ca'tero
583 2787 634 2807 non
659 2783 777 2814 peccaret
794 2799 802 2813 ,

55 2819 78 2839 ι).
97 2813 174 2847 Lege,
190 2814 344 2847 confidenti:
363 2820 402 2847 ut,
413 2819 465 2843 etc.

1576 136 1646 164 I922

887 188 961 225 Ibid.
972 194 997 225 et
1011 189 1064 216 uita
1077 190 1174 216 ducens
1188 189 1222 215 ad
1238 188 1330 223 Deum,
1340 195 1392 217 ctc.
1407 189 1488 225 Lege,
1499 196 1524 217 et
1539 192 1580 220 via
1594 193 1644 220 du-

851 233 910 252 cens
928 224 962 251 ad
980 224 1073 254 Deum.
1089 229 1143 251 etc.

887 259 952 295 Pas.
967 259 1031 296 685.
1046 259 1178 293 percipere
1192 267 1250 293 qua
1260 264 1321 286 sunt
1337 259 1417 288 Petro
1428 269 1571 296 promisca,
1585 269 1639 291 etc.

850 294 935 328 Lege,
948 294 1062 328 recipere
1077 302 1135 328 qua:
1151 298 1222 326 sunt,
1235 299 1289 321 etc.

901 330 957 357 bid.
970 329 997 356 in
1011 330 1178 364 generatione
1194 337 1254 355 cum
1267 330 1375 363 sederit,
1392 335 1445 358 etc.
1467 331 1534 359 Mss.
1550 332 1579 359 in
1603 341 1642 360 re-

852 365 1019 400 generatione
1032 372 1102 400 cum,
1118 368 1169 392 etc.

888 400 954 427 Ibid.
969 399 1035 426 talia
1051 399 1157 426 dicere:
1175 407 1228 426 non
1243 407 1331 426 omne:
1350 400 1427 432 dicit,
1446 407 1499 429 etc.
1521 401 1585 431 Mss.
1604 406 1642 429 ta-

852 434 888 462 lia
901 436 966 462 dicit
982 443 991 461 .'
1007 443 1057 461 non
1070 443 1158 462 omnes
1176 434 1258 465 dixit,
1270 439 1322 461 etc.

889 470 952 505 Pag.
969 470 1031 497 686.
1053 471 1080 497 in
1096 468 1200 505 Spiritu
1222 476 1312 496 sancto
1337 474 1363 496 et
1385 470 1412 496 in
1427 471 1498 506 igne.
1522 471 1588 500 Mss.
1614 473 1643 500 in

853 506 948 540 spiritu
961 512 985 532 et
1005 506 1072 540 igne.

890 540 958 581 Ibid.
985 539 1054 581 quod
1079 541 1129 581 erit
1151 540 1178 567 in
1202 540 1302 576 spiritu
1317 539 1384 566 etin
1407 541 1477 576 igne.
1493 541 1558 569 Mss.
1575 543 1643 577 quod

852 577 902 603 erit
918 576 946 602 in
957 576 1054 610 spiritu
1073 581 1098 603 et
1113 576 1182 610 igne.

886 611 955 647 Ibid.
966 611 1013 638 sub
1029 611 1138 645 pedibus
1151 611 1216 647 suis.
1233 610 1298 639 Mss.
1314 610 1362 638 sub
1375 611 1484 645 pedibus
1504 613 1572 647 ejus.

888 645 956 674 Ibid.
969 651 1029 672 ante
1040 646 1136 681 facient
1149 646 1296 679 hominum,
1313 654 1364 672 non
1377 647 1495 673 creditur
1507 645 1572 679 vita,
1591 653 1643 675 etc.

854 681 920 709 Mss.
939 686 999 708 ante
1011 681 1106 716 faciem
1123 681 1270 714 hominum,
1286 687 1424 716 propterea
1449 690 1501 708 non
1528 684 1642 710 creditur

854 717 918 748 vita,
933 720 986 743 etc.

891 752 955 786 Pag.
968 750 1031 778 687.
1057 751 1134 786 quasi
1161 750 1273 778 Verbum
1296 751 1396 779 videbis
1412 759 1483 784 eum,
1501 757 1555 780 etc.
1579 752 1643 780 Mss.

854 787 931 823 quasi
942 786 1246 823 VVerbumrergorvidebis
1261 795 1333 823 eum,
1341 791 1399 823 Aetc.

890 821 957 849 Ibid.
967 820 1197 856 judicabit'tribut
1213 820 1310 848 Israel.
1325 821 1390 850 Mss.
1398 821 1530 856 judicabit
1545 823 1643 850 duode-

854 858 905 884 cim
921 856 1006 884 tribus
1019 855 1117 883 Israel.

891 892 956 927 Pag.
972 891 1034 918 659.
1051 896 1075 917 et
1092 892 1162 925 ﬁlios
1173 900 1261 918 omnes
1274 896 1378 918 aetatem
1390 892 1523 920 habentes.
1539 893 1603 921 Mss.
1618 898 1643 920 et

854 927 925 962 filios
939 935 1026 962 omnes
1042 931 1146 953 a'tatent
1159 927 1276 961 ﬁliorum
1289 927 1423 953 habentes.

891 962 959 988 Ibid.
981 961 1019 988 'I'u
1040 961 1125 988 ibis...
1141 963 1169 988 in
1185 967 1291 989 senecta
1314 962 1391 989 bona.
1408 961 1472 989 Mss.
1499 962 1538 989 Tu
1555 968 1644 990 autent

854 997 938 1024 ibis...
951 997 977 1023 in
992 1002 1122 1023 senectute
1135 999 1213 1024 bona.

888 1032 953 1067 Pag.
971 1031 1033 1058 690.
1048 1040 1091 1058 eos
1107 1032 1153 1067 qui
1169 1040 1238 1058 ttnnc
1250 1034 1388 1059 accedunt.
1405 1031 1470 1059 Mss.
1484 1040 1527 1059 eos
1537 1033 1581 1068 qui
1596 1041 1644 1059 nu-

853 1076 899 1102 per
910 1067 1047 1094 accedunt.

892 1102 954 1136 Pag.
971 1101 1034 1128 691.
1056 1106 1081 1128 et
1107 1102 1145 1128 sic
1173 1103 1396 1129 communicantes
1408 1122 1415 1134 ,
1429 1106 1481 1129 ctc.
1499 1101 1564 1130 Mss.
1579 1107 1603 1129 et
1620 1103 1643 1130 si

853 1137 1086 1168 communicantes,
1103 1142 1156 1164 etc.

888 1171 954 1208 Pag.
970 1171 1034 1199 692.
1045 1173 1090 1206 qui
1106 1172 1177 1199 malo
1192 1177 1340 1200 traclant...
1358 1180 1417 1198 cum
1430 1173 1492 1199 sint.
1518 1172 1584 1201 Mss.
1598 1173 1643 1208 qui

853 1207 923 1233 male
939 1215 966 1233 ιε
981 1211 1134 1234 tractant...
1148 1215 1207 1234 cum
1219 1215 1271 1234 non
1282 1208 1345 1233 εἰιιι.

888 1241 956 1277 Ibid.
973 1242 1050 1276 quasi
1068 1242 1253 1269 honorabilius
1269 1242 1418 1268 hominibus
1430 1243 1475 1277 qui
1489 1244 1642 1276 novissimi,

853 1281 906 1304 etc.
922 1276 987 1317 Mss.
1001 1277 1078 1317 quasi
1086 1277 1268 1317 honorabilia;
1292 1285 1370 1314 quam
1387 1285 1470 1312 genus
1499 1284 1536 1305 est
1558 1279 1643 1305 homi-

852 1320 917 1347 num
931 1312 976 1347 qui
996 1312 1142 1344 novissimi,
1161 1317 1215 1340 etc.

889 1345 957 1373 Ibid.
985 1347 1030 1373 sed
1054 1347 1215 1382 reliquerunt
1252 1355 1326 1374 suam
1347 1347 1548 1375 habitationem.
1576 1348 1641 1376 Mss.

852 1381 898 1416 sed
916 1382 1076 1416 reliquerunt
1095 1383 1230 1416 propriam
1247 1382 1447 1409 habitationem.

889 1415 954 1451 Pag.
972 1415 1034 1444 695.
1049 1415 1099 1450 qui
1107 1415 1177 1444 sicut
1192 1417 1282 1451 fulgor
1305 1418 1405 1444 corruit
1425 1418 1457 1444 de
1475 1419 1548 1445 caelo.
1576 1418 1641 1446 Mss.

852 1453 898 1486 qui
908 1452 977 1478 sicut
993 1451 1084 1486 fulgur
1098 1452 1151 1478 ruit
1165 1452 1196 1479 de
1212 1452 1285 1480 ccclo.

891 1486 956 1514 Ibid.
969 1491 994 1513 et
1006 1487 1091 1514 multa
1102 1487 1189 1522 gloria
1206 1493 1263 1514 tua.
1280 1487 1346 1515 Mss.
1366 1492 1391 1514 et
1416 1489 1500 1514 multa
1512 1488 1625 1522 jocundi
1636 1503 1642 1508 -

854 1526 895 1549 tas
912 1526 968 1550 tua.

888 1556 952 1592 Pag.
969 1556 1033 1584 694.
1048 1557 1226 1592 sapientiwin
1237 1558 1362 1592 mysterio
1380 1558 1546 1585 abscondita.
1562 1557 1642 1593 Lege,

853 1592 1026 1619 absconditae.

890 1627 955 1662 Pag.
981 1627 1045 1655 695.
1060 1635 1141 1661 quare
1165 1628 1270 1663 quidem
1299 1629 1442 1662 operarii;

853 1663 962 1697 quidam
977 1663 1102 1696 operarii.

891 1697 958 1724 Ibid.
969 1703 994 1724 et
1005 1698 1143 1724 notissime
1167 1706 1218 1724 non
1234 1698 1305 1725 circa
1326 1699 1467 1731 decimam,
1484 1705 1537 1726 etc.
1552 1697 1622 1732 Lege
1634 1717 1642 1728 .

853 1736 878 1759 et
891 1732 1026 1758 novissimi
1042 1740 1092 1758 tton
1105 1733 1187 1764 circa,
1204 1738 1256 1760 etc.

890 1766 955 1801 Pag.
972 1766 1033 1793 697.
1048 1767 1121 1793 vinea
1135 1767 1305 1802 intelligitur,
1317 1772 1370 1795 etc.
1385 1767 1451 1795 Mss.
1475 1768 1549 1795 vinea
1562 1767 1642 1794 intel-

853 1801 964 1836 ligatur,
977 1805 1029 1829 etc.

889 1836 956 1863 Ibid.
969 1836 1221 1863 etezistimaverunt
1247 1837 1371 1872 quoniant
1391 1837 1479 1872 plures
1493 1842 1578 1864 essent
1597 1846 1642 1864 ac-

854 1871 966 1906 cepturi,
980 1876 1005 1898 et
1017 1877 1245 1907 murmuraverunt
1254 1871 1394 1899 adversus
1403 1872 1640 1907 patremfamilias,

853 1907 898 1932 sed
914 1907 970 1937 uni,
982 1912 1034 1933 etc.
1048 1905 1158 1933 Rectius
1173 1915 1239 1934 mss.
1256 1912 1281 1934 et
1295 1905 1640 1941 existimaueruntquoniant

853 1941 913 1975 plus
926 1946 1009 1968 essent
1025 1942 1167 1975 accepturi.
1180 1947 1204 1968 et
1216 1947 1442 1968 murmurat-erunt
1452 1942 1576 1969 adversus
1592 1951 1641 1976 pa-

855 1975 1204 2011 trentl'umilinstrespondit
1217 1977 1423 2011 paterfamilias,
1440 1977 1484 2003 sed
1501 1977 1546 2003 uni
1558 1997 1566 2008 ,
1584 1982 1638 2004 etc.

889 2010 954 2045 Pug.
971 2011 1033 2038 698.
1050 2010 1083 2037 Et
1096 2012 1209 2045 primum
1218 2010 1325 2046 quidem
1334 2011 1490 2045 videbimus,
1506 2016 1559 2038 etc.
1573 2011 1639 2039 Mss.

855 2045 890 2072 Et
908 2046 1022 2080 primum
1037 2047 1141 2080 quidem
1152 2045 1298 2079 videamus,
1311 2052 1363 2073 ιιιεν.

891 2081 957 2107 Ibid.
975 2086 1101 2115 quantum
1122 2081 1157 2107 ad
1178 2082 1258 2107 vitam
1273 2083 1388 2108 omnium
1408 2081 1454 2108 diu
1469 2101 1476 2114 ,
1498 2086 1549 2109 etc.
1573 2081 1638 2109 Mss.

855 2123 982 2151 quantum
995 2116 1029 2141 ad
1041 2116 1125 2151 vitam
1138 2116 1273 2143 hominum
1288 2117 1343 2148 diu,
1358 2122 1409 2145 clc.

892 2151 960 2177 Ibid.
973 2150 1086 2186 similent
1100 2159 1154 2177 esse
1167 2152 1310 2186 intelligere
1325 2160 1382 2186 qua:
1397 2152 1472 2178 dicit.
1488 2151 1552 2179 Mss.
1565 2152 1641 2180 simi-

855 2185 906 2221 lent
921 2185 1133 2221 esseintelligere
1148 2193 1237 2212 eorunt
1253 2185 1312 2221 qua:
1325 2185 1401 2214 dicit.

891 2220 954 2255 Pag.
969 2220 1031 2247 699.
1047 2226 1071 2246 et
1084 2225 1167 2246 totum
1176 2220 1352 2258 septintanale
1362 2230 1494 2256 magnum,
1505 2227 1557 2250 etc.
1570 2222 1641 2258 Lege

854 2260 964 2291 utimrsrs.
979 2259 1004 2280 et
1021 2259 1103 2281 totum
1114 2257 1313 2291 septimanalent
1328 2265 1437 2291 annum,
1449 2263 1500 2286 etc.

973 2291 1026 2317 sint
1046 2290 1136 2324 geniti.
1152 2289 1217 2318 Mss.
1230 2296 1291 2318 sunt
1302 2292 1394 2326 geniti.

891 2324 958 2352 Ibid.
974 2330 999 2361 et
1017 2333 1076 2359 qua:
1091 2325 1122 2361 de
1140 2334 1170 2352 eo
1184 2326 1211 2352 in
1226 2326 1280 2361 lege
1291 2324 1499 2359 constituuntur,
1510 2331 1553 2354 etc
1573 2326 1638 2354 Mss.

853 2366 878 2388 et
892 2368 950 2400 qua:
961 2360 993 2386 de
1005 2368 1034 2386 eo
1046 2360 1375 2395 intelligiconstituuntur,
1392 2366 1434 2389 etc
1449 2381 1457 2394 ,
1473 2363 1520 2389 sed
1538 2364 1640 2389 rectius

855 2401 884 2423 ut
897 2404 922 2421 III
940 2400 1034 2421 11051»Γο
1053 2400 1138 2422 [CXII].

889 2429 954 2465 Pag.
969 2429 1029 2456 760.
1047 2430 1129 2456 tradit
1147 2438 1226 2465 opera
1237 2432 1328 2458 vincat.
1345 2431 1411 2458 Mss.
1425 2431 1550 2464 tradidit,
1566 2436 1621 2460 etc.

890 2464 957 2492 Ibid.
976 2465 1130 2496 viditaltos,
1149 2471 1199 2493 etc.
1217 2465 1282 2494 Mss.
1297 2471 1323 2492 et
1342 2466 1406 2493 vidit
1423 2466 1502 2497 alios.
1523 2472 1575 2494 etc.

889 2500 956 2527 Ibid.
967 2499 1080 2532 Quando
1096 2505 1182 2526 autern
1198 2501 1267 2527 circa
1280 2501 1457 2533 undecimam,
1467 2501 1574 2533 invenit.
1586 2508 1638 2529 clc.

853 2534 918 2562 Mss.
935 2534 1048 2567 Quando
1061 2540 1149 2561 autent
1165 2536 1236 2562 circa
1250 2536 1417 2562 undecimam
1433 2537 1522 2563 exiens
1534 2557 1542 2570 ,
1567 2537 1635 2564 inve-

854 2571 904 2599 nit.
923 2575 966 2597 etc

889 2604 943 2641 Ριιὲ
973 2603 1035 2641 70I_._
1053 2604 1185 2641 Oderatus
1200 2610 1288 2632 autent
1301 2606 1638 2641 misericordiamropterea

853 2640 932 2700 quoi,
948 2644 999 2700 etc.
1013 2639 1076 2667 Mss.
1097 2639 1230 2668 Odoratus
1245 2645 1334 2667 autent
1346 2641 1373 2667 in
1392 2639 1517 2674 secunda,
1533 2639 1639 2675 propter

853 2683 903 2700 atto
925 2696 932 2700 .
946 2683 960 2700 ε
974 2684 997 2700 C.

853 2679 932 2710 quod,
946 2679 997 2702 etc.

892 2710 958 2737 Ibid.
973 2709 1138 2736 absconditos
1153 2730 1160 2742 ,
1181 2711 1249 2737 sicut
1272 2715 1309 2738 est
1329 2711 1357 2737 in
1372 2709 1478 2743 Latino,
1504 2715 1556 2738 etc.
1571 2711 1637 2739 Mss.

858 2745 1035 2776 absconditos,
1048 2745 1097 2776 vel,
1112 2746 1180 2772 sicut
1193 2750 1231 2773 est
1243 2746 1270 2772 in
1286 2745 1391 2778 Latino,
1405 2751 1456 2773 etc.

892 2779 958 2807 Ibid.
975 2782 1081 2815 quando
1098 2781 1168 2808 oculi
1183 2780 1403 2808 beati'Chrictum
1418 2781 1546 2808 viderunt.
1569 2780 1633 2809 Mss.

858 2815 967 2849 Quando
982 2815 1066 2842 oculis
1078 2815 1161 2842 beatis
1174 2815 1307 2844 Christum
1321 2815 1451 2844 i-iderunt.

1474 1628 1542 1664 lege,
1562 1636 1643 1662 quare
