1846 3053
37 129 45 153 t
432 127 477 153 Al)
496 125 658 155 ORIGENIS
678 124 859 153 COMMENT.
881 124 914 152 IN
934 124 1155 154 MATTIIIEUM.

37 189 84 216 ag.
99 180 165 209 892.
183 181 211 208 in
227 189 277 209 uno
288 182 416 216 capitulo.
438 181 504 210 Mss.
522 183 550 209 in
566 190 596 209 eo
612 185 741 217 capitulo.

37 217 87 244 bid.
101 221 129 243 et
143 225 193 243 non
206 217 297 249 simul,
311 221 356 244 sed
371 217 473 251 Maria,
490 222 544 245 etc.
559 217 625 245 Mss.
639 216 664 244 et
677 226 729 244 non
742 216 782 245 Si—

43 272 53 283 .
71 251 121 279 sed
136 251 237 284 Maria,
253 257 306 279 etc.

37 287 91 314 )id.
113 292 144 313 ut
157 287 265 328 quidam
289 295 380 328 eorum
395 287 570 316 mentiantur.
597 287 662 316 Mss.
678 293 706 315 ut
722 287 781 322 qni-

37 332 40 347 ;
62 330 157 348 eorum
172 326 253 348 etiam
270 326 444 349 mentiantur.

37 365 86 392 ag.
104 356 170 384 893.
185 362 214 383 ut
227 358 370 384 secundant
393 357 530 385 veritatem
550 362 673 384 enarrent
696 357 781 383 histo-

71 392 141 420 Mss.
160 397 188 419 ut
204 392 347 419 secundum
368 393 506 420 veritatem
530 393 648 420 historice
670 400 782 419 enarra-

37 462 88 489 »ἰὼ
109 460 244 489 Forsitan
256 469 302 496 per
316 462 493 496 di/l'crentias,
504 467 557 490 etc.
574 462 638 490 Mss.
653 461 783 489 Forsitan

37 507 40 519 ι
60 505 110 531 per
128 497 306 532 differentias,
322 501 377 524 etc.

37 532 91 568 rid.
114 532 406 568 sedrobedientialiter,
431 541 484 560 non
507 533 630 568 spiritus.
654 531 720 559 Mss.
738 531 783 559 sed

37 567 147 594 tientia:
163 567 275 600 litterw,
290 575 342 594 non
359 568 481 602 spiritus.

37 603 90 638 iid.
103 602 233 638 Simonis
243 603 353 638 quidem
366 601 390 630 et
404 603 532 637 alicujus,
550 607 603 630 etc.
618 601 684 630 Mss.
700 601 784 629 Simo-

37 637 153 672 quidem
165 637 291 671 alicujus,
306 642 371 670 etc.,
386 638 489 672 absque
503 643 540 667 et.

37 673 92 699 ιίό.
112 673 294 699 remissionem
304 681 405 700 eorum.
421 673 486 701 Mss.
501 673 679 700 remissionem
692 680 786 707 pecca-

37 742 92 769 JILI.
108 750 156 770 nec
172 742 250 769 nardi
264 742 377 773 pisticte.
391 743 456 771 Mss.
469 751 515 770 nec
531 742 608 770 nardi
622 742 723 777 pistici.

37 777 94 804 )id.
110 778 174 812 quia
190 778 343 804 conveniens
364 783 420 805 erat
441 787 538 813 super,
557 784 610 806 etc.
638 777 704 806 Mss.
720 777 785 813 quia

37 813 145 839 veniens
160 817 219 840 erat
233 817 260 839 ut
274 821 367 846 super,
379 817 432 841 ctc.

37 854 88 881 ‘ag.
104 847 262 884 8794.7nobis
276 848 392 884 dicatur,
409 849 472 884 quia
485 847 718 884 semperrquidem,
731 851 783 874 etc.

37 900 51 912 ι,
73 883 151 909 nobis
166 883 288 914 dicatur.
312 883 374 917 quia
388 884 485 910 bonum
499 891 564 918 opus
581 883 692 917 fecimus
706 889 786 917 super

37 923 66 954 ut
77 918 181 954 ipsius,
196 918 260 952 quia
271 924 373 952 semper
385 919 503 954 quidem,
519 923 572 946 etc.

37 953 95 980 bid.
120 957 146 979 et
170 952 440 981 consurrexinms‘ei.
465 952 530 980 Mss.
548 958 572 980 et
586 953 785 980 conresurrexi-

37 996 97 1014 εει.
500 1005 503 1008 ,

37 1022 95 1063 bid.
109 1028 280 1063 supercaput
294 1022 443 1063 ejus.._Mss.
458 1031 536 1063 super
547 1027 625 1063 caput
635 1022 713 1063 .lesu.

37 1058 99 1085 bid.
116 1057 284 1092 difﬁcileest
305 1057 449 1093 explicare.
475 1057 541 1086 Mss.
562 1058 666 1093 difﬁcile
679 1057 785 1093 quidem

41 1093 194 1119 explicare.

41 1100 194 1120 exputare.

41 1102 194 1126 exputare.

37 1127 98 1156 bid.
116 1127 192 1154 aliud
205 1127 275 1163 quod
288 1136 350 1160 non,
363 1134 416 1156 etc.
441 1128 508 1156 Mss.
523 1127 598 1155 aliud
614 1133 702 1155 autem
714 1126 785 1162 quod

37 1174 52 1190 ‘.
69 1168 124 1190 οιο.

39 1184 181 1230 ὖίδῖνὲεε,
201 1202 310 1233 peccata
333 1203 392 1232 tua,
409 1202 462 1227 etc.
478 1198 544 1227 Mss.
562 1205 625 1230 rex,
640 1201 665 1225 et
678 1202 785 1232 peccata

41 1254 48 1265 ,
61 1237 118 1261 etc.

38 1269 99 1296 bid.
117 1269 163 1296 sed
177 1269 205 1296 in
218 1269 276 1296 illo.
295 1268 362 1298 Mss.
381 1269 427 1297 sed
441 1273 466 1296 et
482 1269 510 1296 in
525 1268 582 1296 illo.

39 1304 99 1332 bid.
116 1303 148 1331 Et
164 1305 212 1331 hoc
225 1312 289 1338 opus
305 1309 345 1332 est
361 1305 508 1340 proprium,
523 1309 575 1331 etc.
593 1302 658 1331 Mss.
691 1301 725 1330 Et
739 1303 787 1330 hoc

43 1347 114 1374 opus
124 1340 272 1374 proprium,
287 1344 341 1367 etc.

39 1373 100 1402 bid.
114 1373 201 1401 ludus
213 1373 328 1402 Scariot.
343 1374 408 1402 Mss.
417 1374 503 1402 ludas
513 1373 664 1401 Scariotha.

41 1409 103 1438 bid.
117 1408 185 1437 Cum
198 1410 251 1445 sint
267 1417 329 1445 ergo
346 1410 398 1436 duo
412 1409 547 1444 discipuli,
562 1413 614 1436 t-tc.
631 1408 696 1436 Mss.
720 1407 787 1436 Cum

39 1450 49 1472 t
67 1445 199 1480 ergoﬁduo
216 1444 316 1480 Christi
331 1445 465 1480 discipuli,
478 1450 530 1472 etc.

43 1477 108 1507 bid:
128 1479 260 1506 Existimo
283 1479 349 1515 duos
372 1477 516 1515 discipulos
530 1478 635 1513 ludas,
652 1482 705 1506 etc.
720 1477 785 1506 Mss.

37 1516 102 1542 'imo
118 1515 184 1541 duos
200 1515 265 1542 istos
281 1513 378 1548 ludas,
394 1513 446 1542 etc.

38 1551 100 1585 ὣς.
115 1549 176 1576 895.
193 1550 288 1585 Audiri
300 1550 483 1584 quemdam...
502 1548 665 1585 Hebraicqu
676 1548 790 1583 essu/fo-

40 1583 87 1612 τιΠῖ
103 1585 200 1613 vocari.
230 1583 404 1612 MssJAudivi
429 1585 592 1620 aliquem....
614 1583 788 1617 Ilebraicam,

39 1620 232 1654 cxsu/focatam
250 1621 348 1647 vocari.

40 1653 254 1683 ibid.'Volebant
276 1655 346 1681 enim
368 1655 504 1690 accipere,
529 1658 581 1682 etc.
597 1653 661 1682 Mss.
681 1653 789 1681 Volebat

41 1695 91 1717 tem
105 1691 231 1725 accipere,
245 1693 298 1717 etc.

46 1725 105 1752 bid.
120 1723 231 1752 Verbum
246 1725 293 1752 Dei
306 1725 414 1752 tradunt
425 1729 449 1752 et
463 1729 641 1752 contemnunt.
653 1723 719 1752 Mss.
728 1723 791 1751 Ver-

42 1769 62 1787 vi
84 1760 130 1787 Dei
144 1764 325 1792 contemnunt,
339 1765 364 1787 et
379 1761 455 1795 quasi
468 1760 589 1795 tradunt.

42 1795 105 1823 Ibid.
131 1795 287 1830 transgressi
313 1794 410 1830 verbi:
427 1795 497 1827 Quid
520 1794 621 1827 vultis,
647 1799 700 1822 etc.
723 1794 789 1822 Mss.

45 1830 158 1865 nsgressi
172 1829 241 1857 verbi
256 1829 306 1856 Dei
320 1838 330 1857 :
346 1829 416 1862 Quid
427 1830 517 1861 vultis,
531 1835 583 1857 etc.

49 1864 106 1892 bid.
128 1866 161 1892 At
176 1865 218 1892 illi
230 1870 380 1892 statuerunt
402 1866 426 1892 ei
450 1865 560 1900 triginta
587 1869 706 1892 stateres.
725 1864 790 1893 Mss.

49 1900 93 1936 illi
105 1905 252 1927 statuerunt
266 1901 289 1927 ei
304 1900 367 1927 dare
379 1901 491 1936 triginta
506 1905 625 1936 statores.

49 1935 108 1963 bid.
133 1944 263 1963 annorum
284 1934 425 1971 erogaret,
438 1939 490 1963 etc.
506 1934 572 1964 Mss.
596 1942 727 1962 annorum
738 1954 746 1967 ,
762 1939 791 1962 ut

64 1975 132 1999 aret.
147 1977 198 1999 etc.

46 1979 255 2042 ἐίἔιῗιξτὲἱιεᾶιωη
270 2011 308 2034 est
322 2007 402 2034 etiam
413 2004 559 2041 lEgyptiis.
576 2004 641 2034 Mss.
656 2010 792 2041 erogatum

58 2046 147 2077 autem
159 2041 239 2068 etiam
252 2041 398 2077 Egyptiis.

52 2077 108 2104 bid.
125 2076 257 2104 Christum
275 2075 357 2104 Deum
374 2076 496 2109 Verbum,
509 2079 562 2104 etc.
574 2075 640 2104 Mss.
657 2075 792 2104 Christum

49 2112 116 2138 mini
138 2111 260 2144 Verbum,
279 2117 332 2140 etc.

53 2146 110 2173 bid.
129 2152 228 2182 tempus
242 2147 369 2182 patiendi,
384 2152 436 2176 etc.
451 2146 532 2182 Lege,
545 2151 645 2182 tempus
659 2147 792 2182 pariendi,

54 2217 111 2278 bid.
133 2221 160 2244 ut
185 2216 373 2244 manducemus
388 2218 498 2252 pascha.
516 2216 582 2245 Mss.
607 2221 636 2244 ut
650 2217 792 2245 manduces

54 2261 67 2278 Ε
77 2261 114 2278 ΠΙ.

53 2261 114 2279 cna.

54 2288 110 2315 bid.
135 2286 179 2315 Sic
200 2296 261 2322 ergo
277 2291 384 2323 apparet
399 2287 469 2323 quod
482 2295 545 2320 una,
567 2291 620 2315 etc.
636 2286 701 2316 Mss.
716 2287 793 2317 Sicut

52 2331 67 2350 ο
82 2329 199 2357 apparet.
216 2331 280 2355 una,
296 2328 348 2350 etc.

53 2358 109 2385 bid.
126 2358 261 2385 immolare
274 2358 372 2392 pascha
386 2365 551 2392 azymorum,
562 2363 586 2385 et
598 2359 704 2393 quando
716 2367 794 2393 opor-

54 2397 87 2423 zt.
110 2398 159 2420 etc.
186 2393 251 2421 Mss.
277 2393 415 2420 immolare
438 2394 554 2428 pascha,
578 2400 603 2421 et
624 2402 791 2428 azymorum,

54 2428 113 2455 mdo
127 2428 270 2463 oportebat,
289 2433 341 2455 etc.

55 2463 109 2497 ’ag.
125 2464 184 2491 896.
209 2464 254 2499 qui
269 2463 329 2490 tulit
342 2468 488 2498 peccatum,
514 2470 566 2492 etc.
582 2463 646 2492 Mss.
664 2464 708 2499 qui
724 2464 794 2491 tollit

56 2503 153 2531 catum,
168 2505 220 2527 etc.

59 2534 113 2561 bid.
130 2539 153 2561 et
166 2535 318 2568 veritatem,
336 2540 360 2562 et
373 2542 448 2562 omne
462 2535 532 2570 quod
545 2539 599 2568 est,
615 2539 668 2562 ctc.
684 2533 750 2562 Mss.
769 2538 794 2561 et

57 2569 156 2603 itatent,
166 2576 190 2597 ct
205 2577 308 2605 paCcm,
326 2575 350 2598 et
365 2579 441 2597 omne
453 2569 521 2605 quod
535 2575 583 2602 est,
600 2575 653 2597 etc.

129 2613 177 2632 non
191 2603 380 2641 qualiscunque
390 2625 398 2637 ,
421 2603 572 2640 cognitum,
589 2609 642 2632 etc.
657 2603 723 2632 Mss.
742 2612 794 2631 non

58 2638 232 2675 tlibuscunque
245 2638 390 2675 cognitum.
405 2638 457 2668 etc.

61 2675 114 2702 bid.
131 2675 172 2702 ubi
184 2673 243 2702 cum
256 2673 395 2711 discipulis
411 2674 566 2702 manducent
576 2696 584 2708 ,
601 2679 654 2702 etc.
669 2674 734 2702 Mss.
749 2673 795 2701 ubi

60 2710 216 2746 uidiscipulis
233 2712 296 2738 meis
311 2710 478 2742 manducent.
491 2717 545 2741 etc.

60 2743 113 2772 bid.
130 2743 251 2773 ascendat
268 2746 355 2774 locum
369 2746 542 2780 superiorem,
555 2749 609 2773 clc.
626 2744 693 2773 Mss.
711 2749 796 2772 osten-

74 2780 155 2808 locum
168 2781 339 2815 superiorem,
353 2786 406 2808 etc.

63 2815 116 2842 bid.
132 2821 243 2845 stratum
267 2817 340 2844 illius
361 2821 494 2844 ornatum.
517 2815 580 2844 Mss.
603 2820 702 2844 stratus
720 2815 795 2844 illius

63 2855 154 2881 alunt...

1557 129 1625 156 I938

872 181 941 218 Ibid.
964 181 1048 218 latere
1062 182 1140 216 quasi
1161 181 1302 209 hominem.
1331 182 1383 215 Qui
1396 187 1534 218 postquam
1548 184 1625 216 vidit,

835 221 887 278 ﬁte.
903 216 968 278 Mss.
982 217 1064 244 latere
1079 217 1156 247 quasi
1177 217 1308 245 hominem
1328 216 1416 253 quid:
1433 216 1570 253 postquam
1587 219 1626 246 vi-

855 258 884 278 u.
901 260 915 278 e
930 259 954 278 c.

855 253 884 283 it.
901 256 954 280 etc.

869 286 936 313 Ibid.
952 287 997 323 qui
1008 287 1185 322 prtzcngnitus
1197 293 1262 315 esset
1273 288 1404 322 proditor.
1419 288 1485 316 Mss.
1501 287 1546 323 qui
1557 296 1626 323 pra:-

833 323 954 358 cognitus
976 328 1032 349 erat
1057 323 1189 358 proditor.
1219 323 1332 353 Deinde.
1349 328 1487 358 propterea
1501 323 1571 358 quod
1583 324 1626 350 di-

834 361 905 393 ctu_m
921 357 1009 393 fuerat
1022 358 1071 384 eis.
1101 357 1167 385 Mss.
1182 363 1289 393 propter
1304 360 1374 393 quod
1388 357 1490 385 dictum
1504 357 1561 384 erat
1576 359 1622 386 eis.

863 391 934 453 ἔξεις.
948 391 1011 420 897.
1024 397 1050 420 et
1061 391 1185 420 servituti
1198 391 1298 429 redigo.
1311 391 1380 421 Mss.
1394 399 1418 420 ct
1435 394 1462 419 in
1474 393 1625 420 servitutem

879 435 936 453 suo.

834 435 936 461 redigo.

869 461 936 489 Ibid.
953 461 1108 496 conﬁdentia
1124 463 1238 489 hominis
1263 463 1364 497 infirmi
1387 467 1425 490 est
1438 468 1556 497 propter,
1572 468 1624 491 etc.

833 496 899 532 Mss.
915 497 1071 532 conﬁdentis
1085 503 1108 524 et
1122 498 1194 532 ﬁrmi
1208 496 1322 525 hominis
1336 503 1374 525 est
1391 496 1507 532 propter.
1525 504 1580 524 rte.

856 531 938 573 _Ibid.
952 531 987 558 Et
1000 535 1069 566 quod
1084 531 1231 573 proponens
1248 534 1324 568 quis,
1340 531 1394 561 etc.
1411 532 1476 560 Mss.
1507 532 1542 559 Et
1558 541 1624 568 quo-

834 568 908 594 niam
920 574 1066 603 proponens
1082 568 1152 603 quis,
1168 573 1222 596 etc.

834 575 908 594 mam
912 574 1066 629 (proponens
1082 576 1152 603 quis,
1168 574 1222 596 etc.

834 602 908 664 “all-bi
933 623 939 629 .
964 610 981 629 a
997 604 1132 638 proposito
1158 603 1271 630 meliori.
1292 602 1358 631 Mss.
1377 603 1410 630 de
1424 603 1558 638 proposito
1572 611 1627 629 me—

846 645 909 664 IOI'I.

869 672 938 700 Ibid.
953 671 1149 700 considerantes
1163 681 1194 700 ne
1211 677 1235 700 et
1253 681 1297 700 ros
1313 672 1458 700 tentemini.
1480 671 1545 700 Mss.
1561 681 1627 699 con-

834 707 956 734 siderans
967 710 1001 734 'ne
1015 712 1039 734 et
1058 713 1085 734 tu
1100 708 1218 735 teuteris.

869 742 938 770 Ibid.
963 742 1010 769 dat
1034 743 1174 778 discipulis
1188 743 1220 770 de
1235 742 1317 776 Juda,
1334 748 1387 771 etc.
1403 742 1469 770 Mss.
1486 742 1532 769 dat
1544 742 1627 769 disci-

835 777 905 812 pulis
918 777 974 804 suis
988 777 1019 804 de
1033 776 1118 810 Iuda,
1132 783 1184 806 ctc.

870 812 946 848 Ibid.
960 812 1054 847 quibus
1076 814 1234 848 magistrum
1251 821 1310 840 cum
1325 812 1383 840 cibo
1402 812 1500 839 divina!
1521 820 1628 845 mensas,

835 853 888 875 etc.
923 847 988 875 Mss.
1016 848 1110 883 quibus
1123 847 1290 883 bimgistrum
1314 853 1339 875 et
1370 848 1507 874 concibant
1532 847 1629 875 divina

837 891 944 915 mensa',
965 888 1018 910 etc.

871 917 939 958 Ibid.
954 922 978 958 et
997 917 1032 944 ad
1044 918 1161 958 eumdem
1176 922 1267 958 potum
1277 918 1419 958 _sanguiuis
1435 917 1504 952 ejus.
1526 917 1590 945 Mss.
1602 922 1630 945 et

837 953 872 979 ad
878 953 1004 988 eumdem
1023 953 1147 987 poculum
1160 954 1297 988 sanguinis
1312 953 1381 988 ejus.

873 987 940 1015 Ibid.
965 995 1012 1014 nos
1035 989 1140 1022 quidem
1153 988 1185 1014 ab
1201 987 1354 1023 hujusmodi
1371 996 1418 1014 nos
1436 987 1629 1015 abstineamus.

838 1022 902 1050 Mss.
917 1030 965 1049 nos
978 1023 1083 1057 quidem
1094 1023 1126 1050 ab
1142 1023 1295 1057 Imjusmodi
1311 1023 1484 1049 abstinemus.

837 1092 856 1120 Ι
875 1057 942 1119 Ξίιήᾱ.
959 1057 1087 1092 principis
1103 1058 1188 1086 tribus
1209 1057 1291 1085 Iuda.
1322 1057 1388 1086 Mss.
1402 1057 1522 1092 princeps
1545 1057 1630 1085 tribus

858 1102 873 1120 ιι
895 1102 922 1120 ιι.

858 1093 922 1120 uda.

874 1128 941 1156 Ibid.
959 1127 1103 1155 secundum
1114 1128 1209 1156 siclum
1220 1133 1353 1156 sanctum.
1374 1127 1439 1156 Mss.
1450 1133 1475 1155 et
1486 1128 1630 1155 secundant

838 1163 933 1191 siclum
949 1168 1081 1190 sanctum.

875 1197 941 1259 Isid.
966 1198 1012 1225 sed
1033 1206 1080 1233 per
1099 1206 1176 1234 quem
1199 1198 1325 1226 traditur.
1348 1197 1414 1226 Mss.
1430 1197 1475 1225 sed
1493 1206 1540 1233 per
1553 1206 1630 1234 quem

875 1242 881 1259 ι
902 1242 914 1259 e
928 1241 969 1259 ur.

839 1238 969 1260 tradetur.

873 1268 938 1303 Pag.
953 1268 1024 1303 7898.
1040 1269 1126 1303 ipsum
1139 1267 1239 1296 ludam
1253 1273 1358 1303 autem,
1375 1273 1428 1296 etc.
1452 1267 1518 1296 Mss.
1543 1269 1631 1303 ipsum

839 1302 928 1331 autem
941 1302 1054 1337 ludam,
1065 1309 1116 1331 etc.

875 1339 942 1366 Ibid.
956 1339 1050 1374 dignus
1066 1344 1094 1366 ut
1109 1347 1161 1366 non
1171 1343 1331 1366 nasceretur.
1349 1338 1415 1367 Mss.
1430 1338 1526 1374 dignus
1540 1343 1571 1365 ut
1582 1346 1633 1366 na-

839 1379 966 1410 sceretur,
980 1374 1169 1410 cte..absque,r
1180 1382 1244 1401 non.

875 1409 942 1436 Ibid.
957 1416 1017 1445 eum
1027 1417 1078 1436 non
1091 1408 1146 1436 esse
1160 1409 1344 1445 Itocrvocabulo
1354 1409 1473 1445 dignum.
1491 1408 1558 1438 Mss.
1571 1417 1631 1436 cum

841 1452 891 1471 non
903 1449 968 1471 esset
986 1444 1034 1471 hoc
1048 1444 1175 1471 vocabulo
1187 1444 1292 1479 dignus.

875 1480 941 1506 Ibid.
957 1478 999 1505 hic
1013 1484 1051 1506 est
1061 1480 1131 1506 enim
1143 1478 1251 1514 sanguis
1266 1479 1335 1507 Novi
1345 1478 1515 1513 Testamenti,
1527 1481 1573 1514 qui
1584 1487 1632 1514 pro

841 1514 951 1547 multis,
979 1519 1033 1542 etc.
1056 1514 1121 1542 Mss.
1146 1515 1188 1541 hic
1202 1519 1247 1541 .est
1265 1515 1334 1541 enim
1349 1515 1457 1549 sanguis
1474 1523 1545 1542 meus
1561 1514 1632 1542 Novi

843 1549 1015 1585 Testamenti,
1029 1551 1092 1585 quia
1108 1557 1156 1584 pro
1172 1550 1274 1581 multis.
1288 1554 1339 1577 etc.

876 1584 1019 1621 Pag.”899.
1034 1584 1058 1612 et
1073 1585 1196 1621 quoniam
1204 1585 1273 1619 quod
1290 1585 1368 1621 dicit,
1382 1589 1436 1613 etc.
1449 1584 1515 1613 Mss.
1528 1590 1553 1612 et
1566 1593 1633 1621 quo-

842 1619 1009 1650 niam'dicit.
1027 1619 1216 1654 etc.,absque,
1234 1620 1314 1654 quod.

878 1655 946 1695 Ibid.
972 1654 1096 1690 intelligit
1120 1657 1306 1683 communiter.
1328 1654 1395 1683 Mss.
1413 1656 1545 1691 intelligat
1559 1664 1634 1683 com-

843 1695 968 1717 muniter.

877 1725 945 1752 Ibid.
961 1723 991 1752 Si
1004 1724 1085 1759 fuerit
1098 1724 1226 1752 Dominus
1245 1733 1316 1752 meus
1329 1733 1441 1758 mecum,
1453 1731 1506 1753 etc.
1519 1724 1586 1753 Mss.
1603 1724 1633 1752 Si

842 1759 1066 1795 fueritVDominus
1083 1760 1155 1786 Deus
1167 1768 1238 1786 meus
1252 1768 1364 1791 mecura,
1379 1766 1432 1788 etc.

877 1794 945 1836 Ibid.
961 1803 1020 1836 cum
1033 1803 1079 1821 nos
1091 1795 1247 1830 praeparati,
1258 1800 1311 1822 etc.
1323 1795 1390 1823 Mss.
1402 1804 1461 1823 cum
1474 1800 1499 1823 et
1510 1804 1557 1823 nos
1570 1803 1636 1831 pm-

842 1834 942 1866 paratt',
959 1834 1014 1857 etc.

877 1864 1274 1904 Ibid.lpra'parantibusipsum
1287 1865 1356 1892 notis
1372 1865 1466 1900 ipsius.
1487 1865 1552 1893 Mss.
1564 1873 1635 1900 pra:-

842 1900 1000 1936 parantibus
1015 1908 1074 1927 eum
1088 1900 1194 1936 eirnotis
1210 1900 1305 1936 ipsius.

878 1935 946 1963 Ibid.
961 1935 1048 1970 eiusa
1060 1940 1098 1962 est
1115 1935 1144 1961 in
1161 1934 1284 1962 cordibus
1296 1955 1304 1969 ,
1321 1939 1375 1963 etc.
1397 1935 1463 1963 Mss.
1481 1935 1582 1970 di/fusa
1595 1940 1634 1962 est

842 1972 870 1999 in
885 1970 1019 2003 cordibus,
1030 1975 1084 1998 etc.

878 2005 947 2033 Ibid.
967 2005 1062 2033 Verum
1077 2005 1138 2038 Dei,
1149 2010 1202 2033 etc.
1216 2004 1282 2032 Mss.
1304 2005 1414 2032 Verbum
1429 2005 1508 2038 Deus,
1524 2010 1577 2033 etc.

879 2041 945 2068 Ibid.
958 2046 1094 2076 propterea
1106 2041 1291 2074 ascenderunt,
1303 2045 1354 2068 etc.
1372 2040 1437 2069 Mss.
1449 2047 1556 2076 propter
1566 2041 1636 2076 quod

843 2075 1031 2110 ascenderunt,
1048 2081 1101 2104 etc.

879 2111 943 2146 Pag.
958 2111 1021 2138 900.
1045 2111 1091 2138 ubi
1113 2112 1335 2146 pronuntiaturus
1362 2111 1469 2146 fuerat,
1494 2116 1548 2140 etc.
1570 2110 1636 2140 Mss.

843 2147 887 2174 ubi
902 2147 1128 2180 prtcnuntiaturus
1144 2147 1249 2180 fuerat,
1264 2152 1318 2174 etc.

880 2181 946 2209 Ibid.
971 2182 1016 2208 sed
1037 2181 1243 2217 pronuntiabat,
1266 2187 1319 2209 etc.
1340 2181 1428 2217 Lege,
1450 2181 1496 2209 sed
1511 2190 1637 2217 prmum-

843 2217 945 2280 ;ia‘batl,
959 2221 1014 2245 etc.
1033 2216 1099 2244 Mss.
1114 2217 1143 2245 S.
1160 2216 1275 2252 Retnigii
1295 2216 1393 2252 habet,
1417 2218 1466 2245 sed
1477 2218 1637 2252 pronuntia-

860 2261 876 2279 α
892 2274 899 2280 .
913 2259 928 2280 e
941 2259 968 2279 c.

860 2257 899 2284 at,
913 2256 968 2280 etc.

872 2287 946 2349 (Ibid.
963 2287 1108 2322 discipulos
1122 2287 1315 2316 descendentes.
1331 2287 1397 2317 Mss.
1417 2287 1561 2323 discipulos
1578 2288 1637 2315 dis-

890 2331 920 2349 en
934 2331 972 2349 es.

842 2327 972 2351 cedentes.

880 2358 947 2386 Ibid.
972 2358 1192 2393 propiuquaverat
1215 2359 1279 2391 lux,
1303 2363 1357 2387 etc.
1381 2357 1447 2386 Mss.
1475 2358 1637 2393 adproperat

843 2394 911 2426 lux,
928 2397 982 2420 etc.
999 2393 1210 2429 DeindeLAnte
1233 2399 1340 2421 cantant
1362 2394 1433 2421 enim
1455 2393 1522 2429 galli
1547 2399 1635 2429 negat.

844 2429 909 2457 Mss.
923 2429 991 2455 Ante
1003 2429 1073 2455 enim
1086 2428 1153 2464 galli
1168 2434 1274 2456 cantum
1288 2434 1374 2464 negat.

880 2464 947 2491 Ibid.
961 2464 1032 2490 dicto
1046 2463 1276 2498 scandalizantur,
1292 2463 1345 2492 etc.
1362 2463 1428 2493 Mss.
1444 2463 1541 2498 dictos,
1557 2471 1637 2491 scatt-

845 2498 1011 2531 dalisatttur,
1026 2505 1080 2526 etc.

881 2534 948 2562 Ibid.
965 2533 1138 2565 ambulabat,
1163 2535 1191 2561 in
1210 2534 1268 2561 luce
1289 2539 1346 2566 est,
1362 2542 1414 2561 uois
1435 2534 1546 2569 denegat
1560 2553 1567 2566 ,
1582 2539 1635 2561 etc.

845 2569 911 2599 Mss.
927 2570 1056 2602 ambulat,
1068 2568 1094 2596 in
1106 2569 1165 2596 luce
1175 2574 1214 2596 est
1230 2569 1297 2604 :qui
1310 2574 1398 2596 autem
1415 2570 1441 2596 in
1453 2568 1511 2596 luce
1523 2574 1574 2603 est,
1587 2577 1638 2596 ncu

845 2605 974 2645 ἀεῐιρρςιις.
985 2609 1040 2645 6&9-

882 2638 947 2675 Ibid.
965 2641 993 2666 in
1005 2639 1147 2667 Galilaeam
1158 2660 1166 2673 ,
1179 2644 1210 2666 ut
1223 2639 1341 2675 gentium
1362 2639 1485 2674 populus,
1502 2644 1556 2668 etc.
1571 2638 1637 2668 Mss.

846 2676 873 2702 in
884 2674 1031 2710 νϐαιὶιωιιηι
1044 2676 1172 2710 gentium,
1187 2681 1216 2702 ut
1225 2674 1352 2710 populus,
1365 2681 1418 2703 etc.

881 2709 949 2737 Ibid.
963 2709 1077 2737 Dixit’ei
1088 2710 1176 2737 Jesus.
1195 2709 1266 2738 Mss.
1278 2710 1312 2737 Et
1325 2711 1393 2738 dtIIl
1408 2710 1445 2738 eis
1458 2709 1548 2738 Iesus.

881 2745 950 2773 Ibid.
975 2745 1092 2772 Psalmo~
1106 2746 1224 2778 dicente,
1240 2752 1301 2775 etc._
1320 2746 1388 2774 Mss.
1410 2746 1441 2773 de
1462 2745 1573 2773 Psalmo
1594 2745 1639 2773 di-

847 2786 930 2812 cente,
948 2786 1000 2808 etc.

883 2815 951 2843 Ibid.
976 2815 1011 2842 Et
1034 2815 1170 2850 denegavit
1188 2824 1326 2845 coram....
1353 2816 1386 2843 Et
1411 2817 1506 2844 iterum
1527 2817 1639 2851 denega-

849 2851 930 2879 vit...
948 2851 993 2878 sed
1006 2859 1065 2879 cum
1087 2851 1275 2886 ttdsocatione,
1289 2853 1343 2881 etc.
1370 2852 1436 2881 Mss.
1458 2858 1481 2880 et
1500 2852 1639 2888 denegaret
