1879 3046
238 145 290 173 I59

775 143 943 173 ORIGENIS
960 143 993 171 ΙΝ
1012 142 1193 172 CANTICUM
1209 141 1347 170 CANTIC.

1811 141 1858 169 ιω

232 210 276 233 est
293 211 376 236 nunc,
393 209 423 230 ut
441 203 512 230 inter
528 203 595 231 istos
609 204 720 232 ordines
735 203 874 231 chritatis
889 205 970 231 etiam
990 204 1023 232 de
1038 207 1059 236 Α
1077 203 1197 231 Ecclesia
1225 202 1294 230 velle
1312 200 1436 229 ordinem
1459 199 1566 228 discere
1589 199 1745 230 cbaritatis.
1769 200 1795 228 id
1820 208 1856 229 est

232 249 331 277 aﬂ‘ectu
347 249 402 275 odii
417 249 465 282 qui
479 248 586 276 videtur
601 249 664 276 huic
677 249 817 276 charitatis
831 248 940 276 all'eetui
956 256 1023 276 cou-

231 295 334 324 trarius
350 295 518 328 inseramus;
535 296 599 330 quia
614 295 696 322 etiam
712 294 843 322 Dominus
857 294 924 322 dicit
940 304 947 321 :
965 294 1023 321 lni-

231 341 315 368 micut
338 349 383 367 ero
406 341 522 368 inimicis
543 341 597 368 tui:
613 361 620 373 ,
640 345 664 366 et
688 339 846 366 adversabor
863 340 1023 367 aduersariis

233 387 285 413 tuit
302 387 335 412 ⁵³.
356 385 388 413 Et
409 387 506 413 iterum
524 395 530 413 :
551 385 581 412 Si
598 385 728 420 peccaturi
750 389 778 411 tu
799 385 922 418 assistit,
948 391 973 412 et
998 385 1023 412 ei

231 440 307 467 quem
321 432 377 458 odit
393 431 532 463 Dominus,
552 431 654 458 amicus
672 438 699 457 et
717 430 749 458 “.
767 430 834 463 Qua:
845 431 939 466 utique
952 431 1023 459 hanc

233 477 333 504 habent
349 471 564 509 absolutionem,
585 483 668 510 quam
691 481 718 503 et
739 476 804 503 illud
829 477 903 512 quod
918 476 1020 504 dictum

231 525 273 548 cst
291 530 298 548 :
316 520 424 548 Honora
447 526 547 554 patrem
570 525 643 547 tuum
664 527 687 548 et
709 526 820 548 matrem
843 526 916 548 luant
939 521 972 549 “.
989 521 1024 548 Et

232 566 329 593 iterum
347 576 354 593 :
373 566 425 598 Qui
449 574 500 593 non
519 566 575 592 odit
601 571 702 600 patrem
725 567 768 598 δ’,
791 572 819 594 et
846 567 968 602 reliqua,
994 567 1021 594 in

230 619 286 646 quo
301 612 422 646 profecto
446 612 596 640 nimietatis
613 613 736 640 charitas
756 613 783 639 in
808 613 893 640 Deum
911 613 954 640 his
974 613 1022 647 qui

229 659 409 685 adversantur
428 658 596 686 contrarium
617 659 724 685 videtur
736 666 867 693 generare
883 658 1021 690 allectum,

228 704 293 730 dum
316 703 390 730 nulla
411 708 501 739 potest
513 712 574 732 esse
591 704 768 732 consonantia
783 704 835 731 luci
848 708 875 731 et
891 704 1020 736 tenebris,

227 755 255 777 et
269 750 379 778 Christo
399 758 461 778 cum
478 750 574 784 Belial,
592 759 642 779 nec
660 751 755 779 eadem
771 750 861 785 portio
877 758 938 778 esse
951 749 1021 777 tideli

228 803 290 822 cum
306 795 419 823 inﬁdeli.
433 795 479 824 llis
490 803 554 830 ergo
567 800 597 822 ut
609 795 745 830 potuimus
757 795 790 823 de
803 795 943 823 charitatis
953 794 1023 822 ordi-

228 840 309 867 nibus
319 839 463 874 expositis,
478 845 552 875 patet
563 841 597 868 ad
610 841 813 875 intelligendum
821 840 887 875 quid
898 841 934 868 sit
947 840 1021 875 quod

229 889 326 919 poscat
338 893 449 920 sponsa,
463 885 490 912 id
501 890 543 913 est
553 885 686 919 Ecclesia,
703 887 744 914 vel
755 887 845 914 anima
859 887 974 914 tendens
984 886 1018 914 ad
1035 877 1056 907 Β

229 929 284 964 75
298 929 508 964 perfectionem,
530 930 652 965 prasturi
672 931 724 958 sibi
740 931 775 958 ab
793 931 891 958 amicis
904 931 1018 966 sponsi,

230 974 362 1009 quoniam
389 974 526 1002 introduci
543 983 572 1002 se
592 981 754 1010 poposcerat
768 976 795 1003 in
812 976 922 1003 domum
945 977 1018 1010 vini,

231 1019 277 1047 ubi
292 1019 352 1047 sine
367 1020 451 1047 dubio
466 1020 636 1048 intellexerat
650 1021 677 1048 in
700 1022 828 1050 omnibus
844 1022 886 1049 his
900 1030 962 1056 qua:
979 1021 1020 1049 vi-

229 1067 318 1098 derat,
334 1066 455 1094 eminere
470 1071 498 1094 ct
514 1066 667 1102 pra-cellerc
681 1067 797 1102 gratiam
814 1068 956 1096 charitatis
967 1088 974 1101 ,
992 1072 1020 1095 et

231 1111 318 1145 ipsam
336 1111 469 1139 didicerat
489 1113 621 1147 majorem
638 1113 774 1147 omnium,
793 1114 934 1148 solamque
957 1121 1019 1142 esse

230 1156 393 1184 charitatetn
409 1166 470 1192 qua:
486 1166 626 1193 nunquam
643 1159 740 1186 cadet:
765 1159 826 1187 ideo
847 1160 970 1194 deposcit
989 1164 1020 1187 ut

228 1201 352 1230 ordinem
376 1203 437 1237 ejus
453 1203 551 1236 discat,
567 1212 601 1231 ne
618 1204 688 1231 forte
709 1204 812 1240 aliquid
833 1205 1019 1232 inordinatum

228 1246 333 1274 faciens
348 1248 448 1275 vulnus
464 1248 498 1275 ab
513 1256 544 1276 ea
561 1249 671 1283 aliquod
695 1249 822 1284 accipiat,
838 1255 868 1276 ut
883 1250 912 1276 in
927 1254 1019 1284 poste-

227 1293 347 1320 rioribus
365 1292 466 1320 dicitur
487 1301 494 1318 :
515 1293 667 1321 Vulnerata:
686 1294 826 1321 eltaritatis
845 1303 891 1330 ego
908 1303 968 1322 sunt
984 1296 1018 1322 ⁵⁸.

228 1338 267 1366 Ea
291 1344 383 1367 autem
409 1340 468 1367 sive
494 1340 529 1368 ab
564 1341 667 1376 angelis
694 1341 749 1368 dici
783 1341 969 1376 accipiamus,
1003 1350 1019 1370 a

228 1385 330 1420 quibus
352 1393 383 1413 se
406 1385 504 1412 instrui
530 1386 649 1421 postulat
674 1391 702 1414 et
725 1387 842 1419 muniri,
874 1387 942 1414 nihil
968 1388 1019 1415 ab~

229 1431 344 1458 surdum
360 1431 513 1466 videbitur;
529 1433 678 1460 secundum
705 1432 757 1460 hoc
770 1433 843 1467 quod
862 1433 895 1460 de
919 1433 1020 1468 popqu

229 1477 329 1505 dicitur
343 1487 350 1505 :
366 1477 517 1511 Ltetamini,
532 1483 630 1513 gentes,
647 1486 705 1505 eum
720 1479 816 1514 populo
830 1478 898 1513 ejus,
916 1484 940 1506 et
957 1487 1019 1506 con~

229 1524 327 1558 fortent
339 1531 383 1551 eos
400 1532 489 1551 omnes
503 1525 591 1559 angeli
609 1523 658 1551 Dei
671 1524 704 1550 ".
722 1524 756 1552 Et
773 1528 804 1552 ut
825 1524 852 1552 in
875 1524 936 1552 aliis
950 1524 1017 1552 dici-

229 1576 274 1598 tur
288 1579 296 1598 :
311 1570 468 1598 Circumdat
485 1571 593 1605 angelus
612 1571 720 1598 Domini
739 1571 767 1598 in
788 1571 902 1598 circuitu
922 1572 1017 1599 timen-

231 1617 297 1643 tium
314 1624 387 1648 eum,
403 1621 428 1643 et
445 1616 538 1650 eripiet
555 1624 597 1643 eos
617 1616 649 1643 ⁸³.
677 1615 710 1643 Et
734 1616 796 1643 item
816 1616 880 1644 alihi
896 1625 904 1644 :
925 1616 1017 1644 Nolite

228 1666 392 1688 contemnere
416 1669 498 1687 unum
511 1669 544 1688 ea:
567 1662 684 1688 minimis
708 1661 768 1689 iuit
783 1662 830 1696 qui
847 1662 875 1688 in
896 1661 1017 1690 Ecclesia

228 1711 301 1739 sunt,
319 1715 382 1739 quia
397 1707 484 1741 angeli
498 1714 588 1733 eorum
600 1715 700 1742 semper
715 1707 802 1734 uident
815 1707 911 1742 facient
924 1707 1017 1735 Patris

230 1753 280 1779 mei
293 1753 339 1787 qui
355 1753 383 1779 in
408 1753 479 1779 caelis
496 1757 535 1779 est
546 1753 578 1779 “.
597 1753 648 1780 Sed
665 1757 692 1781 et
707 1754 733 1781 in
749 1753 912 1790 Apocalypsi
935 1754 1019 1782 Joan-

230 1797 273 1825 nis
288 1797 385 1832 angelo
402 1797 572 1832 Thyatircnsi
589 1798 774 1826 testimonium
795 1798 842 1826 dat
863 1798 948 1826 Filius
970 1799 1018 1827 Dei

230 1848 282 1876 pro
295 1841 427 1868 eharitate
439 1849 521 1876 quam
539 1842 675 1869 ordinavit
690 1843 801 1878 angelus
816 1843 873 1878 ipse
886 1843 912 1870 in
924 1842 1018 1871 Eccle-

229 1886 271 1914 sia
287 1886 338 1914 sibi
360 1887 518 1915 commissa.
543 1887 588 1916 Sic
612 1887 685 1916 enim
709 1889 841 1924 scriptum
862 1893 904 1917 est
923 1898 930 1917 :
955 1888 1017 1917 Scio

228 1941 308 1967 opera
327 1937 373 1958 tua
388 1937 414 1960 et
430 1933 586 1961 clturitalem
609 1939 693 1966 luant,
710 1939 735 1961 et
759 1935 837 1969 [idem
853 1940 878 1962 et
897 1935 1018 1963 ministe-

230 1977 309 2011 rium,
324 1983 348 2005 ει
365 1979 531 2013 patientiant,
545 1984 570 2006 et
585 1987 665 2014 opera
681 1985 729 2006 tua
749 1980 893 2007 nouissima
913 1981 1017 2015 majora

228 2030 308 2057 quam
329 2024 420 2058 priora
439 2024 473 2052 “.
490 2024 542 2053 Sed
556 2025 608 2052 etsi
634 2025 669 2053 ad
690 2026 836 2060 prophetas
859 2027 917 2054 hanc
945 2026 1016 2054 reic-

230 2075 335 2100 ramus,
359 2070 405 2103 qui
426 2069 651 2097 ministruverunt
676 2071 790 2098 verbum
814 2071 862 2098 Dei
883 2076 946 2099 ante
968 2071 1018 2098 ad-

231 2119 340 2141 ventum
358 2115 461 2149 sponsi,
481 2119 510 2142 ut
524 2124 572 2150 per
587 2116 708 2150 ipsorum
723 2116 876 2144 doctrinam
893 2117 1019 2144 videatur

267 2194 290 2210 “
307 2193 392 2230 Evod.
412 2203 489 2227 xxm,
504 2195 549 2223 22.
588 2196 610 2211 “
625 2196 645 2222 ll
659 2195 776 2230 Paralip.
792 2204 848 2229 nx,
859 2196 887 2223 2.
925 2195 948 2212 ⁸⁸
962 2196 1047 2224 Exod.
1061 2205 1106 2229 xx,
1124 2197 1167 2224 l2.
1205 2197 1227 2213 "
1245 2196 1311 2224 Luc.
1330 2204 1384 2228 xw,
1399 2196 1445 2223 9.6.
1484 2196 1507 2212 ⁸⁵
1517 2196 1597 2223 Cant.
1611 2203 1641 2229 II,
1665 2196 1694 2223 5.

876 2232 1013 2265 “111,10.
1050 2233 1073 2248 ¹⁰
1084 2233 1168 2268 Apoc.
1198 2240 1227 2265 ιι,
1245 2232 1286 2259 l9.

229 2229 369 2263 xuu,~i3.
408 2229 430 2245 ⁸³
443 2230 513 2258 Ρδυι.
527 2238 619 2264 xxxtv,
640 2230 666 2257 7.
704 2231 726 2246 ‘9
742 2229 837 2258 Matth.

267 2299 323 2337 (6η
331 2299 481 2337 Stipateme
491 2299 519 2337 in
530 2300 680 2337 malis,_ctc_._
686 2299 835 2337 Procopius
843 2308 875 2329 ex
884 2301 1015 2337 Origene:
1035 2303 1057 2331 D
1072 2302 1103 2329 tit
1118 2310 1125 2328 :
1141 2301 1290 2329 «~Reclittate
1308 2310 1348 2329 tne
1363 2301 1389 2328 in

231 2334 415 2377 ξτοιϐάιζιέτέ
427 2343 465 2369 με
478 2334 600 2377 ιίιξλοις.
619 2335 648 2361 '0
655 2334 808 2377 ‘Xdpuap;
831 2337 917 2377 οὖιιως
935 2334 1019 2377 tes;-

230 2370 330 2396 ὀωκεν⁸
354 2370 589 2397 Ἐπιινακνιίνατέ
599 2378 637 2404 με
649 2369 683 2396 ἐν
695 2369 789 2403 drmit,
804 2372 942 2398 τουτέστιν
953 2371 1021 2398 εὐώ-

232 2405 290 2431 δεσι
300 2403 416 2439 δένδροις
430 2406 485 2436 τοῖς
497 2404 578 2431 καλὺν
589 2403 695 2439 καρπὸν
703 2406 807 2432 ποιοῦσι
821 2407 867 2433 καὶ
877 2406 1019 2439 ἀνθοῦντα,

232 2413 290 2431 οεσι
300 2413 416 2439 οενοροις
430 2413 485 2436 τοις
497 2413 578 2431 καί.ον
589 2413 624 2430 κα
646 2413 695 2431 πον
703 2414 807 2432 ποιουσι
821 2413 867 2433 και
877 2413 1019 2439 ανυουντα,

231 2439 285 2468 τῶν
298 2438 571 2482 ιςαύλωνηᾉεχοῇένρν
584 2413 840 2482 δένὲρωνάκάρ-πων
854 2441 1021 2482 ῆῆκακᾳὶιάρτ

233 2483 294 2511 πων
302 2474 396 2511 ὕντῳντ
407 2475 473 2501 Τινὰ
484 2474 512 2511 δὲ
527 2474 579 2501 τῶν
591 2474 769 2511 ἀντιγράφων
775 2476 830 2511 ἔχει
838 2485 845 2492 υ
859 2474 1004 2510 Στηρίξαὶ

228 2518 267 2550 με
282 2509 317 2536 ὲν
339 2510 480 2550 ἀμύρ-οις·
538 2509 682 2550 νικητέον-ἥΔ
699 2509 810 2550 moto-3";
831 2511 890 2550 μὲν,
911 2509 941 2550 ob
957 2511 1020 2550 pip:

230 2545 269 2576 ὡς
282 2544 460 2615 χεηματίξειιν
559 2544 609 2580 τῆς
624 2544 790 2581 μὴ’ὲχούσης
805 2544 928 2585 ςτὶῖλονῆ
950 2544 1020 2581 pssi-

230 2580 278 2615 δν
329 2579 488 2615 ᾳλλοτριους
502 2588 552 2615 της
570 2580 687 2612 πίστεως
704 2582 831 2615 Χριστου.
845 2580 881 2606 Τὸ
897 2581 926 2607 δὲ
938 2581 1019 2606 Στοι-

231 2590 278 2606 οα·
296 2590 313 2615 η
329 2590 486 2641 αΛΛοτεριους
570 2590 687 2612 πιστεως
704 2590 831 2616 Αριστου.
850 2590 881 2606 10
897 2590 926 2607 οε
938 2590 1019 2606 ἑτοι-

231 2614 342 2651 σάσιιτέ
351 2623 391 2651 μβ
420 2624 438 2641 ν
448 2614 725 2651 μῄλοιςῌσαφηνίζων
740 2616 754 2641 ό
766 2615 925 2651 Σύμμαχος,
939 2617 1019 2648 Περι-

232 2625 342 2643 cacare
351 2625 391 2649 με
403 2625 438 2641 εν
448 2625 725 2677 μίμοιςνσαφἘὲιςῑων
740 2625 754 2641 ο
766 2625 925 2651 ἐυμμαχος,
939 2625 1018 2648 Περι-

232 2649 378 2689 κυλίίζατέ
389 2658 427 2684 με
442 2652 528 2689 unda
542 2659 612 2689 ειῖτε.
667 2651 758 2689 distat
775 2651 828 2689 γᾴερ
846 2651 862 2684 ή
877 2650 969 2689 νύμφη
981 2651 1018 2689 ’ἐν

232 2683 339 2721 pollui;
364 2683 635 2721 πέρωὶξκυλισμένοις
665 2685 749 2720 αὐτὴν
766 2683 862 2721 {ﬁeri
881 2683 1018 2711 ἀνὰπὰύε-

233 2718 311 2756 ςβᾳι·
327 2718 416 2756 ᾶτψᾷ,
433 2718 520 2756 οἷμᾳι,
543 2718 650 2756 itang
670 2718 804 2756 anich
816 2719 901 2756 μῄλου
917 2720 1018 2756 ἐνεοῖς

233 2753 321 2790 Edim;
333 2754 380 2780 τιιῦ
391 2753 505 2790 spuma,
517 2753 645 2790 νυμῲίου,
661 2755 704 2781 ἵνα
716 2755 764 2789 τῆς
775 2753 865 2781 autem
879 2753 1018 2790 μεταλάϐῃ

233 2782 372 2824 immo;
386 2797 392 2804 ·
407 2782 414 2790 ’
431 2782 586 2824 Τέτρὼμὰί
605 2782 660 2824 νὰξρ
687 2782 800 2824 saliron
811 2809 818 2820 ,
847 2782 914 2824 φῆσὶ
949 2782 1019 2815 κατᾶ

235 2821 393 2857 Σύμμὰχον,
417 2821 487 2850 dm),
503 2821 555 2851 τὸῦ
577 2821 720 2851 ὲκξιὲκτὸῦ
741 2821 859 2856 βὲζιουςί
879 2821 954 2850 ’κατὰ
972 2823 1017 2849 τὴν

241 2857 364 2885 Ἡσαΐαν.
384 2868 393 2884 ι
411 2859 514 2894 Stipnlc
529 2867 567 2886 me
584 2860 610 2886 in
622 2859 708 2886 malis.
730 2868 737 2884 ›
759 2859 939 2895 Symmachus
957 2867 1010 2886 ver-

1074 249 1243 284 propheticis
1262 247 1361 275 instrui
1378 247 1575 280 voluminibus,
1590 254 1646 274 non
1662 246 1801 274 videbitur
1815 248 1857 274 ab-

1072 297 1200 324 surdum.
1217 297 1270 324 Sed
1286 299 1314 323 ct
1334 303 1431 323 omnes
1445 294 1533 323 sancti
1548 294 1596 329 qui
1611 294 1645 322 de
1668 294 1721 322 hac
1736 295 1792 322 vita
1812 296 1856 322 de-

1073 347 1229 374 cesserunt,
1246 342 1377 370 habentes
1392 341 1484 369 adhuc
1498 341 1660 368 charitatem
1672 348 1741 376 erga
1756 348 1803 368 eos
1813 341 1856 375 qui

1072 387 1100 414 in
1123 387 1176 414 hoc
1193 387 1296 414 mundo
1313 390 1392 420 sunt,
1409 387 1432 414 si
1448 386 1576 413 dicantur
1591 393 1685 413 curam
1703 393 1799 421 gerere
1815 394 1855 413 sa-

1072 433 1139 460 lutis
1153 439 1260 464 eorum,
1277 437 1304 460 et
1322 432 1419 467 juvare
1433 439 1481 459 eos
1495 431 1623 466 precibus
1638 432 1708 465 suis,
1721 436 1809 466 atque
1820 432 1856 458 iu-

1072 482 1196 506 terventu
1219 485 1271 506 suo
1290 477 1361 512 apud
1384 476 1482 510 Deum,
1507 485 1561 504 non
1581 476 1634 504 erit
1655 476 1855 504 inconveniens.

1073 522 1210 558 Scriptum
1235 530 1354 558 namque
1367 527 1407 550 est
1434 523 1462 550 in
1479 522 1697 550 Macbabaeorum
1713 522 1794 549 libris
1805 522 1855 549 ita:

1073 567 1126 595 llic
1142 572 1180 594 ett
1196 567 1327 595 Jerentias
1346 567 1472 602 propheta
1490 567 1550 600 Dei,
1565 567 1610 602 qui
1625 575 1727 602 semper
1742 573 1801 594 orat
1816 576 1856 602 pro

1071 613 1169 647 popqu
1180 613 1213 640 “.
1226 612 1278 639 Sed
1288 617 1314 639 ct
1325 613 1358 639 ad
1369 612 1510 647 apostolos
1521 612 1579 639 hinc
1592 612 1657 644 dici,
1670 616 1700 639 nt
1712 620 1798 647 supra
1807 612 1856 646 jam

1071 659 1138 690 dixi,
1163 666 1217 686 non
1234 658 1373 686 videbitur
1389 659 1509 685 alienum
1530 667 1536 684 ε
1554 665 1602 692 per
1616 658 1667 685 hos
1680 658 1757 685 enim
1775 659 1857 686 omnis

1072 703 1194 731 Ecclesia
1213 703 1270 736 Dei,
1287 703 1329 730 vel
1344 703 1434 731 anima
1458 709 1584 737 quaerens
1596 701 1694 734 Deum,
1711 703 1857 731 introduci-

1071 753 1116 776 tur
1132 749 1159 775 in
1174 749 1286 776 domum
1303 748 1369 780 vini,
1387 751 1416 774 ιιι
1431 755 1516 782 supra
1536 747 1669 780 diximus,
1688 752 1717 774 et
1733 748 1855 775 aromati-

1055 794 1124 821 -bus
1139 798 1221 828 atque
1234 793 1367 820 odoribus
1380 793 1509 827 repletur,
1525 798 1553 820 et
1569 793 1747 827 componitur
1759 793 1787 820 in
1805 801 1854 820 me-

1072 841 1137 875 lius,
1160 841 1232 868 sicut
1257 840 1284 868 in
1311 839 1514 875 posterioribus
1531 839 1658 874 legimus,
1685 844 1714 866 ct
1731 839 1854 867 docemur

1070 895 1179 915 omnem
1194 887 1318 915 ordinem
1333 887 1523 919 rationemque
1538 885 1690 917 charitatis.
1739 895 1758 909 ο

1105 932 1183 960 Vers.
1204 933 1231 960 5.
1248 932 1410 967 Con/innate
1430 940 1470 959 me
1486 933 1513 959 in
1528 932 1685 966 unguentis,
1707 931 1806 965 stipato
1822 938 1854 957 me

1069 979 1097 1005 in
1113 978 1190 1005 malis
1206 977 1273 1013 (6'7),
1290 979 1353 1013 quia
1367 978 1510 1004 vulneratae
1526 978 1667 1004 cltaritatia
1685 985 1732 1011 ego
1749 984 1816 1003 sum.
1829 975 1852 1002 lu

1069 1024 1165 1051 Graeco
1178 1024 1287 1059 quidem
1302 1024 1418 1050 habetur
1433 1032 1440 1050 :
1453 1023 1617 1057 Con/innate
1628 1030 1668 1049 me
1682 1023 1710 1048 in
1728 1022 1854 1056 myrrltis:

1069 1069 1194 1105 myrrhin
1222 1077 1308 1104 genus
1322 1068 1458 1103 quoddam
1477 1068 1584 1095 arboris
1608 1067 1766 1099 nominans,
1787 1066 1853 1101 quod

1069 1114 1158 1143 Latini
1176 1120 1300 1150 putantes
1311 1115 1422 1150 myrrha
1436 1114 1551 1146 dictum,
1568 1117 1707 1148 unguenta
1724 1114 1849 1147 interpre-

1070 1161 1118 1188 tati
1144 1164 1218 1188 sunt.
1236 1159 1322 1195 Igitur
1345 1159 1414 1186 ordo
1441 1158 1578 1186 sermonis
1604 1158 1764 1192 hujusmodi
1787 1162 1850 1184 est:

1071 1211 1249 1241 posteaquam
1266 1213 1366 1240 sponsa
1388 1209 1416 1232 et
1438 1205 1520 1232 verba
1536 1212 1570 1231 ex
1587 1211 1635 1231 ore
1661 1203 1750 1238 ipsius
1767 1204 1851 1238 sponsi

1071 1252 1185 1284 audivit,
1200 1256 1227 1279 et
1242 1251 1398 1279 cubiculum
1413 1251 1485 1286 regis
1498 1251 1622 1286 ingressa
1639 1254 1691 1282 est,
1708 1255 1736 1277 et
1747 1250 1850 1277 domum

1070 1297 1126 1324 vini
1139 1297 1285 1332 locumque
1292 1297 1410 1325 convivii
1418 1305 1451 1324 ac
1459 1296 1610 1331 sapientiai,
1620 1301 1646 1323 et
1655 1296 1681 1322 in
1691 1303 1726 1322 eo
1733 1296 1768 1322 vit
1779 1295 1851 1321 .imas

1069 1347 1097 1370 et
1106 1347 1237 1370 craterem
1250 1343 1359 1370 mistum
1376 1342 1558 1370 sacramentis
1573 1341 1634 1376 ejus
1647 1341 1768 1375 aspexit,
1780 1339 1850 1375 quasi

1071 1387 1098 1414 in
1114 1387 1211 1415 horum
1234 1387 1356 1415 omnium
1371 1387 1552 1414 admiratione
1574 1391 1707 1420 stupens,
1722 1391 1749 1412 et
1766 1384 1849 1412 saucia

1071 1433 1193 1468 postulat
1213 1433 1248 1460 ab
1273 1433 1340 1468 ipsis
1359 1432 1540 1460 nihilominus
1558 1431 1656 1459 amicis
1674 1435 1702 1458 et
1721 1430 1849 1458 sodalibus

1072 1480 1166 1515 sponsi
1184 1484 1215 1507 ut
1230 1480 1418 1511 conﬁrmetur,
1440 1485 1467 1506 et
1483 1479 1564 1514 qna'si
1583 1479 1716 1505 deﬁciens
1727 1482 1850 1506 sustento

1073 1530 1128 1559 tur,
1145 1525 1306 1554 incumbens
1321 1525 1432 1561 paulum
1454 1533 1537 1560 super
1552 1525 1680 1552 arborem
1698 1525 1796 1560 μὺρῤιν
1815 1523 1849 1550 vel

1071 1572 1192 1600 meliatn.
1208 1571 1317 1600 Amoris
1340 1572 1414 1599 enim
1438 1571 1550 1598 vulnere
1573 1579 1706 1606 percussa
1729 1571 1848 1598 arborum

1067 1617 1166 1645 solatia
1189 1617 1376 1652 silvarumque
1393 1621 1522 1644 sectatur.
1537 1615 1600 1643 Haec
1618 1616 1771 1644 secundum
1787 1615 1850 1642 litte-

1067 1671 1136 1690 ram.
1154 1663 1206 1691 Sed
1221 1671 1254 1690 ex
1267 1663 1309 1691 his
1323 1668 1352 1690 ut
1366 1663 1479 1697 exsequi
1494 1662 1632 1697 possimus
1651 1662 1849 1698 intelligendam

1071 1708 1231 1744 spiritalem,
1251 1708 1404 1743 indigemus
1419 1708 1464 1735 illa
1480 1708 1566 1743 gratia
1586 1715 1669 1742 quam
1688 1707 1815 1742 consequi
1835 1712 1848 1731 a

1071 1753 1127 1782 Deo
1150 1754 1251 1782 meruit
1267 1753 1324 1789 ipse
1341 1753 1482 1787 Salomon,
1506 1753 1554 1788 qui
1576 1753 1700 1780 omnium
1723 1760 1784 1788 qua:
1794 1755 1849 1778 sunt

1071 1798 1195 1826 radicum
1209 1802 1236 1826 et
1247 1799 1376 1826 arborum
1391 1802 1419 1826 et
1431 1798 1610 1833 virgultorum
1625 1802 1741 1825 naturas
1753 1796 1847 1826 didicit,

1071 1848 1102 1871 ut
1115 1845 1250 1872 sciremus
1269 1849 1296 1872 et
1312 1851 1362 1871 nos
1379 1851 1440 1879 qua:
1455 1844 1506 1876 vis.
1521 1848 1621 1878 etquae
1638 1848 1739 1870 natura
1756 1843 1790 1871 sit
1809 1849 1848 1868 ar-

1071 1890 1147 1918 boris
1171 1890 1301 1926 myrrhte,
1326 1897 1382 1925 quo
1399 1894 1584 1924 competenter
1606 1898 1639 1917 ex
1663 1890 1715 1917 hac
1731 1888 1848 1924 spiritalis

1070 1935 1156 1971 aptari
1173 1936 1259 1971 possit
1271 1935 1417 1970 expositio.
1441 1935 1499 1962 lloc
1515 1940 1556 1962 est
1568 1940 1659 1962 autem
1680 1935 1755 1969 quod
1770 1934 1846 1961 solum

1071 1981 1213 2016 pervenire
1233 1981 1267 2008 ad
1284 1989 1334 2009 nos
1354 1981 1388 2008 de
1412 1981 1493 2016 hujus
1515 1981 1621 2008 arboris
1643 1981 1742 2008 notitia
1757 1983 1847 2015 potuit.

1071 2027 1133 2060 quia
1150 2027 1262 2053 odorem
1279 2026 1367 2053 solum
1387 2025 1487 2052 habeat
1501 2033 1625 2060 suavem,
1643 2025 1751 2052 nullum
1771 2030 1847 2051 tanien

1071 2071 1167 2099 all‘crat
1181 2071 1311 2098 fructum.
1324 2070 1402 2098 Helia
1413 2079 1477 2098 vero
1488 2071 1570 2098 arbor
1582 2075 1676 2098 notum
1691 2070 1797 2098 cunctis
1804 2073 1845 2097 est.

1070 2117 1143 2152 quod
1161 2124 1214 2144 non
1231 2117 1318 2144 solum
1335 2116 1405 2144 ferat
1419 2116 1550 2150 fructum,
1561 2117 1609 2144 sed
1624 2121 1651 2143 et
1665 2116 1844 2144 dulcissimum

1748 2196 1769 2211 ⁸⁷
1781 2195 1844 2222 Deut.

1335 2232 1357 2247 “
1376 2231 1397 2258 ll
1412 2231 1480 2258 illac.
1499 2239 1544 2263 xv,
1559 2231 1601 2259 ll.

1407 2301 1481 2335 ﬂore,
1498 2310 1507 2326 ι
1534 2300 1585 2327 hoe
1604 2305 1645 2327 est
1660 2300 1687 2326 in
1702 2299 1782 2335 lignis
1796 2299 1844 2335 liene

1072 2337 1214 2369 olentibus,
1226 2337 1364 2371 pulchrum
1376 2333 1496 2362 videlicet
1507 2336 1623 2369 fructum
1640 2340 1719 2371 atque
1727 2333 1845 2369 ’[Ioridum

1072 2369 1242 2406 facientibus.
1259 2371 1320 2398 Illa:
1332 2371 1402 2398 enim
1413 2371 1518 2406 arbores
1535 2377 1593 2404 qua:
1608 2369 1686 2406 mala:
1707 2375 1844 2406 nuncupa-

1072 2405 1125 2438 tur,
1142 2406 1179 2432 rel
1195 2407 1298 2433 steriles
1310 2410 1381 2438 sunt,
1399 2405 1437 2432 vel
1450 2405 1533 2441 malos
1547 2406 1657 2441 fructus.
1668 2405 1768 2441 ferunt.
1782 2405 1843 2441 Qua-

1072 2437 1134 2467 dam
1153 2446 1242 2467 autent
1266 2441 1428 2474 rxetuplaria
1448 2437 1576 2467 habent":
1606 2448 1614 2464 ι
1633 2437 1742 2466 Fulcite
1764 2445 1808 2474 nte
1822 2437 1843 2462 in

1072 2476 1187 2510 amyris,
1204 2485 1213 2502 ι
1242 2484 1291 2511 quo
1312 2472 1415 2511 nomine
1432 2474 1594 2511 intelligendi
1611 2478 1673 2511 sunt
1689 2474 1730 2500 vel
1752 2472 1842 2511 ﬁdeles,

1072 2507 1127 2537 ιιυή
1137 2507 1274 2537 δὶογιαιιιὲη
1292 2515 1320 2538 ut
1336 2510 1446 2537 audiant
1466 2507 1581 2536 ntembra
1594 2509 1651 2542 ejus
1665 2517 1726 2543 qua:
1742 2507 1788 2544 non
1801 2507 1843 2544 ita;

1072 2545 1131 2580 (gent
1149 2546 1282 2572 maculam
1302 2550 1347 2572 aut
1369 2553 1471 2580 rugam,
1492 2543 1657 2580 relrralieni‘a
1671 2542 1729 2577 Vlide
1748 2542 1841 2580 Citrile

1072 2579 1145 2606 Illud
1166 2585 1264 2611 autent,
1283 2589 1293 2605 ‹
1309 2576 1411 2613 διίιηιιέ
1422 2587 1462 2606 me
1480 2579 1570 2609 malis,
1587 2588 1596 2604 ι
1616 2576 1842 2613 Symntacltusjtf

1072 2588 1144 2606 tuua
1166 2588 1264 2611 autent,
1283 2589 1293 2605 ‹
1309 2588 1344 2607 sn
1364 2588 1405 2606 ate
1422 2588 1462 2606 me
1480 2588 1570 2609 matis,
1587 2588 1596 2604 ι
1616 2588 1789 2613 ogmmacmu
1805 2588 1840 2601 ur-

1072 2615 1176 2642 clarans
1193 2615 1262 2642 dixit
1279 2623 1288 2641 .'
1308 2624 1317 2641 ι
1334 2588 1550 2642 ὦνειιιιδιενιιὶιε
1575 2621 1615 2640 me
1637 2613 1729 2640 malis.
1755 2622 1763 2638 t
1793 2609 1840 2637 Vult

1070 2650 1138 2676 enim
1150 2658 1246 2684 sponsa
1258 2649 1286 2675 in
1308 2650 1398 2676 multis
1409 2657 1467 2675 eam
1480 2648 1707 2684 circumdantibus
1724 2647 1796 2684 malis
1809 2652 1841 2670 ra-

1071 2682 1212 2724 qnieseere,
1229 2693 1294 2724 qua!
1318 2684 1433 2724 quidem,
1454 2684 1558 2718 opinor,
1582 2682 1656 2723 illius
1675 2684 1741 2724 ntali
1755 2682 1839 2716 [ructus

1072 2717 1131 2745 sunt
1144 2720 1213 2746 inter
1225 2717 1298 2753 ligna
1310 2717 1393 2747 silvw.
1408 2719 1456 2744 hoc
1467 2723 1504 2744 est
1520 2718 1619 2752 sponsi,
1636 2722 1665 2743 ut
1678 2717 1784 2744 illorum
1794 2722 1840 2749 ρεῖ-

1072 2754 1153 2788 cipiat
1169 2754 1334 2789 qualitatem.
1359 2762 1368 2779 ‹
1391 2753 1536 2789 Vulnerata
1555 2753 1625 2789 enim
1651 2760 1712 2779 sunt
1729 2757 1837 2789 amoref

1072 2787 1214 2815 secundum
1240 2788 1436 2823 Symmachum,
1463 2788 1520 2815 (ab
1547 2787 1630 2815 electa
1657 2789 1768 2823 sagitta,
1790 2796 1796 2811 ι
1818 2787 1838 2809 il

1074 2823 1160 2850 Isaias
1171 2824 1297 2859 loquitur.
