1879 3046
21 98 56 125 hil
687 106 789 134 LIBER
807 107 969 136 TERTIVS.

1591 118 1642 147 ιρι

20 162 38 185 et
50 158 249 186 suavissimum
267 159 346 187 ferat.
364 160 465 189 Omnes
478 162 561 198 igitur
575 163 701 192 homines
716 165 795 192 arho-
813 169 834 197 Α
849 166 940 193 cibum
951 187 958 198 ,
972 164 1022 194 sed
1039 172 1066 194 et
1086 175 1184 195 omnes
1205 169 1317 197 dclicias
1332 180 1338 198 ε
1357 176 1383 198 et
1407 179 1454 207 per
1470 181 1501 201 ca
1522 183 1642 204 maxime

19 211 54 230 res
73 203 206 231 dicuntur
230 205 291 232 sive
307 205 394 238 bonae,
417 207 474 234 sive
489 208 577 239 malis,
597 213 624 236 et
640 208 799 242 fructuosae,

17 249 66 275 sive
77 249 269 279 infructuosae.
283 251 355 279 siettt
365 257 393 278 et
409 252 540 281 Dominus
552 253 578 280 in
593 253 740 290 Evangelio
756 256 799 282 di—

15 295 46 321 cit
63 303 69 321 :
86 294 138 321 Aut
152 295 234 329 facite
250 296 371 324 arborem
387 298 493 330 bonam,
510 305 535 325 et
553 299 670 333 fructum
685 301 742 335 ejus
754 302 801 328 bo-

15 348 91 372 num;
115 346 162 367 aut
187 341 269 375 facile
290 343 410 370 arborem
430 344 540 374 malam.
564 350 589 372 et
607 346 723 380 fructum
742 348 798 382 ejus

15 386 110 412 malum
122 387 162 420 ¹²;
184 390 231 415 et:
251 387 343 415 Omnis
360 389 441 416 arbor
455 398 515 425 quae
535 399 586 418 non
601 391 665 425 facit
681 393 798 426 fructum

12 432 114 463 bonum,
131 433 278 466 excidatur,
293 438 318 460 et
332 434 359 460 in
375 435 459 469 ignem
477 437 597 463 mittetur
606 438 640 464 ".
655 437 721 466 Tres
733 447 798 474 ergo

12 477 167 505 diﬁerentiaa
180 478 206 506 in
222 479 381 507 hominibus
393 481 519 508 videnlur
532 490 602 510 esse.
615 483 732 516 Quidam
748 486 797 519 qui

12 523 122 550 omnino
142 524 246 551 nullum
269 524 389 552 fructum
410 526 541 560 aﬁcrunt,
560 533 586 555 et
605 536 669 556 ecce
685 530 732 557 alii
750 531 796 565 qui

10 568 134 596 aderunt.
151 570 205 597 Sed
226 571 252 597 iu
266 571 309 598 his
320 571 367 605 qui
380 571 497 599 afferunt
518 577 566 600 aut
583 574 645 600 mali
661 580 726 602 sunt
739 575 796 602 fru-

10 621 78 648 ctus,
107 621 156 643 aut
181 617 256 644 boni.
283 616 333 645 llic
353 625 419 653 ergo
442 627 554 653 sponsa.
575 620 600 647 id
619 625 661 648 est
674 621 795 650 Ecclesia

9 660 121 694 Christi.
135 662 292 690 conﬁrmari
308 670 338 690 se
354 664 485 698 postulat,
501 668 527 691 et
541 665 668 692 reclinari
685 667 795 701 quidem

10 713 90 741 super
100 715 183 734 unam
197 708 322 736 arborem
335 709 442 736 meliam
457 709 615 738 all'erentcm
632 711 738 741 fructus
751 714 796 742 bo-

10 759 55 779 nos
70 762 78 779 :
99 757 127 779 et
137 758 210 780 recte
224 761 257 781 ac
270 759 467 789 competenter.
485 756 574 791 Super
588 757 630 785 his
643 759 716 786 enim
729 767 794 787 con-

9 799 132 825 ﬁrmatur
148 803 175 826 et
190 800 307 835 stipatur
318 800 450 835 Ecclesia,
463 803 509 838 qui
524 804 551 830 in
571 803 651 831 bonis
665 805 793 839 operibus

8 843 173 872 lructiﬁcant
191 851 218 873 et
237 852 376 874 crescunt.
401 849 472 881 Quid
494 853 583 877 autem
608 851 738 886 estquod
765 851 792 878 in

9 891 135 924 myrrhis,
151 891 331 921 infructuosis
345 895 449 922 scilicet
469 895 613 924 arboribus
635 897 793 925 conﬁrmari

8 936 60 962 vult
86 937 172 964 odore
187 939 247 965 solo
261 939 461 973 gaudentibus?
480 940 537 977 Ego
550 946 616 976 puto
628 943 702 978 quod
724 944 792 971 istos

6 982 49 1015 qui
64 982 125 1009 solo
140 982 226 1010 odore
237 984 366 1018 gaudent,
382 990 409 1012 et
423 986 539 1014 necdum
555 987 662 1015 fructus
675 988 736 1016 ﬁdei
749 988 792 1016 af-

6 1026 106 1060 ferunt,
124 1028 186 1056 illos
200 1029 273 1057 dicat
289 1039 359 1066 quos
372 1031 473 1060 Paulus
489 1033 524 1060 ad
540 1033 700 1062 Corinthios
722 1036 791 1062 scri-

5 1072 79 1105 bens,
96 1074 183 1101 dicit:
199 1074 252 1107 Qui
268 1076 389 1104 inrocant
404 1087 497 1105 nomen
512 1079 618 1106 Domini
630 1082 715 1108 nostri
726 1081 792 1108 Iesu

6 1117 102 1145 Christi
119 1119 147 1146 in
167 1121 238 1147 omni
253 1122 310 1148 loco
324 1123 441 1157 ipsorum
457 1129 482 1151 et
499 1130 618 1152 nostrum
635 1125 669 1154 ".
688 1126 743 1153 Pro
758 1135 792 1154 eo

5 1171 64 1198 ergo
93 1167 168 1200 quod
194 1166 323 1194 invocant
348 1176 448 1196 nomen
475 1169 583 1197 Domini
610 1172 697 1199 nostri
726 1171 790 1200 Jesu

6 1208 122 1243 Christi,
141 1211 242 1238 habent
256 1212 283 1239 in
305 1214 458 1248 semetipsis
480 1214 574 1243 odoris
589 1217 736 1250 quamdam
758 1225 792 1244 ex

5 1254 57 1288 ipsa
90 1255 264 1284 invocatione
296 1259 415 1286 nominis
447 1261 620 1289 suavitatem.
654 1262 709 1289 Pro
738 1263 793 1298 76

4 1306 34 1326 eo
49 1307 115 1327 vero
131 1301 205 1336 quod
219 1310 273 1329 non
287 1310 350 1330 cum
366 1304 441 1331 omni
455 1304 554 1332 ﬁducia
567 1310 594 1333 ct
607 1306 732 1334 libertate
744 1315 792 1335 ac—

5 1344 100 1372 cedunt
120 1346 155 1373 ad
173 1346 265 1379 ﬁdem,
285 1347 376 1376 nullos
397 1349 458 1376 ﬁdei
481 1350 599 1378 aﬁ‘erunt
623 1351 739 1380 fructus.
761 1352 791 1380 ln

4 1391 58 1419 loco
78 1392 134 1419 hoc
148 1400 298 1427 possumus
313 1401 363 1422 nos
378 1395 590 1425 catechumenos
609 1396 739 1426 Ecclesia:
752 1399 792 1426 in-

5 1437 131 1472 telligere,
155 1447 237 1474 super
255 1448 326 1475 quos
339 1450 372 1469 ex
388 1447 464 1477 parte
488 1442 579 1478 aliqua
593 1443 793 1472 confirmantur

5 1482 138 1534 Ecclesia.
154 1485 263 1535 llabent
275 1487 348 1514 enim
361 1493 388 1516 et
410 1488 438 1515 in
455 1489 521 1524 ipsis
538 1497 592 1516 non
608 1497 705 1524 parum
719 1490 790 1518 lldu-
803 1505 825 1535 ο

3 1530 45 1557 cia
58 1535 87 1558 et
100 1531 160 1566 spei
179 1532 339 1568 plurimum,
359 1535 432 1570 quod
445 1539 472 1562 et
494 1535 544 1569 ipsi
559 1536 625 1562 flant
639 1536 788 1571 aliquando

4 1577 111 1605 arbores
127 1577 279 1606 fructifera:
295 1584 322 1607 et
336 1580 493 1615 plantcntur
506 1581 532 1608 in
552 1582 679 1616 paradiso
690 1581 737 1609 Dei
753 1582 788 1609 ab

4 1623 57 1657 ipso
69 1624 194 1659 agricola
210 1624 299 1653 Patre.
313 1627 373 1662 Ipse
386 1627 458 1654 enim
470 1631 512 1654 est
521 1627 566 1662 qui
581 1627 683 1662 plantat
694 1628 790 1663 hujus-

3 1669 67 1696 niodi
83 1670 201 1697 arbores
214 1671 240 1698 in
255 1671 377 1699 Ecclesia
390 1671 504 1703 Christi,
520 1680 581 1707 qua:
592 1677 633 1700 est
644 1673 788 1708 paradisus

2 1715 159 1743 deliciarum
175 1726 183 1744 ι
207 1717 278 1745 sicut
291 1722 318 1745 et
333 1717 467 1745 Dominus
480 1718 547 1745 dicit
563 1727 571 1745 τ
600 1719 694 1746 Omnis
711 1719 788 1754 plan-

2 1762 62 1787 tatia
75 1770 159 1796 quam
171 1770 223 1788 non
237 1762 368 1796 plantavit
383 1763 465 1790 Pater
480 1772 550 1791 meus
564 1764 687 1797 caelestis,
702 1764 789 1791 eradi~

1 1807 102 1834 cabttur
112 1809 148 1834 ".
165 1807 288 1843 Stipatur
303 1817 368 1844 ergo
388 1809 510 1837 Ecclesia
521 1814 548 1837 et
563 1810 634 1837 inter
649 1811 744 1838 melius
760 1816 787 1838 ct

0 1861 78 1887 super
104 1854 180 1889 ipsas
206 1855 360 1889 requiescit.
386 1855 453 1888 Ome
475 1855 562 1882 melia).
586 1855 638 1882 illm
661 1856 788 1891 putanda

0 1905 59 1927 sunt
72 1901 177 1928 anima:
192 1909 254 1936 qua:
272 1901 393 1936 quotidie
406 1901 570 1929 innovantur
586 1902 620 1929 ad
641 1902 786 1937 imaginem

0 1946 54 1979 ejus
75 1946 126 1981 qui
144 1947 248 1974 creavit
261 1954 317 1974 eas.
334 1946 403 1979 Quia
424 1947 496 1974 enim
513 1954 561 1982 per
582 1947 786 1975 innovationem

0 1991 38 2017 sui
55 1991 206 2026 imaginem
223 1996 351 2026 reparant
366 1992 413 2019 ﬁlii
433 1992 492 2025 Dei,
511 1993 608 2020 merito
627 1998 655 2020 et
668 1994 732 2028 ipsa:
744 2002 787 2021 ar-

1 2036 75 2065 bores
88 2037 183 2064 melia
197 2037 377 2072 appellantur,
397 2038 461 2073 quia
484 2043 511 2066 et
527 2039 585 2074 ipse
605 2047 724 2074 sponsus
739 2047 787 2067 ea-

0 2090 56 2109 rum
74 2083 106 2110 in
131 2083 321 2117 superioribus
343 2084 433 2111 dictus
448 2089 501 2117 est,
517 2084 589 2112 sicut
603 2085 686 2112 arbor
704 2085 786 2112 melia

0 2134 55 2154 esito
72 2128 102 2155 in
119 2128 203 2164 lignis
217 2128 302 2155 silvae.
319 2127 353 2155 Et
367 2137 402 2156 ne
418 2129 528 2158 mireris
544 2130 567 2158 si
585 2130 654 2157 idem
681 2131 739 2165 ipse
759 2136 786 2158 et

851 211 990 244 discurrit,
1012 213 1075 240 dum
1101 221 1131 241 se
1154 215 1323 243 vulneratam
1350 219 1434 245 sentit
1458 226 1519 247 esse
1542 221 1641 254 jaeulis

851 256 1003 284 charitatis.
1022 257 1050 284 Si
1071 259 1133 292 quis
1151 267 1266 294 usquam
1280 266 1321 287 est
1335 262 1381 296 qui
1398 262 1467 289 ﬁdeli
1483 263 1534 290 hoc
1547 272 1642 292 amore

851 301 925 328 verbi
949 300 995 328 Dei
1013 302 1080 329 arsit
1096 303 1255 338 aliquando,
1272 305 1295 332 si
1309 306 1372 339 quis
1392 311 1444 338 cst,
1462 311 1492 334 ut
1508 309 1638 343 propheta

849 345 959 377 dicit",
973 346 1020 381 qui
1037 346 1115 374 electi
1128 347 1212 381 jaculi
1225 349 1286 383 ejus
1300 349 1381 377 dulce
1399 351 1498 378 vulnus
1514 352 1636 387 plagam-

849 398 903 425 que
918 391 1032 426 aecepit.
1055 392 1078 419 si
1094 393 1156 427 quis
1176 393 1279 428 estqui
1304 394 1425 422 scientia:
1448 396 1508 431 ejus
1525 397 1638 425 amabili

849 436 974 464 conﬁxus
990 441 1032 464 est
1045 437 1108 470 telo,
1127 438 1163 465 ita
1180 443 1209 465 ut
1221 439 1328 467 diurnis
1342 448 1404 468 eum
1425 441 1569 470 desideriis
1585 451 1637 470 no-

848 481 1006 517 cturnisque
1015 483 1143 517 suspiret,
1162 483 1236 510 aliud
1246 485 1310 518 quid
1322 485 1395 520 loqui
1408 494 1462 514 non
1475 488 1571 522 possit,
1582 496 1637 515 au-

848 527 907 554 dire
921 527 994 555 aliud
1017 528 1094 562 nolit,
1111 528 1233 564 cogitare
1247 530 1321 557 aliud
1346 532 1460 564 nesciat,
1475 532 1636 561 desiderare

848 576 943 606 praeter
951 573 1051 607 ipsum,
1062 580 1109 600 aut
1119 581 1218 608 cupere
1224 575 1297 602 aliud
1306 576 1347 602 vel
1356 584 1467 610 sperare
1473 585 1525 604 non
1534 578 1614 606 libeat
1625 588 1631 606 :

847 618 898 646 ista
905 618 995 646 anima
1003 619 1100 646 merito
1108 619 1173 647 dicit
1183 629 1189 646 ε
1202 619 1353 648 Vulnerata:
1358 622 1499 649 cItaritatis
1506 631 1552 657 ego
1558 631 1634 655 sum;

845 663 913 691 etab
920 663 967 690 illo
975 664 1073 691 vulnus
1081 665 1183 698 accepi,
1190 664 1224 692 de
1232 666 1358 699 quodicit
1365 665 1448 694 Isaias
1457 667 1490 694 '7:
1501 667 1537 694 Et
1544 670 1633 702 posuit

846 716 886 735 me
897 710 965 735 sicut
972 709 1094 742 jaculum
1106 709 1227 742 electum,
1245 715 1268 737 et
1280 711 1307 738 in
1320 713 1445 744 pharetra
1457 720 1506 739 sua
1520 713 1632 740 abscon-

845 755 884 781 dit
899 764 949 782 me.
967 755 1026 782 Tali
1040 756 1152 783 vulnere
1165 756 1242 783 decet
1259 755 1342 783 Deum
1357 762 1499 791 percutere
1513 759 1631 790 animas,

845 801 945 828 talibus
958 801 1058 836 jaculis
1073 801 1187 836 telisque
1195 801 1341 836 conﬁgere,
1357 809 1389 829 ac
1405 803 1572 831 salutaribus
1583 811 1631 832 eas

844 846 1007 874 vulneribus
1024 847 1149 874 sauciare
1162 856 1169 873 :
1182 851 1211 873 ut
1223 847 1286 881 quia
1303 847 1374 874 Deus
1390 848 1510 875 charitas
1524 853 1576 882 est,
1590 849 1633 875 di-

843 897 888 921 cat
906 898 933 920 et
947 894 1005 928 ipse
1022 903 1029 920 :
1049 893 1118 926 Quia
1134 893 1279 921 vulnerata
1294 894 1433 921 c/taritatis
1449 903 1494 929 ego
1510 903 1578 922 sum.
1598 895 1633 923 Et

844 939 953 974 quidem
971 939 997 966 in
1011 939 1063 966 hoc
1076 939 1155 974 quasi
1169 940 1303 967 amatorio
1315 940 1438 968 dramate
1450 948 1550 975 sponsa
1563 941 1632 968 cha-

844 985 932 1012 ritatis
945 993 974 1012 se
988 985 1055 1012 dicit
1067 985 1182 1012 vulnera
1198 986 1351 1020 suscepisse
1364 995 1371 1013 :
1390 990 1477 1021 potest
1491 992 1581 1014 autem
1593 987 1633 1014 si-

844 1030 945 1057 militer
969 1029 1076 1058 fervens
1089 1031 1180 1058 anima
1197 1038 1260 1066 erga
1282 1032 1443 1066 sapientiam
1460 1032 1506 1059 Dei
1522 1033 1631 1066 dicere,

843 1076 906 1111 quia
920 1076 1068 1104 vulnerata:
1080 1077 1220 1111 sapientiae
1233 1085 1284 1112 ego
1298 1085 1359 1105 sum
1373 1087 1380 1105 :
1395 1079 1439 1105 illa
1454 1079 1558 1106 scilicet
1566 1086 1629 1114 qua

843 1123 984 1157 sapientiae
995 1123 1055 1157 ejus
1067 1122 1296 1158 pulchritudinem
1310 1124 1398 1158 potuit
1413 1125 1521 1152 intueri.
1536 1124 1628 1152 Potest

842 1173 870 1195 et
883 1169 935 1196 alia
949 1169 1039 1196 anima
1056 1169 1164 1197 virtutis
1179 1169 1239 1204 ejus
1255 1169 1484 1204 magniﬁcentiam
1495 1175 1629 1199 contuens

843 1217 870 1240 et
888 1213 1022 1240 admirata
1038 1214 1186 1248 potentiam
1202 1213 1282 1241 Verhi
1303 1214 1350 1242 Dei
1368 1215 1469 1248 dicere,
1485 1217 1549 1250 quia
1568 1217 1629 1244 vul-

844 1263 949 1286 neratae
972 1259 1081 1288 virtutis
1093 1267 1144 1295 ego
1159 1267 1231 1287 sum.
1249 1260 1333 1292 Talis,
1350 1261 1441 1294 credo,
1457 1261 1546 1296 aliqua
1558 1262 1631 1290 sicut

842 1310 901 1332 erat
916 1305 961 1332 illa
975 1312 1037 1340 qua
1052 1305 1159 1332 dicebat
1175 1315 1180 1332 :
1198 1305 1327 1332 Dominus
1341 1305 1504 1333 illuminatio
1526 1313 1584 1334 mea
1601 1311 1629 1334 et

842 1351 915 1379 talus
931 1359 1000 1384 meo,
1016 1359 1093 1386 quem
1108 1350 1203 1378 timebo
1214 1351 1259 1378 '3?
1274 1350 1328 1379 Sed
1347 1356 1375 1379 et
1390 1351 1443 1379 alia
1459 1352 1550 1379 anima
1563 1359 1628 1387 erga

842 1404 963 1424 amorem
972 1397 1086 1432 justitiae
1097 1397 1157 1432 cjus
1171 1397 1287 1430 fervens,
1303 1401 1331 1425 et
1345 1397 1580 1433 dispensationum
1593 1406 1628 1427 ac

841 1442 1019 1477 providentiae
1034 1441 1093 1476 ejus
1111 1441 1246 1475 justitiam
1261 1446 1404 1475 contuens,
1419 1443 1486 1470 dicit
1498 1443 1558 1471 sine
1575 1443 1630 1470 du-

843 1487 899 1519 bio,
914 1486 1060 1513 vulnerata:
1079 1486 1189 1521 iustitia:
1203 1494 1254 1522 ego
1276 1495 1348 1514 sum.
1366 1487 1399 1514 Et
1419 1488 1472 1515 alia
1497 1488 1628 1517 bonitatis

841 1532 900 1567 ejus
915 1539 948 1559 ac
964 1531 1073 1566 pietatis
1089 1531 1298 1559 immensitatem
1312 1533 1461 1567 respiciens
1475 1533 1575 1561 similia
1588 1535 1629 1562 lc-

838 1579 942 1614 quitur.
962 1577 1058 1606 Sedet
1080 1578 1179 1605 horum
1204 1578 1326 1605 omnium
1343 1579 1467 1614 generale
1489 1585 1532 1607 est
1551 1580 1626 1608 istud

838 1625 981 1653 charitatis
1009 1624 1131 1656 vulnus,
1157 1631 1211 1659 quo
1239 1631 1268 1651 se
1297 1624 1465 1652 vulneratam
1498 1626 1627 1660 praedicat

839 1679 949 1706 sponsa.
976 1670 1122 1698 Sciendum
1139 1675 1230 1698 tamen
1260 1675 1302 1698 est
1318 1672 1390 1706 quod
1409 1672 1480 1699 sicut
1494 1678 1559 1700 sunt
1575 1673 1626 1700 ista

838 1716 886 1744 Dei
899 1717 1001 1751 jacula,
1013 1725 1074 1752 qua:
1085 1717 1183 1744 animus
1195 1717 1304 1745 habenti
1315 1717 1478 1745 desiderium
1490 1718 1626 1746 bonorum

838 1761 934 1789 salutis
948 1762 1048 1789 vulnus
1063 1761 1188 1797 infligunt
1201 1771 1208 1789 :
1226 1762 1263 1789 ita
1280 1767 1345 1790 sunt
1365 1767 1391 1790 ct
1403 1762 1494 1797 jacula
1509 1764 1623 1798 maligni

838 1808 933 1844 ignita,
951 1808 1051 1842 quibus
1064 1807 1155 1835 anima
1174 1815 1235 1842 qua:
1251 1815 1304 1835 non
1320 1812 1362 1835 est
1378 1812 1455 1836 scuto
1475 1809 1536 1835 lidei
1560 1817 1624 1844 pro-

838 1857 918 1884 tecta,
941 1852 1099 1879 vulneratur
1121 1852 1148 1878 in
1167 1856 1293 1878 mortem.
1319 1850 1356 1878 De
1384 1851 1450 1886 ipsis
1473 1851 1540 1878 dicit
1560 1851 1628 1878 Pro-

837 1899 917 1934 pheta
932 1907 938 1924 :
956 1897 1024 1924 Ecce
1047 1903 1194 1932 peccatores
1211 1896 1379 1923 intenderunt
1395 1904 1497 1927 arcum,
1514 1905 1626 1930 parare-

838 1950 898 1971 runt
919 1944 1032 1978 sagittas
1047 1951 1108 1969 suas
1131 1944 1157 1969 in
1173 1942 1297 1977 pharetra
1318 1950 1378 1974 sua,
1401 1947 1430 1969 ut
1451 1944 1574 1978 sngittent
1598 1943 1627 1968 ia

838 1991 949 2017 obscuro
973 1995 1056 2017 rectos
1081 1990 1158 2016 corde
1170 1990 1203 2017 ".
1221 1989 1270 2017 llic
1296 1994 1452 2024 peccatores
1469 1989 1502 2016 de
1517 1989 1627 2016 occulto

838 2037 999 2072 saginantes
1018 2037 1156 2064 daemones
1172 2036 1323 2064 invisibiles
1346 2035 1422 2067 dicit,
1444 2039 1472 2062 et
1487 2035 1539 2070 ipsi
1561 2041 1627 2063 sunt

838 2083 969 2110 habentes
982 2083 1105 2118 quadam
1125 2082 1216 2116 jaeula
1233 2081 1435 2114 fornicationis,
1450 2081 1504 2108 alia
1518 2080 1627 2116 cupidi-

839 2128 901 2156 tatis
914 2133 941 2156 ct
954 2129 1085 2161 avaritias,
1101 2129 1201 2164 quibus
1224 2127 1417 2164 quamplurimi
1436 2127 1624 2154 vulnerantur.

0 2175 76 2202 arbor
92 2175 159 2202 vita:
179 2180 207 2202 et
231 2175 338 2203 diversa
361 2176 413 2203 alia
435 2177 554 2210 dicatur,
574 2185 636 2205 cum
663 2178 733 2206 idem
757 2183 785 2206 ει
800 2176 826 2207 ι)
838 2173 945 2201 Habent
958 2174 1038 2201 etiam
1055 2174 1157 2208 spicula
1171 2173 1309 2208 jactantiac
1319 2177 1346 2200 et
1356 2180 1433 2200 vanae
1447 2172 1561 2208 gloriae:
1578 2171 1626 2199 sed

0 2222 73 2254 panis
92 2228 189 2252 verus,
206 2226 234 2248 el
252 2221 316 2248 vitis
334 2229 408 2255 vera,
423 2227 451 2249 et
469 2230 556 2258 agnus
577 2223 636 2256 Dei,
654 2228 681 2251 et
703 2225 786 2252 multa

0 2267 49 2293 alia
71 2267 245 2294 nominetur.
261 2266 359 2295 Omnia
377 2275 497 2303 namque
521 2268 579 2296 haec
602 2270 715 2296 verbum
739 2269 787 2296 Dei

2 2313 149 2347 unicuique
173 2312 297 2346 edicitur,
316 2318 396 2348 prout
417 2321 544 2341 mensura
560 2314 602 2341 vel
620 2314 787 2342 desiderium

0 2359 192 2393 participantis
205 2359 330 2394 exposcit
343 2368 351 2386 :
368 2360 518 2387 secundum
534 2360 608 2395 quod
623 2365 651 2387 et
670 2368 786 2394 manna,

1 2404 43 2436 qui
57 2411 126 2431 cum
143 2409 214 2431 esset
227 2412 299 2432 unus
312 2404 396 2438 cibus,
414 2405 561 2440 unicuique
576 2409 664 2433 tamen
680 2405 788 2433 deside-

1 2450 40 2476 rio
63 2451 108 2477 sui
134 2450 266 2478 reddebat
288 2458 422 2485 saporem.
446 2450 553 2478 Praebet
575 2458 640 2486 ergo
667 2451 788 2486 seipsum

2 2503 51 2522 non
62 2496 156 2524 solum
169 2496 354 2524 esurientibus
366 2503 463 2531 panem
474 2501 501 2524 et
514 2496 670 2524 sitientibus
681 2497 786 2531 vinum,

0 2543 44 2569 sed
61 2547 90 2570 et
107 2542 234 2570 deliciari
249 2542 404 2570 volentibus
420 2543 596 2578 semetipsum
611 2548 638 2570 et
661 2542 787 2578 fragran-

2 2589 35 2614 tia
50 2589 165 2616 exhibet
186 2595 279 2623 poma.
301 2587 449 2623 Propterea
462 2595 527 2624 ergo
546 2593 574 2616 et
593 2595 693 2624 sponsa
715 2589 789 2616 velut

2 2633 99 2662 refecta
122 2635 181 2669 jam
204 2639 232 2661 et
254 2634 323 2661 bene
346 2639 442 2669 pasta,
468 2633 559 2661 fulciri
584 2633 611 2661 in
647 2634 736 2662 meliis
760 2642 789 2662 se

1 2682 96 2714 poscit,
113 2681 205 2708 sciens
220 2680 247 2707 in
263 2680 347 2707 verbo
362 2687 422 2707 esse
438 2680 490 2707 sibi
506 2686 560 2707 non
575 2679 664 2707 solum
680 2686 788 2707 omnem

33 2769 54 2785 "
69 2769 167 2796 Matth.
183 2778 234 2801 xu,
249 2769 295 2796 55.
334 2768 356 2784 ⁵³
373 2767 467 2795 Matth.
488 2776 528 2803 nt,
549 2767 591 2797 l0.

3 2803 21 2818 "
32 2803 104 2832 Psal.
119 2813 204 2838 xxvii,
218 2805 241 2833 Ι.
281 2805 303 2820 ⁸⁹
315 2803 388 2831 Psal.
403 2811 441 2836 ιιι,
452 2803 479 2831 2.

648 2767 671 2784 ιδ
690 2763 698 2791 l
717 2766 781 2794 Cor.
800 2774 820 2799 t,
837 2766 863 2792 2.

834 2218 885 2246 ista
900 2219 979 2246 valde
993 2218 1101 2246 subtilia
1119 2222 1191 2249 sunt,
1209 2218 1245 2244 ita
1257 2221 1288 2243 ut
1297 2216 1431 2243 conﬁxam
1450 2224 1479 2243 se
1489 2216 1579 2243 anima
1591 2216 1626 2242 ah

835 2264 874 2292 eis
885 2264 1087 2298 sauciatamque
1098 2262 1141 2290 vix
1152 2262 1261 2294 sentiat,
1274 2261 1326 2288 nisi
1339 2261 1361 2288 si
1380 2261 1473 2289 induta
1490 2265 1532 2288 est
1543 2261 1627 2288 armis

834 2310 894 2342 Dei,
906 2314 933 2337 et
941 2313 994 2337 stat
1004 2309 1116 2345 vigilans
1127 2312 1154 2335 et
1165 2307 1309 2335 immobilis
1319 2315 1382 2343 erga
1392 2307 1505 2334 astutias
1515 2306 1624 2337 diaboli,

835 2361 914 2384 scuto
924 2356 1098 2391 semetipsam
1112 2354 1172 2382 ﬁdei
1191 2362 1240 2389 per
1250 2354 1341 2381 omnia
1356 2358 1513 2389 contegens,
1525 2357 1552 2380 et
1564 2352 1627 2379 nul-

835 2403 888 2431 lam
899 2410 1011 2438 prorsus
1022 2401 1144 2437 corporis
1153 2405 1257 2436 partem
1270 2399 1321 2427 ﬁde
1340 2400 1441 2427 nudam
1459 2400 1625 2435 relinquens.
1651 2441 1658 2447 ἱ

836 2448 1052 2482 Quantacunque
1061 2451 1151 2474 autem
1164 2446 1301 2473 dzemones
1314 2446 1429 2473 fecerint
1440 2446 1502 2478 tela,
1515 2446 1537 2472 si
1550 2446 1627 2472 inve-
1655 2446 1664 2453 "

836 2495 913 2523 niant
925 2499 1044 2522 mentem
1056 2494 1174 2521 hominis
1189 2493 1240 2520 ﬁde
1251 2493 1395 2526 munitam,
1407 2492 1513 2520 etiamsi
1526 2492 1628 2519 fuerint

837 2540 932 2576 ignita,
945 2539 1050 2566 etiamsi
1068 2538 1244 2574 cupiditatum
1265 2538 1382 2565 flammis
1395 2542 1423 2565 et
1436 2537 1568 2565 incendiis
1582 2545 1628 2564 ar-

838 2586 920 2614 deant
932 2585 1070 2615 vitiorum.
1088 2585 1154 2612 ﬁdes
1167 2585 1247 2620 plena
1262 2589 1359 2613 cuncta
1374 2583 1528 2620 restinguit.

874 2631 951 2660 Vers.
966 2631 992 2659 6.
1011 2631 1088 2659 Lteva
1106 2632 1163 2666 ejus
1175 2632 1222 2659 sub
1237 2632 1323 2667 capite
1342 2639 1408 2664 meo,
1424 2635 1448 2658 et
1463 2631 1556 2657 dextra
1572 2630 1628 2665 ejus

839 2677 1013 2713 amplectetur
1039 2687 1088 2705 me.
1116 2677 1268 2713 Descriptio
1302 2682 1343 2705 est
1373 2678 1484 2712 quidem
1504 2676 1627 2704 amatorti

921 2765 943 2781 "
961 2763 1057 2791 Matth.
1072 2770 1115 2795 xv,
1131 2762 1175 2789 l5.
1231 2760 1255 2776 “
1272 2759 1324 2788 lsa.
1349 2767 1422 2793 nn,
1440 2760 1467 2787 2.
1507 2759 1529 2776 ⁸⁷
1555 2758 1623 2787 ibid.
