1879 3046
254 94 304 122 165

789 97 953 126 οιξιςεκιδ
969 98 1001 126 IN
1021 97 1197 127 CANTlClIM
1216 100 1352 129 CANTIC.

1826 104 1870 135 ιθι

225 146 231 202 1
251 157 383 184 dramatis
398 164 506 191 sponsae
529 156 684 184 festinantis
698 157 732 184 ad
747 159 913 185 connubiutn
926 159 1031 193 sponsi,
1048 159 1192 189 Adicitur.
1208 160 1258 188 Per
1274 161 1490 190 incarnationem
1513 170 1631 198 namque
1652 164 1765 192 divitias
1779 170 1806 192 et
1818 165 1870 201 glo-

252 203 325 229 velut
340 206 428 229 tamen
446 203 528 237 paulo
539 203 722 237 apertioribus
737 204 860 237 corporis
876 204 1035 238 appellatio-

253 247 334 274 nibus
348 248 443 274 currit.
466 248 519 274 Sed
535 254 662 276 Converte
675 254 700 275 te
715 249 834 276 velocius
857 250 890 276 ad
907 250 1034 284 spiritum

251 292 445 326 vivificantem,
462 299 489 320 et
508 293 645 329 refugiens
659 295 855 330 appellationes
871 302 1033 329 corporeas,

251 345 315 365 vere
327 339 449 373 perspice
460 347 522 374 qua:
535 340 571 367 sit
585 339 664 366 Verbi
683 339 727 366 Dei
745 340 821 371 laeva,
837 347 900 375 qua
921 340 956 367 sit
967 341 1035 367 dex-

253 388 305 416 tra,
325 385 397 418 quod
417 385 499 412 etiam
515 389 596 419 caput
609 392 717 420 sponsze
731 385 801 420 ejus,
816 386 915 413 animae
930 387 1034 414 scilicet

252 429 387 464 perfectas,
400 430 442 457 vel
458 429 593 462 Ecclesiae,
611 435 706 462 etnon
722 436 748 458 te
769 431 858 466 rapiat
873 432 993 460 carnalis
1007 438 1035 459 et

251 474 389 509 passibilis
410 482 518 502 sensus.
534 475 592 509 Ipsa
611 475 683 501 enim
699 479 741 502 est
754 476 800 503 hic
819 476 913 510 sponsi
939 476 1032 504 dextra

251 526 277 549 et
299 519 375 554 laeva,
400 530 460 557 qua:
484 523 512 549 in
535 522 691 550 Proverbiis
712 523 746 550 de
771 523 904 558 sapientia
920 524 1032 557 dicitur,

251 568 296 595 ubi
310 569 347 595 ait
366 578 373 596 :
396 568 541 603 Longitudo
575 569 643 595 enim
662 570 722 596 sine
738 570 765 596 in
785 571 894 597 dextera
923 571 991 606 ejus,
1006 572 1033 598 in

249 614 357 641 sinistra
379 622 437 641 vero
461 614 520 648 ejus
556 614 657 642 divitia
685 621 710 642 et
742 615 828 650 gloria
845 617 878 642 '°.
904 616 938 644 Et
962 617 1034 644 sicut

248 659 292 686 hic
320 660 478 694 sapientiam
508 668 563 688 non
587 661 647 687 ideo
672 661 790 696 aliquam
821 661 950 689 feminam
979 663 1032 690 dici

246 705 363 739 putabis,
388 706 452 740 quia
469 705 588 733 femineo
609 707 721 734 nomine
747 708 877 742 appellari
902 708 1030 736 videtur:

246 750 333 778 itane
352 751 380 777 in
397 751 451 779 hoc
474 752 584 786 quidem
609 753 738 786 quoniam
761 753 912 781 masculino
935 761 1032 789 genere

246 803 364 830 sponsus
379 796 497 824 Verbum
511 797 557 824 Dei
570 797 680 827 dicitur.
692 799 870 833 corporaliter
883 800 1032 835 intelligere

247 842 330 869 debes
352 842 445 869 laevam
470 843 541 877 ejus,
566 847 614 869 aut
641 843 791 876 dexteram,
817 845 859 871 vel
891 846 1031 880 amplexus

247 894 373 922 sponsas,
404 888 446 915 vel
473 889 571 915 animae
600 897 649 923 pro
676 888 784 917 feminei
812 890 919 924 generis
948 891 1032 918 decli-

248 933 358 960 natione
393 934 548 968 pcrcipere;
585 935 631 962 sed
667 934 785 962 Verbum
819 935 878 968 Dei,
905 937 1030 971 quamvis

247 978 319 1012 apud
350 978 457 1007 (ἕτεροι
485 980 646 1012 masculino,
672 981 744 1016 apud
774 989 825 1009 nos
852 987 949 1009 neutro
982 989 1029 1017 ge-

247 1032 312 1052 nere
343 1025 508 1059 proferatur,
540 1034 621 1061 super
656 1028 837 1055 masculinum
874 1033 963 1055 tamen
1003 1034 1030 1056 et

248 1074 372 1096 neutrum
413 1078 446 1098 ac
476 1070 622 1099 femineum
660 1081 762 1108 genus,
796 1079 823 1101 et
856 1082 939 1109 super
975 1075 1028 1110 77

245 1121 328 1141 omne
352 1115 465 1143 omnino
492 1117 562 1151 quod
588 1117 622 1144 ad
650 1118 702 1146 hoc
727 1119 848 1154 respicit,
869 1128 929 1148 esse
953 1122 1029 1157 cogi-

244 1161 325 1187 tanda
343 1166 406 1188 sunt
419 1162 470 1189 ista
487 1162 520 1189 de
539 1163 638 1197 quibus
658 1172 748 1192 sermo
772 1171 813 1193 est
831 1175 837 1193 :
856 1172 883 1194 et
906 1176 960 1195 non
984 1177 1030 1196 so-

244 1206 302 1233 lum
316 1205 433 1234 Verbum
450 1206 507 1238 Dei.
521 1208 568 1235 sed
582 1213 609 1235 et
625 1208 742 1237 Ecclesia
758 1211 828 1246 ejus,
841 1217 924 1248 atque
936 1214 1027 1241 anima

243 1251 371 1286 perfecta,
389 1261 451 1288 quae
477 1259 505 1281 et
531 1263 631 1289 sponsa
653 1257 821 1286 nominatur.
842 1260 887 1286 Sic
905 1261 977 1288 enim
1002 1267 1028 1290 ct

243 1301 474 1335 Apostolusdicit:
488 1301 500 1328 1
502 1312 517 1329 n
526 1303 546 1329 C
549 1304 633 1330 Im's'o
641 1305 709 1330 enim
715 1314 796 1341 neque
802 1309 1029 1346 masculus,neque

243 1346 352 1380 fontum,
370 1348 416 1374 sed
434 1356 522 1375 omnes
536 1350 564 1375 in
585 1350 641 1384 ipso
655 1359 734 1378 unum
752 1361 843 1380 sumus
857 1355 889 1381 ⁶¹.
904 1355 966 1384 Haec
979 1365 1027 1384 au-

244 1397 298 1419 tem
312 1398 422 1428 propter
436 1394 560 1423 homines
573 1396 619 1430 qui
632 1397 710 1424 aliter
723 1399 818 1426 audire
831 1408 884 1428 non
897 1408 1025 1437 possunt,

248 1438 296 1465 nisi
314 1439 356 1466 bis
373 1440 464 1466 verbis
479 1448 539 1474 qua
556 1441 582 1468 in
600 1450 652 1469 usu
676 1443 820 1478 habentur,
842 1446 868 1473 in
885 1446 1025 1483 Scriptura

242 1489 333 1517 divina
349 1490 459 1519 humani
476 1500 551 1520 more
564 1493 723 1522 referuntur
745 1497 843 1532 eloquii
867 1508 874 1526 :
893 1505 921 1527 ut
936 1502 1025 1530 verbis

241 1536 350 1570 quidem
373 1538 444 1565 notis
467 1546 498 1565 ea
518 1543 544 1566 ct
559 1540 648 1567 solitis
665 1541 820 1575 audiamus,
836 1552 918 1573 sensu
936 1552 1025 1575 tamen

242 1581 288 1607 illo
303 1589 358 1616 quo
370 1582 482 1616 dignum
497 1589 538 1611 est
553 1584 587 1611 de
604 1585 704 1614 divinis
717 1588 798 1616 rebus
815 1594 841 1616 et
858 1590 1025 1628 incorporcis

241 1627 401 1654 sentiamus.
412 1625 480 1655 Nam
496 1629 566 1656 sicut
579 1630 602 1657 is
615 1631 661 1665 qui
675 1637 824 1661 amatorem
841 1635 906 1663 dicit
921 1625 950 1665 se
965 1646 1026 1666 esse

242 1670 451 1704 pulchritudinis
469 1673 618 1707 sapienlirc,
643 1675 695 1702 hoc
721 1677 838 1705 ostendit
853 1681 926 1712 quod
942 1685 1024 1708 natu-

242 1716 325 1743 ralem
349 1717 397 1751 qui
421 1718 447 1744 in
474 1726 503 1745 se
526 1724 567 1746 est
585 1719 724 1749 cbaritatis
747 1722 871 1751 aﬂ'ectum
886 1725 919 1753 ad
935 1728 1024 1755 studia

240 1762 410 1790 transtulerit
433 1764 590 1799 sapientia}:
610 1766 646 1793 ila
671 1772 697 1795 et
711 1768 754 1796 hic
779 1777 876 1804 sponsa
892 1773 1022 1807 deposcit,

242 1807 283 1834 vel
305 1809 405 1840 anima,
421 1809 463 1836 vel
488 1809 619 1844 Ecclesia,
635 1816 665 1839 ut
688 1821 804 1848 sponsus
823 1824 889 1844 suus
911 1819 957 1853 qui
982 1825 1024 1848 est

242 1852 359 1880 Verbum
377 1854 433 1887 Dei,
447 1855 511 1883 hera
527 1857 636 1892 quidem
652 1867 700 1886 sua
716 1866 797 1895 caput
807 1862 866 1897 ejus
878 1869 1022 1898 sustentet,

190 1905 192 1907 ’
239 1899 350 1926 dextera
363 1909 426 1928 vero
440 1902 500 1937 ejus
515 1909 596 1931 omne
609 1904 667 1939 ejus
680 1905 814 1941 reliquutn
829 1910 1024 1945 complectatur

237 1950 265 1972 et
290 1947 459 1982 constringat
480 1956 590 1984 corpus.
611 1949 658 1978 Est
679 1956 767 1979 autem
789 1953 854 1981 laeva
869 1955 895 1981 iu
912 1964 964 1991 qua
978 1965 1023 1984 sa-

238 1990 338 2025 pientia
361 1993 468 2021 divitias
486 1995 624 2023 continere
648 2002 675 2023 et
691 1997 804 2032 gloriam
821 2000 930 2028 dicitur.
947 2002 1023 2035 Quas

238 2041 328 2064 autem
343 2038 423 2065 habet
434 2039 544 2067 divitias
556 2040 687 2074 Ecclesia,
703 2047 730 2069 et
742 2051 824 2079 quam
839 2045 954 2080 gloriam
969 2048 1022 2075 nisi

236 2080 297 2109 illas
310 2090 380 2116 quas
392 2085 495 2118 accepit
511 2085 545 2111 ab
558 2093 591 2112 eo
610 2087 657 2120 qui
678 2095 740 2114 cum
765 2089 840 2117 dives
857 2097 938 2124 esset,
955 2100 1022 2126 pau-

237 2140 286 2168 per
311 2133 398 2161 factus
423 2140 475 2166 est,
491 2141 520 2163 ut
539 2137 612 2164 illius
630 2144 789 2172 paupertate
808 2139 928 2169 Ecclesia
946 2144 1021 2172 fieret

236 2178 331 2205 dives?
344 2179 410 2212 Quae
425 2185 514 2208 autem
538 2186 580 2209 est
606 2184 713 2217 gloria?
735 2185 779 2212 illa
801 2186 860 2214 sine
881 2187 964 2216 dubio
987 2190 1021 2217 de

236 2231 290 2258 qua
306 2223 372 2251 dicit
389 2234 395 2251 :
414 2224 506 2259 Pater,
521 2226 640 2262 clariﬁca
656 2227 755 2256 Filium
771 2236 844 2257 tuum
868 2232 901 2265 ",
915 2234 1020 2268 passio-

235 2268 278 2296 nis
300 2269 358 2297 sine
378 2270 461 2297 dtlbio
481 2271 594 2306 gloriam
611 2273 766 2309 designans.
784 2275 863 2304 Fides
878 2285 942 2313 ergo
957 2287 1019 2314 pas-

234 2314 320 2341 sionis
334 2315 447 2348 Christi,
462 2317 548 2352 gloria
563 2323 590 2345 et
604 2319 706 2347 divitiae
722 2319 848 2349 Ecclesia:
869 2328 943 2357 sunt,
957 2333 1019 2360 qua;

234 2361 262 2389 in
276 2363 341 2390 laeva
354 2363 414 2399 ejus
425 2366 609 2395 continentur.
626 2367 731 2397 Ltevam
747 2376 837 2400 autem
854 2379 920 2409 puto
936 2374 1018 2403 Verbi

235 2406 282 2435 Dei
303 2409 354 2456 hoc
377 2411 458 2438 modo
479 2412 576 2440 debere
600 2414 732 2450 intelligi;
756 2406 885 2452 quoniam
910 2421 1017 2456 quidem

233 2458 297 2479 sunt
311 2453 338 2480 in
352 2458 386 2482 eo
402 2457 524 2490 quaedam
539 2458 756 2494 dispensationes
770 2467 833 2490 ante
850 2453 1016 2494 incarnatio-

232 2512 293 2531 nem
309 2511 399 2542 gcstae,
416 2513 478 2535 sunt
495 2517 558 2537 vero
572 2511 670 2546 aliquae
682 2518 709 2540 et
725 2521 772 2548 per
787 2515 1014 2547 incarnationem.

230 2547 278 2576 Illa
293 2558 357 2585 pars
376 2551 454 2580 Verbi
471 2553 517 2581 Dei
535 2563 595 2590 qua:
611 2562 673 2584 ante
688 2547 906 2594 assumptioncm
925 2565 1017 2591 carnis

231 2595 260 2623 iu
278 2596 527 2632 dispenSationibus
548 2607 656 2636 peracta
681 2610 732 2636 est,
746 2605 857 2634 dextera
871 2612 960 2641 potest
977 2611 1017 2638 vi-

229 2641 304 2675 deri;
318 2643 374 2671 haec
389 2653 453 2673 vero
468 2654 528 2681 qua:
540 2654 587 2682 per
601 2647 830 2683 incarnationem,
843 2653 953 2681 sinistra
966 2663 1015 2690 ap-

230 2687 332 2722 pellari.
351 2688 426 2717 Unde
445 2697 472 2718 ct
488 2692 599 2720 sinistra
613 2693 721 2722 divitias
740 2700 767 2722 et
781 2697 895 2731 gloriam
914 2687 1015 2729 habere

1050 824 1070 851 D

1039 2153 1060 2182 D

1087 206 1154 232 riam
1167 207 1303 240 quaesivit,
1315 209 1437 235 onmium
1454 209 1558 236 scilicet
1575 211 1703 236 salutem.
1719 211 1749 237 ln
1765 211 1867 239 derlcra

1085 255 1175 279 autem
1199 252 1340 287 longitudo
1365 255 1428 281 vitxe
1444 262 1505 281 esse
1520 255 1621 282 dicitur
1637 264 1645 282 :
1659 263 1708 290 per
1727 257 1802 290 quod
1816 257 1868 284 sine

1085 296 1168 324 dubio
1192 297 1236 324 illa
1262 298 1322 332 ejus
1345 306 1409 333 pars
1423 307 1485 334 quae
1505 299 1532 326 in
1548 301 1684 335 principio
1701 302 1776 336 apud
1791 301 1867 330 Deum

1085 342 1156 370 Deus
1177 347 1237 370 erat
1257 343 1390 377 Verbum,
1408 346 1610 380 sempiternitas
1632 347 1782 374 indicatur.
1801 347 1868 375 llam:

1084 396 1149 422 ergo
1165 389 1259 416 larvam
1275 388 1408 422 Ecclesia,
1420 391 1500 426 cujus
1514 391 1642 420 Christus
1657 397 1699 420 est
1711 398 1807 428 caput,
1823 401 1867 428 op-

1085 437 1123 460 tat
1138 433 1238 461 babere
1251 434 1302 461 sub
1315 435 1403 469 capite
1417 443 1479 468 suo,
1491 440 1519 463 et
1529 436 1582 464 ﬁde
1593 437 1796 466 incarnationis
1816 440 1868 473 ejus

1083 483 1164 513 caput
1178 487 1257 506 suum
1274 481 1395 513 muniri;
1411 480 1523 508 dextera
1539 489 1604 509 vero
1618 483 1679 517 ejus
1695 484 1834 518 amplecti.
1847 485 1867 510 id

1084 528 1126 550 est
1138 523 1353 559 illa'agnoscere,
1364 529 1391 552 et
1404 525 1437 552 de
1449 525 1502 553 illis
1517 526 1626 560 instrui,
1640 535 1701 562 qua:
1713 533 1781 555 ante
1795 529 1867 562 hujus

1083 576 1192 603 quoque
1221 577 1269 603 per
1299 569 1516 598 incarnationem
1549 575 1630 606 gestae
1660 572 1868 607 dispensationis

1087 617 1195 648 tempus
1212 615 1240 641 in
1255 616 1363 643 arcanis
1380 616 1513 644 habentur
1532 620 1561 643 et
1574 617 1732 645 reconditis.
1757 618 1868 646 Dextera

1086 667 1205 694 namque
1229 660 1265 687 ibi
1281 661 1399 695 putanda
1420 667 1485 689 sunt
1497 670 1558 690 esse
1572 663 1677 696 omnia,
1691 664 1736 690 ubi
1755 664 1825 690 nihil
1840 666 1869 691 de

1083 709 1256 739 peccatorum
1275 706 1404 740 miseriis,
1416 708 1485 734 nihil
1497 708 1530 735 de
1542 707 1697 744 fragilitatis
1713 709 1796 744 lapsu
1809 718 1868 737 con-

1083 750 1194 778 tinetur.
1212 750 1260 779 Hic
1275 759 1340 778 vero
1356 752 1434 786 laeva,
1452 753 1498 780 ubi
1511 754 1624 782 vulnera
1640 759 1735 782 nostra
1751 757 1867 786 curavit.

1082 799 1110 822 et
1131 800 1240 829 peccata
1262 801 1356 824 nostra
1379 800 1496 832 portavit
1517 799 1606 827 factus
1628 800 1710 826 etiam
1739 801 1802 835 ipse
1826 809 1867 835 pro

1083 840 1162 869 nobis
1175 847 1315 876 peccatum
1331 849 1358 870 et
1376 844 1559 872 maledictum.
1575 845 1641 878 Qua:
1653 846 1746 873 omnia
1771 855 1865 881 quant-

1081 886 1122 913 vis
1137 891 1220 921 caput
1241 892 1269 915 et
1291 888 1370 915 ﬁdem
1387 894 1541 917 sustentent
1557 890 1696 923 Ecclesiae,
1713 893 1815 919 merito
1829 897 1865 919 ta-

1081 940 1142 959 men
1168 932 1279 960 sinistra
1306 933 1387 961 Verbi
1411 935 1456 962 Dei
1479 936 1698 971 appellabuntur.
1714 936 1744 964 In
1769 938 1867 972 quibus

1081 977 1171 1012 aliqua
1186 978 1268 1005 etiam
1284 985 1380 1014 praeter
1395 981 1468 1008 illam
1490 987 1618 1009 naturam
1641 991 1704 1017 quae
1726 987 1785 1010 tota
1805 983 1876 1011 det-.

1081 1026 1136 1049 tera
1149 1027 1199 1055 est,
1212 1028 1239 1051 et
1249 1028 1303 1052 tota
1313 1024 1370 1057 lux,
1382 1033 1415 1054 ac
1427 1026 1566 1062 splendor,
1582 1032 1609 1055 ct
1623 1028 1709 1063 gloria
1725 1029 1867 1063 pertulisse

1082 1072 1259 1095 memoratur.

1116 1113 1193 1142 Vers.
1208 1114 1235 1140 7.
1250 1114 1379 1149 Adjuravi
1393 1123 1447 1147 vos,
1462 1116 1526 1150 ﬁlia:
1550 1117 1729 1150 Hierusalem,
1743 1119 1769 1146 in
1785 1120 1864 1146 uirtu-

1080 1157 1148 1185 tibus
1162 1163 1185 1184 et
1202 1159 1228 1185 in
1243 1159 1340 1186 viribus
1354 1161 1423 1194 agri,
1436 1161 1459 1187 si
1475 1161 1621 1189 (evaseritis
1637 1168 1662 1194 et
1675 1165 1865 1191 suscitaverit“

1078 1204 1235 1232 duritatem
1249 1206 1418 1241 quoadusque
1432 1208 1502 1235 velit.
1518 1207 1622 1242 Sponsa
1639 1209 1731 1237 adhuc
1745 1210 1779 1237 ad
1803 1211 1864 1236 ado-

1078 1250 1240 1279 lescentulas
1265 1252 1399 1286 loquitur,
1420 1261 1572 1288 provocans
1587 1261 1635 1282 eas
1657 1260 1686 1282 et
1706 1256 1862 1286 exhortans,

1079 1295 1134 1323 imo
1153 1302 1179 1324 et
1200 1297 1330 1332 adjurans
1349 1305 1396 1333 per
1419 1305 1450 1326 ea
1471 1306 1533 1333 quae
1550 1299 1590 1327 eis
1613 1300 1697 1327 chara
1713 1308 1776 1328 esse
1791 1302 1865 1327 novit

1077 1346 1105 1369 et
1116 1343 1256 1375 amabilia,
1265 1348 1296 1370 ut
1306 1344 1329 1370 si
1345 1343 1414 1371 forte
1425 1344 1530 1372 elevare
1542 1346 1678 1380 cmperint
1688 1346 1862 1379 charitatcm,

1075 1386 1211 1421 jacentem
1237 1388 1337 1422 quippe
1361 1389 1388 1415 in
1412 1389 1463 1422 eis,
1487 1392 1515 1416 et
1537 1390 1657 1418 excitare
1681 1399 1754 1426 eam,
1771 1397 1864 1426 utpote

1077 1433 1170 1460 adhuc
1191 1433 1370 1461 dormientem
1391 1435 1463 1469 apud
1488 1443 1546 1468 eas,
1570 1436 1596 1463 in
1625 1441 1731 1464 tantum
1760 1439 1862 1466 elevem

1077 1485 1149 1511 eam,
1163 1482 1191 1505 et
1211 1478 1239 1506 in
1263 1483 1368 1506 tantum
1385 1480 1530 1513 suscitent,
1547 1481 1574 1508 in
1598 1487 1731 1516 quantum
1748 1484 1863 1511 voluerit

1077 1530 1205 1557 sponsus,
1227 1531 1278 1552 nec
1294 1524 1385 1552 minus
1399 1525 1501 1560 aliquid
1515 1527 1543 1552 in
1558 1535 1590 1554 ea
1605 1532 1687 1562 agant
1709 1536 1794 1563 quam
1819 1537 1862 1556 vo-

1077 1568 1167 1596 luntas
1179 1569 1264 1604 ipsius
1275 1570 1387 1605 patitur.
1404 1570 1468 1598 ﬂare
1480 1577 1523 1599 est
1538 1572 1611 1599 enim
1623 1575 1741 1602 amantis
1755 1582 1862 1610 sponsae

1076 1613 1218 1648 perfectio,
1235 1619 1264 1642 ut
1278 1623 1293 1642 a
1311 1614 1387 1642 nullo
1404 1616 1468 1643 velit
1479 1621 1574 1644 contra
1590 1619 1713 1646 animum
1729 1625 1758 1647 et
1771 1621 1863 1648 volun-

1076 1663 1159 1686 tatem
1176 1660 1236 1694 ejus
1253 1660 1311 1687 ﬁeri
1324 1668 1405 1695 quem
1420 1661 1518 1697 diligit.
1534 1662 1569 1690 Et
1584 1669 1614 1691 ut
1631 1665 1682 1691 hoc
1705 1673 1761 1692 non
1779 1666 1864 1701 negli-

1075 1710 1170 1740 genter
1190 1711 1237 1733 aut
1253 1707 1373 1742 segniter
1385 1713 1477 1742 agant,
1491 1717 1540 1743 per
1561 1710 1675 1738 virtutes
1687 1712 1745 1746 agri
1759 1721 1767 1745 ;
1783 1713 1810 1740 id
1824 1717 1865 1740 est

1074 1757 1124 1784 per
1146 1751 1280 1786 plantaria
1300 1755 1328 1778 et
1342 1753 1457 1788 virgulta
1473 1762 1534 1789 quae
1549 1754 1575 1782 in
1593 1763 1660 1790 agro
1675 1761 1751 1789 sunt,
1775 1763 1801 1784 et
1818 1765 1863 1792 per

1075 1797 1147 1824 vires
1161 1797 1231 1831 ejus,
1250 1798 1309 1825 sine
1331 1798 1415 1826 dubio
1435 1807 1483 1834 per
1495 1807 1527 1827 ea
1543 1808 1604 1835 quae
1619 1801 1646 1828 in
1665 1809 1699 1829 eo
1713 1807 1773 1829 sata
1787 1808 1860 1835 sunt,

1074 1841 1245 1876 adjurantur.
1265 1842 1324 1869 Tali
1348 1844 1444 1871 ordine
1462 1845 1562 1886 talique
1584 1847 1729 1874 verborum
1749 1856 1859 1883 compo-

1074 1887 1171 1914 sitione
1198 1892 1290 1916 textus
1317 1888 1440 1917 historici
1468 1891 1599 1919 drarnatis
1625 1892 1764 1928 dirigitur.
1783 1893 1860 1921 Nunc

1073 1932 1132 1967 jam
1148 1933 1213 1968 quid
1232 1934 1325 1961 arcani
1342 1934 1507 1964 intrinsecus
1519 1942 1656 1973 contegat,
1673 1940 1859 1974 requiramus.

1073 1978 1169 2005 Omnis
1194 1979 1285 2006 anima
1305 1980 1440 2015 pmcipue
1465 1989 1526 2016 qutc
1540 1982 1596 2010 tilia
1617 1988 1659 2011 est
1677 1984 1859 2018 Hierusalem,

1073 2024 1154 2052 habet
1179 2025 1296 2060 aliquem
1323 2034 1417 2062 agrum
1446 2029 1601 2064 proprium,
1626 2032 1674 2066 qui
1699 2033 1725 2060 ei
1755 2039 1860 2061 sceret:

1072 2069 1189 2103 qttadam
1212 2078 1260 2105 per
1283 2071 1374 2099 Jesum
1401 2074 1561 2102 meritorum
1581 2081 1658 2104 sorte
1681 2078 1792 2106 delatus
1808 2085 1859 2106 est.

1074 2113 1151 2141 Sicut
1164 2115 1216 2142 fuit
1228 2120 1255 2143 et
1267 2117 1311 2144 ille
1326 2125 1389 2152 ager
1401 2118 1496 2152 Jacob,
1506 2120 1587 2155 cujus
1598 2123 1733 2150 suavitate
1748 2131 1860 2158 permo-

1075 2163 1119 2186 tus
1136 2159 1211 2188 Isaac
1225 2162 1380 2195 patriarcha
1397 2164 1520 2199 mysticis
1534 2166 1624 2194 aiebat
1641 2167 1760 2203 eloquiis
1774 2178 1782 2197 :
1796 2169 1861 2196 Em
1878 2184 1879 2198 ξ

1074 2205 1140 2232 odor
1152 2206 1203 2240 ﬁlii
1216 2208 1266 2233 mei
1283 2209 1351 2235 sicut
1364 2209 1428 2236 odor
1441 2211 1499 2245 agri
1511 2211 1591 2246 pleni,
1605 2213 1647 2240 cui
1662 2213 1797 2241 benedixit
1812 2215 1861 2242 Do-

1072 2251 1159 2277 minus
1173 2251 1204 2278 ".
1221 2250 1307 2280 Habet
1331 2261 1396 2290 ergo
1425 2263 1595 2292 unaquaeque
1615 2259 1719 2293 anima,
1736 2265 1767 2287 ut
1790 2261 1860 2289 dixi-

1075 2302 1146 2327 mus,
1162 2302 1256 2330 agrum
1270 2304 1366 2330 suum;
1383 2299 1418 2325 ita
1435 2308 1553 2335 namque
1562 2306 1589 2328 et
1603 2305 1777 2331 conversatio
1788 2306 1860 2340 ejus,

1072 2348 1136 2375 ager
1150 2345 1191 2367 est
1205 2341 1277 2376 ejus.
1300 2343 1330 2369 ln
1351 2344 1402 2371 hoc
1425 2352 1490 2380 agro
1511 2347 1603 2374 anima
1627 2355 1688 2382 qua
1702 2349 1822 2385 diligens
1835 2356 1859 2377 et

1073 2386 1196 2413 studiosa
1222 2391 1275 2419 est,
1296 2389 1363 2416 satis
1385 2389 1440 2425 agit
1461 2395 1487 2417 et
1512 2392 1602 2419 studet
1626 2394 1749 2428 plantare
1771 2396 1859 2423 bonos

1073 2438 1182 2464 sensus,
1196 2436 1221 2458 ct
1237 2439 1334 2461 omnes
1353 2435 1478 2463 excolere
1493 2437 1577 2464 animi
1599 2437 1725 2472 virtutes,
1742 2447 1798 2468 non
1813 2450 1858 2468 so-

1072 2475 1127 2502 lum
1150 2481 1240 2505 autem
1264 2478 1348 2506 animi
1369 2480 1492 2514 virtutes,
1515 2482 1563 2509 sed
1586 2487 1614 2510 et
1637 2484 1710 2512 vires
1733 2493 1857 2520 operum.

1069 2522 1172 2556 quibus
1190 2524 1314 2552 videlicet
1328 2525 1433 2559 impleri
1449 2532 1562 2561 possunt
1576 2529 1729 2557 ministeria
1744 2533 1858 2558 man.'a-

1068 2571 1169 2594 torum.
1194 2568 1242 2595 Esi
1263 2577 1338 2604 ergo,
1364 2575 1394 2597 ut
1418 2573 1549 2606 diximus,
1573 2575 1725 2610 unicuique
1747 2577 1857 2605 animus

1070 2621 1137 2641 suus
1155 2622 1220 2649 ager
1235 2623 1315 2650 quem
1332 2616 1397 2643 colit
1411 2622 1439 2644 et
1453 2618 1567 2653 plantat,
1581 2625 1608 2648 et
1619 2622 1739 2649 seminat
1756 2629 1856 2650 secun-

1068 2658 1132 2685 dum
1151 2659 1207 2687 haec
1231 2668 1291 2695 qua:
1306 2661 1436 2688 diximus.
1454 2662 1503 2691 Est
1518 2669 1608 2692 autem
1632 2670 1661 2693 et
1673 2668 1800 2694 omnium
1816 2667 1855 2694 si-

1066 2704 1122 2730 mul
1140 2704 1257 2732 ﬁliarum
1281 2706 1450 2735 Hierusalem
1468 2717 1537 2737 unus
1554 2711 1666 2745 quidam
1684 2717 1712 2739 et
1732 2720 1855 2741 commu-

266 2781 287 2797 ‘°
299 2780 378 2809 Prov.
405 2791 444 2815 Irl,
464 2785 504 2812 l6.
544 2785 564 2801 ⁶¹
582 2787 640 2814 Gul.
655 2789 752 2820 Itr,28.
790 2790 811 2804 “'
827 2790 904 2818 Joan.
924 2801 971 2825 XII,
995 2795 1039 2822 28.
1079 2796 1100 2811 ⁸³
1119 2796 1185 2823 Gen.
1203 2805 1286 2827 xxv“.
1303 2797 1349 2825 27.
