1879 3046
220 101 270 129 167

761 93 923 122 ORIGE‘MS
944 92 976 120 IN
992 89 1170 119 CANTICUM
1191 88 1328 118 CANTIC.

1800 80 1848 108 tos

219 162 298 193 pios;
311 162 338 184 et
354 156 445 183 adhuc
457 159 488 183 ut
506 154 625 190 amplius
639 153 672 181 ad
692 161 722 181 se
736 160 864 187 sponsam
881 154 1010 186 provocet
1024 150 1048 178 Α
1060 152 1212 183 gesserunt.
1230 146 1283 173 Sed
1315 144 1366 172 etsi
1395 143 1423 170 in
1441 141 1573 178 apestolis
1591 147 1655 168 eum
1670 145 1761 189 ponas
1774 136 1849 187 quasi

218 203 359 232 festinare.
376 202 449 228 dicat
465 201 490 229 ei
508 210 514 227 :
537 200 607 234 Quia
628 206 709 226 omne
730 202 838 232 tempus
857 197 930 232 quod
949 196 1006 230 jam

219 255 302 283 grave
324 247 478 280 videbatur,
494 246 631 278 transivit,
645 250 672 272 et
686 244 773 271 hiems
794 250 855 278 qum
875 243 900 269 ei
924 249 1007 269 causa

219 297 314 320 exorta
326 292 479 324 videbatur,
489 290 632 323 abscessit,
643 290 795 325 pluviaeque
807 288 917 315 inutiles
928 287 1007 314 abic-

220 341 294 369 runt,
311 341 338 364 et
357 341 464 371 tempus
475 335 532 370 jam
554 335 680 362 ﬂoridum
701 334 785 366 venit,
807 333 875 360 nihil
892 331 1008 359 moreris

221 384 272 410 iter
282 383 392 418 aggredi
405 381 532 409 veniendi
545 381 579 408 ad
592 387 647 407 me.
662 379 733 407 Ecce
742 379 815 406 enim
828 384 856 406 et
870 378 1007 413 agricolae,

221 428 285 462 quia
301 427 373 454 veris
388 427 444 461 jam
458 430 565 460 tempus
586 424 687 456 arrisit,
707 423 801 451 vincas
825 423 938 455 colunt;
955 430 1009 451 vox

220 473 293 500 enim
317 477 375 500 tum
392 475 420 499 et
431 470 545 498 aliamm
561 469 665 500 avium,
688 473 745 495 tum
763 468 846 495 etiam
867 475 967 495 sonora
982 472 1010 494 et

221 525 298 554 grata
318 520 435 547 turturis
455 519 596 546 vernantis
620 518 742 545 auditur.
763 517 817 544 Sed
839 522 868 544 et
891 517 960 544 licus
975 516 1009 544 de

221 565 293 592 veris
307 569 379 593 certa
396 564 524 599 temperie
539 570 650 598 germen
665 570 747 590 suum
771 561 919 596 produxit;
941 561 1009 588 vites

226 618 293 637 vero
312 611 339 637 in
354 613 459 637 tantum
481 608 514 635 de
528 608 658 643 temporis
672 607 871 642 tranquillitate
886 613 940 634 non
959 610 1010 633 du-

221 655 316 688 bitant,
334 660 363 682 ut
381 655 463 683 ﬂores
479 663 545 684 suos
565 655 622 690 jam
643 654 762 682 audeant
776 653 930 687 odoresque
943 659 1010 686 pro-

220 700 300 728 ferre.
315 699 378 728 Haec
393 701 503 735 quidem
526 701 560 727 de
576 699 776 734 tranquillitate
789 697 922 732 temporis
939 695 1011 723 indi-

219 749 263 772 cat
273 753 382 780 sponsa:
398 750 429 772 ut
444 745 549 778 majore
565 751 627 770 cum
644 743 741 770 ﬁducia
757 743 879 777 arripere
894 742 944 768 iter
960 748 1010 768 au-

219 791 282 818 deat
303 791 432 826 pergendi
455 790 489 817 ad
503 797 647 825 sponsum.
662 789 717 817 Sed
733 793 761 815 et
772 788 863 815 locum
882 786 1013 814 describit

220 837 256 868 ei,
272 837 299 863 in
311 843 368 870 quo
381 836 441 862 vult
456 843 516 863 eam
534 843 626 863 secum
642 834 834 869 requiescere;
847 837 873 861 et
889 833 956 860 dicit
966 839 1013 860 ve-

222 881 343 908 Iamento
363 881 508 915 eujusdam
532 881 591 907 saxi
614 880 688 915 quod
705 886 786 906 muro
809 878 871 914 ipsi,
887 877 929 904 vel
952 877 1012 904 loco

222 934 273 961 pro
294 926 395 953 murali
418 926 578 961 contiguum
595 926 639 957 sit,
657 925 852 960 opacissimum
866 923 1012 958 quemdam

222 971 293 999 eﬂici
315 971 423 1004 locum;
446 971 480 998 ad
501 977 582 1005 quem
604 971 697 998 venire
714 977 775 997 eam
798 969 866 1001 vult,
881 972 907 995 et
922 967 1013 994 ablato

223 1017 359 1043 velamine
383 1016 420 1043 ibi
445 1016 505 1051 ejus
528 1017 676 1044 revelatam
702 1015 799 1042 faciem
824 1012 959 1045 contueri,
983 1016 1014 1039 ut

224 1062 294 1090 facie
310 1062 343 1089 ad
360 1062 457 1089 faciem
473 1063 629 1089 innotescat
649 1068 752 1095 sponso
765 1067 828 1092 suo,
848 1063 876 1086 et
890 1066 945 1086 non
969 1065 1015 1085 so-

224 1107 280 1134 lum
303 1106 401 1134 faciem
417 1107 477 1142 ejus
501 1107 648 1134 revelatam
662 1106 752 1133 videat
770 1112 888 1140 sponsus
905 1108 934 1131 et
947 1103 1015 1130 libe-

224 1160 295 1185 ram,
306 1152 353 1179 sed
369 1157 397 1180 et
412 1160 505 1180 vocem
517 1153 577 1187 ejus
587 1152 623 1179 ibi
642 1152 745 1184 audiat,
757 1155 849 1178 certus
865 1150 922 1185 jam
939 1149 1014 1184 quod

223 1202 250 1224 et
273 1197 357 1225 facies
369 1198 430 1233 ejus
443 1197 557 1233 pulchra
571 1198 617 1231 sit,
629 1201 657 1224 et
673 1204 725 1223 vox
739 1196 800 1231 ejus
812 1195 906 1223 suavis
919 1201 952 1221 ac
967 1193 1016 1221 de-

224 1243 367 1271 Iectablis.

259 1288 323 1317 Haec
336 1293 428 1316 autem
444 1289 641 1323 pmvenientes
662 1287 870 1322 corijitnsimus,
888 1293 922 1313 ne
941 1285 1015 1312 ordi-

225 1343 287 1362 nem
300 1334 436 1362 dramatis
451 1338 479 1361 et
494 1334 618 1361 historia:
633 1338 737 1360 textum
757 1333 913 1360 videremur
932 1331 1017 1358 inter-

227 1387 363 1416 rumpere.
391 1379 444 1407 Sed
470 1379 668 1414 pratvenientes
694 1378 836 1413 paululum
866 1384 954 1412 usque
981 1376 1016 1403 ad

225 1426 304 1454 illum
335 1426 427 1453 locum
463 1425 562 1452 fabula:
592 1424 716 1452 ordinem
749 1424 888 1459 prosecuti
919 1429 1051 1458 sumusc

227 1471 273 1498 ubi
296 1471 333 1498 ait
349 1479 356 1497 :
371 1470 505 1504 Quoniam
525 1478 575 1498 vos:
597 1475 644 1497 tua
668 1470 769 1503 suavis,
794 1469 876 1504 facies
897 1473 944 1496 tua
957 1476 1016 1502 spe-

226 1518 298 1543 ciosa
323 1517 356 1543 ⁶⁷.
383 1516 462 1544 Nunc
487 1524 553 1552 ergo
581 1519 735 1551 repetentes
760 1515 902 1543 videamus
927 1515 1017 1550 primo

227 1561 282 1597 79
295 1561 360 1596 quid
374 1566 417 1589 est
429 1561 504 1596 quod
519 1562 558 1588 ait
572 1570 579 1588 :
601 1560 658 1588 Vox
671 1561 784 1596 fraterni
808 1561 874 1587 mei.
895 1559 934 1587 Ex
951 1567 1017 1587 voce

227 1608 285 1634 sola
309 1607 343 1634 ab
366 1607 488 1635 Ecclesia
508 1614 559 1634 sua
584 1607 673 1641 primo
694 1606 822 1634 Christus
846 1606 1017 1642 agnoscitur.

228 1653 321 1680 Primo
344 1653 418 1680 enirn
435 1660 530 1680 vocem
553 1659 632 1679 suam
646 1652 779 1687 praemisit
792 1659 841 1687 per
856 1651 1017 1686 prophetas,

227 1703 254 1726 ct
268 1706 332 1725 cum
344 1705 397 1724 non
410 1697 548 1725 videretur
559 1697 723 1724 audiebatur
737 1702 837 1724 tamen.
849 1697 1018 1724 Audiebatur

229 1748 319 1770 autem
337 1750 384 1778 per
397 1750 429 1770 ea
445 1750 507 1777 quae
522 1742 756 1770 annuntiabantur
766 1741 800 1769 de
812 1748 845 1769 eo
862 1750 869 1768 :
882 1745 908 1768 et
923 1740 1018 1768 tandiu

234 1797 347 1823 sponsa,
363 1788 388 1815 id
401 1793 443 1815 est
460 1788 581 1815 Ecclesia
593 1795 654 1823 quae
665 1788 700 1814 ab
714 1787 791 1814 initio
805 1786 898 1814 saeculi
910 1793 1019 1821 congre-

231 1835 357 1870 gabatur,
372 1835 459 1862 solam
479 1841 574 1861 vocem
589 1834 649 1869 ejus
665 1833 779 1865 audivit,
794 1839 936 1868 usquequo
951 1839 1018 1859 ocu-

230 1882 263 1909 lis
275 1881 333 1909 suis
348 1889 411 1908 eum
429 1880 543 1914 videret,
561 1884 588 1908 et
599 1880 700 1908 diceret
717 1889 723 1907 :

268 1927 344 1954 Vers.
362 1926 390 1954 8.
419 1926 486 1954 Ecce
512 1926 555 1953 hic
580 1927 647 1954 venit
679 1925 776 1953 saliens
801 1933 880 1960 super
908 1928 1019 1956 montes,

229 1974 380 2002 tramittens
405 1981 484 2008 super
509 1972 599 1999 colles.
628 1971 748 2000 Saliebat
772 1971 845 1999 enim
862 1978 943 2005 super
954 1977 1020 2005 pro-

229 2019 351 2054 pheticos
367 2024 475 2046 montes
487 2018 556 2054 (69),
571 2023 598 2046 et
623 2021 735 2046 sanctos
752 2018 847 2051 colles,
864 2016 926 2044 illos
946 2015 1022 2043 scili-

229 2071 272 2094 cet
286 2067 334 2101 qui
353 2066 380 2093 in
406 2066 459 2094 hoc
476 2066 579 2094 mundo
593 2065 740 2100 imaginem
762 2063 823 2098 ejus
848 2062 1022 2096 formamque

1061 182 1088 220 in
1104 193 1244 220 montibus
1260 192 1401 219 saltentem
1413 194 1441 216 et
1462 188 1628 216 eminentem
1646 184 1755 211 cunctis
1773 187 1801 210 et
1825 182 1848 208 in

1060 238 1187 270 collibus,
1207 236 1386 264 nihilominus
1415 235 1457 262 his
1489 233 1624 260 duntaxat
1652 229 1701 265 qui
1732 227 1851 255 secundo

1061 284 1122 311 loco
1137 283 1216 311 electi
1232 283 1266 309 ab
1278 289 1311 309 eo
1334 285 1361 307 et
1378 279 1456 307 missi
1471 281 1546 310 sunt,
1567 284 1622 303 non
1639 275 1693 302 erit
1722 274 1849 300 inconve-

1064 329 1154 355 niens.
1170 327 1198 354 hi
1212 327 1256 354 his
1268 326 1341 354 enim
1367 324 1465 352 similis
1484 321 1600 350 efﬁcitur
1615 326 1732 354 capreae,
1746 321 1775 344 et
1795 316 1851 343 hin-

1060 374 1126 401 nulo
1141 379 1300 404 cervorum;
1317 378 1433 405 capreae,
1455 367 1529 404 quod
1552 373 1662 394 omnem
1675 364 1768 391 visum
1780 361 1853 388 visus

1061 419 1122 453 ejus
1135 419 1280 454 praecellit;
1293 421 1321 444 et
1332 423 1413 444 cervo
1427 414 1502 450 quod
1517 413 1550 440 ad
1566 411 1707 440 interitum
1719 407 1854 443 serpentis

1062 464 1184 491 advenit.
1201 462 1255 490 Sed
1283 467 1455 496 unaquaeque
1474 459 1565 486 anima
1586 456 1622 492 (si
1635 463 1691 491 qua
1709 455 1855 481 tamenest

1061 515 1122 543 qua!
1133 506 1214 534 Verbi
1231 506 1277 534 Dei
1305 513 1399 532 amore
1415 501 1634 538 constringitur),
1657 501 1681 528 si
1706 499 1820 534 quando
1829 497 1854 524 in

1061 553 1244 587 disputatione
1268 551 1406 579 sermonis
1432 554 1474 578 est
1488 548 1591 584 posita,
1607 551 1639 574 ut
1669 545 1750 573 novit
1766 543 1855 570 omnis

1062 600 1109 634 qui
1126 603 1254 633 expertus
1266 603 1307 625 est
1317 617 1325 630 ,
1338 595 1478 632 quomodo
1491 602 1555 622 cum
1573 593 1600 621 in
1615 596 1724 619 arctum
1737 589 1855 619 venitur,

1063 650 1088 672 et
1101 644 1236 679 angustiis
1249 643 1468 678 propositionum
1485 639 1727 675 quaestionumque
1741 634 1855 662 conclu-

1063 691 1146 718 ditur.
1170 690 1199 716 Si
1224 689 1335 724 quando
1360 695 1420 715 eam
1446 687 1514 721 legis
1539 693 1572 713 ac
1598 684 1801 719 prophetarum
1818 680 1855 706 vel

1063 737 1206 771 atuigmata
1218 735 1259 762 vel
1279 735 1397 761 obscura
1413 739 1528 768 quaeque
1542 731 1614 758 dicta
1633 727 1819 756 concludunt,
1835 726 1856 751 si

1063 782 1133 809 forte
1151 781 1247 808 adesse
1259 788 1321 807 eum
1340 779 1441 807 sentiat
1453 778 1556 810 anima,
1569 781 1597 804 et
1610 775 1721 803 eminus
1736 773 1854 801 sonitum

1063 827 1140 854 vocis
1158 826 1218 861 ejus
1236 825 1361 860 accipiat,
1377 825 1536 852 sublevatur
1564 822 1674 853 statim;
1692 824 1721 847 et
1737 819 1787 846 ubi
1804 825 1857 844 ma-

1063 872 1105 907 gis
1115 879 1148 898 ac
1171 871 1259 906 magis
1274 870 1459 906 propinquare
1480 868 1610 896 sensibus
1637 866 1699 900 ejus
1731 863 1855 898 coeperit.

1063 921 1090 945 et
1103 909 1258 944 illuminare
1283 924 1344 951 quae
1367 917 1485 943 obscura
1512 918 1586 945 sunt,
1614 917 1680 939 tunc
1698 918 1766 937 eum
1790 909 1858 935 videt

1065 963 1208 990 salientem
1232 968 1316 996 supra
1341 965 1449 988 montes
1471 964 1499 987 et
1510 959 1606 991 colles,
1628 958 1691 984 alta:
1713 956 1823 983 scilicet
1835 959 1858 980 et

1063 1008 1178 1035 excelsae
1192 1014 1290 1034 sensus
1308 1007 1360 1034 sibi
1376 1005 1563 1041 intelligentiae
1578 1007 1774 1038 suggerentem
1793 1009 1801 1028 :
1826 1001 1858 1026 ita

1065 1057 1095 1080 ut
1107 1053 1205 1080 merito
1219 1052 1292 1080 dicat
1318 1052 1376 1079 haec
1401 1051 1492 1078 anima
1508 1059 1514 1077 :
1538 1049 1606 1075 Ecce
1617 1048 1658 1074 hic
1672 1048 1744 1074 venit
1761 1046 1857 1072 saliens

1064 1100 1093 1126 in
1107 1099 1258 1131 montibus,
1281 1098 1433 1125 transiliens
1454 1104 1533 1131 super
1554 1095 1646 1122 colles.
1678 1093 1744 1121 Haec
1768 1096 1856 1119 autem

1065 1144 1184 1172 dicimus
1198 1151 1253 1182 non
1275 1135 1450 1170 immemores
1462 1141 1534 1177 quod
1546 1141 1603 1176 jam
1619 1144 1647 1167 ct
1662 1140 1690 1166 in
1707 1137 1858 1173 superiori-

1066 1190 1118 1218 bus
1130 1198 1222 1217 coram
1239 1189 1346 1224 positus
1361 1188 1488 1224 pra-senti
1503 1187 1661 1213 collocutus
1676 1184 1714 1212 sit
1728 1190 1838 1218 spous:e
1851 1192 1856 1208 ;

1067 1235 1114 1262 sed
1128 1234 1270 1270 quoniam,
1288 1237 1319 1261 ut
1346 1240 1418 1268 saepe
1440 1231 1571 1263 diximus,
1593 1229 1729 1258 dramatis
1742 1228 1857 1263 speciem

1066 1280 1178 1308 libellus
1210 1279 1255 1306 hic
1274 1278 1406 1310 continet,
1434 1285 1508 1305 nunc
1531 1277 1558 1303 in
1576 1275 1706 1310 praesenti
1728 1274 1857 1300 dicuntur

1066 1325 1169 1360 aliqua,
1186 1331 1261 1351 nunc
1277 1323 1359 1350 etiam
1371 1323 1397 1349 in
1412 1320 1517 1349 absenti
1531 1329 1538 1353 ;
1554 1324 1581 1347 et
1598 1319 1639 1346 sic
1656 1318 1749 1353 agitur
1764 1317 1859 1343 immu-

1067 1369 1136 1396 tatio
1159 1374 1351 1404 personarum.
1373 1371 1405 1393 ut
1430 1370 1547 1400 uterque
1578 1363 1647 1391 ordo
1669 1366 1857 1396 competenter

1067 1415 1147 1450 dirigi
1165 1414 1301 1442 videatur.
1317 1412 1449 1447 Quamvis
1473 1411 1546 1439 enim
1561 1410 1706 1445 promittat
1728 1414 1856 1443 sponsus,

1067 1465 1094 1488 et
1110 1460 1183 1487 dicat
1198 1460 1232 1487 ad
1245 1467 1374 1495 sponsam
1389 1465 1479 1488 suam,
1491 1456 1537 1491 qui
1551 1460 1616 1483 sunt
1631 1455 1711 1482 electi
1733 1453 1858 1487 discipuli

1067 1506 1138 1540 ejus,
1155 1505 1218 1540 quia
1245 1513 1303 1531 ecce
1319 1512 1366 1539 ego
1383 1503 1517 1530 vobiscum
1541 1509 1600 1528 sum
1619 1499 1754 1533 omnibus
1773 1499 1859 1524 diebus

1067 1557 1147 1584 usque
1162 1549 1196 1576 ad
1211 1548 1460 1575 consummationem
1479 1545 1572 1573 surculi
1587 1544 1630 1576 “;
1650 1549 1744 1571 tamen
1761 1543 1854 1570 iterum

1068 1602 1116 1630 per
1129 1594 1278 1629 parabolas
1289 1593 1366 1626 dicit,
1384 1592 1448 1627 quia
1464 1589 1663 1626 paterfamilias
1680 1588 1793 1614 vocavit
1807 1594 1859 1613 scr»

1068 1646 1118 1666 vos
1135 1646 1214 1671 suos,
1233 1643 1260 1665 et
1284 1637 1431 1671 unicuique
1452 1635 1593 1662 distribuit
1620 1633 1769 1668 pecuniam
1785 1638 1862 1665 nego-

1071 1684 1157 1712 tiandi
1172 1684 1268 1718 gratia,
1293 1686 1321 1709 ct
1348 1681 1486 1717 profectus
1504 1683 1546 1706 est
1562 1679 1594 1705 ".
1611 1679 1643 1705 Et
1661 1679 1765 1705 iterum
1779 1677 1841 1703 dicit
1855 1684 1860 1700 :

1069 1728 1139 1762 Quia
1155 1728 1222 1755 abiit
1239 1732 1330 1761 petere
1361 1726 1412 1753 sibi
1431 1732 1546 1760 regnent
1563 1723 1598 1750 "°.
1617 1723 1650 1749 Et
1667 1723 1771 1750 iterum
1787 1721 1860 1756 quasi

1069 1773 1104 1801 de
1118 1774 1231 1801 absente
1243 1779 1346 1807 sponso
1358 1771 1470 1803 dicitur,
1491 1770 1557 1805 quia
1588 1769 1681 1796 media
1716 1772 1799 1795 nocte
1813 1768 1862 1794 cla-

1069 1827 1129 1847 mor
1149 1819 1237 1846 lactus
1251 1823 1294 1846 est
1320 1818 1481 1849 dicentium,
1510 1816 1575 1851 quia
1601 1815 1680 1843 venit
1696 1814 1859 1850 sponsus”.

1071 1865 1116 1892 Sic
1127 1872 1192 1899 ergo
1206 1871 1279 1891 nunc
1301 1870 1421 1898 praesens
1449 1865 1491 1889 est
1507 1869 1636 1896 sponsus,
1651 1865 1678 1888 et
1689 1861 1784 1892 docet,
1797 1865 1861 1886 nunc

1070 1913 1169 1941 absens
1184 1914 1294 1947 dicitur,
1324 1917 1352 1940 et
1379 1911 1564 1944 desideratur;
1593 1915 1622 1937 et.
1649 1915 1803 1945 utrumque
1826 1907 1861 1934 vel

1070 1961 1209 1994 Ecclesiae,
1226 1961 1267 1988 vel
1281 1961 1378 1988 animae
1390 1959 1520 1987 studiosa:
1535 1959 1694 1986 conveniet.
1712 1959 1785 1986 Cum
1797 1958 1861 1985 enim

1071 2009 1127 2044 pali
1144 2009 1348 2044 persecutiones
1366 2013 1393 2036 et
1409 2008 1600 2035 tribulationes
1614 2008 1792 2042 permittitur
1817 2006 1861 2033 Ec-

1074 2058 1170 2091 clesia,
1187 2059 1286 2086 absens
1301 2058 1326 2085 ei
1340 2058 1456 2085 videtur.
1475 2057 1509 2085 Et
1539 2065 1651 2085 rursum
1673 2066 1740 2086 cum
1764 2058 1792 2085 in
1806 2063 1863 2092 pace

266 2169 288 2184 "’
306 2169 385 2197 Cant.
403 2177 431 2201 ιι,
451 2169 494 2197 Η.
534 2168 557 2184 ⁸⁸
570 2167 664 2195 Matth.
681 2166 835 2200 κιιλιιιγῖθ.
874 2166 896 2181 ⁸³
913 2164 1008 2192 Matth.

1079 2187 1087 2200 ,
1106 2167 1149 2198 ιι,
1163 2164 1207 2191 15.
1245 2163 1268 2178 ⁷ο
1283 2161 1351 2190 Luc.
1363 2170 1421 2196 xix,
1436 2162 1480 2189 l2.
1519 2162 1542 2177 '”
1558 2161 1655 2189 Matth.
1672 2170 1740 2195 xxv,
1753 2162 1782 2190 6.

268 2257 324 2293 (69)
342 2257 458 2285 Saliebat
474 2259 544 2286 enim
559 2267 638 2292 super
651 2258 825 2293 proplteticos,
842 2261 894 2284 etc.
917 2256 1020 2284 Proco-
1036 2260 1058 2288 D
1073 2257 1216 2293 prophetas
1224 2259 1297 2281 vocat
1317 2252 1556 2293 senquperfectos,
1571 2259 1696 2293 quorum
1710 2250 1864 2293 contempla-

234 2294 298 2336 pius'
308 2300 340 2320 ex
351 2293 468 2334 Origene
485 2304 492 2321 ε
506 2294 551 2336 "'H
571 2294 617 2320 καὶ
635 2294 685 2334 ὅρη
696 2293 774 2336 τρρςλ
784 2293 925 2336 amittat;
940 2293 1022 2333 φηςιν

233 2327 347 2390 spritu);
368 2327 412 2363 τῷ
431 2329 595 2371 φρρνήματι,
623 2327 684 2355 τῶν
707 2327 841 2363 ἀληθινῶν
870 2327 1020 2369 θεωρητὰς·

269 2371 317 2398 μαι
332 2363 360 2390 δὲ
374 2363 422 2390 καὶ
435 2371 497 2395 τους
521 2363 696 2395 ἀποστόλους·
714 2363 775 2390 ἐπεὶ
792 2362 868 2389 κατὰ
882 2370 989 2398 metu
1002 2362 1022 2395 ἠ

233 2383 509 2459 aggerens.
521 2383 868 2439 Ἐιὶἑᾶἱῦἒιῖέὸῥηᾜῗ
882 2383 1023 2423 ἒιῖτὲῐᾶλιαῖ

234 2442 264 2459 τε
281 2433 373 2459 λωντος
395 2434 471 2459 ὴλΐου
491 2443 588 2459 nomen
613 2433 847 2459 καταλάμπονται·
865 2431 976 2459 βουνοὺς
995 2430 1023 2456 δὲ

234 2430 383 2470 tendens
395 2430 471 2469 ὴῖῐίόὺ
491 2430 588 2470 {sparsa
613 2430 976 2470 multimrov'rat'ﬁouvobg
995 2430 1024 2456 δὲ

235 2468 298 2505 τοὺς
309 2466 419 2505 ἔλαττοῆ
445 2466 622 2505 χωρήσαντας
637 2469 694 2505 [τὴν
713 2466 766 2505 ,τοῦ
795 2466 951 2505 πνεύματρς
965 2466 1026 2490 ἐπιδ

235 2504 358 2538 φάνειαν.
376 2501 473 2566 Aegei;
487 2501 508 2530 δ’
515 2501 555 2531 ’ἂν
570 2505 617 2531 καὶ
633 2501 684 2539 δρή
700 2501 734 2529 τὰ
749 2504 778 2529 ὲν
791 2501 872 2536 νόμῳ
886 2501 1020 2535 νοήματα·

235 2540 346 2566 βουνοὺς
356 2539 383 2566 δὲ
398 2548 414 2566 τ
443 2539 497 2565 τῶν
511 2538 612 2566 λοιπῶν
635 2537 791 2566 ποοπτῶν.
808 2537 843 2562 Ἢ
868 2535 915 2562 καὶ
928 2536 943 2560 ὁ
957 2534 1024 2560 θεω-

235 2540 346 2571 βουνοϋς
356 2539 383 2566 δὲ
398 2539 433 2566 τὰ
443 2539 497 2565 τῶν
511 2539 612 2566 λοιπῶν
635 2539 791 2574 προπτῶν.
808 2539 843 2562 "H
868 2539 915 2562 καὶ
928 2539 943 2560 o
957 2539 1024 2560 θεω-

235 2574 322 2610 ρήσας
337 2575 383 2601 τὸν
392 2576 422 2610 ἐν
439 2576 520 2610 καινῇ
547 2574 668 2609 Διαθήκῃ
691 2573 792 2610 λιξγονἰ
805 2569 957 2610 stemma
977 2569 1024 2595 ἐπὶ

280 2604 330 2650 Βρῂ
348 2609 485 2650 πηδῶντα,
501 2604 555 2650 Lini.
573 2609 603 2650 6‘s
624 2604 688 2639 ῖτοῧς
707 2604 818 2650 ﬁeri;

234 2644 280 2670 τὸν
296 2638 339 2670 ’ὲῦ
412 2638 519 2680 παλάιῷ
536 2638 693 2680 γράμμᾳτι.
707 2638 816 2680 ’Νώρῴ
835 2639 871 2680 διὲι
886 2638 1024 2680 ὲλάφωνῤ

235 2680 351 2713 νυμφίος
374 2673 601 2706 instituerat-Iov).
617 2673 707 2713 ἶμόνον
729 2673 782 2707 ὡς’
793 2673 947 2713 avellentem
961 2673 1025 2713 reb;

237 2707 402 2750 bgp'aL-_,_'¢>x
415 2715 465 2750 rkt
492 2715 545 2750 καὶ»
556 2707 678 2750 1946791-
695 2709 842 2750 ἐγεννήθη
862 2707 947 2750 ςὴμῖν·2
963 2707 1028 2750 11116.9:

238 2742 286 2784 κξη
302 2742 390 2784 ἐδέθη
403 2749 485 2782 ἡμῖν·
505 2748 552 2775 καὶ
573 2748 616 2774 ὄτι
635 2742 975 2784 ἐξα-πὲίῂῳᾳενλέαυτόν.
989 2742 1027 2784 ΤΠ

238 2781 292 2816 ’,ἀρ
317 2782 349 2808 ἂν
365 2779 462 2816 {inter};
487 2783 593 2818 ὑπῆρχε
619 2781 721 2808 τελεέα.
750 2779 794 2805 γει
819 2779 899 2804 etiam
925 2782 1026 2803 utentes

1074 2286 1154 2323 tores,
1173 2290 1266 2324 opinor
1275 2293 1362 2324 autem
1375 2288 1459 2324 etiam
1477 2287 1623 2324 apostolos,
1645 2286 1792 2320 siquidem
1807 2294 1816 2311 ‹
1827 2292 1864 2319 prr

1074 2321 1253 2362 generati-ones
1267 2322 1398 2362 sapientia
1410 2329 1437 2347 se
1450 2322 1477 2347 in
1490 2321 1607 2362 leniit-tas
1623 2323 1785 2362 trans/ert.s
1802 2322 1864 2362 Mqu-

1076 2354 1113 2388 ἶεσ
1132 2365 1220 2386 autent
1234 2354 1410 2392 appellantur,
1426 2355 1507 2392 quod,
1529 2355 1584 2381 sole
1593 2356 1708 2386 oriente,
1726 2355 1804 2392 lucis
1817 2354 1864 2392 [al-

1075 2403 1149 2430 gores
1164 2390 1402 2430 primi'recipiant;
1421 2391 1500 2430 colles
1524 2398 1602 2430 vero,
1615 2398 1659 2430 eos
1683 2391 1733 2430 qui
1763 2390 1863 2424 spiritus

1076 2425 1283 2457 illustrationem
1306 2427 1391 2452 minus
1416 2426 1534 2459 capiant.
1551 2425 1642 2451 I’Ossis
1665 2425 1754 2451 etiam
1774 2430 1863 2451 montes

1078 2464 1209 2499 appellare
1222 2462 1285 2495 legis
1296 2461 1365 2499 ipsos
1380 2467 1487 2499 sensus;
1502 2459 1584 2499 colles
1595 2468 1666 2489 vero.
1682 2467 1750 2499 qua:
1760 2459 1863 2499 reliqwj

1077 2494 1136 2525 runt
1158 2502 1218 2524 sunt
1245 2494 1441 2530 prop/telarum.
1467 2494 1509 2520 Vel
1538 2495 1584 2530 qui
1611 2495 1812 2528 contemplatus
1832 2498 1862 2519 est

1077 2532 1145 2568 quod
1156 2533 1184 2558 in
1201 2529 1456 2568 Noquestamento
1477 2533 1526 2568 est_
1544 2529 1669 2561 Verbum,
1687 2529 1864 2568 ridet_s_alint-

1077 2564 1129 2594 ient
1149 2568 1176 2593 in
1195 2566 1343 2595 ntotttibus,
1370 2572 1448 2598 super
1475 2564 1556 2598 colles
1584 2571 1645 2590 vero
1677 2565 1863 2591 transilientem

1077 2601 1146 2637 quod
1168 2602 1194 2637 in
1213 2600 1292 2627 veteri
1314 2597 1465 2632 Scriptura.
1494 2597 1614 2624 Hinnulo
1629 2603 1724 2625 autent
1739 2604 1864 2637 terrorum.

1078 2630 1243 2664 assimilatas
1255 2639 1294 2661 est
1311 2630 1421 2668 sponsus
1434 2641 1484 2659 non
1506 2638 1613 2659 tantum
1637 2639 1782 2668 propterea
1804 2630 1863 2667 quod

1080 2676 1210 2706 serpentes
1226 2667 1351 2706 absumit,
1366 2668 1420 2706 _sed
1437 2667 1507 2702 quod
1522 2669 1605 2706 etiam
1622 2677 1631 2693 ι
1650 2669 1783 2706 paruulus
1795 2672 1863 2695 natus

1080 2702 1216 2735 est'nobis,
1230 2709 1253 2731 et
1268 2704 1340 2738 [ilius
1354 2703 1432 2729 datus
1445 2707 1488 2738 est
1503 2702 1595 2733 nobis;
1613 2712 1622 2728 ι
1643 2705 1717 2737 quod
1732 2704 1794 2730 item
1808 2712 1816 2728 ι
1832 2709 1863 2728 sr-

1079 2742 1164 2775 ipsum
1176 2737 1340 2769 Immiliavit;
1358 2747 1368 2763 ι
1388 2737 1488 2772 alioqui
1506 2745 1597 2764 cervus
1609 2743 1681 2764 esset
1694 2740 1817 2773 perfecte.
