1879 3046
40 137 77 163 IG'J

687 133 787 161 LIBER
807 132 967 163 TERTIUS.

1593 139 1644 169 1⁸10

38 194 134 228 proiicit,
148 197 173 219 et
186 191 213 219 in
228 191 281 219 ﬁde
297 199 329 219 ac
340 191 420 219 bonis
432 192 562 226 operibus
576 193 664 225 ﬂoret,
681 202 801 228 pnesens
817 197 838 225 Α
854 203 931 229 super
943 195 1032 223 colles.
1046 195 1210 225 Illstoricunt
1225 196 1347 224 ordinem
1367 198 1423 234 jam
1442 200 1578 233 prosecuti
1596 208 1640 228 sn-

39 237 297 273 :iesseiutelligitur.
319 236 371 264 Sed
385 242 412 264 et
434 238 526 265 anitna
549 246 611 266 cum
631 240 730 275 qumrit
754 240 803 267 ali-

38 293 101 320 quem
115 290 233 315 scnsum,
247 288 273 311 et
287 291 434 318 agnoscere
452 284 570 312 obscura
585 293 699 321 qumque
721 291 747 313 ct
760 295 804 313 ar-

38 338 91 358 cana
105 330 246 361 desiderat,
262 329 349 357 donec
377 329 502 357 invenire
520 338 574 358 non
591 336 690 366 potest.
704 332 803 360 τώδε-ηε

37 379 56 406 ei
68 387 118 406 stne
130 378 210 406 dubio
233 382 276 406 est
288 377 406 405 Verbum
424 377 484 406 Dei.
500 377 554 406 Ubi
573 387 638 407 vero
652 381 804 408 occurrerit

37 430 56 451 et
67 424 210 459 apparuerit
230 423 304 459 quod
328 423 488 458 requiritur,
501 424 563 460 quis
586 425 692 452 dubitat
707 426 804 453 adesse

36 470 136 498 Verbum
152 470 209 503 Dei,
227 475 257 498 et
267 470 421 498 illuminare
436 475 554 498 mentem
572 479 605 499 ac
626 472 748 500 scientiae
762 473 803 499 Iu-

36 525 84 544 men
95 517 117 544 ci
130 516 268 551 prmbere?
286 516 319 544 Et
337 517 434 545 iterum
448 517 563 545 subduci
584 518 664 546 nobis
680 526 742 546 eum
762 524 803 547 at-

37 570 78 598 que
91 562 180 589 iterum
196 561 293 590 adesse
310 562 445 591 sentimus
464 570 511 597 per
540 563 650 598 singula
668 571 729 599 qua:
755 569 803 591 aut

37 608 186 642 aperiuntur,
200 612 247 635 aut
267 607 432 636 clauduntur
451 608 478 635 in
494 609 622 636 sensibus
643 610 756 637 nostris.
770 609 803 638 Et

38 655 116 682 hocea
133 661 216 689 usque
239 653 361 689 patimur
381 653 469 683 donec
487 655 555 683 tales
582 656 744 689 adiciantur,
773 661 803 683 ut

37 709 79 728 non
97 701 178 729 solum
202 700 324 728 revisere
341 708 402 732 nos,
434 701 481 730 sed
498 706 525 729 ct
546 710 657 730 manere
676 703 803 737 dignetur

36 747 94 782 apud
111 754 165 778 nos.
180 745 331 773 secundum
351 747 424 780 quod
449 747 632 783 interrogatus
646 755 661 775 a
681 748 801 783 quodam

37 793 149 828 discipqu
158 793 263 820 dicente
282 801 288 819 :
311 792 432 825 Domine,
456 794 521 828 quid
547 799 585 821 est
609 795 710 828 factum
733 794 801 829 quod

37 840 113 873 incipis
127 839 197 866 nobis
223 838 400 870 manifestare
415 839 591 874 temetipsum,
607 845 630 867 et
660 849 711 867 non
741 840 802 867 ltuit

38 867 116 912 mundo
134 885 173 911 "l
189 867 332 920 respondit
351 883 476 914 Salvator
493 867 618 921 {Siquis
641 886 728 921 diligit
751 895 800 919 me,
820 867 839 893 Β

36 933 123 959 teritum
139 941 221 959 meum
239 932 370 965 custodit,
382 937 406 959 ct
423 932 505 960 Pater
528 939 600 960 meus
626 931 717 966 diliget
732 940 802 965 eunt,

37 984 54 1004 et
66 979 182 1013 adiptum
199 979 342 1012 veniemus,
360 983 384 1005 et
410 978 575 1005 mansionem
600 977 670 1012 apud
687 985 745 1004 eum
761 977 803 1012 fa-

38 1025 116 1052 ciemus
129 1026 160 1052 ⁷⁵.
179 1024 207 1052 Si
225 1033 291 1060 ergo
305 1029 332 1052 et
347 1033 397 1052 nos
424 1025 550 1052 volumus
567 1024 657 1051 videre
684 1023 802 1051 Verbum

38 1070 73 1097 Dei
83 1075 155 1106 atque
168 1071 266 1098 anima
284 1078 414 1106 sponsum
444 1071 585 1098 salientem
609 1078 694 1105 super
726 1078 803 1097 tuon-

38 1120 77 1148 tes,
87 1121 111 1144 et
122 1117 301 1145 exsultantem
331 1125 414 1152 super
432 1117 526 1150 colles,
547 1116 636 1152 primo
657 1117 804 1145 audiamus

37 1170 111 1191 vocem
123 1164 192 1198 ejus;
217 1168 245 1192 et
273 1170 335 1190 cum
353 1163 523 1193 audierimus
540 1169 602 1191 eum
620 1162 647 1189 itt
662 1162 801 1194 on‘tnibus,

37 1212 90 1236 tunc
110 1209 184 1236 etiam
206 1217 270 1236 eum
294 1209 387 1236 videre
414 1208 581 1243 poterimus,
607 1208 758 1236 secundum
772 1215 803 1235 ca

38 1261 85 1288 quas
105 1254 129 1280 in
153 1253 280 1288 praesenti
297 1253 356 1281 loco
382 1253 485 1280 vidisse
510 1252 676 1281 describitur
692 1259 802 1287 sponsa.

37 1299 91 1328 Nam
103 1306 126 1329 et
135 1301 190 1336 ipsa
203 1301 332 1336 quamvis
347 1305 375 1329 et
391 1300 467 1335 prius
478 1307 539 1328 eum
556 1299 662 1331 viderit,
672 1306 726 1326 non
740 1306 803 1326 eum

37 1352 109 1375 tamen
119 1348 152 1375 ita
168 1348 284 1380 viderat,
306 1352 335 1375 ut
349 1355 421 1375 nunc
437 1347 580 1376 salientem
593 1353 675 1381 super
697 1352 804 1374 montes

37 1394 222 1422 etexsilientem
253 1401 337 1430 super
363 1393 459 1427 colles,
489 1400 577 1428 neque
599 1400 647 1427 per
670 1391 804 1420 fenestras

38 1444 88 1465 tuas
105 1438 334 1472 procumbentem,
363 1444 451 1472 neque
475 1444 524 1472 per
543 1437 611 1465 retia
634 1436 805 1472 prospicien-

37 1488 89 1518 tem,
103 1484 146 1512 sed
160 1484 246 1520 magis
268 1483 378 1511 videtur
389 1483 463 1519 quod
475 1484 553 1518 prius
569 1484 668 1512 hiemis
681 1488 804 1519 tempore

857 249 936 276 ntus;
962 251 1036 272 nunc
1061 249 1151 271 autem
1180 245 1317 279 quomodo
1345 245 1471 274 Cbristus
1497 247 1530 275 ad
1548 245 1644 275 Eccle-

856 288 924 315 siam
940 290 1053 316 veniens
1063 289 1144 317 saliat
1161 298 1242 324 super
1264 295 1381 325 montes,
1402 296 1428 319 et
1440 292 1550 322 exsiliat
1562 300 1645 329 super

856 334 949 366 colles,
965 335 1109 362 videndum
1121 341 1172 363 est.
1189 335 1326 364 Exsilicns
1344 337 1417 364 cnim
1449 338 1536 373 magis
1560 347 1643 374 quam

857 380 1015 408 transiliens
1043 381 1174 416 propositi
1207 382 1343 410 sermonis
1373 383 1524 418 proprietas
1551 384 1644 412 habet.

855 424 932 453 lsaac
942 425 1015 454 enim
1041 426 1186 456 ambulans
1205 432 1232 455 et
1256 428 1431 463 progrediens
1448 430 1536 464 major
1552 430 1644 463 (iebat,

855 478 999 506 usquequo
1015 471 1090 499 ﬁeret
1106 480 1221 507 magnus
1247 474 1334 502 valde.
1359 474 1461 502 Paulus
1481 480 1570 505 autem
1589 484 1644 504 non

852 516 909 551 jam
924 517 1090 545 ambulando
1102 518 1226 552 profecit,
1242 519 1289 546 sed
1305 521 1450 553 currendo,
1466 529 1529 549 cum
1552 521 1617 550 dicit
1635 530 1643 550 :

855 561 969 589 Cursum
990 565 1169 591 consummavi
1185 564 1219 591 ⁷⁸.
1249 564 1373 592 Salvator
1399 570 1490 594 autem
1510 572 1602 594 noster
1619 572 1646 595 et

855 607 984 636 Ecclesia:
1007 617 1136 644 sponsus,
1152 617 1240 645 neque
1254 611 1406 644 ambulare,
1421 620 1510 648 neque
1523 621 1645 648 currere,

855 655 902 682 sed
917 663 1001 690 super
1026 656 1084 683 lucc
1111 656 1193 684 salire
1220 656 1321 685 dicitur
1343 662 1371 687 et
1385 659 1504 686 exsilire.
1521 658 1549 686 Si
1571 660 1644 687 enint

854 701 1012 728 consideres
1032 703 1171 736 quomodo
1184 702 1258 736 parvi
1278 704 1409 738 temporis
1425 705 1512 738 spatio
1527 712 1646 741 occupa-

855 751 912 773 tuttt
926 746 1003 774 falsis
1019 748 1260 781 superstitionibus
1273 749 1403 777 mundum
1416 757 1506 778 sermo
1520 749 1567 778 Dei
1583 758 1646 786 pcr-

855 793 952 825 currit,
966 797 993 820 et
1004 793 1037 820 ad
1052 793 1218 828 agnitionem
1236 802 1306 822 verte
1318 794 1378 822 ﬁdei
1403 796 1551 830 revocavit,
1567 796 1643 824 intel-

855 838 923 874 liges
937 839 1075 874 quomodo
1091 839 1172 866 saliat
1192 847 1275 874 super
1298 844 1415 874 montes,
1432 849 1531 876 magna
1547 842 1645 869 videli—

854 890 896 913 cet
905 893 1020 921 quaeque
1031 893 1112 920 regna
1129 886 1242 914 saltibus
1257 886 1317 914 suis
1338 894 1481 922 superans,
1493 891 1520 914 et
1532 887 1565 914 ad
1575 888 1647 916 rcci-

855 932 980 967 piendam
1005 932 1190 967 cognitionem
1213 932 1312 960 divinae
1335 933 1474 968 religionis
1490 933 1644 969 inclinans;

853 985 880 1007 et
895 979 1006 1006 exsiliat
1021 986 1102 1013 super
1119 978 1213 1010 colles,
1233 987 1296 1006 cum
1321 979 1402 1007 etiam
1428 980 1534 1008 minora
1560 988 1645 1017 regna

855 1025 984 1053 velociter
1009 1024 1135 1060 subjugat
1162 1029 1244 1060 atque
1267 1025 1300 1052 ad
1317 1026 1444 1063 pietatem
1472 1026 1529 1054 veri
1556 1026 1647 1054 cultus

854 1071 981 1103 adducit;
998 1076 1026 1097 et
1039 1071 1079 1097 sic
1092 1070 1126 1097 de
1142 1070 1204 1098 loco
1220 1071 1253 1098 ad
1281 1071 1383 1104 locum,
1397 1071 1431 1100 de
1450 1079 1533 1108 regno
1550 1073 1584 1100 ad
1601 1080 1646 1100 re-

854 1126 948 1153 gnum,
962 1118 995 1145 de
1011 1117 1160 1153 provinciis
1179 1118 1211 1145 ad
1227 1118 1381 1153 provincias
1397 1119 1598 1153 praedicationis
1614 1120 1646 1146 il-

854 1163 1017 1190 lustratione
1031 1162 1188 1190 transiliens
1205 1169 1253 1197 per
1264 1170 1326 1189 eum
1339 1163 1386 1197 qui
1402 1163 1519 1198 dicebat,
1537 1164 1600 1199 quia
1612 1165 1645 1191 ab

855 1207 1024 1235 Hierusalem
1037 1207 1065 1234 in
1078 1207 1190 1234 circuitu
1217 1216 1297 1242 usque
1325 1207 1359 1234 ad
1382 1207 1523 1242 Illyricum
1537 1208 1646 1242 replerat

855 1253 1029 1289 Evangelium
1052 1253 1101 1280 Dei
1112 1253 1146 1286 ⁷⁷,
1163 1253 1295 1288 intelliges
1307 1253 1444 1288 quomodo
1467 1260 1549 1288 super
1565 1259 1645 1280 mon-

858 1307 899 1329 tes
915 1300 1017 1330 saliens
1043 1301 1145 1333 voniat,
1173 1306 1200 1329 ct
1219 1301 1349 1329 exsiliens
1375 1307 1457 1335 super
1477 1300 1572 1327 colles.
1591 1298 1644 1327 Sed

854 1353 881 1375 et
895 1347 949 1374 alio
963 1346 1044 1373 modo
1065 1351 1154 1381 potest
1169 1346 1293 1383 intelligi,
1319 1346 1390 1373 sicut
1407 1353 1490 1381 supra
1499 1346 1556 1380 jam
1573 1345 1646 1373 dixi-

856 1400 927 1424 mus,
942 1392 1071 1427 quoniam
1089 1392 1198 1427 quidem
1224 1391 1331 1427 Moyses
1349 1391 1383 1419 de
1403 1392 1463 1426 ipso
1478 1391 1599 1426 scripsit,
1613 1395 1643 1418 et

855 1439 993 1475 propheta:
1018 1438 1198 1466 nihilominus
1213 1438 1246 1465 de
1264 1438 1323 1472 ipso
1338 1437 1578 1465 annuntiaverunt.
1591 1435 1645 1465 Sed

856 1489 882 1513 et
897 1485 954 1512 htec
975 1483 1147 1511 annuntiatio
1171 1483 1197 1510 in
1216 1483 1330 1510 lectione
1354 1482 1460 1510 Veteris
1479 1481 1646 1511 TcstamentI

36 1539 84 1559 eum
98 1532 199 1560 viderit.
215 1530 297 1560 Nunc
323 1532 398 1560 enim
423 1531 542 1566 primum
571 1531 637 1559 dicit
661 1531 707 1558 ei:
734 1529 839 1565 Quiac
857 1531 980 1558 velamen
1010 1529 1090 1557 habet
1117 1529 1343 1565 superpositum:
1375 1528 1421 1557 ubi
1437 1535 1502 1557 vero
1527 1535 1645 1562 spartam,

38 1577 102 1604 Irim:
123 1578 226 1604 transiit
245 1577 280 1605 ⁷⁸.
298 1576 382 1612 Igitur
408 1582 438 1604 ut
463 1585 507 1605 res
528 1577 630 1605 indicat
649 1577 731 1604 etiam
755 1584 802 1612 per

38 1622 134 1651 hiemem
148 1631 256 1660 sponsa!
273 1631 332 1652 sua:
347 1628 470 1659 apparet,
490 1623 516 1651 id
531 1628 573 1652 est
595 1623 802 1652 tribulationum

38 1670 236 1698 etteatationum
252 1675 385 1705 tempore.
404 1669 456 1698 Sed
473 1674 501 1697 et
514 1670 567 1697 alia
591 1673 633 1697 est
648 1669 694 1696 illa
710 1669 804 1697 visita-

38 1717 75 1749 tio,
89 1717 113 1744 in
126 1725 177 1753 qua
194 1718 324 1745 visitatur
348 1717 501 1751 paululum,
527 1721 554 1744 et
579 1717 679 1744 iterum
701 1716 804 1744 deseri-

38 1766 85 1796 tur,
105 1768 132 1790 ut
152 1764 294 1798 probetur,
310 1770 342 1790 ac
358 1770 455 1790 rursus
483 1763 642 1798 requiritur,
663 1768 693 1791 ut
722 1766 804 1798 caput

37 1809 85 1843 eius
97 1815 268 1845 sustentetur,
292 1815 320 1838 et
335 1815 365 1838 ut
393 1814 447 1837 tota
461 1809 668 1844 complectatur,
685 1817 720 1836 ne
735 1808 805 1836 forte

37 1857 110 1882 autin
131 1857 180 1884 [ide
201 1857 318 1888 titubet,
342 1859 389 1883 aut
416 1863 517 1890 corpus
539 1855 598 1889 ejus
624 1854 804 1882 tcntationutn

38 1903 138 1934 pondere
161 1907 356 1938 praegravatur.
375 1900 408 1928 Et
429 1900 490 1928 ideo
512 1900 619 1928 videtur
634 1900 700 1927 mihi
717 1899 805 1927 hictns

37 1946 81 1982 80
93 1947 171 1976 luisse
193 1948 261 1975 illud
276 1952 396 1981 tempus,
413 1953 475 1973 cum
489 1949 570 1979 caput
583 1953 663 1973 suum
678 1944 738 1972 ﬁdei
755 1943 806 1972 sci-

38 1991 88 2019 licet
101 1993 282 2021 summitatem
304 1992 369 2019 Ia-va
398 1990 490 2025 sponsi
516 1990 649 2017 contineri
665 1989 804 2024 poscebat,

38 2042 59 2064 et
69 2038 167 2066 dextera
183 2040 244 2074 ejus
258 2047 341 2067 omne
351 2045 452 2072 corpus
468 2037 606 2072 amplecti.
622 2035 700 2064 Nunc
713 2040 804 2064 autem

38 2083 79 2111 ista
93 2085 154 2113 visio
181 2093 242 2121 qua:
267 2086 302 2113 de
329 2084 468 2112 montibus
491 2087 603 2118 apparet
625 2087 652 2110 et
676 2082 804 2113 collibus.

39 2131 165 2164 gratiarum
206 2137 273 2167 puto
313 2130 477 2165 spiritalium
509 2129 682 2161 altitudines,
711 2132 806 2163 poten-

39 2175 126 2210 tiaeque
136 2176 267 2213 designat.
287 2177 341 2204 Sed
356 2181 383 2204 et
404 2183 453 2210 per
467 2175 600 2203 ienestras
615 2175 686 2210 quod
702 2174 806 2209 prospi-

38 2227 87 2248 cere
95 2222 198 2255 dicitur,
211 2223 341 2252 sensibus
356 2223 422 2250 mibi
438 2223 532 2250 lumen
551 2222 659 2249 videtur
672 2220 803 2255 praebere.

39 2264 63 2293 Et
85 2269 144 2296 retia
158 2277 218 2304 qua:
239 2269 383 2303 dirumpit,
402 2273 429 2296 et
449 2268 578 2300 coartavit,
606 2267 720 2302 laqueos
734 2266 805 2294 indi-

38 2313 83 2340 cari
98 2314 240 2342 diabolieos
267 2319 344 2350 puto,
367 2318 460 2349 utpote
475 2314 656 2341 tentationum
682 2317 805 2347 tempore

38 2364 148 2396 tanquam
166 2363 255 2390 hieme
279 2363 335 2398 jam
364 2366 485 2397 peracta.
516 2360 705 2388 Ostenduntur
721 2358 803 2386 etiam

39 2406 101 2440 signa
113 2408 189 2441 veris,
200 2414 226 2436 et
242 2409 357 2440 mstatis,
370 2408 441 2435 sicut
451 2408 478 2434 in
490 2406 607 2434 Psalmis
624 2405 726 2433 dictum
741 2408 782 2432 est
796 2413 802 2431 :

39 2449 152 2480 Ertotem
171 2459 194 2481 et
211 2463 266 2486 ver,
283 2458 311 2480 tu
340 2453 425 2488 fecisti
440 2459 472 2479 ea
493 2451 527 2477 ".
545 2450 608 2478 Inde
639 2450 758 2484 denique
779 2452 806 2476 et

39 2495 105 2526 tiores
121 2501 288 2534 perfectuum
316 2498 428 2534 protulit
453 2496 586 2529 Ecclesia,
608 2494 806 2523 tentationibus

40 2546 165 2579 Superatis,
178 2551 204 2574 et
227 2545 392 2581 putationis.
406 2545 463 2580 (70)
486 2542 692 2578 dispensatione
714 2545 804 2568 trans-

40 2595 96 2623 acta,
111 2591 178 2620 sicut
193 2594 220 2620 in
245 2593 305 2620 suis
327 2591 395 2620 locis
423 2598 486 2618 cum
512 2589 546 2617 ad
563 2589 621 2617 haec
646 2586 804 2615 disserenda

42 2642 130 2665 ventum
142 2638 222 2666 luerit
234 2639 403 2667 ostendetur.

69 2682 125 2711 Ecce
139 2686 179 2712 hic
202 2685 270 2713 uenit
290 2685 388 2712 saliens
415 2690 493 2718 super
516 2685 627 2714 montes,
652 2679 805 2706 transiliens

69 2754 89 2771 ”
101 2755 172 2784 toan.
190 2765 247 2790 xlv,
263 2757 308 2784 2‘2.
347 2756 370 2772 ⁷⁸
390 2755 457 2784 Ibid.
470 2754 514 2781 25.
534 2789 540 2790 ί
553 2753 577 2768 ⁷⁸
588 2752 665 2790 (lant.
681 2759 711 2790 t_t,
730 2751 774 2777 II.

71 2848 117 2884 (το)
154 2850 314 2877 Putationis.
360 2848 450 2877 Codex
487 2847 678 2879 Turonensis,

203 2898 338 2927 PnnOL.
360 2896 415 2927 Gn.
445 2895 499 2926 XII
508 2895 530 2925 I.

854 1576 983 1605 Ecclesiae
998 1575 1101 1603 scilicet
1119 1575 1153 1602 ad
1169 1583 1230 1603 cum
1244 1583 1393 1608 conversae,
1407 1574 1526 1602 ablatum
1543 1578 1585 1602 est
1599 1582 1645 1602 ve-

854 1623 955 1655 Iamen.
973 1622 1064 1651 subito
1088 1621 1161 1649 vidct
1184 1630 1246 1649 eutn
1273 1621 1300 1648 in
1329 1621 1390 1649 istis
1414 1620 1564 1653 montibus,
1577 1620 1646 1656 legis

855 1669 959 1697 scilicet
972 1668 1158 1696 voluminibus
1176 1667 1319 1695 salientem
1339 1671 1366 1694 et
1389 1667 1416 1694 in
1438 1666 1553 1694 collibus
1569 1665 1645 1694 Scri-

856 1720 942 1751 pturae
959 1715 1126 1751 propheticus
1141 1721 1190 1750 pro
1207 1713 1325 1741 evidenti
1354 1711 1574 1740 manifestalione
1589 1719 1646 1740 non

857 1767 910 1790 tam
934 1767 1108 1797 apparentem
1127 1768 1208 1796 quam
1232 1760 1414 1792 exsilientcm,
1444 1759 1518 1786 verbi
1546 1758 1645 1794 gratia,

856 1808 936 1843 quasi
956 1808 978 1836 si
1009 1808 1152 1835 revolvens
1179 1807 1301 1841 singulas
1332 1805 1498 1840 prophetica:
1520 1804 1646 1833 lectionis

856 1855 970 1891 paginas
981 1854 1104 1882 inveniat
1125 1853 1158 1880 de
1182 1853 1249 1888 ipsis
1269 1852 1439 1880 exsilientcm
1454 1851 1605 1885 Christum,
1619 1855 1647 1879 et

858 1909 907 1936 per
921 1901 982 1928 loca
1012 1900 1118 1935 singula
1148 1896 1294 1926 lectionum
1324 1898 1415 1925 ablato
1440 1905 1513 1924 nunc
1535 1897 1646 1924 demum

856 1954 911 1982 quo
922 1946 999 1981 prius
1014 1945 1156 1979 tegebatur
1170 1944 1313 1975 velamine,
1329 1943 1444 1970 ebullire
1465 1949 1527 1968 cum
1541 1946 1647 1975 cernat,

857 1996 883 2019 et
893 1997 1032 2025 emergere
1046 1994 1127 2024 atque
1141 1987 1258 2015 evidenti
1277 1987 1332 2021 jam
1348 1984 1569 2013 manifestatione
1583 1991 1648 2018 pro-

857 2044 993 2071 rumpere.
1026 2033 1067 2065 Ob
1095 2035 1147 2062 hoc
1172 2033 1255 2061 credo
1281 2037 1308 2060 et
1336 2032 1393 2066 ipse
1423 2029 1504 2057 Jesus
1520 2037 1582 2058 eum
1612 2030 1648 2057 ad

857 2081 1107 2112 transformandum
1128 2087 1156 2108 se
1185 2078 1269 2111 venit,
1284 2085 1337 2104 non
1364 2076 1390 2103 in
1419 2075 1510 2110 aliqua
1536 2075 1649 2109 planitie

857 2135 906 2159 aut
921 2129 1044 2158 cottvallc
1063 2127 1124 2160 fuit,
1139 2126 1202 2162 ~sed
1228 2129 1346 2152 montem
1371 2122 1540 2156 conscendit,
1557 2122 1602 2150 ubi
1619 2126 1647 2152 et

857 2174 1068 2203 transformatus
1081 2177 1122 2200 est
1133 2172 1155 2187 ⁷⁸
1167 2180 1174 2204 ;
1193 2175 1224 2198 ut
1237 2170 1308 2198 scias
1322 2177 1385 2196 eum
1401 2175 1513 2203 semper
1526 2168 1552 2196 in
1567 2174 1648 2195 mon-

858 2221 942 2252 tibus,
954 2223 1002 2249 aut
1028 2218 1055 2246 in
1082 2217 1198 2246 collibus
1214 2222 1356 2251 apparere.
1372 2218 1400 2242 et
1415 2217 1445 2240 ut
1469 2218 1494 2241 te
1506 2213 1602 2240 doceat
1614 2220 1648 2240 ne

859 2272 976 2300 usquam
990 2271 1052 2292 cum
1074 2262 1128 2290 nisi
1140 2262 1166 2288 in
1181 2261 1247 2296 legis
1260 2264 1287 2288 et
1299 2258 1493 2294 prOpbetarum
1509 2257 1648 2286 montibus

858 2319 977 2348 quaeras.
996 2310 1074 2343 Quod
1096 2312 1186 2336 autem
1209 2306 1297 2335 sancti
1314 2305 1416 2340 quique
1433 2308 1540 2331 montes
1556 2304 1649 2339 appet-

859 2357 960 2387 lantur,
977 2355 1004 2381 in
1017 2354 1109 2381 multis
1134 2352 1282 2387 Scriptum
1298 2351 1365 2379 locis
1380 2350 1502 2378 invenies
1521 2349 1647 2384 indicari,

859 2402 931 2430 sicut
947 2401 986 2428 ait
998 2400 1025 2427 in
1043 2399 1159 2427 Psalmis
1176 2407 1182 2426 ;
1199 2396 1387 2424 Fundamenta
1400 2396 1457 2431 ejus
1475 2396 1501 2423 in
1515 2396 1648 2423 montibus

859 2448 958 2476 sanctis
971 2447 1004 2474 ".
1031 2445 1065 2473 Et
1080 2445 1176 2472 iterum
1200 2453 1206 2470 :
1223 2443 1318 2470 Levavi
1343 2443 1433 2470 oculos
1449 2450 1519 2469 mea:
1535 2442 1562 2469 in
1574 2450 1648 2469 mon-

860 2499 908 2526 tes,
926 2493 994 2520 unde
1005 2492 1085 2519 ueniet
1104 2490 1235 2518 auxilium
1252 2489 1315 2516 mihi
1331 2489 1364 2516 ⁸⁸.
1381 2488 1519 2516 Auxilium
1531 2495 1648 2522 namque

860 2541 887 2567 in
901 2538 1133 2570 tribulationibus,
1150 2544 1183 2564 ex
1199 2535 1401 2571 Scripturarum
1419 2534 1571 2562 divinarum
1585 2540 1647 2561 seno

861 2586 938 2614 sibus
949 2585 1082 2620 capimus.
1097 2583 1248 2610 Possumus
1261 2581 1350 2609 adhuc
1365 2585 1393 2608 et
1403 2584 1509 2607 montes
1530 2579 1556 2605 in
1585 2578 1647 2614 qni-

860 2632 911 2659 bus
926 2631 1007 2658 salire
1021 2629 1138 2657 Verbum
1165 2627 1212 2656 Dei
1238 2627 1349 2660 dicitur,
1374 2631 1401 2654 et
1430 2625 1508 2660 quasi
1530 2623 1645 2652 liberius

860 2676 960 2709 eﬁ'erri,
974 2675 1080 2703 Novum
1107 2674 1230 2709 accipere
1244 2672 1468 2705 Testamentum;
1485 2670 1568 2699 colles
1581 2676 1647 2698 vero

818 2749 842 2765 ⁷⁸
858 2748 930 2777 Psal.
948 2755 1040 2780 Lxxtv,
1059 2747 1101 2774 I7.
1140 2745 1186 2772 "1
1204 2744 1276 2771 Tim.
1293 2752 1329 2777 tv,
1342 2743 1369 2770 7.
1408 2743 1430 2758 ⁷⁷
1445 2742 1525 2771 Rom.
1539 2748 1584 2775 xv,
1601 2737 1646 2767 19.

41 2789 146 2818 "Kuh.
163 2785 246 2819 xvu.'
266 2793 288 2808 τ’
301 2791 372 2818 Psal.
389 2797 511 2821 Lxxxvtt,
530 2789 556 2816 1.
593 2788 616 2803 ⁸⁸
631 2787 705 2814 Psal.
731 2793 806 2818 cxxt,
820 2785 844 2811 I.

715 2843 876 2872 tcntutionis.

1451 2881 1471 2910 6
