1879 3046
762 115 922 144 ORlGENlS
941 116 973 143 ΙΝ
988 115 1165 143 CANTICUM
1185 114 1320 143 CANTIC.
1800 116 1839 142 lii

221 178 254 205 tle
267 177 369 212 quibus
380 178 457 212 quasi
474 178 520 205 diu
537 185 708 212 compressus
725 183 749 205 et
771 178 922 205 occultatus
937 178 1010 205 ersi-
1027 179 1048 207 Α
1062 185 1168 212 pream,
1186 181 1210 203 et
1227 176 1351 202 bubulum
1363 196 1369 207 ,
1385 181 1408 202 et
1426 175 1622 210 tragelaplmm,
1640 179 1665 200 et
1683 174 1789 206 ibicem,
1805 183 1839 201 ra-

222 224 275 257 liit,
291 224 396 252 \‘etcris
411 224 576 252 Testamenti
598 226 698 251 sentire
723 225 871 251 volumina.
907 224 959 251 Sed
986 229 1012 251 et

223 271 295 306 apud
309 270 455 298 Jeremiam
469 276 611 298 venatores
631 276 656 297 et
671 270 820 305 piscatores
832 270 878 305 qui
896 271 1011 297 mittun-

221 322 268 344 tur
282 318 379 351 capere
394 317 519 344 homines
535 317 567 343 ad
581 316 704 349 salutem,
720 317 746 343 in
764 316 903 344 montibus
916 321 942 343 et
957 317 1013 343 col-

222 363 294 390 libus
308 370 355 390 eos
369 370 467 397 capere
482 363 627 394 dicuntur;
641 363 679 389 sic
692 362 763 389 enim
776 362 815 389 ait
830 371 837 389 :
851 362 918 389 Ecce
935 364 1011 389 mitto

223 409 320 436 multos
345 410 502 443 piscatores,
527 413 551 435 et
570 408 664 435 multos
690 414 838 441 venatores,
867 414 891 435 et
908 409 1011 443 capient

221 463 264 482 eos
276 464 354 490 super
378 463 479 481 onmem
496 459 607 481 montem
619 459 642 481 et
656 463 735 489 super
747 463 849 482 onmem
869 455 961 481 collem
975 455 1009 481 ⁸¹.

221 501 299 534 Quod
313 509 363 537 ego
380 501 464 536 magis
476 501 508 527 ad
523 500 643 527 futurum
660 505 767 536 tempus
791 501 817 528 in
832 509 1010 528 consumma—

221 547 294 574 tione
310 547 401 574 szeeuli
418 547 583 582 implendum
602 552 678 581 puto,
689 551 720 574 ut
732 555 794 574 cum
810 547 888 574 missi
908 546 1010 574 fuerint

222 593 307 628 angeli
337 592 486 619 secundum
512 593 695 627 evangelicam
721 593 879 627 parabolam
910 593 1010 620 messis

219 644 350 672 tempore,
373 642 402 665 ut
429 642 556 673 separent
589 638 725 665 frumenta
741 646 755 664 a
785 638 897 665 zizaniis
914 638 948 670 ⁸¹,
962 638 1009 672 qui

218 683 377 711 excelsioris
393 684 455 710 vita:
468 688 496 711 et
520 684 711 711 eminentioris
728 683 809 710 fuerit
823 684 1010 710 conversatio-

217 729 270 762 nis,
285 730 337 756 iste
355 729 522 762 inueniatur,
539 734 586 756 aut
612 729 639 755 in
666 729 793 756 collibus.
810 728 868 756 Non
886 729 1008 756 invenie-

216 780 262 801 tur
274 775 301 802 in
318 775 471 802 humilibus
482 780 509 802 et
527 774 639 808 deiectis
660 775 740 807 locis,
760 783 793 802 ne
807 775 843 802 ibi
858 775 956 802 mistus
971 774 1009 801 ri-

216 822 314 849 deatur
327 828 388 848 essc
400 821 512 847 zizaniis
525 830 532 847 :
552 821 598 847 sed
613 821 639 847 in
657 821 853 848 excelsioribus
870 821 1007 854 sensibus,

215 873 243 895 et
258 868 285 895 in
298 867 446 894 eminentia
468 867 528 894 ﬁdei
546 867 662 901 positus,
680 867 787 894 salienti
813 868 841 894 in
869 867 1008 894 montibus

219 913 313 940 Verbo
323 912 382 946 Dei,
397 917 423 940 et
447 912 581 940 exsilienti
609 913 635 940 in
653 913 768 940 collibus
795 920 902 947 semper
917 913 1009 940 adlue-

218 958 388 992 rens.‘Quod
406 966 453 993 per
465 959 544 985 aliam
567 959 746 986 nihilominus
768 960 936 994 parabolam,
958 959 1008 986 sub

217 1006 314 1032 eodem
332 1009 422 1032 tamen
441 1004 589 1037 intellectu,
616 1004 717 1032 dicitur
740 1005 767 1031 in
789 1005 954 1039 Evangelio:
979 1004 1008 1031 Si

215 1051 274 1085 quis
301 1051 328 1076 in
353 1054 420 1077 tecto
438 1055 487 1083 est,
512 1058 563 1076 non
589 1050 731 1077 descendat
756 1049 847 1076 tollere
860 1049 960 1084 aliquid
976 1049 1008 1076 de

215 1097 294 1123 dumo
308 1096 341 1123 ⁸³.
361 1095 454 1123 Potest
471 1096 560 1123 adhuc
571 1101 598 1123 et
618 1096 701 1123 alium
719 1095 797 1123 nobis
813 1103 924 1122 sensum
938 1103 1007 1129 prae-

215 1143 292 1169 dives
307 1142 356 1169 iste
370 1142 510 1177 praesentis
523 1141 755 1169 versiculi'sermo
772 1147 925 1176 suggerere.
940 1139 1007 1167 Pos-

215 1189 294 1216 sihile
319 1196 438 1223 namque
459 1193 488 1215 et
509 1196 617 1216 omnem
634 1188 679 1222 qui
704 1188 782 1222 plena
801 1187 852 1214 lide
877 1187 962 1214 credit
978 1187 1005 1213 in

206 1235 309 1267 Deum,
324 1235 365 1261 vel
378 1239 511 1266 montem,
528 1234 569 1262 vel
581 1235 676 1261 collem
692 1233 831 1268 appellari,
847 1240 897 1266 pro
915 1232 1005 1267 quali-

213 1285 269 1307 tate
299 1280 404 1306 scilicet
427 1280 491 1306 vitae
525 1284 551 1305 et
578 1278 766 1313 magnitudine
801 1277 1004 1311 intelligentim:

213 1326 322 1352 etiamsi
353 1325 435 1352 fuerit
460 1324 608 1359 aliquando
633 1323 726 1356 vallis,
754 1323 911 1358 proﬁciente
933 1322 1005 1349 ineo

214 1370 279 1399 Jcsu
297 1375 386 1403 :etate,
405 1376 432 1398 et
444 1371 590 1405 sapientia,
602 1374 628 1397 et
647 1370 743 1405 gratia,
756 1369 846 1397 omnis
861 1368 940 1396 vallis
955 1369 1006 1394 im—

214 1416 342 1451 plebitnr.
361 1415 475 1451 Superbi
493 1420 583 1443 autem
604 1416 707 1451 quique
723 1420 750 1442 et
775 1414 838 1441 elati
850 1419 880 1441 ut
898 1419 1005 1441 montes

213 1467 241 1489 et
258 1461 352 1493 colles,
377 1461 616 1488 humiliabuntur:
639 1460 769 1496 quoniam
785 1461 830 1495 qui
852 1468 878 1486 se
902 1460 1004 1486 exultat

213 1507 409 1540 Itumiliabitur,
437 1512 461 1534 et
483 1508 528 1542 qui
546 1515 572 1534 se
592 1507 716 1533 Iiuntiliat
733 1506 896 1533 exaltabitur
920 1505 953 1532 ⁸⁸.
967 1505 1004 1533 De

213 1554 282 1589 ipsis
296 1553 368 1580 enim
383 1553 484 1580 dicitur
502 1562 508 1579 :
526 1552 578 1585 Qui
607 1553 742 1587 conﬁdunt
756 1552 783 1578 in
800 1551 914 1578 Domino
936 1552 1003 1578 sicut

213 1609 288 1628 mons
306 1599 383 1632 Sion,
406 1606 433 1627 et
457 1599 627 1627 Hierusalem
643 1599 765 1626 dicitur:
787 1598 889 1625 Montes
910 1599 937 1624 in
952 1599 1004 1624 cir-

212 1649 285 1674 cuitu
295 1647 350 1681 ejua
364 1647 398 1673 ⁸⁵.
414 1645 491 1673 Unde
520 1650 585 1680 pulo
601 1645 673 1680 quod
691 1645 787 1672 merito
809 1644 891 1671 etiam
906 1643 1004 1670 Salva-

213 1699 256 1720 tor
268 1700 372 1724 noster,
388 1693 518 1728 quoniam
545 1697 571 1719 et
585 1692 642 1726 ipse
658 1691 844 1726 dicitur'lapis
864 1691 897 1718 de
912 1694 1004 1717 monte

211 1739 322 1766 excisus
336 1739 394 1766 sine
410 1739 546 1770 manibus,
568 1743 594 1765 et
612 1736 699 1764 factus
714 1745 774 1764 esse
787 1742 865 1763 mons
878 1743 1002 1771 magnus,

211 1786 284 1813 sicut
299 1793 345 1811 rex
360 1792 452 1818 regum
466 1784 499 1817 ⁸³,
514 1788 540 1810 et
554 1783 714 1818 pontiﬁcum
733 1783 786 1818 81
807 1781 940 1817 pontifex,
954 1789 1004 1816 po-

212 1835 265 1858 test
275 1830 356 1858 etiam
372 1838 452 1857 mons
467 1830 600 1856 montium
613 1829 752 1864 appellari.
767 1827 865 1855 Verum
879 1833 909 1854 ut
921 1828 1002 1854 etiam

211 1877 292 1905 tertia
315 1876 450 1911 expositio
470 1875 567 1902 habeat
591 1875 692 1906 locum,
721 1874 755 1901 ad
783 1881 1003 1908 unamquamque

210 1924 330 1951 animam
346 1929 438 1950 sermo
462 1922 605 1957 dirigatur.
633 1920 662 1948 Si
685 1921 733 1955 qui
762 1920 818 1947 sint
845 1920 1002 1954 capaciores

208 1971 283 1998 verbi
299 1969 357 2001 Dei,
373 1969 420 2004 qui
435 1969 468 1996 ab
482 1968 546 1996 Jesu
566 1976 666 2003 aquam
687 1967 739 1994 sibi
757 1967 848 1993 datam
862 1966 1000 1998 biberunt,

209 2021 237 2043 et
251 2015 309 2042 hate
325 2014 396 2041 facta
412 2019 453 2040 est
468 2013 496 2040 in
510 2013 550 2040 eis
561 2012 622 2039 fons
636 2019 714 2046 aqua:
729 2011 797 2037 vivae
819 2010 943 2037 salientis
974 2009 1001 2036 in

209 2062 294 2088 vitam
315 2064 458 2092 aeternam,
485 2059 512 2085 in
541 2058 583 2085 bis
609 2057 714 2084 scilicet
731 2056 757 2082 in
776 2056 875 2090 quibus
889 2055 1002 2082 verbum

209 2105 258 2133 Dei
277 2105 380 2132 crebris
395 2104 522 2132 sensibus
551 2107 577 2130 et
591 2102 718 2136 copiosis,
742 2101 816 2128 velut
838 2100 1002 2135 perennibus

210 2151 307 2178 ebullit
322 2150 432 2177 liuentis
444 2159 452 2182 ;
465 2150 491 2176 in
509 2149 552 2176 his
576 2148 637 2175 vitae
649 2155 681 2175 ac
699 2147 819 2174 scicntia:
832 2152 858 2174 et
872 2147 1003 2173 doctrinae

1065 225 1161 250 nulum
1186 229 1210 249 et
1233 223 1345 257 pardum
1356 222 1390 249 ⁸⁷.
1416 221 1468 248 Sed
1495 226 1521 248 et
1545 220 1618 256 quod
1645 225 1758 248 sanctus
1773 229 1838 248 cervo

1064 273 1237 303 comparatur
1249 290 1256 301 ,
1274 270 1300 296 in
1315 269 1408 296 multis
1426 269 1575 302 Scriptura:
1597 268 1699 294 divina:
1719 267 1784 294 locis
1800 268 1838 294 lia-

1063 315 1143 342 bt-tur
1155 337 1162 348 ,
1179 319 1208 342 ut
1228 316 1253 342 in
1278 315 1399 348 Psalmo,
1416 315 1461 341 ubi
1477 315 1542 342 dicit
1559 324 1565 340 :
1584 314 1661 341 Sicut
1678 321 1766 340 cerrus
1784 313 1838 339 desi-

1063 361 1138 388 derat
1150 363 1184 388 (ια
1196 362 1281 396 fontes
1294 370 1434 397 aquarum,
1446 361 1484 387 ita
1499 361 1633 387 desiderat
1649 361 1739 386 anima
1751 368 1803 386 mea
1813 360 1840 386 ad

1063 411 1106 439 te,
1132 407 1239 435 Deus".
1268 407 1458 434 Verumtamen
1483 407 1509 433 in
1532 407 1709 434 sermonibus
1729 414 1795 441 quos
1815 414 1840 433 et

1064 452 1274 480 Denteronomio
1291 454 1493 488 assumpsimus
1505 473 1512 484 ,
1531 453 1613 479 etiam
1631 453 1683 480 huc
1700 461 1753 480 non
1770 453 1842 487 negli-

1062 504 1158 533 genter
1182 499 1412 527 considerandum
1433 498 1557 532 videtur,
1583 507 1667 533 quam
1692 499 1801 533 dignum
1821 499 1842 525 in

1063 545 1226 573 animalibus
1243 545 1353 572 mundis
1372 545 1566 572 enumerandis
1581 546 1706 573 ordinem
1722 545 1843 577 tenuerit,

1062 597 1091 620 ut
1111 593 1200 628 primo
1216 593 1348 626 vitulum,
1364 591 1485 620 secundo
1500 599 1618 626 agnum,
1641 592 1721 618 tertio
1746 592 1841 618 hircum

1061 639 1203 666 scriberet.
1219 638 1248 665 In
1263 639 1306 666 his
1317 646 1382 665 vero
1398 646 1459 673 qua:
1473 637 1625 665 secundum
1640 638 1768 665 eumdem
1781 637 1844 673 Moy-

1061 692 1108 712 sen
1128 692 1181 711 non
1199 684 1351 711 oﬂ‘eruntur
1374 683 1407 711 ad
1424 684 1508 710 altare
1520 703 1527 715 ,
1546 683 1637 718 primo
1652 691 1788 715 cervum.
1810 692 1845 710 se-

1061 731 1151 757 cundo
1170 737 1297 765 capream
1323 729 1462 762 nominat;
1480 734 1507 756 et
1530 729 1567 756 ita
1584 733 1647 763 post
1666 729 1723 756 haec
1749 729 1845 763 reliqua

1060 783 1109 810 per
1122 776 1244 803 ordinem
1260 775 1391 802 describit
1404 774 1564 802 animantia.
1582 774 1707 807 Quarum
1725 775 1796 801 ratio
1811 775 1846 801 his

1061 821 1162 856 quibus
1184 821 1368 848 abundantior
1382 821 1470 855 gratia
1486 820 1618 855 spiritalis
1636 820 1662 847 in
1679 820 1751 847 dono
1767 820 1846 847 scien-

1061 868 1104 894 tiae
1121 874 1252 894 concessa
1270 872 1312 894 est
1330 875 1378 902 per
1398 866 1531 901 Spiritum
1553 871 1681 893 sanctum
1709 866 1846 893 manifesta

1060 917 1086 939 et
1101 913 1214 940 evidens
1231 913 1285 940 liet.
1304 911 1387 939 Nobis
1411 912 1519 939 interim
1535 912 1666 946 quoniam
1684 912 1717 939 de
1732 920 1812 940 cervo
1824 917 1847 940 et

1059 966 1155 993 caprea
1173 959 1263 986 dicere
1283 966 1356 985 nunc
1376 959 1402 984 in
1421 958 1591 992 expositione
1608 959 1752 992 prmsentis
1769 959 1846 985 versi-

1059 1006 1111 1032 culi
1129 1005 1271 1039 incumbit,
1288 1007 1454 1032 conveniens
1471 1004 1579 1031 videtur
1595 1012 1629 1031 ex
1647 1004 1798 1039 Scripturis
1812 1006 1847 1032 di-

1057 1051 1129 1078 vinis
1145 1058 1311 1085 congregare
1334 1058 1384 1085 pro
1398 1050 1513 1081 viribus.
1528 1057 1589 1084 quze
1606 1050 1640 1077 de
1665 1050 1709 1077 his
1727 1050 1847 1077 animali-

1058 1096 1110 1124 bus
1132 1097 1302 1129 referuntur,
1325 1097 1359 1124 de
1383 1097 1484 1132 quibus
1509 1097 1579 1124 idem
1608 1096 1717 1131 Moyses
1737 1105 1798 1124 cum
1819 1097 1846 1123 de

1059 1143 1190 1170 carnibus
1206 1143 1364 1177 loqueretur
1378 1150 1440 1177 qua:
1461 1143 1488 1169 in
1510 1142 1585 1170 omni
1602 1142 1743 1170 desiderio
1756 1143 1847 1169 anima:

1059 1189 1268 1215 comederentur
1283 1196 1337 1216 non
1357 1189 1455 1216 oblatae
1471 1188 1505 1215 ad
1525 1188 1628 1222 altare;
1644 1189 1718 1216 sicut
1735 1197 1844 1224 caprea.

1058 1233 1163 1268 inquit,
1181 1239 1207 1262 et
1223 1243 1329 1262 cervus.
1354 1234 1499 1270 Egregium
1515 1242 1579 1262 vero
1597 1235 1662 1270 quid
1679 1243 1764 1262 xxviii
1782 1235 1846 1270 psal-

1058 1288 1130 1314 mus,
1149 1281 1194 1308 ubi
1208 1281 1242 1308 de
1255 1280 1402 1308 virtutibus
1415 1285 1441 1308 et
1456 1281 1574 1308 cﬁicacia
1589 1282 1665 1309 vocis
1681 1282 1728 1309 Dei
1747 1289 1795 1316 per
1804 1290 1846 1308 ur-

1057 1326 1147 1353 dinem
1173 1327 1283 1358 sei-ibit,
1300 1327 1334 1354 de
1347 1334 1428 1354 cervo
1444 1327 1495 1354 hoc
1509 1327 1591 1355 modo
1607 1327 1676 1355 dicit
1693 1337 1700 1355 :
1725 1328 1783 1356 Vos
1798 1328 1846 1354 Do-

1057 1372 1123 1398 mini
1145 1373 1305 1407 perﬁcientis
1328 1381 1432 1406 reri-os,
1447 1373 1474 1400 id
1491 1378 1546 1404 est,
1570 1374 1708 1408 perfectos
1728 1374 1847 1402 facientis

1057 1425 1171 1451 cervos,
1197 1423 1221 1444 et
1245 1419 1369 1445 reuelabit
1392 1418 1523 1445 condensa
1534 1419 1569 1446 ⁸³.
1599 1420 1679 1447 Sicut
1703 1421 1780 1448 enim
1801 1429 1846 1448 vel

1057 1463 1166 1491 Domini
1184 1464 1345 1491 intercidere
1360 1464 1461 1492 dicitur
1473 1464 1610 1492 ﬂammam
1629 1466 1702 1501 ignis
1714 1487 1720 1499 ,
1740 1472 1769 1494 et
1784 1475 1846 1494 con-

1057 1513 1149 1538 eutere
1166 1510 1321 1544 desertum,
1347 1511 1383 1538 ita
1406 1511 1538 1546 perlicere
1554 1519 1651 1540 cervos
1669 1520 1703 1540 ac
1730 1513 1847 1541 revelare

1056 1558 1194 1584 condensa
1210 1561 1387 1584 memoratur.

1093 1601 1146 1628 Sed
1161 1605 1187 1629 et
1203 1602 1230 1628 in
1248 1601 1300 1628 Job
1312 1601 1345 1628 dc
1360 1609 1442 1628 cervo
1457 1602 1493 1629 ita
1509 1602 1666 1631 invertimus
1680 1603 1792 1635 referri,
1805 1603 1846 1631 ubi

1057 1647 1190 1674 Dominus
1213 1647 1245 1674 ad
1265 1646 1318 1674 Job
1336 1655 1383 1682 por
1404 1648 1541 1676 turbinem
1565 1649 1683 1684 loquens
1702 1655 1730 1677 et
1751 1650 1847 1677 nubem

1057 1691 1094 1718 ait
1107 1700 1112 1716 :
1129 1692 1180 1718 Aut
1194 1699 1255 1726 ergo
1270 1692 1413 1719 observasti
1426 1697 1520 1727 partus
1535 1701 1685 1727 cervorum,
1701 1700 1749 1721 aut
1763 1703 1850 1722 nume-

1057 1738 1122 1764 rasti
1140 1746 1238 1765 ηιειιδιιδ
1254 1747 1343 1765 eorum
1356 1739 1444 1773 plenos
1460 1740 1494 1766 ad
1508 1745 1626 1774 partum,
1639 1738 1748 1768 deliras
1766 1746 1851 1768 autem

1055 1792 1145 1810 eorum
1156 1784 1270 1816 solvisti,
1283 1789 1329 1810 aut
1347 1785 1456 1811 nutristi
1468 1793 1559 1811 eorum
1572 1790 1661 1819 natos,
1674 1791 1721 1813 aut
1735 1788 1794 1815 sine
1807 1787 1851 1814 do-

1055 1828 1156 1855 loribus
1175 1834 1268 1863 partus
1293 1838 1384 1856 eorum
1403 1831 1529 1858 emittes?
1548 1831 1715 1866 Abrumpent
1736 1833 1790 1867 ﬁlii
1809 1841 1850 1859 eo-

1055 1882 1132 1907 rum,
1158 1879 1183 1901 et
1204 1875 1453 1910 multiplicabuntur
1469 1877 1494 1902 in
1513 1877 1675 1910 nativitate,‘
1696 1879 1849 1911 exibunt,d

1055 1929 1106 1947 non
1128 1922 1328 1948 revertentur".
1350 1921 1397 1948 llis
1420 1923 1594 1958 adjungenda
1611 1928 1677 1951 sunt
1697 1925 1785 1952 etiam
1808 1927 1850 1953 illa

1053 1975 1115 2002 qua:
1130 1967 1157 1994 in
1173 1967 1329 1995 Proverbiis
1347 1968 1463 2003 legimus
1477 1969 1529 1996 hoc
1545 1970 1628 1996 modo
1644 1979 1650 1996 :
1664 1970 1769 1998 Cervus
1786 1972 1851 1998 anti—

1054 2013 1198 2046 citiarum,
1223 2018 1246 2040 et
1264 2013 1353 2048 pullus
1369 2014 1518 2048 gratiarum
1541 2014 1662 2049 loquitur
1677 2016 1773 2044 tibi“.
1793 2016 1852 2044 llaec

1055 2058 1163 2085 interim
1180 2058 1212 2085 ad
1235 2066 1356 2092 praesens
1372 2059 1405 2085 de
1426 2066 1508 2086 cervo
1530 2060 1610 2087 nobis
1634 2061 1742 2096 scripta
1758 2070 1852 2090 oecur-

1054 2111 1113 2130 rcre
1129 2107 1287 2138 potuerunt.
1304 2103 1370 2136 Quin
1388 2104 1423 2131 ob
1440 2104 1492 2131 hoc
1508 2105 1734 2140 assumpsimus,
1762 2113 1793 2134 ut
1818 2108 1854 2134 lo-

1054 2156 1172 2182 quamur
1186 2156 1240 2176 non
1256 2149 1283 2176 in
1299 2149 1423 2177 doctrina
1444 2149 1573 2178 humanae
1586 2152 1733 2186 sapientia:
1743 2174 1751 2186 ,
1767 2155 1817 2182 sed
1831 2154 1855 2182 in

211 2197 308 2224 merito
324 2196 464 2223 montibus
484 2200 510 2221 et
526 2194 642 2221 collibus
660 2193 772 2226 eﬂectis,
785 2193 944 2228 dignissime
959 2200 1003 2220 sa-
1020 2205 1042 2233 θ
1054 2194 1176 2221 doctrina
1200 2195 1330 2229 spiritus,
1348 2195 1480 2229 spiritalia
1497 2197 1669 2230 spiritalibus
1685 2207 1855 2234 comparan-

209 2243 260 2270 lirc
277 2242 390 2269 verbum
404 2240 450 2267 Dei
467 2240 568 2267 dicitur
582 2244 609 2267 et
621 2239 742 2271 exsilire,
754 2238 841 2266 factus
855 2239 882 2265 in
900 2239 939 2266 eis
953 2247 1001 2274 per

209 2287 374 2314 alliuentinm
387 2285 519 2312 doctrina:
532 2284 594 2312 fons
608 2292 685 2319 aqua:
701 2283 768 2311 viva
787 2284 911 2311 salientis
924 2284 950 2310 in
965 2285 1001 2311 vi-

208 2339 263 2360 tam
275 2337 416 2360 internum.

247 2379 322 2406 Vers.
338 2379 364 2406 9.
383 2378 487 2405 Similis
499 2384 537 2405 est
554 2378 689 2412 fraternus
712 2385 784 2403 meus
803 2385 904 2411 caprea:
915 2397 922 2409 ,
937 2376 998 2402 Itin-

207 2427 322 2462 nulaque
343 2433 478 2452 cervorum
502 2425 528 2452 in
551 2424 683 2451 montibus
707 2423 809 2451 Bet/tel.
830 2424 934 2458 Caprea
956 2423 998 2449 vel

209 2484 307 2504 cervus
321 2476 394 2511 quod
410 2476 480 2502 inter
494 2473 596 2501 munda
615 2471 766 2498 habeantur
785 2471 924 2499 animalia.
939 2478 998 2497 ma-

207 2522 306 2549 nifeste
329 2529 362 2548 ex
378 2521 421 2547 his
436 2527 497 2555 qua:
514 2519 540 2545 in
570 2516 782 2545 Deuteronomio
809 2516 910 2550 scripta
934 2519 999 2542 sunt

206 2569 354 2600 indicatur,
371 2571 413 2595 est
427 2567 499 2594 enim
515 2566 567 2593 hoc
582 2565 663 2592 modo
679 2564 812 2598 scriptum
827 2572 832 2588 :
849 2561 913 2588 [hec
929 2561 1000 2587 enim

206 2620 266 2642 sunt
279 2614 409 2641 animalia
423 2621 481 2648 qua:
501 2611 704 2641 manducabitis,
723 2609 845 2640 vitulum,
858 2613 881 2634 et
901 2614 998 2641 agnum

206 2667 239 2686 ea:
255 2660 404 2694 pecoribus,
427 2663 451 2685 et
468 2658 571 2684 hircum
589 2665 622 2684 ex
635 2655 723 2690 capris
736 2674 743 2686 ,
766 2661 868 2680 cervum
882 2673 889 2684 ,
909 2658 932 2678 et
956 2659 999 2677 ca-

208 2763 229 2780 "
249 2761 346 2789 Jerem.
367 2770 423 2793 ινι.
439 2761 482 2788 16.
519 2760 542 2776 δ’
558 2758 651 2786 Matth.
670 2764 728 2793 sui.

210 2806 241 2827 ιι,
261 2797 306 2829 Μ,
325 2797 370 2824 57.
409 2797 430 2812 ⁵⁷
452 2796 529 2822 Deut.
548 2802 603 2827 nv,
621 2793 655 2826 λι,
672 2792 698 2819 5.

211 2840 240 2860 ν.
256 2831 299 2860 ’9.
338 2832 360 2848 "
382 2831 461 2858 Roin.
480 2839 498 2857 ι.

737 2791 759 2807 ⁸⁸
780 2790 852 2818 Psal.
874 2797 941 2821 xui,
960 2788 986 2815 1.

766 2756 789 2771 ⁸³
803 2755 897 2781 Matth.
911 2761 984 2785 xxtv,
999 2752 1042 2779 i'i'.
1081 2752 1103 2768 θλ
1120 2752 1185 2778 Luc.
1205 2759 1266 2777 xvm

780 2790 852 2814 Psal.
874 2797 941 2814 xui.
960 2788 986 2814 1.
1024 2788 1046 2802 ⁸⁸³
1067 2786 1266 2814 Psul.xthtt.9

1089 2796 1138 2815 Si”.
1149 2796 1242 2819 XXVIII,
1251 2796 1276 2814 υ.

1055 2243 1105 2265 tes.
1123 2238 1156 2265 Et
1179 2239 1239 2266 ideo
1254 2239 1413 2267 invocemus
1434 2239 1520 2267 Deum
1537 2240 1647 2269 Patrem
1664 2241 1765 2277 Verbi,
1784 2245 1855 2280 quod

1055 2284 1134 2312 nobis
1148 2284 1228 2312 Verbi
1251 2285 1294 2312 sui
1310 2285 1467 2313 maniicstet
1480 2294 1579 2314 arcana
1590 2307 1597 2318 ,
1617 2295 1798 2325 sensumque
1814 2299 1855 2318 no-

1055 2334 1142 2356 strum
1159 2335 1297 2357 removeat
1314 2338 1329 2357 a
1344 2331 1469 2358 doctrina
1497 2331 1625 2359 humana:
1647 2334 1818 2369 sapientiae,
1832 2341 1855 2362 α

1055 2375 1154 2402 exaltet
1171 2379 1252 2410 atque
1271 2375 1356 2402 elevet
1372 2376 1405 2403 ad
1422 2376 1576 2404 doctrinam
1593 2375 1737 2411 Spiritus,
1756 2385 1788 2407 ut
1804 2389 1854 2407 nun

1053 2428 1084 2447 ca
1097 2429 1157 2454 qua:
1171 2421 1254 2447 sentit
1266 2421 1384 2448 carnalis
1398 2421 1519 2453 auditus,
1535 2421 1581 2448 sed
1595 2429 1627 2449 ea
1645 2431 1711 2457 qua:
1730 2427 1854 2452 continet

1052 2466 1178 2493 voluntas
1195 2466 1314 2500 Spiritus
1329 2466 1417 2493 sancti
1434 2466 1590 2500 loquamur.
1607 2466 1718 2496 Paulus
1740 2476 1855 2504 aposto—

1053 2512 1096 2539 lus
1112 2520 1162 2540 nos
1176 2512 1257 2539 docet
1282 2512 1353 2546 quod
1375 2512 1522 2540 invisibilia
1546 2511 1594 2540 Dei
1609 2521 1644 2540 ex
1661 2514 1854 2543 invisibilibus

1055 2559 1257 2593 intelligantur,
1274 2563 1301 2585 et
1317 2565 1348 2585 ea
1365 2566 1424 2592 qua:
1442 2565 1495 2584 non
1515 2558 1654 2591 videntur,
1688 2568 1726 2588 ex
1752 2570 1852 2590 eorum

1053 2613 1114 2639 quae
1130 2605 1272 2635 videntur,
1292 2604 1396 2630 ratione
1412 2608 1438 2630 et
1462 2603 1644 2631 similitudine
1658 2608 1855 2642 contemplen-

1054 2650 1146 2681 tur";
1171 2649 1317 2676 ostendens
1339 2656 1386 2683 per
1400 2649 1453 2676 hoc
1473 2649 1547 2683 quod
1571 2649 1693 2678 visibilis
1710 2651 1762 2680 hic
1780 2659 1854 2680 mua-

1748 2753 1774 2768 "
1789 2753 1822 2779 iis.
1828 2761 1849 2779 n.

1727 2788 1750 2804 "
1776 2789 1849 2815 Pwv.

1081 2752 1103 2768 θλ
1120 2751 1185 2778 Luc.
1205 2758 1282 2781 xvm,
1300 2751 1341 2777 M.
1381 2750 1404 2766 ⁸⁸
1419 2750 1491 2777 Psal.
1507 2758 1593 2781 cxxv.
1612 2751 1638 2784 i,
1653 2751 1682 2779 2.

1316 2786 1337 2801 ⁹⁰
1353 2785 1404 2813 Job
1420 2794 1513 2819 χχχιχ,
1534 2785 1598 2819 1,9,
1612 2787 1640 2820 5,
1654 2787 1681 2813 4.
