1879 3046
59 144 100 171 173

716 141 778 168 Ι.Ιηί
793 142 815 168 ll
835 141 995 169 Tl'lll'l'lliS.

1620 153 1670 182 176

57 203 100 230 dus
119 203 150 230 de
170 202 299 230 invisibili
326 203 437 234 doceat,
461 208 487 230 et
512 201 677 237 exemplaria
703 202 827 236 qnzedatn
844 206 866 233 Α
882 206 937 228 lere
952 203 1156 237 proposuimus,
1171 203 1288 232 iuciriius
1305 207 1513 243 cvidetitiusrlue
1530 211 1667 247 Colligere.

57 249 195 277 calestium
209 249 344 276 contineat
361 249 460 284 positio
482 249 534 276 ista
550 253 676 281 terrena;
694 253 724 275 ut
737 248 770 275 ab
789 248 830 275 his

56 304 108 331 qu:e
130 296 253 322 deorsum
281 296 314 322 ad
338 303 369 322 ea
391 303 450 330 qua:
474 302 583 322 sursum
607 298 670 321 sunt
693 293 830 328 possimus

55 341 202 372 ascendere,
227 345 308 375 atque
328 348 360 367 ex
385 340 428 367 his
454 348 515 374 qua:
533 339 657 366 videmus
680 338 706 365 in
733 338 828 369 terris,

55 387 142 413 sentire
156 390 182 413 et
199 386 349 421 intelligere
370 393 401 412 ea
418 393 480 419 qua;
494 385 630 412 habemur
645 384 671 411 in
686 384 772 411 caelis.
788 383 829 410 Ad

55 439 157 466 quorum
174 431 379 458 similitudinem
393 431 538 466 quamdam
552 451 559 463 ,
577 439 632 465 quo
651 430 758 458 facilius
773 430 830 456 col-

54 479 90 512 ligi
104 485 149 511 per
165 477 221 504 haec
237 486 268 505 ac
283 478 376 504 sentiri
394 482 506 512 possent
519 477 704 507 diversitates,
720 481 829 503 creatu-

53 531 132 549 rarum
152 531 212 558 quae
234 524 260 550 in
281 523 361 551 terris
386 528 451 550 sunt
474 522 678 550 similitudinem
703 521 828 549 conditor

53 569 124 596 dedit.
148 569 180 596 Et
204 569 327 597 fortassis
342 570 413 596 sicut
444 569 581 596 hominem
598 567 669 596 Deus
682 568 715 595 ad
733 568 828 602 imagi-

53 620 104 638 nem
117 618 141 640 et
158 613 270 640 sitnilitu
282 614 362 640 linem
378 622 455 640 suain
474 613 548 645 fecit,
567 613 604 640 ita
616 613 698 640 etiam
715 617 827 640 caeteras

53 663 177 686 creaturas
194 659 228 686 ad
248 659 314 686 alias
331 660 464 694 quasdam
484 659 610 687 caelestes
633 658 765 694 imagines
779 666 827 693 per

52 704 247 731 similitudinem
273 705 411 738 condidit;
429 708 457 732 et
473 703 589 732 fortasse
603 704 629 730 in
646 708 750 730 tantum
769 703 826 730 sin-

51 749 103 783 gula
125 757 236 783 quaeque
260 757 319 784 quae
343 749 370 776 in
391 749 470 776 terris
494 754 572 781 sunt,
596 748 698 776 habent
722 748 825 782 aliquid

51 793 162 828 imaginis
184 799 212 821 et
239 795 425 822 similitudinis
443 795 470 821 in
489 794 665 826 ctelestibus,
689 798 719 820 ut
742 793 824 820 etiam

51 848 150 874 granum
167 841 271 876 sinapis
284 841 357 876 quod
373 841 516 868 minimum
533 845 575 868 est
589 840 614 867 in
633 839 763 867 omnibus
781 847 824 866 sc-

881 247 988 275 Etenini
1012 250 1128 284 scriptor
1142 251 1192 278 iste
1214 251 1353 285 sapientim
1370 254 1467 282 divina-
1483 264 1544 283 eum
1562 258 1668 293 singula

881 301 996 328 qumque
1019 301 1227 330 enumerasset,
1254 298 1286 326 ad
1303 299 1427 327 ultimtttn
1445 300 1530 335 dixit,
1543 305 1605 338 quia
1622 313 1668 334 oc-

881 339 1036 373 cultorum,
1059 345 1086 368 et
1108 341 1315 370 manifestoruut
1341 346 1475 379 acceperit
1499 348 1666 377 scientiam:

879 385 1027 412 ostendens
1053 386 1112 413 sine
1133 387 1216 414 dubio
1239 389 1311 423 qttod
1337 391 1550 426 unumquodque
1572 401 1667 422 eorum

879 437 939 464 qua:
955 431 982 457 in
997 431 1142 460 manifesto
1157 438 1231 465 sunt,
1248 435 1381 462 referatur
1399 437 1430 464 ad
1452 438 1552 473 aliquid
1570 449 1665 468 eorum

879 483 938 510 quze
954 476 979 502 in
996 478 1104 505 occulto
1118 484 1198 512 sunt;
1219 480 1244 507 id
1261 485 1319 514 est,
1345 482 1450 518 singula
1474 492 1588 520 qumque
1603 487 1668 514 visi-

879 522 942 549 bilia
961 522 1060 550 habere
1079 524 1182 559 aliquid
1208 526 1395 555 similitudinis
1407 533 1434 556 et
1447 531 1561 559 rationis
1573 532 1606 560 ad
1622 533 1666 560 itt-

878 568 1004 595 visibilia.
1020 569 1089 602 Quia
1105 578 1171 605 ergo
1189 571 1358 609 impossibile
1370 579 1410 601 est
1423 575 1528 603 homini
1544 577 1570 604 in
1582 585 1666 606 carne

878 612 978 639 viventi
989 621 1137 648 agnoscere
1149 615 1251 650 aliquid
1265 617 1300 644 de
1310 619 1424 646 occultis
1435 626 1458 646 et
1470 621 1664 658 invisibilibus,

877 656 928 682 nisi
945 657 1091 693 itnaginetn
1107 660 1227 695 aliquam
1243 666 1269 688 et
1285 663 1491 693 similitudinem
1507 656 1665 704 conceperit

876 702 909 729 de
935 703 1104 736 visibilibus;
1132 706 1166 732 ob
1193 707 1246 733 hoc
1270 709 1406 742 arbitror,
1441 714 1514 747 quod
1540 702 1600 741 illei
1616 715 1664 750 qui

876 749 967 776 omnia
983 749 1009 776 in
1025 750 1159 785 sapientia
1184 751 1257 786 fecit,
1276 753 1312 780 ita
1329 757 1428 784 creavit
1444 749 1664 796 unamquamque

876 794 1023 822 visibilium
1043 797 1161 831 speciem
1185 797 1212 824 in
1229 799 1327 832 terris,
1350 805 1380 828 ut
1404 802 1431 829 in
1451 803 1494 832 his
1509 794 1662 834 doctrinam

876 842 1022 875 quamdam
1047 849 1074 870 et
1102 843 1268 878 agnitionem
1297 853 1388 874 rerum
1424 849 1601 878 invisibilium
1636 858 1663 880 et

50 885 166 917 minibus,
183 886 282 914 habeat
297 886 398 921 aliquid
414 886 540 921 imaginis
553 890 578 912 et
591 885 778 912 similitudinis
793 885 820 911 in
839 881 858 908 Β
872 887 1023 915 cwlestium
1044 895 1172 923 poneret;
1189 899 1242 925 quo
1257 899 1304 926 per
1318 892 1374 920 haec
1397 896 1558 924 ascenderet
1585 906 1662 926 mens

50 931 129 962 uelis;
147 935 172 958 ct
193 932 246 959 hoc
272 932 343 966 quod
359 932 419 959 talis
435 932 460 959 ei
479 931 602 966 quaedam
615 931 765 966 composita
779 935 822 958 est

49 977 176 1004 alternatio
193 982 298 1004 natura:
311 997 318 1010 ,
344 981 374 1004 ut
399 985 460 1005 cum
478 978 621 1004 minimum
640 977 675 1004 sit
698 977 820 1003 omnium

49 1022 181 1054 seminum,
198 1022 288 1057 majus
308 1023 353 1049 liat
368 1023 496 1050 omnibus
511 1023 643 1055 oleribus,
660 1023 696 1049 ita
711 1026 740 1048 ut
758 1030 822 1056 pos-

49 1072 98 1094 sent
109 1068 196 1094 venire
211 1075 278 1095 aves
292 1068 370 1100 eteli,
397 1073 423 1096 et
449 1068 571 1096 habitare
593 1068 622 1094 in
645 1067 728 1095 ramis
743 1067 819 1102 ejus;

49 1112 240 1140 similitudinem
263 1113 331 1141 ferat
355 1121 409 1141 non
437 1114 526 1141 solum
551 1113 668 1148 alicujus
701 1114 820 1141 cmlcstis

47 1158 175 1193 imaginis,
199 1160 248 1187 sed
276 1164 301 1187 et
324 1160 409 1194 ipsius
429 1160 506 1195 regni
521 1160 663 1188 caelorum.
691 1160 736 1187 Sic
755 1167 820 1194 ergo

47 1205 159 1238 possibile
181 1210 224 1233 est
251 1206 333 1233 etiam
356 1210 452 1234 caetera
476 1206 580 1233 sentina
603 1214 664 1241 quae
689 1206 715 1233 in
740 1205 819 1233 terris

47 1257 108 1284 sunt,
119 1258 146 1279 ut
158 1253 279 1280 habeant
296 1253 398 1288 aliquid
416 1254 442 1280 in
457 1254 615 1281 ctelestibus
632 1253 819 1281 similitudinis

45 1302 67 1324 et
79 1299 194 1326 rationis.
211 1298 290 1332 Quod
309 1299 332 1327 si
347 1300 461 1333 sentina,
476 1299 535 1327 sine
549 1299 631 1326 dubio
645 1304 672 1326 et
687 1300 818 1334 virgulta;

45 1348 65 1370 et
78 1344 98 1370 si
115 1344 242 1379 virgulta,
258 1345 318 1372 sine
333 1345 417 1372 dubio
433 1349 460 1372 et
477 1345 637 1378 animantia,
654 1345 695 1371 vel
711 1346 817 1378 alitum,

43 1390 77 1416 vel
91 1391 250 1425 repentium,
266 1395 293 1418 et
306 1391 523 1426 quadrupedum.
534 1390 587 1418 Sed
603 1396 629 1418 et
646 1391 710 1418 illud
728 1391 818 1419 adhuc

44 1441 119 1469 potest
144 1436 276 1471 intelligi,
306 1437 377 1471 quod
402 1437 473 1464 sicut
495 1445 608 1472 granum
632 1437 734 1471 sinapis
763 1445 816 1464 non

44 1488 113 1507 uuam
128 1482 334 1509 similitudinem
351 1487 422 1509 tenet
437 1482 512 1517 regni
535 1484 665 1510 ctnlorum
689 1488 715 1510 et
739 1482 817 1510 habi-

42 1527 139 1555 tationis
164 1528 270 1555 scilicet
285 1528 376 1555 avium
396 1528 422 1555 in
439 1528 523 1556 ramis
539 1529 606 1561 suis,
629 1529 675 1556 sed
692 1528 771 1556 habet
788 1533 815 1556 et

43 1574 112 1601 aliam
135 1575 343 1602 similitudinem
372 1576 411 1603 vel
441 1575 605 1610 imaginem,
640 1574 814 1610 perfectionis

42 1621 131 1648 scilicet
146 1621 206 1648 fidei
217 1642 224 1654 ,
246 1621 283 1648 ita
299 1625 329 1648 ut
344 1621 366 1649 si
379 1621 441 1656 quis
456 1621 554 1648 habeat
567 1621 646 1649 fidem
661 1622 731 1649 sicut
748 1630 811 1657 gra—

41 1673 94 1693 num
119 1667 239 1702 sinapis,
257 1667 330 1694 dicat
353 1667 438 1694 monti
459 1667 606 1694 transferre
622 1674 663 1699 se,
679 1672 703 1694 et
721 1672 812 1695 trans-

41 1711 113 1743 feret;
127 1713 162 1740 ita
178 1713 312 1747 possibile
326 1717 366 1740 est
382 1717 411 1740 ut
431 1713 512 1740 etiam
529 1717 625 1740 caetera
643 1720 696 1740 non
718 1713 743 1740 in
759 1721 813 1741 uno

39 1758 128 1792 aliquo,
150 1759 196 1786 sed
222 1759 252 1785 in
269 1758 392 1793 pluribus
409 1758 526 1792 speciem
545 1761 572 1785 et
590 1758 734 1793 imaginem
757 1766 813 1786 cte-

38 1803 133 1831 lvstium
147 1804 247 1831 ferant.
266 1804 372 1831 Etcum
387 1804 481 1838 plures
495 1804 565 1838 sint,
581 1805 655 1832 verbi
676 1805 731 1839 82
751 1813 812 1839 gra-

38 1849 78 1881 tia,
92 1850 116 1876 in
130 1857 214 1885 grano
228 1850 334 1884 sinapis
352 1850 464 1877 virtutes
479 1857 540 1884 quae
551 1857 642 1877 rerum
659 1850 811 1878 etelestium

38 1896 156 1931 imagines
171 1901 300 1930 teneant,
317 1897 428 1924 ultimus
453 1902 479 1924 et
497 1901 636 1924 extremus
660 1896 720 1931 ejus
745 1904 812 1924 usus

37 1946 71 1968 est
88 1942 135 1970 iste
150 1943 198 1978 qui
218 1943 338 1970 habetur
360 1942 431 1978 apud
458 1943 584 1971 homines
610 1944 636 1970 in
658 1942 812 1970 ministerio

37 1989 166 2022 corporali.
176 1989 216 2017 Ita
225 1989 310 2016 etiam
320 1989 346 2016 itt
355 1990 478 2024 reliquis,
488 1990 528 2017 vel
538 1990 699 2024 seminibus,
708 1991 749 2018 vel
758 1991 812 2018 vir-

36 2034 164 2068 gultis,vel
178 2036 327 2063 herbarum
341 2036 490 2068 radicibus,
503 2036 547 2064 vel
555 2037 636 2063 etiam
649 2037 675 2064 in
689 2037 811 2064 animan-

36 2079 98 2107 tibus
110 2081 222 2117 intelligi
229 2085 334 2116 potest;
345 2086 373 2108 ut
383 2089 461 2108 usum
472 2082 582 2116 quidem
588 2085 615 2109 et
628 2082 810 2110 ministerium

36 2125 176 2154 hominibus
192 2127 333 2162 praebeant
346 2127 504 2162 corporale,
524 2127 641 2155 habeant
659 2132 748 2155 autem
768 2129 810 2156 in-

34 2174 201 2207 corporaliutn
216 2181 310 2201 rerum
323 2173 425 2201 formas
438 2178 465 2200 et
479 2173 612 2208 imagines
622 2195 629 2206 ,
643 2174 744 2208 quibus
760 2173 810 2201 do-

828 1556 849 1584 C

874 932 992 960 humana
1017 934 1050 961 ad
1075 935 1223 970 spiritalem
1257 937 1480 975 intelligentiam,
1512 947 1539 970 et
1569 952 1660 972 rerum

872 986 969 1007 causas
993 980 1019 1007 in
1037 981 1196 1010 etelestibus
1214 989 1364 1018 quaereret,
1395 990 1424 1013 ut
1448 993 1541 1022 posset
1565 990 1660 1018 educta

872 1032 919 1059 per
931 1026 1094 1060 sapientiam
1114 1027 1160 1055 Dei
1175 1029 1257 1056 etiam
1279 1029 1337 1064 ipsa
1360 1031 1470 1059 dicere:
1488 1033 1555 1066 Qum:
1572 1035 1599 1062 in
1617 1044 1662 1062 oc-

871 1071 942 1097 culto
956 1077 1028 1104 sunt,
1046 1077 1070 1099 et
1087 1081 1145 1108 qua:
1159 1074 1184 1100 in
1199 1075 1349 1109 mani/esto,
1368 1079 1486 1112 cognovi.
1503 1079 1659 1108 Secundum

872 1115 929 1144 lucc
943 1125 1052 1152 quoque
1074 1120 1196 1154 agnoscit
1217 1125 1245 1147 ct
1264 1122 1447 1150 substantiam
1471 1125 1582 1157 mundi,
1604 1134 1659 1154 non

871 1161 960 1188 solum
988 1162 1059 1191 hanc
1080 1164 1215 1192 visibilem
1233 1173 1466 1202 corporeamque,
1492 1178 1553 1204 qua:
1569 1171 1659 1206 palam

871 1211 927 1239 est,
950 1207 996 1234 sed
1019 1213 1046 1235 et
1070 1209 1145 1236 illam
1161 1210 1350 1246 incorpoream
1366 1213 1586 1250 invisibiletnque
1598 1224 1660 1251 qua:

870 1252 896 1278 in
912 1253 1020 1280 occulto
1033 1258 1084 1281 est.
1102 1255 1233 1290 Agnoscit
1247 1256 1329 1284 etiam
1345 1257 1479 1286 elementa
1496 1261 1591 1287 mundi
1604 1270 1658 1288 non

870 1299 959 1326 solum
979 1299 1095 1327 visibilia
1108 1321 1115 1334 ,
1133 1301 1180 1328 sed
1202 1306 1229 1329 et
1245 1302 1409 1337 invisibilia,
1431 1309 1458 1332 et
1479 1309 1659 1342 utrorumque

869 1344 992 1372 virtutes.
1012 1345 1064 1373 Sed
1082 1351 1109 1373 et
1133 1346 1241 1374 initiutn
1264 1349 1335 1383 quod
1360 1350 1442 1383 dicit,
1458 1355 1485 1378 et
1509 1352 1610 1387 ﬁnem,
1630 1359 1658 1381 et

870 1390 1041 1418 medietatem
1057 1395 1221 1427 temporum,
1240 1393 1349 1422 initium
1365 1396 1403 1423 ait
1416 1397 1532 1426 visibilis
1545 1399 1656 1433 quidem

868 1435 980 1469 mundi,
997 1436 1070 1471 quod
1088 1442 1150 1465 ante
1177 1446 1223 1465 sex
1248 1439 1333 1467 millia
1353 1447 1407 1468 non
1430 1441 1551 1477 integros
1568 1451 1658 1472 annos

869 1481 976 1509 initium
993 1483 1118 1519 designat
1142 1483 1266 1519 Moyses;
1285 1486 1456 1515 medietatem
1480 1496 1591 1524 quoque
1611 1499 1656 1518 se-

867 1527 986 1555 cundum
1004 1533 1156 1564 temporum
1177 1531 1327 1565 rationem,
1352 1532 1488 1569 ﬁnemque
1509 1534 1585 1562 illum
1606 1537 1655 1571 qui

866 1578 991 1607 speratur
1003 1582 1065 1602 cum
1080 1575 1180 1602 emlum
1196 1581 1222 1603 et
1235 1583 1305 1604 terra
1320 1578 1483 1606 transibunt.
1496 1579 1653 1610 Secundum

865 1619 1036 1661 occultorum
1051 1628 1116 1647 vero
1138 1621 1295 1654 scientiam,
1313 1623 1420 1651 initium
1436 1624 1500 1652 illud
1517 1627 1589 1661 quod
1609 1628 1654 1654 in-

866 1664 961 1700 telligit
977 1665 1000 1692 is
1013 1674 1094 1701 quem
1119 1667 1252 1702 sapientia
1269 1668 1316 1696 Dei
1330 1669 1471 1702 docuerit,
1487 1672 1559 1706 quod
1578 1673 1653 1700 nulla

864 1716 980 1744 possunt
1010 1717 1148 1747 tentpora,
1178 1714 1252 1741 nulla
1279 1715 1377 1744 saecula
1412 1718 1651 1751 comprehendere.

864 1756 1032 1786 Medietatcm
1046 1767 1111 1786 vero
1127 1759 1184 1787 ltzec
1199 1768 1259 1795 qua:
1272 1769 1344 1788 nunc
1357 1767 1429 1794 sunt,
1444 1762 1523 1790 finem
1541 1772 1603 1792 vero
1620 1772 1652 1792 ea

864 1811 924 1838 qure
946 1805 1037 1832 futura
1059 1811 1136 1838 sunt,
1154 1806 1180 1833 id
1196 1811 1247 1838 est,
1270 1806 1460 1841 perfectionem
1476 1817 1652 1838 consumma-

864 1850 1021 1885 tionemque
1038 1851 1234 1884 universitatis,
1249 1860 1309 1886 qua:
1325 1858 1415 1880 tamen
1430 1862 1463 1881 ex
1479 1855 1520 1882 his
1538 1855 1652 1884 visibili-

863 1895 914 1923 bus
931 1896 1029 1931 conjici
1047 1901 1162 1931 possunt
1175 1902 1202 1924 et
1222 1897 1344 1932 intelligi.
1368 1897 1421 1926 Sed
1440 1904 1467 1926 et
1483 1900 1651 1929 vicissitudi-

864 1950 929 1969 num
961 1943 1192 1976 permutationcs,
1213 1948 1239 1970 et
1267 1949 1420 1978 temporum
1444 1948 1649 1981 conversiones,

864 1987 927 2014 anni
942 1987 1069 2022 circulus,
1081 1995 1114 2015 ex
1131 1988 1174 2015 his
1189 1995 1250 2022 qua!
1265 1989 1390 2016 videntur
1405 1990 1486 2018 refert
1502 1991 1535 2018 ad
1553 1992 1649 2019 invisi-

864 2033 931 2061 biles
949 2041 1038 2061 rerum
1054 2034 1235 2069 corporalium
1251 2035 1467 2069 permutationes
1488 2044 1519 2064 ac
1541 2037 1650 2065 vicissi-

865 2079 981 2105 tudines.

898 2124 1021 2153 Circulos
1037 2132 1147 2160 quoque
1161 2132 1295 2152 annorum
1313 2125 1515 2160 temporalium,
1532 2131 1560 2154 et
1576 2135 1647 2162 prte-

863 2170 980 2198 sentium
1001 2170 1083 2198 refert
1100 2170 1132 2197 ad
1147 2170 1317 2205 antiquiores
1331 2172 1438 2206 aliquos
1456 2179 1489 2199 ac
1503 2173 1648 2208 sempiter-

34 2217 78 2244 ceri
87 2218 173 2245 anima
186 2219 285 2254 possit,
298 2223 325 2245 et
339 2218 437 2245 instrui
451 2218 485 2245 ad
501 2217 709 2253 contemplanda
726 2218 807 2246 etiam
824 2221 847 2248 Ι)
863 2222 913 2242 nos
937 2223 1040 2249 annos,
1058 2216 1207 2243 secundum
1228 2223 1290 2242 eum
1305 2216 1351 2251 qui
1367 2216 1474 2244 dicebat
1489 2227 1494 2244 :
1514 2217 1549 2245 Et
1565 2227 1649 2246 annos

33 2270 58 2288 ea
70 2271 125 2298 qua:
137 2269 201 2292 sunt
216 2264 365 2291 invisibilia
378 2269 404 2291 et
420 2264 553 2291 caelestia.
567 2262 600 2290 Et
614 2263 666 2291 hoc
680 2263 807 2291 fortassis

33 2313 67 2334 est
92 2310 161 2343 quod
194 2311 240 2337 ille
275 2310 390 2344 scriptor
421 2309 520 2336 divinae
547 2308 687 2343 sapientia:
714 2308 805 2335 dicit:

34 2352 84 2387 Ipse
105 2356 169 2382 enim
197 2356 263 2382 milii
286 2355 358 2382 dedit
383 2363 473 2382 eorum
497 2363 555 2390 qua:
583 2359 644 2381 sunt
669 2355 806 2381 scientiam

33 2406 122 2432 teram,
143 2406 172 2427 ut
198 2401 283 2427 sciant
311 2400 489 2427 substantiam
516 2400 623 2432 mundi,
644 2404 668 2426 et
698 2400 807 2426 virtutes

31 2444 202 2473 elementorum
214 2467 221 2478 ,
241 2447 359 2478 initiuut,
375 2451 399 2473 et
415 2447 505 2481 ﬁnem,
522 2451 546 2473 et
561 2446 726 2473 medietatem
743 2451 808 2473 tem-

32 2499 122 2524 porum,
134 2494 347 2520 vicissitudinum
358 2493 573 2528 permutationes,
590 2497 614 2518 et
627 2493 806 2519 conversiones

33 2540 178 2571 temporum,
193 2545 217 2566 et
235 2540 300 2566 muti
313 2539 439 2571 circulos,
457 2544 482 2566 ct
499 2538 636 2565 stellarqu
650 2539 805 2573 positiones.

31 2588 128 2611 naturas
154 2585 314 2612 animalium
328 2606 335 2618 ,
360 2590 385 2612 et
399 2586 452 2611 iras
476 2584 639 2616 bestiarum,
663 2585 806 2618 spirituum

32 2630 164 2663 violentius,
180 2637 205 2658 et
222 2633 396 2666 cogitationes
410 2631 555 2663 hominum,
569 2630 734 2665 di/ferentias
753 2631 806 2656 vir-

31 2675 158 2709 gultorum,
176 2682 200 2703 et
215 2678 325 2704 virtutes
341 2677 478 2708 radicum;
495 2676 539 2703 sed
554 2681 579 2702 et
591 2684 752 2710 quiscunque
764 2683 807 2701 oc-

31 2721 91 2747 fulta
104 2728 126 2749 ct
140 2723 285 2756 manifesta
300 2728 361 2749 sunt
377 2722 523 2757 cognovi“.
538 2720 605 2748 Vide
621 2729 686 2756 ergo
703 2722 725 2748 si
741 2729 806 2756 pos-

30 2764 103 2794 simus
114 2776 145 2794 ex
161 2768 204 2795 his
223 2767 371 2802 Scriptura;
390 2767 561 2795 sermonibus
579 2774 621 2800 ea,
637 2775 698 2801 qua:
712 2767 805 2794 discu-

57 2859 76 2874 ⁹²
96 2860 156 2896 Sap.
177 2869 226 2894 vn,
245 2861 288 2893 Π,
306 2861 346 2894 18,
363 2862 405 2896 l9,
419 2861 463 2895 20,
478 2861 523 2889 ‘ll.
543 2861 584 2898 _°‘
604 2860 675 2889 Psal.
694 2868 796 2895 txxvtt,
811 2860 837 2888 5.

862 2265 972 2288 ωιενηοδ
989 2261 1018 2287 in
1035 2266 1118 2288 mente
1131 2262 1251 2289 habui".
1267 2262 1319 2290 Sed
1335 2267 1362 2290 et
1377 2263 1516 2290 stellarum
1533 2265 1648 2298 positio-

861 2313 909 2333 nes
932 2314 987 2333 non
1012 2306 1146 2333 dubitavit
1168 2306 1203 2333 ab
1219 2307 1261 2334 his
1282 2314 1342 2341 quae
1356 2308 1443 2341 palam
1462 2307 1589 2335 videntur
1602 2317 1646 2336 re-

861 2351 932 2379 ferre
949 2352 982 2379 ad
999 2351 1043 2379 illa
1058 2359 1118 2386 qute
1133 2352 1158 2378 in
1172 2352 1286 2379 occultis
1305 2357 1368 2379 sunt
1380 2372 1386 2384 ,
1403 2361 1464 2387 qua:
1477 2353 1646 2381 occultorum

861 2398 1124 2434 manifestorumque
1151 2398 1292 2426 scientiam
1314 2399 1415 2426 meruit
1431 2409 1438 2426 :
1457 2404 1482 2426 et
1502 2400 1566 2428 dicit
1587 2408 1648 2428 esse

861 2444 970 2479 aliquod
995 2448 1152 2471 sanctorum
1168 2452 1252 2479 genus
1277 2444 1348 2478 quod
1366 2444 1399 2471 de
1420 2444 1535 2472 Abrahae
1552 2446 1648 2480 praeci-

861 2497 912 2524 pue
929 2490 1012 2524 stirpe
1027 2489 1176 2521 descendit,
1197 2490 1267 2517 sicut
1282 2490 1373 2517 stellas
1388 2490 1459 2517 coeli.
1483 2490 1535 2517 Sed
1558 2495 1586 2518 et
1601 2498 1645 2518 re-

861 2536 1039 2564 surrectionis
1060 2536 1159 2563 futura:
1173 2536 1286 2570 gloriam
1303 2536 1395 2564 stellas
1417 2544 1477 2563 esse
1493 2536 1643 2563 secundtttn

862 2582 1030 2609 occultorum
1057 2581 1196 2609 scientiam
1221 2582 1427 2617 pronuntiavit,
1447 2589 1562 2616 sequens
1583 2589 1646 2608 eum

860 2627 906 2662 qui
920 2627 1006 2654 dixit:
1024 2627 1085 2653 Alia
1101 2627 1186 2662 gloria
1202 2627 1276 2660 solis,
1288 2632 1311 2654 et
1326 2627 1382 2653 alia
1398 2626 1545 2653 stellarum.
1561 2626 1646 2654 Stella

859 2675 928 2702 enim
941 2683 956 2700 a
971 2674 1048 2700 stella
1063 2674 1152 2707 di/fert
1164 2673 1190 2699 in
1204 2672 1299 2707 gloria,
1312 2674 1350 2698 ita
1362 2677 1386 2699 et
1401 2673 1557 2699 resurrectio
1575 2679 1646 2699 mor-

860 2719 1005 2746 tuorum".
1028 2717 1085 2745 Nisi
1113 2717 1261 2744 secundum
1292 2718 1349 2744 haec
1370 2717 1564 2753 intelligeretur
1579 2716 1646 2744 illud

859 2765 931 2800 quod
945 2765 983 2791 ait
997 2772 1004 2790 :
1023 2763 1143 2790 Naturas
1160 2761 1325 2796 animalium,
1340 2763 1444 2796 irasque
1459 2763 1600 2790 bestiarum
1609 2763 1647 2795 ⁸⁸,

876 2860 897 2876 ⁹¹
913 2859 932 2887 ll
966 2859 967 2862 “
991 2867 1011 2886 τ’.
1027 2866 1070 2893 xv,
1089 2857 1186 2892 “,42.
1225 2858 1246 2873 ³⁵
1261 2858 1323 2892 Sap.
1340 2864 1386 2890 vn,
1422 2857 1466 2885 90.
