1879 3046
217 161 265 187 175

744 157 904 186 ORIGENIS
923 156 957 183 ΙΝ
977 155 1154 184 CANTICUM
1173 156 1309 184 CANTIC.

1792 157 1832 185 liii

214 224 356 254 nunquam
382 218 496 246 dixisset
520 218 547 245 in
568 217 720 252 Evangeliis
747 215 872 244 Salvator
889 225 894 242 :
918 215 1002 243 Dicite
1017 217 1040 246 Α
1055 222 1163 248 causas,
1177 219 1206 241 ut
1220 214 1272 241 ill's
1286 214 1400 242 occultis
1417 219 1443 241 et
1458 214 1642 241 invisibilibus
1653 214 1742 242 cervis
1756 215 1833 243 videa-

214 266 289 301 tmlpi
300 266 359 292 huic
367 265 401 298 ’⁷,
416 273 506 300 neque
515 264 635 292 Joannes
647 264 680 291 de
691 263 852 298 quibusdam
865 262 980 289 dixisset
994 269 1001 287 :

217 312 354 347 Serpentes
378 312 512 347 generatio
538 310 723 345 viperarum”,
749 311 796 336 sed
826 316 913 343 neque
939 314 1004 342 pro-

216 358 298 393 pheta
315 357 415 384 diceret
433 356 466 382 de
483 355 622 382 nonnullis
639 354 710 388 quod
723 354 782 389 equi
797 353 952 380 admissarii
966 353 1005 388 fa-

217 405 253 431 cti
266 409 326 430 sunt
336 407 372 431 η.
387 407 413 429 et
426 403 488 430 item
502 401 572 429 alius
589 409 595 427 ε
614 400 698 427 Ποηιο
713 409 772 427 cum
786 401 812 427 in
825 401 921 427 honore
938 404 1004 426 esset

217 458 268 477 non
281 449 422 481 intellexit,
437 451 604 481 comparatus
618 451 655 472 est
668 446 795 480 jumentis
808 445 1003 479 insipientibus,

216 499 241 522 et
265 494 360 521 similis
380 493 466 528 factus
487 495 524 518 est
549 489 604 516 illis
618 491 637 517 ¹.
665 489 717 517 Sed
746 495 772 517 et
799 490 843 517 ille
861 490 1005 524 diligenter

217 542 327 577 agnovit
346 541 400 567 iras
414 539 560 566 bestiarum
576 538 622 573 qui
639 537 746 565 dicebat
762 545 767 563 :
787 536 876 563 Furor
893 536 948 563 illis
964 544 1005 563 se-

215 587 331 614 cundum
346 585 546 613 similitudinem
563 584 690 618 serpentis
705 583 773 610 sicut
786 583 886 617 aspidis
905 582 1004 613 surdae,

216 632 366 658 obturantis
381 638 457 657 aures
474 630 567 656 suus‘.
590 628 651 656 llaec
679 628 730 655 erit
746 628 816 654 ratio
831 628 912 655 etiam
925 627 959 654 de
972 634 1005 654 eo

215 677 287 710 quod
303 676 356 708 ait,
380 675 522 710 spirituum
544 673 713 706 violentias”;
736 672 879 700 visibiliter
895 672 1005 707 quidem

214 723 248 749 de
273 721 380 753 ventis,
407 725 433 747 ct
458 720 568 746 ﬂatibus
586 719 676 752 aeris,
694 718 866 745 invisibiliter
886 725 949 745 vero
973 717 1007 744 de

214 768 352 795 violentiis
365 766 570 794 immundorum
595 765 740 800 spirituum
755 765 881 799 loquens,
894 772 963 799 quos
980 769 1007 791 et

216 813 318 841 Paulus
336 818 432 840 ventos
450 813 582 840 doctrina:
599 811 775 838 nominavit‘.
792 810 858 838 Post
878 811 934 838 haec
948 810 1005 845 jam

216 861 341 896 sequitur
357 865 385 886 ut
402 859 580 894 cogitationes
604 857 745 884 hominum
772 858 839 884 sciat
858 857 1006 892 corporali-

1057 264 1100 286 tur
1116 267 1196 293 posse
1224 259 1369 295 convenire
1384 258 1456 293 quod
1470 259 1573 286 dictum
1590 263 1651 286 est:
1670 258 1726 285 Vox
1739 258 1833 286 Domini

1055 305 1214 340 per/ieientis
1235 313 1322 332 cervos
1339 305 1359 331 ’.
1384 304 1450 337 Quae
1470 304 1542 331 enim
1572 304 1703 339 perfectio
1726 313 1756 331 cx
1778 313 1833 333 voc:

1059 351 1165 378 Domini
1183 351 1212 378 fit
1235 350 1294 378 istis
1309 350 1465 378 visibilibns
1481 351 1570 378 cervis
1582 351 1593 377 ’ἒ
1605 350 1660 377 Aut
1674 358 1737 385 qua:
1750 350 1780 377 ad
1794 358 1834 379 col

1056 395 1178 422 doctrina
1206 402 1325 429 unquam
1352 402 1386 421 ex
1402 394 1509 422 Domini
1538 402 1604 422 voce
1630 394 1790 422 descendit?
1811 394 1835 422 Si

1056 447 1120 467 vero
1145 440 1282 475 spiritales
1304 448 1398 468 cervos
1412 448 1578 475 quaeramus,
1595 448 1712 476 quarunt
1732 440 1834 467 formam

1056 491 1082 513 et
1098 486 1242 521 imaginem
1266 489 1337 512 tenet
1353 485 1418 513 illud
1432 485 1534 512 animal
1560 485 1713 520 corporale,
1732 485 1790 513 illos
1801 485 1834 512 in-

1058 531 1150 558 venias
1174 531 1207 557 ad
1234 538 1370 558 summam
1398 530 1572 566 perfectionis
1598 539 1631 558 ex
1656 539 1724 558 voce
1741 530 1835 558 Domini

1057 582 1138 611 posse
1151 576 1273 611 perduci.
1291 576 1342 604 Sed
1360 581 1387 604 et
1403 584 1519 611 quorum
1542 584 1686 604 cervorum
1701 576 1835 604 Dominum

1057 629 1167 649 servare
1189 621 1311 649 decuerit
1337 626 1441 656 partus,
1466 627 1493 649 et
1519 622 1594 649 velut
1619 621 1836 649 medendiollicia

1057 669 1220 703 prmbentem
1240 669 1454 703 parturientibus
1469 671 1560 696 astare
1576 668 1745 701 convenerit,
1762 668 1837 695 donec

1058 718 1184 749 parerent
1203 713 1273 741 filios
1299 714 1376 747 tales,
1395 713 1441 748 qui
1463 714 1683 746 adversarentur,
1710 718 1737 740 et.
1755 721 1837 748 persc-

1057 764 1206 794 quercntnr
1229 760 1394 794 serpentium
1413 767 1508 794 genus,
1526 764 1555 787 ut
1568 759 1680 794 dignum
1699 764 1742 786 est
1756 759 1836 786 divina

1058 806 1211 839 majestate,
1235 805 1365 833 debemus
1390 806 1532 833 advertere
1554 806 1676 840 qualium
1704 813 1836 833 cervorum

1059 851 1144 877 Deum
1166 851 1243 878 decet
1266 850 1322 886 (71)
1347 858 1456 879 servare
1479 856 1584 886 partus,
1611 859 1644 878 ne
1669 851 1696 878 in
1719 851 1837 878 aborsum

217 887 262 933 ῑυι·¹
273 905 384 940 quidem
399 887 460 938 qua:
475 903 508 930 de
533 904 653 929 humano
666 902 747 929 corde
760 901 920 936 procedunt,
936 901 1006 928 invi-
1021 887 1043 915 Β
1057 896 1198 929 timidam;
1218 896 1264 924 58d
1289 901 1315 924 Θι
1343 905 1450 924 menses
1473 905 1568 924 eorum
1594 905 1739 924 numerare
1753 896 1837 931 plenos

216 951 334 979 sibiliter
349 953 440 977 autem
456 949 590 983 intelligat
607 956 656 975 eos
666 968 673 979 ,
689 947 735 982 qui
749 947 875 982 injiciunt
889 947 1006 974 homini-

218 998 269 1024 bus
282 996 368 1023 malas
380 999 406 1022 ct
420 994 553 1029 pessimus
571 994 759 1028 cogitationes,
782 993 853 1020 sicut
868 993 894 1019 in
916 992 1006 1019 Evan-

217 1042 288 1077 gelio
305 1041 436 1075 scriptum
457 1043 521 1066 est:
543 1038 610 1065 Cum
635 1037 756 1064 diabolus
782 1038 894 1065 misisset
912 1038 940 1064 in
961 1046 1007 1064 cor

216 1090 295 1117 Judaz
318 1088 473 1120 Iseariotis,
495 1092 524 1114 ut
548 1087 661 1114 traderet
680 1087 855 1114 Dominum“.
882 1086 915 1114 Et
932 1091 962 1114 ut
978 1087 1005 1114 in

218 1136 374 1163 Proverbiis
396 1134 498 1162 dicitur
513 1142 519 1160 :
537 1132 567 1160 Si
583 1133 692 1168 spiritus
708 1138 864 1168 potestatem
887 1134 1005 1161 habentis

217 1183 364 1211 ascenderit
379 1190 456 1216 super
472 1185 506 1213 te,
522 1180 608 1207 locum
622 1184 696 1207 tuum
708 1188 740 1207 ne
750 1180 927 1216 derelinquas,
943 1182 1006 1215 quia

215 1230 318 1257 sanitas
340 1228 479 1262 compescit
494 1231 602 1262 peccata
621 1227 744 1261 magna“.
762 1226 814 1254 Sed
828 1231 855 1254 et
873 1228 1006 1254 bonarum

215 1274 413 1310 cogitationum
431 1278 473 1300 est
493 1272 592 1307 aliquis
617 1279 735 1299 auctor:
753 1277 862 1306 propter
883 1272 955 1308 quod
980 1277 1006 1300 et

216 1322 243 1348 in
260 1320 380 1348 Psalmis
399 1323 465 1354 puto
479 1319 610 1353 scriptum
628 1326 688 1346 esse
703 1328 710 1345 :
731 1317 828 1345 Beatus
842 1319 918 1344 homo
931 1318 1006 1353 cujus

214 1373 253 1395 est
266 1366 399 1394 auxilium
412 1365 458 1391 abs
476 1370 510 1396 te,
525 1364 647 1397 Domine,
660 1365 824 1391 ascensiones
836 1364 862 1390 in
873 1363 949 1390 corde
960 1373 1007 1391 suo

216 1413 376 1449 disposuit".
394 1411 427 1438 Et
444 1411 541 1438 iterum
557 1418 564 1437 :
583 1410 716 1446 Cogitatio
740 1410 852 1436 hominis
871 1411 1007 1445 conﬁtebi-

218 1467 262 1488 tur
275 1460 333 1493 tibi,
356 1464 380 1486 ct
396 1458 514 1494 reliquit:
535 1458 725 1493 cogitationum
738 1457 806 1483 diem
820 1457 917 1492 festum
931 1462 1006 1492 agent

217 1506 295 1533 tibi“.
323 1505 362 1533 lta
384 1505 468 1540 igitur
485 1508 583 1531 cuncta
608 1502 758 1530 secundum
778 1510 810 1529 ea
827 1510 888 1537 quae
903 1502 1006 1537 praefati

1057 941 1090 968 ad
1108 946 1224 976 partum,
1241 949 1392 977 eorumque
1407 943 1515 970 labores
1530 948 1556 969 et
1573 942 1681 970 dolores
1699 941 1836 973 custodire,

1058 991 1087 1013 ut
1113 987 1302 1021 generationes
1317 995 1411 1014 eorum
1431 995 1485 1015 non
1502 988 1601 1015 cadant
1628 987 1656 1014 in
1671 995 1782 1018 vanum,
1797 985 1837 1013 sed

1059 1037 1087 1060 ut
1100 1031 1218 1067 perfecta
1232 1033 1266 1059 sit
1277 1040 1372 1060 eorum
1389 1034 1528 1065 nativitus,
1544 1038 1571 1060 et
1584 1032 1678 1060 tandiu
1695 1032 1838 1067 parturiant

1057 1080 1144 1108 donec
1169 1081 1301 1107 formetur
1317 1079 1443 1108 Christus
1459 1079 1486 1107 in
1503 1080 1552 1108 eis.
1574 1079 1737 1116 iiujusmodi
1752 1087 1837 1107 cervo-

1057 1133 1118 1153 rum
1146 1126 1236 1160 pullos
1251 1125 1383 1153 Dominus
1409 1126 1505 1158 nutrit,
1527 1133 1622 1153 eorum
1647 1126 1779 1153 duntaxat
1797 1125 1836 1159 qui

1055 1171 1160 1207 iactant
1178 1171 1204 1198 in
1221 1170 1337 1198 Domino
1360 1171 1553 1207 cogitationem
1573 1179 1662 1205 suam,
1679 1176 1709 1199 ut
1727 1171 1784 1206 ipse
1796 1178 1838 1197 eos

1059 1216 1170 1249 nutriat,
1186 1221 1213 1244 et
1227 1217 1284 1251 ipse
1301 1220 1390 1244 servet
1416 1217 1524 1244 dolores
1539 1221 1633 1251 partus
1658 1223 1768 1248 eorum,
1783 1222 1836 1242 cum

1057 1269 1089 1289 ex
1104 1262 1200 1289 titnore
1217 1261 1263 1288 Dei
1280 1266 1307 1288 et
1323 1261 1349 1288 in
1364 1266 1457 1289 ventre
1474 1262 1659 1296 conceperint,
1674 1266 1701 1288 et
1714 1260 1837 1296 parturie-

1058 1309 1123 1341 rint,
1132 1312 1159 1335 et
1172 1308 1295 1343 spiritum
1306 1308 1402 1335 salutis
1410 1308 1572 1343 pepererint.
1583 1307 1746 1342 llujusmodi
1755 1311 1837 1342 partus

1058 1353 1165 1380 dolores
1181 1355 1238 1388 ipsc
1249 1352 1380 1380 Dominus
1394 1357 1484 1380 servat
1497 1357 1524 1380 et
1539 1357 1626 1380 curat.
1644 1351 1697 1379 Sed
1710 1357 1737 1380 et
1750 1352 1837 1379 emittit

1058 1399 1164 1426 dolores
1183 1406 1289 1432 eorum,
1304 1403 1334 1425 ut
1354 1406 1450 1426 euntes
1472 1403 1546 1432 eant,
1565 1403 1591 1426 et
1610 1399 1692 1426 l‘leant
1707 1402 1837 1434 portantes

1057 1445 1163 1472 semina
1183 1452 1243 1478 sua,
1259 1449 1286 1472 et
1302 1445 1355 1472 sint
1375 1445 1401 1472 in
1423 1445 1563 1472 doloribus
1586 1445 1728 1472 hominum
1752 1453 1781 1472 ac
1795 1444 1836 1471 lla-

1059 1491 1191 1526 gcllentur
1207 1498 1269 1518 cum
1292 1490 1460 1523 hominibus,
1477 1499 1510 1518 ne
1531 1491 1601 1518 forte
1621 1495 1712 1518 teneat
1730 1498 1778 1518 eos
1795 1497 1837 1517 su-

217 1560 329 1584 sumus,
351 1559 383 1579 ex
399 1550 554 1578 visibilibus
578 1548 674 1576 referri
693 1552 808 1583 possunt
825 1548 858 1575 ad
883 1548 1005 1576 invisibi-

1058 1537 1161 1572 pcrbia.
1186 1536 1232 1565 lsti
1250 1545 1360 1572 quoque
1385 1537 1439 1572 ipsi
1453 1538 1525 1565 cervi
1556 1538 1736 1572 abrumpunt,
1756 1543 1782 1565 ut
1797 1537 1837 1568 ait.

216 1598 262 1630 lia,
279 1603 306 1625 et
322 1605 337 1624 a
355 1595 545 1631 corporalibus
560 1594 593 1621 ad
609 1594 769 1628 incorporea
782 1613 790 1626 ,
803 1593 857 1628 83
874 1597 901 1620 et
919 1601 934 1620 a
948 1601 1006 1620 ma-

215 1643 325 1672 nifestis
346 1642 380 1669 ad
402 1641 528 1674 occulta,
553 1645 582 1668 ut
606 1639 663 1674 ipsa
692 1644 818 1667 creatura
841 1640 935 1667 mundi
959 1640 1006 1666 tali

216 1691 335 1725 quadam
350 1687 555 1723 dispensatione
570 1686 679 1714 condita
705 1685 872 1721 intelligatur
895 1694 943 1721 per
962 1686 1005 1713 di-

216 1737 309 1764 vinant
325 1735 502 1770 sapientiam,
519 1742 579 1768 qua:
593 1732 675 1760 rebus
692 1733 760 1768 ipsis
774 1737 800 1760 et
821 1733 953 1767 exemplis
969 1733 1007 1759 in-

217 1782 336 1810 visibilia
354 1789 404 1809 nos
418 1781 451 1808 de
466 1779 620 1807 visibilibus
635 1779 742 1811 doceat,
756 1783 783 1806 et
797 1786 811 1805 a
828 1778 943 1806 terrenis
957 1785 1006 1806 nos

216 1829 364 1856 transferat
381 1827 414 1854 ad
432 1826 563 1854 cmlestia.

255 1873 301 1900 lla:
313 1877 402 1900 autem
419 1872 539 1899 rationes
555 1879 608 1898 non
624 1871 711 1898 solum
729 1871 755 1898 in
772 1872 904 1899 creaturis
918 1871 1007 1898 omni—

219 1920 270 1948 bus
287 1919 430 1949 habcntnr,
448 1917 493 1944 sed
509 1921 535 1943 ct
549 1915 689 1951 Scriptura
713 1917 803 1943 dirimi
823 1916 869 1943 tali
889 1917 1005 1952 quadam

218 1965 358 2001 sapientiae
382 1969 439 1991 arte
469 1963 623 1998 conscripta
655 1967 705 1989 est.
743 1962 855 1997 Propter
883 1962 1006 1998 qntedam

218 2019 335 2046 namque
353 2011 469 2043 occulta,
485 2014 511 2036 ct
528 2011 640 2044 mystica
659 2009 926 2044 visibilitcrpopulus
942 2008 1008 2036 edu-

217 2059 288 2084 citur
301 2057 334 2083 de
345 2056 461 2091 Egypto
479 2056 528 2082 ista
544 2061 660 2086 terrena,
678 2059 704 2082 et
718 2055 767 2081 iter
782 2055 837 2089 agit
854 2062 900 2088 per
914 2055 1006 2080 descr-

218 2102 341 2134 tum,ubi
361 2105 539 2136 scrpenscrat
555 2101 693 2131 tnordeus,
709 2104 736 2126 et
749 2100 883 2134 scorpius,
898 2104 925 2126 et
937 2099 1007 2131 sitis,

219 2147 265 2173 ubi
288 2155 341 2173 non
365 2152 443 2173 erant
466 2154 553 2180 aqure,
577 2150 604 2172 et
628 2150 725 2172 caztera
753 2152 812 2180 qua:
835 2145 860 2172 in
877 2144 920 2172 his
934 2149 1008 2180 gesta

219 2190 384 2217 referuntur.
409 2189 474 2222 Qum
499 2190 604 2222 omnia,
629 2193 658 2216 ut
680 2189 811 2223 diximus,
839 2190 1006 2217 occultorum

1058 1589 1135 1612 natos
1152 1591 1227 1611 suos.
1245 1583 1320 1616 Quos
1341 1584 1412 1610 enirn
1429 1584 1573 1619 genuerint
1595 1591 1642 1618 per
1659 1583 1837 1618 Evangelium.

1056 1631 1222 1664 abrumpunt
1236 1637 1283 1657 eos
1298 1637 1313 1656 a
1329 1629 1444 1657 vinculis
1462 1634 1647 1664 peccatorum,
1664 1633 1693 1656 et
1715 1637 1731 1656 a
1745 1629 1810 1663 lauit:
1820 1629 1839 1654 is

1056 1676 1168 1706 diaboli,
1190 1683 1224 1703 ne
1241 1676 1312 1703 ultra
1325 1676 1458 1703 voluntati
1473 1683 1571 1704 eorum
1586 1680 1731 1703 teneantur
1747 1674 1838 1703 obstri-

1057 1723 1103 1750 cti.
1123 1722 1170 1749 isti
1185 1722 1266 1749 etiam
1284 1722 1548 1757 multiplicabuntur,
1565 1727 1602 1755 et,
1622 1726 1650 1749 ul
1665 1722 1716 1755 ait,
1735 1728 1787 1748 non
1801 1728 1838 1747 re-

1059 1773 1208 1796 vertentur.
1225 1766 1284 1794 Non
1304 1767 1376 1794 cnim
1397 1768 1578 1796 imitabantur
1602 1775 1716 1794 uxorem
1733 1767 1798 1794 Loth
1809 1766 1839 1798 “,

1057 1822 1112 1841 non
1139 1813 1266 1841 redibunt
1294 1817 1455 1841 retrorsum.
1487 1813 1583 1841 Sciunt
1615 1813 1687 1840 enim
1713 1813 1776 1848 quia
1800 1810 1840 1847 Qiti

1063 1860 1147 1887 mittit
1172 1867 1283 1887 manum
1311 1866 1389 1887 suam
1411 1859 1445 1887 ad
1468 1863 1600 1893 aratrum,
1616 1860 1639 1887 si
1656 1858 1841 1894 retrospcxcrit

1059 1911 1139 1941 aptus
1156 1913 1210 1932 non
1230 1905 1283 1933 erit
1297 1912 1381 1941 regno
1397 1905 1528 1932 culorum
1544 1907 1583 1939 ”;
1601 1906 1648 1933 sed
1667 1913 1776 1941 semper
1788 1911 1841 1939 quas

1059 1957 1132 1979 retro
1150 1955 1214 1979 sunt
1228 1951 1437 1983 obliviscuntur,
1451 1956 1478 1979 et
1493 1952 1520 1978 in
1535 1959 1567 1978 ea
1583 1959 1644 1986 quae
1656 1956 1722 1979 ante
1741 1957 1771 1978 se
1786 1953 1841 1978 sunt

1059 2005 1088 2025 se
1105 1997 1263 2026 extendunt.
1286 1997 1366 2024 Tales
1383 1998 1455 2024 enim
1476 2005 1571 2025 cervos
1586 2005 1638 2025 vox
1656 1997 1764 2024 Domini
1786 1997 1842 2024 facit

1057 2050 1119 2070 esse
1142 2042 1285 2077 perfectos.
1309 2043 1376 2076 Quae
1397 2051 1448 2069 vox
1472 2043 1590 2076 Domini,
1607 2043 1657 2070 nisi
1682 2043 1728 2070 illa
1748 2050 1807 2078 quze
1817 2042 1841 2068 in

1059 2089 1117 2123 lege
1129 2093 1157 2116 et
1171 2089 1198 2115 in
1214 2088 1354 2123 prophetis
1379 2089 1504 2120 habetur,
1518 2093 1545 2116 ct
1561 2088 1683 2123 pervenit
1707 2095 1795 2123 usque
1813 2086 1841 2112 ad

1058 2134 1210 2167 Joannem,
1236 2135 1283 2168 qui
1307 2138 1366 2161 erat
1392 2141 1443 2161 vox
1466 2134 1613 2162 clamantis
1640 2134 1666 2161 in
1691 2134 1800 2161 deserto
1813 2134 1844 2158 "Y

1060 2182 1093 2208 Et
1109 2182 1166 2217 ipsa
1181 2181 1252 2208 enim
1270 2188 1321 2207 vox
1335 2179 1455 2212 loannis,
1470 2180 1515 2215 qui
1530 2180 1655 2208 dicebat:
1669 2180 1770 2207 Parare
1783 2181 1843 2207 riam

219 2233 400 2268 quorumdam
425 2233 529 2261 formas
554 2239 580 2261 et
606 2234 738 2269 imagines
763 2238 862 2261 tenent.
887 2233 920 2261 Et
943 2235 1005 2268 hoc,

1060 2227 1177 2260 Domini,
1194 2231 1278 2254 rectas
1293 2226 1372 2260 facite
1388 2227 1495 2253 semitas
1509 2226 1555 2253 Dei
1569 2227 1652 2254 nostri
1670 2227 1701 2258 “,
1719 2226 1843 2262 perfectos

219 2287 272 2305 non
296 2279 321 2305 in
343 2280 487 2314 scripturis
505 2284 608 2306 tantum
627 2285 759 2313 veterum,
782 2280 827 2308 sed
844 2285 870 2308 et
885 2281 910 2307 in
925 2282 1008 2316 gestis

219 2324 325 2351 Domini
344 2329 369 2351 ct
383 2324 532 2351 Salvatoris
560 2325 656 2356 nostri,
680 2333 740 2360 qua:
757 2325 782 2351 in
797 2324 949 2360 Evangeliis
967 2333 1008 2351 re-

219 2369 356 2401 feruntur,
376 2370 506 2398 invenies.
527 2369 610 2405 igitur
624 2371 646 2396 si
663 2371 753 2398 omnia
770 2378 830 2405 (μην
847 2371 873 2398 in
891 2371 1006 2398 manife-

218 2420 263 2441 sto
287 2421 361 2448 sunt,
384 2416 532 2443 secundum
558 2424 589 2444 ea
608 2424 668 2451 quin
692 2417 818 2452 superius
846 2417 1005 2451 approbavi-

217 2467 290 2492 mus,
312 2461 346 2488 ad
367 2461 457 2496 aliqua
484 2461 639 2489 referuntur
662 2470 722 2497 quae
745 2462 772 2488 in
800 2462 908 2489 occulto
933 2467 1007 2494 sntit,

216 2514 390 2542 consequens
412 2508 471 2535 sine
488 2508 570 2535 dubio
585 2513 627 2536 est
646 2513 675 2535 ut
690 2515 787 2535 cervus
809 2508 860 2535 iste
877 2507 1005 2539 visibilis,

217 2553 258 2579 vcl
283 2561 379 2588 caprea
406 2562 466 2589 quas
492 2554 517 2581 in
542 2554 655 2582 Cantico
681 2554 850 2581 canticorum
877 2553 1008 2580 scribitur

216 2600 367 2627 secundum
391 2601 522 2628 rationem
538 2606 641 2627 natur-te
651 2608 707 2628 Sine
724 2607 805 2634 quam
831 2599 1009 2633 corporaliter

217 2651 323 2679 gerunt,
342 2647 493 2674 referantur
507 2646 540 2673 ad
558 2647 663 2681 aliquas
679 2652 768 2672 rerum
792 2645 1004 2679 incorporalium

253 2726 275 2741 "’
296 2726 360 2753 Luc.
378 2735 443 2758 χιιι,
459 2727 503 2754 5:2.

218 2761 229 2778 ι
250 2761 336 2778 unus...
420 2763 449 2778 ιι

218 2761 229 2778 ⁸
250 2761 347 2795 Eplies.
364 2770 399 2793 Iv,
420 2763 462 2789 Η.

218 2796 244 2824 9.
284 2797 304 2812 ¹⁰
317 2796 383 2823 Gen.
400 2805 452 2823 χιχ.

542 2726 564 2742 ’⁸
584 2726 678 2754 Matth.
695 2734 742 2756 ιιι,
756 2726 782 2752 7.
821 2727 844 2742 ’ν
863 2725 918 2753 Jer.
938 2734 963 2758 ν,
981 2725 1008 2753 8.

516 2763 526 2778 '
545 2761 624 2789 Joan.
652 2770 714 2793 λιιι,
730 2761 758 2788 ‘2.
796 2762 805 2776 ⁸
825 2761 906 2788 Eccli.
920 2770 947 2793 Χ,
965 2762 991 2788 lt.

494 2798 513 2813 ¹¹
527 2797 592 2824 an.
608 2796 698 2829 tx,6‘2.
753 2797 774 2812 "
795 2796 889 2824 Matth.
904 2805 943 2829 ιιι,
956 2797 981 2824 ὅ.

253 2875 309 2909 (Ἠ)
332 2875 408 2911 lllss.,
423 2876 505 2902 Deum
520 2876 599 2903 decet.
616 2875 694 2904 Libb.
710 2876 784 2911 editi,
800 2876 905 2904 Domini
921 2877 1006 2904 docet.

1022 2797 1043 2812 ”
1055 2797 1086 2824 ls.
1104 2805 1146 2830 XL,
1159 2797 1184 2824 5.

1063 2275 1181 2303 faciebat
1200 2282 1306 2307 cervos,
1321 2280 1350 2301 ut
1367 2278 1460 2301 essent
1476 2274 1586 2308 perfecti
1607 2275 1634 2301 in
1649 2275 1746 2302 eodem
1771 2280 1842 2300 sensu

1061 2326 1087 2349 et
1109 2321 1135 2348 in
1154 2320 1248 2347 eadem
1274 2320 1397 2347 scientia.
1421 2319 1473 2352 Qui
1499 2320 1570 2346 enim
1602 2319 1662 2347 talis
1683 2324 1737 2352 est,
1757 2318 1843 2346 merito

1060 2367 1126 2395 dicit
1141 2376 1147 2394 :
1162 2366 1238 2394 Sicut
1250 2374 1340 2393 cervus
1358 2366 1490 2392 desiderat
1503 2367 1537 2392 ad
1554 2366 1639 2398 fontes
1655 2374 1796 2400 aquarum,
1812 2366 1842 2389 ita

1060 2413 1193 2440 desiderat
1213 2413 1304 2439 anima
1322 2419 1380 2438 mea
1393 2411 1428 2438 ad
1444 2417 1477 2444 te,
1491 2411 1563 2438 Deus
1577 2411 1606 2438 “.
1623 2411 1729 2439 Cervus
1744 2418 1843 2446 quoque

1062 2461 1246 2488 amicitiarum
1262 2459 1324 2495 quis
1338 2460 1408 2487 alius
1421 2459 1557 2487 videbitur
1577 2459 1629 2487 nisi
1651 2459 1695 2486 ille
1712 2460 1761 2495 qui
1776 2466 1844 2494 pere-

1063 2507 1112 2534 mit
1126 2511 1279 2541 serpentem
1295 2506 1370 2533 illum
1385 2506 1431 2542 qui
1448 2506 1592 2534 seduxerat
1608 2506 1692 2532 Evam
1707 2506 1742 2537 “,
1755 2511 1782 2533 et
1793 2505 1844 2532 elo-

1062 2553 1118 2587 quii
1141 2553 1183 2580 sui
1198 2552 1307 2579 flatibus
1322 2553 1425 2587 peccati
1447 2552 1473 2579 in
1491 2559 1551 2579 eam
1567 2559 1670 2579 venena
1686 2552 1843 2582 diffundens.

1061 2606 1168 2625 otnncm
1186 2598 1351 2633 posteritatis
1369 2597 1489 2625 sobolem
1510 2598 1636 2633 contagio
1650 2598 1841 2633 praevaricatio-

1063 2645 1105 2672 nis
1137 2644 1267 2672 infecerat
1292 2652 1297 2670 :
1322 2649 1348 2671 ct
1363 2650 1475 2672 venerat
1502 2645 1608 2672 solvere
1637 2645 1796 2672 inimicitias
1820 2644 1842 2669 in

1058 2727 1066 2742 ¹
1083 2726 1154 2753 Psal.
1171 2734 1242 2757 XLIX,
1258 2726 1301 2753 1‘2.

1340 2728 1350 2742 ‘
1370 2726 1441 2754 Psal.
1456 2735 1537 2760 Lvm,
1553 2726 1579 2753 Δ.
1619 2726 1629 2742 ³
1653 2727 1719 2761 Sap.
1740 2733 1790 2757 vn,
1803 2724 1841 2750 ‘30-

1029 2763 1037 2777 ⁷
1059 2761 1129 2789 Psal.
1143 2769 1252 2794 Lxxxw,
1268 2762 1294 2788 5.

1335 2762 1346 2777 ⁸
1366 2761 1440 2790 Psal.
1452 2770 1549 2794 Lxxvt,
1565 2761 1608 2789 10,
1650 2762 1661 2776 ⁹
1672 2761 1746 2788 l’sal.
1759 2766 1842 2790 mni,

1226 2798 1245 2812 “
1259 2797 1328 2824 i’s-al.
1345 2805 1411 2831 xui,
1426 2798 1450 2824 l.
1498 2798 1518 2813 ”
1530 2797 1598 2824 Gen.
1616 2804 1658 2824 In.
