1879 3046
69 149 113 176 177

741 155 840 183 LIBER
859 156 1017 184 TERTIUS.

1643 159 1692 187 1'18

67 219 142 238 carne
171 219 234 244 sua,
251 221 321 248 quas
348 213 416 242 inter
435 214 519 243 Deum
545 221 572 244 et
589 217 725 245 hominem
756 219 853 246 noxius
870 222 891 250 Α
906 227 960 247 non
985 223 1026 247 est
1053 219 1186 254 corporis,
1216 219 1261 246 scd
1285 219 1394 251 mentis,
1420 225 1446 247 ct
1469 220 1589 254 spiritus.
1614 220 1691 254 Quod

66 257 194 284 mediator
212 258 361 286 effecerat?
386 259 480 289 Pullus
505 270 568 289 vero
590 264 738 296 gratiarum
766 270 854 299 potest

67 303 145 338 arripi
168 302 293 338 Spiritus
309 310 423 333 sanctus
441 315 456 333 a
471 315 526 341 quo
549 304 681 340 sitientes,
702 314 728 336 et
748 311 853 337 deside—

67 354 150 376 rantes
177 348 278 383 Deum,
304 351 439 386 spiritales
462 352 564 388 gratias
588 359 616 383 et
638 355 709 383 dona
732 357 852 384 cmlcstia

69 400 279 430 consequuntur.

98 442 156 469 Haec
171 447 266 471 autem
281 445 373 473 omnia
390 453 406 472 a
422 446 500 474 nobis
514 447 588 475 dicta
603 455 677 482 sunt,
695 455 724 476 ut
737 450 852 477 manife-

67 488 128 514 stior
143 489 217 516 ﬂeret
238 497 341 522 causa,
365 499 419 526 qua
442 499 541 527 sponsa
566 501 725 529 comparare
745 496 852 523 videtur

67 533 207 563 fraternum
224 544 305 564 suum
321 537 436 566 hinnulo
452 546 607 568 cervorum.
634 541 711 574 Quod
729 542 752 570 si
768 543 849 570 ctiam

67 579 113 607 hoc
132 581 326 615 requirendum
351 587 405 617 est,
431 592 480 612 cur
506 593 560 613 non
575 593 666 620 cervo,
682 592 711 615 ut
736 588 762 615 in
778 588 850 620 aliis.

67 626 107 653 sed
131 627 246 655 hinnulo
272 636 416 658 cervorum
438 628 625 667 comparatur,
642 633 707 662 illud
730 635 850 668 adverte,

65 673 130 706 quod
144 681 204 701 cum
221 674 249 701 in
265 674 354 703 forma
368 675 413 704 Dei
428 682 511 711 esset,
523 679 596 713 ﬁlius
612 680 692 707 datus
708 686 747 708 est
764 681 849 713 nobis,

64 723 87 745 et
97 727 157 752 puer
167 725 246 747 natus
257 726 296 748 est
307 722 392 755 nobis,
402 723 478 758 cujus
493 730 610 759 potestas
625 735 703 761 super
714 727 850 755 humerum

65 764 116 798 ejus
130 766 158 792 ".
174 765 237 793 Ideo
251 774 317 802 ergo
330 767 461 796 hinnulns
474 777 628 803 cervorum,
641 773 705 807 quia
721 773 851 808 parvulus

67 818 125 843 puer
139 816 216 839 natus
230 817 285 840 est.
305 812 337 840 Et
358 814 428 842 forte
444 821 558 850 possunt
574 819 646 845 cervi
662 819 747 853 accipi
763 819 850 847 sancti

67 856 172 890 quique,
199 861 227 884 ut
244 857 400 892 Abraham,
428 859 523 894 Isaac,
547 866 574 889 et
591 861 685 896 Jacob,
709 867 736 891 et
753 863 847 897 David,

66 906 88 926 rt
101 902 236 936 Sdomon,
254 909 283 931 et
299 913 394 933 omnes
411 914 443 934 ex
462 915 579 941 quorum
604 909 708 936 semine
722 910 847 938 Christus

68 947 206 975 secundant
221 956 335 977 carnem
347 951 496 979 descendit.
523 953 598 986 Quos
616 962 711 982 cervos
727 963 779 982 vox
794 955 848 982 Do-

67 992 123 1018 mini
146 993 281 1027 perfectos
298 995 372 1029 facit,
390 1002 416 1024 et
430 997 552 1032 ipsorum
576 1004 618 1026 est
634 999 763 1028 hinnulus
784 1001 845 1033 iste,

67 1037 106 1071 qui
129 1047 159 1065 ex
187 1039 255 1074 ipsis
282 1043 431 1070 secundum
459 1051 569 1072 carnem
596 1050 677 1073 natus
701 1053 743 1074 est
769 1055 844 1082 puer.

66 1082 144 1110 Movet
165 1093 208 1112 me
234 1086 318 1115 etiam
344 1087 408 1115 illud
435 1090 508 1124 quod
538 1090 564 1117 in
588 1092 740 1119 centesimo
766 1094 846 1120 tertio

66 1129 160 1162 psalmo
179 1130 313 1166 scriptut
335 1138 387 1166 est,
404 1135 449 1162 ubi
465 1135 523 1162 ait:
537 1135 640 1164 Montes
664 1137 760 1165 excelsi
791 1147 846 1166 cer-

66 1175 137 1202 ris".
159 1175 193 1203 Et
213 1177 326 1211 quidem
346 1179 379 1207 de
397 1181 487 1209 cervis
507 1182 564 1217 jam
583 1184 710 1218 superius
727 1185 847 1213 diximus

66 1221 128 1254 quod
151 1223 237 1250 sancti
265 1224 369 1259 quique
400 1227 582 1262 accipiuntur,
605 1230 652 1264 qui
683 1231 718 1258 ob
742 1231 795 1258 hoc
818 1233 845 1258 in

67 1265 130 1312 hunc
143 1269 275 1297 mundutn
305 1277 451 1305 venerunt,
468 1278 497 1300 ut
513 1275 646 1309 serpentis
661 1284 763 1304 venena
786 1285 846 1312 per-

66 1311 180 1341 ianrrcnt.
209 1315 263 1347 Qui
282 1322 373 1344 autent
387 1318 444 1344 sint
458 1323 564 1347 montes
580 1322 678 1349 excelsi
692 1311 844 1357 videamus,

65 1359 131 1391 quasi
152 1360 198 1394 qui
223 1361 292 1388 solis
316 1363 405 1390 cervis
432 1367 594 1399 sequestrati
618 1367 754 1400 videntur,
770 1373 796 1396 et
811 1369 844 1396 ad

65 1411 125 1438 quos
143 1406 193 1434 nisi
212 1415 313 1435 cervus
335 1409 370 1436 sit
388 1410 487 1445 aliquis
505 1419 558 1438 non
581 1414 668 1447 possit
686 1414 844 1443 ascendere.

66 1447 114 1483 Ego
123 1456 184 1484 puto
196 1453 271 1487 quod
289 1462 420 1487 personas
431 1454 574 1484 Trinitatis
591 1463 699 1486 montes
723 1460 846 1487 excelsos

65 1495 234 1530 appellaverit,
253 1498 288 1525 ad
310 1499 388 1533 cujus
413 1501 590 1534 rapacitatem
612 1503 703 1530 nullus
718 1503 770 1530 nisi
783 1511 844 1530 cer-

65 1548 108 1567 vus
121 1541 258 1577 ellieiatur,
273 1545 406 1572 ascendit.
429 1545 481 1573 Sed
497 1547 554 1582 84
569 1548 649 1575 iidem
667 1549 717 1583 ipsi
733 1551 779 1584 qui
802 1551 844 1577 hic

66 1592 160 1615 montes
174 1590 274 1617 excelsi
291 1590 430 1624 pluraliter
443 1593 624 1627 appellantur,
642 1595 668 1621 in
685 1595 746 1622 aliis
765 1604 844 1624 mons

65 1634 176 1663 excelsus
199 1636 377 1671 singulariter
402 1638 517 1671 dicitur;
539 1639 610 1667 sicut
626 1639 711 1668 Isaias
732 1641 788 1668 ait:
812 1641 845 1668 In

67 1685 168 1707 mntem
192 1682 327 1709 excelsum
349 1684 494 1711 conscende
515 1687 559 1719 qui
581 1685 746 1721 euangelizas
768 1686 844 1715 Sion.

67 1722 154 1752 Enim
174 1727 202 1753 in
222 1728 382 1762 fortitudine
404 1737 490 1757 uocem
506 1734 591 1764 tuam,
611 1732 657 1766 qui
681 1732 845 1767 euangelizas

67 1769 221 1800 Hierusalem
235 1774 268 1801 ¹⁸.
293 1773 366 1802 Idem
382 1783 504 1810 namque
527 1776 585 1811 ipse
603 1777 650 1811 qui
674 1777 708 1804 ibi
725 1777 844 1806 Trinitas

67 1822 162 1851 propter
181 1819 388 1848 distinctionem
415 1829 606 1856 personarum,
621 1823 664 1850 hic
687 1831 758 1851 uitus
773 1823 845 1852 Deus

67 1860 211 1898 intelligitur
231 1874 282 1900 pro
310 1867 415 1895 unitate
436 1868 608 1895 substantim.
636 1868 709 1898 Satis
724 1870 779 1897 sint
793 1870 843 1897 ista

67 1907 95 1934 de
119 1909 226 1938 hinnulo
248 1918 405 1939 cervorum.
442 1911 521 1940 Nunc
542 1913 683 1941 videamus
707 1915 844 1949 quomodo

66 1953 135 1981 etiam
147 1963 248 1990 caprea
260 1957 305 1984 vel
319 1957 436 1986 damulre
448 1964 627 1994 comparetur
642 1959 795 1988 fraternus-

96 2000 146 2029 Hoc
158 2003 269 2036 animal,
287 2008 419 2038 quantum
434 2004 467 2032 ad
481 2004 573 2033 Graeca
586 2006 730 2038 vocabula,
744 2014 842 2034 nomen

67 2053 79 2071 ι
90 2046 195 2076 videndo
210 2053 294 2084 atque
312 2050 413 2078 clarius
429 2051 620 2086 prospiciendo
642 2053 766 2080 sortitum
791 2059 842 2081 est.

68 2091 95 2119 Et
106 2094 162 2128 quis
177 2099 218 2122 est
232 2096 284 2131 qui
301 2096 338 2123 ita
351 2097 443 2125 videat
458 2101 488 2124 ut
502 2098 576 2125 videt
588 2098 713 2126 Christus
725 2100 736 2126 ?
763 2099 843 2127 Solus

67 2145 170 2174 namque
185 2146 228 2169 est
239 2142 289 2177 qui
303 2142 384 2175 videt,
401 2143 427 2170 id
444 2147 496 2176 est,
512 2144 636 2179 agnoscit
649 2143 842 2173 Patrem.Nam

66 2189 89 2211 α
105 2186 125 2212 si
140 2186 262 2215 dicantur
278 2187 307 2215 hi
329 2188 377 2223 qui
397 2189 500 2217 mundo
521 2194 586 2218 sunt
605 2189 687 2218 corde
700 2189 787 2218 Deum
802 2192 843 2218 vi-

907 266 989 293 ctiam
1006 266 1063 300 ipse
1077 265 1203 292 Salvator
1226 265 1252 292 in
1272 265 1419 300 Evangelio
1437 266 1567 293 vocabulo
1583 267 1692 302 proprio

905 312 1077 347 distinguens
1094 312 1163 340 dixit
1179 321 1186 339 τ
1201 311 1284 338 Nemo
1298 312 1364 338 videt
1376 312 1481 339 Patrem
1494 313 1544 339 nisi
1559 312 1647 340 Filius
1657 314 1691 340 ‘°.

907 358 1028 392 Denique
1042 363 1068 385 ct
1084 358 1117 385 iis
1129 366 1198 392 quos
1213 357 1278 385 facit
1291 357 1376 385 Deum
1391 358 1491 389 videre,
1507 359 1554 386 dat
1567 359 1691 394 spiritum

905 404 1035 434 scientias.
1062 408 1089 431 et
1104 404 1230 438 spiritum
1254 404 1402 439 sapientim,
1418 408 1447 431 ut
1466 412 1513 439 per
1528 404 1616 439 ipsum
1637 405 1691 439 spi-

905 449 986 476 ritum
1007 449 1115 476 videant
1131 448 1225 476 Dettm.
1243 449 1274 476 Et
1291 450 1351 477 ideo
1365 449 1470 478 dicebat
1487 450 1519 477 ad
1532 450 1690 485 discipulos.

904 495 968 529 quia
995 495 1040 529 qui
1067 503 1106 521 me
1126 495 1210 526 videt,
1236 495 1303 522 videt
1325 501 1347 522 et
1367 495 1518 522 Putrem“.
1547 495 1578 522 Et
1597 496 1691 531 utique

905 548 958 568 non
981 541 1017 567 ita
1039 540 1120 575 inepti
1140 541 1258 574 erimus,
1284 546 1313 568 ut
1332 547 1457 576 putemus
1481 542 1552 576 quod
1579 542 1625 576 qui
1646 549 1690 568 se—

903 586 1023 613 cundum
1051 594 1150 620 corpus
1175 595 1237 614 eum
1254 588 1330 619 \idit,
1347 587 1444 614 viderit
1467 589 1547 614 etiam
1565 587 1688 614 Patrem:

903 632 1004 667 alioqui
1026 632 1205 659 inveniuntur
1227 638 1253 660 et
1268 632 1377 666 Scribm,
1402 638 1429 660 et
1444 634 1584 665 l‘hariswi,
1599 639 1626 660 et
1639 634 1690 668 hy-

902 678 1024 713 pocritaa,
1052 683 1079 705 et
1100 678 1206 706 Pilatus
1231 679 1277 713 qui
1303 687 1364 706 cum
1393 679 1503 714 ﬂagellis
1524 679 1636 712 cecidit,
1663 683 1690 706 c:

900 723 991 751 omnis
1014 724 1130 758 populus
1154 724 1200 758 qui
1228 725 1384 752 clamabat:
1401 725 1542 759 Cruci/ige,
1567 725 1689 759 cruci/iga

900 770 1005 799 eum",
1031 769 1153 798 videntes
1168 769 1261 798 Jcsum
1287 770 1435 797 secundum
1464 778 1589 803 carnem,
1607 772 1689 798 etiam

901 813 985 841 Dcnm
999 813 1107 843 Patrem
1124 815 1234 844 vidisse.
1260 815 1338 848 Quod
1358 816 1450 850 utique
1465 823 1519 842 non
1533 816 1621 844 solum
1639 816 1689 843 ab-

901 861 1014 888 surdum
1038 861 1145 889 videtur
1170 870 1241 894 esse,
1260 862 1306 889 sed
1325 865 1352 889 et
1371 862 1495 896 impium.
1515 861 1591 890 Sicut
1615 863 1689 890 enim

899 914 961 934 cum
986 907 1073 935 turba;
1088 915 1149 935 cum
1166 908 1380 942 comprimerent
1395 913 1506 936 euntem
1530 916 1592 935 cum
1606 907 1690 935 disci-

900 953 982 987 pulis,
999 953 1090 980 nullus
1108 961 1203 981 eorum
1229 954 1277 988 qui
1293 955 1452 988 premebant
1470 959 1498 982 et
1510 953 1688 981 coarctabant

898 1006 972 1032 cum,
988 999 1110 1034 tetigisse
1125 999 1222 1027 dicitur
1241 1007 1316 1033 eum,
1332 1001 1385 1028 nisi
1407 1001 1450 1027 illa
1472 1000 1529 1028 sola
1547 1007 1609 1034 qum
1623 1007 1687 1034 pro-

898 1044 1011 1072 fluvium
1035 1045 1177 1080 sanguinis
1203 1053 1283 1079 passa
1309 1047 1381 1073 vertit
1396 1051 1424 1074 et
1441 1046 1526 1080 tetigit
1551 1045 1687 1073 ﬁmbriam

898 1092 1052 1119 νιεεῑίιηεηιὶ
1078 1092 1148 1126 ejus,
1164 1096 1191 1119 et
1206 1092 1256 1126 ipsi
1281 1093 1331 1119 soli
1354 1093 1540 1120 testimonium
1565 1092 1688 1127 perhibet

897 1137 1002 1169 dicens,
1017 1138 1080 1172 quia
1094 1139 1177 1173 tetigit
1191 1146 1230 1165 me
1244 1139 1354 1173 aliquis,
1366 1147 1412 1174 ego
1429 1139 1498 1165 enim
1515 1138 1585 1167 sensi
1603 1139 1687 1165 virtu-

899 1187 949 1209 tem
969 1183 1002 1210 de
1021 1191 1062 1209 me
1083 1185 1168 1210 uisse
1180 1183 1219 1216 ";
1239 1184 1275 1211 ita
1292 1189 1398 1211 etcum
1420 1184 1512 1219 plures
1532 1188 1624 1211 essent
1636 1185 1687 1219 qui

897 1236 958 1255 eum
975 1229 1113 1261 videbant,
1131 1230 1222 1258 nttllus
1245 1238 1307 1257 cum
1329 1230 1430 1257 vidisse
1444 1230 1554 1263 dicitur,
1569 1230 1621 1258 nisi
1639 1231 1687 1265 qui

897 1274 1005 1307 agnovit
1020 1274 1091 1309 quod
1106 1274 1225 1302 Verbum
1241 1274 1288 1302 Dei
1311 1280 1338 1302 et
1350 1275 1435 1302 Filius
1451 1274 1498 1302 Dei
1512 1279 1554 1303 est
1567 1284 1574 1302 :
1591 1275 1619 1302 in
1631 1283 1687 1310 quo

897 1320 992 1354 utique
1017 1319 1099 1346 sintut
1126 1319 1237 1354 agnosci
1259 1324 1285 1347 et
1300 1319 1383 1347 videri
1401 1319 1501 1347 dicitur
1516 1319 1606 1348 Pater.
1633 1319 1686 1347 Sed

896 1369 923 1390 et
949 1365 1000 1391 hnc
1026 1372 1076 1392 nos
1099 1372 1152 1391 non
1179 1369 1331 1399 prtetereat,
1347 1364 1421 1400 quod
1439 1364 1514 1399 prius
1528 1373 1642 1400 capreae,
1659 1370 1687 1393 et

897 1417 970 1436 nunc
988 1409 1101 1437 hinnulo
1125 1418 1268 1437 cervorum
1296 1415 1482 1444 comparatur,
1502 1418 1565 1438 cum
1591 1411 1686 1445 utique

897 1455 986 1488 majus
1010 1455 1111 1482 animal
1126 1463 1222 1483 cervus
1244 1464 1327 1490 quant
1352 1463 1450 1490 caprea
1469 1455 1602 1484 videatur.
1630 1455 1686 1483 Sed

896 1501 1080 1528 animadverte
1097 1509 1130 1528 ne
1145 1501 1189 1528 illa
1204 1502 1294 1536 potius
1310 1502 1337 1529 in
1353 1501 1395 1528 his
1407 1501 1529 1528 habenda
1547 1501 1583 1529 sit
1598 1502 1684 1528 ratio:

858 1564 880 1594 Ε
896 1546 960 1580 quia
973 1554 1035 1573 cuin
1050 1546 1195 1581 dupliciter
1215 1552 1321 1574 constet
1343 1546 1418 1575 salus
1440 1547 1621 1579 credentium,
1638 1553 1685 1580 per

897 1593 1062 1627 agnitionem
1079 1592 1139 1619 fidei
1152 1598 1179 1620 et
1193 1600 1306 1627 operum
1323 1593 1527 1627 perfectionem,
1540 1593 1608 1620 ratio
1623 1592 1685 1619 fidei

896 1646 959 1674 quae
982 1646 1032 1674 pro
1058 1639 1158 1666 intuitu
1190 1644 1218 1666 et
1242 1639 1412 1673 inspectione
1449 1637 1685 1673 contemplationis

896 1692 1012 1720 capreae,
1033 1689 1062 1711 ut
1077 1685 1209 1717 diximus,
1225 1690 1410 1720 comparatur,
1428 1684 1533 1719 primus
1551 1684 1686 1712 habeatur

896 1731 994 1758 salutis
1014 1730 1131 1765 gradus;
1156 1731 1277 1758 secundo
1292 1737 1357 1759 vero
1378 1731 1406 1757 in
1421 1730 1481 1758 loco
1496 1737 1607 1765 operum
1623 1736 1685 1764 per—

896 1776 979 1804 fectio
999 1783 1061 1810 quae
1077 1776 1150 1803 cervi
1175 1775 1292 1803 formam
1317 1780 1392 1803 tenet
1410 1776 1544 1804 vincentis
1565 1780 1592 1803 et
1613 1776 1684 1810 peri-

895 1820 995 1848 mentis
1014 1828 1116 1848 venena
1133 1821 1310 1856 serpentium,
1326 1821 1353 1848 id
1376 1825 1418 1848 est
1431 1825 1507 1848 artes
1523 1821 1682 1853 diabolicas.

896 1870 1070 1893 mcmorctnr.
1089 1864 1117 1892 Si
1134 1873 1198 1901 ergo
1215 1873 1317 1900 sponsa
1342 1865 1460 1893 similem
1476 1865 1542 1893 dicit
1555 1873 1615 1893 esse
1629 1864 1683 1891 fra-

896 1917 1001 1938 ternum
1027 1919 1106 1938 suum
1133 1919 1247 1946 capreae,
1273 1911 1314 1939 vel
1343 1911 1458 1938 hinnulo
1483 1918 1624 1938 cervorum
1655 1911 1683 1938 iu

895 1957 1035 1985 montibus
1050 1957 1155 1991 Bethel,
1172 1957 1264 1985 Bcthel
1282 1964 1347 1985 vero
1363 1957 1461 1984 domus
1478 1956 1525 1983 Dei
1551 1957 1683 1991 interpre—

895 2006 977 2034 tatur,
996 2006 1103 2029 montes
1119 2009 1183 2037 crgo
1199 2002 1246 2036 qui
1268 2002 1296 2030 in
1312 2002 1394 2031 domo
1411 2001 1457 2030 Dei
1477 2006 1551 2035 sunt,
1567 2005 1683 2036 possunt

895 2048 962 2082 legis
977 2052 1004 2074 et
1019 2048 1224 2082 prophetarum,
1242 2047 1290 2075 sed
1309 2052 1336 2074 et
1349 2047 1506 2083 evangelica
1528 2051 1560 2080 et,
1572 2051 1683 2082 aposto-

894 2094 944 2121 lica
959 2094 1046 2129 accipi
1061 2094 1210 2127 volumina,
1225 2095 1253 2121 in
1271 2094 1370 2129 quibus
1386 2098 1412 2122 ct
1427 2094 1494 2122 lides
1508 2093 1555 2121 Dei
1573 2093 1682 2128 perﬁci-

895 2144 938 2167 tur
952 2145 979 2167 ct
996 2140 1206 2174 contemplatur,
1222 2145 1249 2167 et
1263 2147 1377 2175 operum
1404 2139 1533 2175 perfectio
1544 2139 1642 2167 dicitur
1655 2143 1683 2167 et

894 2186 1068 2220 adimpletnr.

66 2230 114 2257 sui
128 2232 158 2264 ιι,
172 2233 302 2261 videbunt
328 2235 388 2270 ipso
413 2235 473 2263 sine
498 2235 582 2263 dubio
610 2236 757 2269 ι-ενειιιηιε,
773 2236 839 2271 quia
856 2231 878 2257 D
928 2232 1005 2260 Vers.
1024 2232 1053 2265 9,
1069 2232 1112 2259 10.
1135 2231 1202 2260 Ecce
1214 2233 1255 2259 hic
1269 2232 1339 2259 stetit
1351 2237 1407 2267 post
1422 2232 1549 2266 parietem
1563 2237 1679 2259 nostrum

67 2278 90 2301 et
102 2283 189 2311 caprea
203 2278 287 2306 habet
301 2279 329 2306 in
344 2283 443 2307 natura
455 2287 518 2313 sua,
535 2285 566 2307 ut
582 2288 635 2308 non
648 2281 738 2309 solutn
751 2281 842 2309 videat

67 2318 118 2354 ipsa
131 2327 156 2350 et
169 2324 316 2359 perspiciat
332 2325 476 2359 acerrime,
491 2326 540 2353 sed
553 2331 582 2354 et
595 2326 655 2354 aliis
669 2327 759 2354 visum
769 2335 840 2362 praav

66 2363 128 2393 beat.
142 2368 272 2397 Asserunt
287 2378 406 2406 namque
422 2371 450 2398 hi
465 2371 566 2406 quibus
586 2372 727 2400 medicinae
741 2373 839 2407 peritia

66 2415 111 2444 est,
133 2413 216 2443 inesse
239 2416 305 2443 huic
328 2416 440 2443 animali
470 2417 542 2444 intra
567 2417 671 2445 viscera
695 2418 837 2446 humorem

68 2459 194 2491 quemdam
213 2462 259 2497 qui
275 2462 420 2497 caliginem
443 2463 560 2497 depellat
579 2463 733 2497 oculorum,
745 2468 772 2492 et
789 2464 839 2492 ob-

67 2504 168 2533 tusiores
179 2515 302 2543 quosque
314 2508 389 2536 visus
402 2513 528 2536 exacuat.
542 2508 640 2536 Merito
654 2517 719 2544 ergo
736 2517 840 2544 caprea:

68 2549 103 2576 vel
116 2550 223 2580 damula:
247 2554 376 2582 Christus
394 2559 579 2589 comparatur,
598 2555 663 2590 quia
680 2563 733 2583 non
750 2556 838 2583 solum

68 2595 129 2623 Videt
152 2598 207 2633 ipse
227 2599 356 2633 Patrem,
385 2601 432 2627 sed
458 2604 485 2627 ct
508 2601 594 2628 videri
617 2601 652 2628 ab
675 2601 736 2629 aliis
763 2601 838 2634 facit,

67 2646 168 2674 quorum
189 2645 263 2673 visus
287 2645 345 2680 ipse
366 2646 511 2673 curaverit.
546 2645 666 2675 Observa
690 2652 779 2674 autem
806 2655 840 2675 ne

68 2687 165 2716 audiens
179 2689 284 2718 Patrem
310 2691 395 2718 videri
421 2699 582 2726 corporeum
605 2693 707 2727 aliquid
724 2693 837 2725 sentias,

68 2736 91 2758 et
104 2731 180 2762 Deum
195 2737 329 2764 visibilem
355 2742 444 2771 putes.
468 2737 550 2766 Visus
564 2746 621 2773 quo
636 2738 706 2766 Deus
719 2739 836 2772 videtur,

99 2820 117 2856 ‘_‘
128 2820 174 2849 lsa.
187 2832 224 2856 ix,
236 2824 262 2851 6.

70 2853 88 2869 ﬂ
99 2824 294 2869 uilia-13's.“.
319 2824 423 2869 "Rs'al.
436 2833 490 2855 cui.
504 2824 548 2869 18ἴ

103 2854 161 2885 Luc.
182 2854 309 2891 niihil.

615 2827 635 2843 ¹⁸
646 2825 699 2856 lsa.
713 2835 756 2862 XL,
778 2827 804 2855 9.

349 2861 371 2876 “
384 2860 449 2888 Luc.
466 2869 523 2896 viti,
535 2861 579 2889 Mi.

863 2827 883 2843 ³⁹
895 2827 987 2854 Matth.
1016 2835 1040 2859 ν,
1067 2827 1093 2854 8.

846 2922 866 2934 ν

891 2277 1042 2305 incumbens
1070 2285 1149 2311 super
1171 2277 1316 2311 faucium,
1345 2277 1504 2311 prospiciens
1531 2285 1578 2311 per
1603 2276 1678 2303 retia.

893 2323 1042 2358 Respondet
1056 2323 1191 2357 fraternus
1205 2330 1288 2355 meus,
1301 2327 1325 2349 et
1338 2322 1403 2348 dicit
1415 2322 1489 2349 milii.
1504 2321 1571 2349 Cum
1588 2323 1679 2349 consi-

891 2369 1134 2397 derodillicultatcs
1151 2369 1330 2403 investigandi
1348 2376 1445 2397 sensus
1457 2369 1483 2396 in
1500 2368 1543 2396 his
1556 2368 1602 2403 qui
1616 2375 1679 2403 pro-

890 2415 971 2451 positi
984 2420 1046 2442 sunt
1061 2414 1207 2450 Scriptum
1221 2415 1404 2448 sermonibus,
1421 2414 1510 2442 simile
1523 2422 1566 2441 me
1577 2412 1680 2448 aliquid

893 2463 948 2499 pali
962 2463 1040 2490 video
1063 2463 1136 2494 huic,
1162 2462 1208 2497 qui
1222 2463 1255 2490 ad
1276 2462 1493 2497 investigandum
1510 2461 1679 2489 venationem

893 2509 1053 2537 odoratibus
1075 2508 1180 2543 sagacis
1203 2508 1279 2536 cauis
1301 2508 1440 2543 procedit:
1468 2506 1515 2533 ubi
1542 2505 1679 2533 interdum

894 2556 979 2583 moris
994 2559 1045 2588 est,
1063 2560 1092 2582 ut
1109 2562 1170 2582 cum
1196 2555 1317 2590 vestigiis
1343 2555 1462 2582 intentus
1478 2553 1632 2588 proximum
1650 2559 1680 2580 se

894 2607 1005 2628 venator
1018 2601 1165 2628 latentibus
1178 2600 1301 2628 affectant
1315 2600 1449 2636 putaverit
1461 2607 1520 2627 esse
1533 2598 1679 2632 cubilibus,

894 2647 985 2674 subito
1002 2646 1179 2682 vestigiorum
1204 2646 1373 2674 desideretur
1390 2645 1498 2673 indiciis
1528 2649 1555 2672 ct
1568 2652 1678 2675 rursum

893 2692 976 2720 tixins
997 2693 1141 2727 impressis
1163 2692 1322 2719 odoratibus
1345 2692 1453 2719 easdem
1471 2698 1539 2726 quas
1561 2689 1680 2726 explica-

893 2743 977 2772 rerat,
993 2743 1143 2766 retrorsum
1159 2738 1252 2766 redeat
1266 2738 1334 2770 vias,
1352 2738 1438 2766 donec
1456 2737 1574 2764 inveniat
1588 2737 1679 2765 locum

1149 2826 1172 2842 ¹⁰
1187 2825 1265 2854 .loau.
1286 2833 1321 2857 vi,
1336 2825 1378 2852 46.
1436 2825 1455 2839 “
1475 2824 1553 2852 Joan.
1576 2831 1630 2857 xw,
1649 2822 1676 2850 9-
