1879 3046
193 168 242 197 179

728 165 887 194 ORIGENlS
907 165 938 191 ΙΝ
959 163 1135 190 (ἸΑΝΤΚΖΗΜ
1154 162 1288 189 (ΖΑΝΤΙΟ.

1770 162 1820 188 180

192 226 219 253 In
235 232 290 259 quo
307 233 336 253 se
351 225 433 252 altius
447 224 587 251 excutiens
601 224 706 250 venatio
722 223 834 250 latenter
852 222 884 249 ad
896 223 974 249 aliaat
992 224 1011 251 Α
1030 220 1145 255 indeque
1166 219 1335 255 prospiciens
1358 218 1513 253 alloquatur
1535 225 1681 253 sponsam,
1709 222 1734 244 et
1748 217 1821 244 dicat

190 271 331 298 transtulit
348 271 418 297 viam
437 279 442 297 :
460 278 542 305 quam
560 278 621 297 cum
637 273 746 296 vcnator
760 269 902 300 invenerit,
920 268 975 294 ala-

191 317 263 343 crior
279 317 432 351 insequitur
447 325 494 351 spe
507 317 601 351 praedae
615 315 720 346 certior,
730 319 757 341 et
770 314 874 349 vestigii
890 314 975 340 ﬁrmi-

191 367 245 389 tate
257 363 388 390 securior.
400 362 436 388 lta
451 370 515 397 ergo
529 366 555 389 ct
567 370 614 388 nos
628 361 672 387 ubi
689 368 716 387 se
725 359 870 394 proposita:
883 359 974 393 expla-

191 408 311 435 nationis
335 408 536 443 quodammodo
559 408 732 434 snbstravere
756 406 882 440 vestigia,
910 413 976 440 pau-

192 454 276 480 lulum
293 462 402 481 emensa
428 458 588 488 repetentes,
610 457 636 479 cl
658 453 805 486 planiorem
823 459 904 485 quam
927 451 977 478 du-

192 499 257 525 dum
280 499 421 526 videbatur
438 498 615 533 expositiouis
632 498 755 524 ordinem
773 501 975 532 persequentes,

191 551 334 578 speramus
366 537 437 578 quod
462 543 591 570 Dominus
615 542 685 570 Deus
714 545 807 569 noster
836 541 923 568 tradat
950 541 976 567 in

191 596 289 616 manus
309 594 416 616 nostras
433 589 614 620 venationem,
630 595 711 622 quam
735 591 927 622 prteparantes,
951 591 978 613 et

189 635 338 662 secundum
354 634 494 662 scientiam
513 634 609 661 matris
625 634 726 661 Rachel
741 633 883 660 rationalis
902 632 977 659 verbi

189 681 292 708 salibus
309 679 476 712 condientes,
490 679 693 706 benedictioncs
711 685 865 706 mereamur
878 685 977 705 conse-

187 725 234 759 qui
248 732 263 752 a
273 725 386 759 spiritali
395 724 570 759 patreJaeob.
581 723 696 758 Propter
706 723 778 758 quod
793 722 976 750 necessarium

187 770 304 803 videtur,
321 774 352 797 ut
370 770 499 802 diximus,
522 769 640 796 breviter
651 768 722 794 dicta
744 771 875 802 repetere,
887 766 978 800 expla-

186 816 382 850 nationemquc
397 815 517 849 priorem
541 818 672 846 retexere,
695 817 724 839 ut
741 812 787 846 qui
809 812 844 839 sit
863 811 978 838 lucidior

187 869 288 889 sensus
303 862 449 894 aperiatur.
479 859 592 893 lntctligi
606 865 671 893 ergo
686 858 752 884 mibi
767 857 872 884 videtur
886 864 918 883 ex
936 857 976 883 in-

187 905 240 933 itio
253 905 386 940 propositi
400 905 530 932 dramatis
545 911 672 938 sponsam
685 902 752 930 foris
767 907 839 930 stare
855 903 881 929 in
895 902 977 935 bivio,

188 957 216 978 ct
233 951 268 978 ob
287 958 407 978 amorem
432 950 526 984 sponsi
550 950 614 976 hinc
634 953 715 984 atque
741 948 804 975 inde
820 948 976 982 prospicere

189 997 213 1023 si
228 996 298 1024 forte
312 997 414 1028 veniat,
430 996 453 1023 si
470 995 539 1023 forte
554 998 695 1029 appareat,
712 1002 763 1021 nec
775 994 846 1021 viam
874 992 978 1029 ingredi

189 1042 260 1070 velle
273 1042 392 1077 aliquam
408 1041 471 1069 dum
492 1041 599 1076 ignorat
620 1039 690 1067 unde
709 1040 796 1074 magis
808 1039 908 1071 veniat,
929 1045 979 1065 nec

189 1089 275 1121 domi,
292 1088 338 1116 se'd
355 1087 423 1114 foris
441 1091 523 1118 stare,
547 1090 574 1113 et
596 1085 730 1113 desiderio
753 1084 812 1119 ejus
833 1084 928 1119 agitari
946 1091 978 1111 ac

188 1135 278 1161 dicere
296 1142 303 1161 :
322 1132 462 1161 Osculetur
477 1140 518 1158 me
532 1131 623 1158 osculo
639 1131 693 1157 oris
709 1131 751 1157 sui
764 1130 804 1162 “;
822 1130 868 1156 ubi
886 1134 976 1157 autem

189 1179 262 1206 venit
300 1186 440 1213 sponsus,
476 1177 549 1204 dicat
579 1186 585 1203 :
617 1176 691 1203 Bona
716 1181 777 1203 sunt
821 1176 901 1202 ubera
931 1181 977 1201 tua

186 1232 265 1258 super
287 1224 386 1256 vinum,
414 1227 442 1250 et
468 1222 587 1257 reliqua,
617 1229 705 1256 usque
732 1222 766 1248 ad
796 1229 859 1249 eum
886 1221 976 1248 locum

186 1271 232 1297 ubi
249 1270 286 1298 ait
308 1278 314 1296 :
333 1269 395 1296 Post
419 1274 443 1296 te
462 1276 608 1296 curramus.
631 1269 699 1295 Post
724 1269 781 1294 lucc
802 1267 898 1294 dilecta
921 1267 977 1301 jam

185 1321 213 1343 et
225 1317 309 1343 vicem
327 1315 469 1343 cbaritatis
489 1315 524 1341 ab
535 1314 594 1348 ipso
610 1321 712 1348 sponso
731 1312 875 1347 recipiens,
890 1312 977 1340 intro-

185 1363 303 1390 ducatur
318 1362 345 1388 in
361 1361 517 1388 cubiculum
534 1361 605 1395 ejus,
621 1364 648 1387 et
661 1360 753 1386 dicat:
771 1358 925 1385 Introduxit
938 1367 977 1385 me

186 1407 242 1443 85
267 1415 313 1434 rex
333 1407 362 1433 in
377 1406 526 1433 cubiculum
541 1414 618 1433 suum
633 1406 667 1432 ".
689 1405 742 1432 Sed
764 1409 791 1432 et
804 1409 900 1432 caetera
917 1412 977 1439 qua:

186 1458 281 1489 postea
299 1457 363 1480 sunt
376 1453 489 1488 scripta,
505 1453 579 1480 intus
597 1452 686 1487 posita
700 1451 830 1485 loquatur
845 1451 878 1478 ad
895 1458 978 1485 spon-

186 1507 249 1526 sum
273 1499 453 1534 praesentibus
477 1503 504 1526 et
530 1497 723 1525 assistentibus
746 1503 852 1531 sponsae
865 1496 974 1531 quidem

186 1544 408 1576 adolescentulis,
426 1543 520 1578 sponsi
538 1551 603 1570 vero
616 1542 766 1570 sodalibus.
783 1541 974 1569 Verumtamen
990 1555 1012 1585 ρ

187 1589 353 1624 intelligatur
380 1596 498 1623 sponsus
529 1592 624 1622 utpote
654 1587 712 1619 vir,
747 1594 799 1613 non
825 1594 932 1621 semper
948 1587 976 1613 in

185 1636 279 1666 domo,
297 1641 385 1668 neque
401 1641 509 1668 semper
520 1633 642 1660 assidere
657 1639 765 1667 sponsa:
779 1632 849 1659 intra
865 1632 975 1659 domum

185 1679 301 1714 positae:
323 1678 370 1706 sed
393 1682 472 1705 exeat
498 1677 669 1712 frequenter,
693 1681 720 1704 et
741 1676 786 1704 illa
809 1684 871 1704 eum
897 1677 975 1711 quasi

186 1731 282 1752 aurove
299 1724 359 1758 ejus
374 1723 490 1750 sollicita
509 1723 630 1757 requirat
642 1723 800 1756 absentem;
817 1723 863 1750 sed
879 1727 906 1750 et
919 1723 977 1757 ipse

186 1770 324 1798 interdum
343 1769 435 1797 redeat
448 1768 482 1796 ad
503 1776 575 1795 eam.
598 1768 712 1803 Propter
725 1769 797 1803 quod
812 1774 837 1796 et
853 1769 977 1796 videatur

186 1824 236 1852 per
254 1821 339 1843 totum
358 1816 477 1843 libellum
501 1816 648 1851 aliquando
663 1816 772 1851 quidem
788 1815 861 1842 velut
877 1817 976 1843 absens

187 1862 291 1897 requiri
306 1869 435 1897 sponsus,
448 1862 593 1897 aliquando
610 1862 681 1890 sicut
691 1869 810 1897 praesens
828 1862 901 1897 loqui
914 1869 975 1889 cmn

186 1916 300 1944 sponsa.
318 1908 378 1944 ipsa
392 1912 481 1936 autem
497 1916 598 1943 sponsa
612 1916 674 1936 cum
691 1908 776 1936 multa
793 1912 820 1936 et
833 1908 976 1943 magniﬁca

185 1955 213 1982 in
240 1955 332 1990 sponsi
358 1955 484 1982 cubiculo
506 1954 683 1990 pervidisset,
705 1955 773 1989 petit
793 1961 823 1981 se
844 1954 925 1981 etiam
949 1954 975 1980 in

185 2001 297 2028 domum
312 2001 368 2029 viui
391 2001 537 2029 introduci.
554 2000 614 2033 Quo
637 2008 699 2028 cum
725 2000 847 2035 ingressa
863 2007 975 2034 perspe—

184 2047 269 2075 xissct
292 2047 366 2082 quod
389 2054 508 2081 sponsus
533 2049 626 2081 utpote
651 2046 691 2072 vir
717 2053 770 2072 non
795 2045 927 2072 resederit
950 2044 975 2070 in

184 2091 277 2124 domo,
295 2092 353 2126 ipsa
378 2098 475 2117 rursus
496 2097 590 2117 amore
614 2090 674 2124 ejus
698 2090 852 2124 exagitata,
880 2089 978 2115 exierit

185 2137 277 2167 foras,
299 2141 327 2163 et.
351 2136 517 2163 circumiens
541 2139 666 2170 peragret
691 2135 763 2162 circa
784 2135 895 2161 domum
922 2142 976 2160 non

185 2182 352 2217 ingrediens,
368 2186 396 2208 et
408 2189 440 2208 ex
456 2181 530 2208 omni
556 2186 634 2215 parte
651 2181 798 2215 prospiciat
814 2181 924 2214 quando
941 2180 974 2207 ad

1028 274 1076 293 CI!

1065 310 1142 338 Vcrs.
1160 311 1202 337 10.
1226 310 1357 345 Exsurge,
1379 310 1449 342 "veni,
1465 310 1587 344 proxima
1611 316 1684 339 mea,
1703 309 1821 343 formasti

1028 365 1095 388 mea,
1112 357 1232 383 rolumba
1255 365 1324 387 mea,
1347 360 1373 383 et
1397 356 1511 390 reliqua.
1526 355 1589 382 Ηεεο
1613 360 1678 382 sunt
1696 362 1776 389 quae,
1795 359 1824 380 ut

1028 402 1153 437 superius
1169 402 1382 437 designavimus,
1406 401 1590 428 diﬂicultatem
1617 401 1767 435 plurimam
1783 400 1825 425 di-

1028 447 1131 482 rigendi
1157 447 1261 474 ordinis
1285 450 1312 473 et
1337 446 1490 480 aperiendae
1512 446 1698 481 intelligentia:
1721 445 1825 471 habere

1028 493 1107 520 nobis
1131 493 1188 520 visa
1213 496 1286 520 sunt.
1313 492 1388 525 Quze,
1408 496 1437 518 ut
1453 496 1529 526 puto,
1543 491 1712 518 evidentiora
1729 491 1825 518 fecerit

1027 539 1139 574 repetita
1167 539 1225 566 haec
1256 546 1329 565 nunc
1356 537 1455 572 indago
1481 545 1654 564 sermonum.
1683 536 1825 571 Spiritalis

1028 589 1117 610 autem
1142 583 1168 610 in
1187 583 1229 610 bis
1246 582 1391 617 expositio,
1407 589 1462 609 non
1480 583 1517 609 ita
1539 582 1678 609 laboriosa
1694 590 1726 609 ac
1754 582 1824 609 ditii-

1028 630 1089 658 cilis
1114 631 1237 658 habetur.
1258 630 1363 665 Sponsa
1387 631 1458 658 enim
1482 631 1557 658 verbi
1582 631 1689 663 anima,
1708 639 1774 666 qum
1799 631 1825 657 in

1028 676 1108 703 domo
1122 677 1215 710 regali,
1231 677 1283 703 hoc
1298 680 1339 704 est
1351 677 1378 703 iu
1396 675 1527 708 Ecclesia,
1547 677 1690 708 consistit,
1708 677 1826 703 docetur

1029 729 1044 748 a
1061 720 1149 748 Verbo
1175 721 1240 753 Dei,
1259 721 1305 756 qui
1328 726 1369 749 est
1396 729 1515 756 sponsus
1539 729 1626 754 suus,
1650 729 1826 756 quzecunque

1028 766 1146 800 reposita
1171 770 1235 793 sunt
1257 770 1284 793 et
1307 766 1445 793 recondita
1467 766 1539 793 intra
1562 766 1654 793 aulam
1677 767 1786 801 regiam
1801 771 1827 793 et

1029 811 1183 839 cubiculum
1200 811 1286 846 regis;
1303 812 1384 838 discit
1401 812 1429 838 iu
1454 812 1505 839 hac
1525 812 1617 845 domo,
1631 820 1693 846 qua:
1715 817 1761 839 est
1776 811 1828 840 Ec-

1030 857 1113 884 clesia
1138 857 1182 884 Dei
1208 858 1273 890 vivi,
1295 858 1377 884 cellas
1402 858 1484 885 etiam
1512 858 1569 884 vini
1592 858 1668 885 illius
1689 858 1766 892 quod
1794 858 1826 885 de

1030 904 1131 931 sanctis
1156 904 1336 931 torcularibus
1360 907 1554 938 congregatum
1577 908 1629 936 est,
1661 904 1747 931 cellas
1770 903 1826 930 vini

1030 958 1083 978 non
1101 950 1188 978 solum
1211 950 1274 977 novi
1298 949 1344 977 sed
1366 954 1392 976 et
1415 949 1514 977 veteris
1529 957 1561 976 ac
1578 949 1682 982 suavis,
1698 957 1763 984 qua:
1787 954 1827 976 est

1029 996 1153 1023 doctrina
1172 996 1239 1031 legis
1253 1000 1279 1023 et
1296 996 1506 1031 prophetarum;
1524 995 1551 1022 in
1568 996 1669 1030 quibus
1686 995 1827 1022 sufﬁcien-

1029 1045 1070 1068 ter
1082 1042 1230 1069 exereitata
1246 1041 1359 1076 recipiat
1375 1041 1402 1068 in
1417 1048 1447 1068 se
1465 1041 1552 1076 ipsum
1567 1041 1614 1076 qui
1631 1045 1691 1068 erat
1705 1041 1733 1068 in
1751 1041 1825 1076 prin-

1029 1087 1101 1122 cipio
1118 1087 1188 1122 apud
1204 1087 1289 1114 Deum
1305 1086 1378 1114 Deus
1393 1087 1512 1114 Verbum
1531 1087 1564 1120 '°,
1577 1087 1624 1114 sed
1641 1094 1696 1114 non
1717 1094 1825 1121 semper

1029 1141 1122 1160 secum
1138 1137 1341 1168 permanentem
1361 1141 1368 1160 :
1391 1141 1445 1160 non
1468 1133 1540 1160 enim
1565 1133 1699 1168 possibile
1717 1133 1827 1160 esthoc

1028 1177 1155 1205 humana:
1177 1182 1305 1205 naturae:
1332 1178 1378 1206 sed
1404 1178 1541 1206 interdum
1564 1178 1677 1213 quidem
1697 1178 1826 1206 visitetur

1029 1223 1063 1250 ab
1078 1231 1121 1256 eo,
1137 1223 1272 1250 interdum
1287 1231 1353 1251 vero
1370 1224 1550 1258 relinquatur,
1568 1228 1598 1251 ut
1614 1224 1737 1258 amplius
1755 1224 1826 1251 desi-

1028 1269 1104 1296 deret
1118 1276 1191 1296 eum.
1206 1268 1274 1296 Cum
1289 1277 1354 1297 vero
1367 1269 1495 1297 visitatur
1511 1277 1526 1296 a
1542 1268 1633 1297 Verbo
1651 1269 1697 1296 Dei
1723 1277 1824 1297 secun-

1028 1315 1092 1342 dum
1110 1314 1241 1349 propositi
1258 1314 1383 1342 versiculi
1397 1322 1520 1348 sensum,
1536 1322 1584 1350 per
1599 1318 1710 1342 montes
1724 1315 1825 1342 saliens

1028 1360 1122 1387 venire
1138 1360 1239 1387 dicitur
1253 1360 1285 1387 ad
1301 1368 1378 1393 eam;
1397 1361 1522 1388 excelsos
1540 1360 1645 1388 scilicet
1658 1365 1685 1387 et
1704 1361 1825 1388 elevatos

1028 1406 1151 1434 revelans
1168 1407 1192 1434 ei
1209 1406 1327 1434 cmlcstis
1350 1406 1470 1433 scientiae
1487 1413 1603 1439 sensus,
1629 1406 1667 1433 ita
1685 1410 1715 1433 ut
1732 1414 1825 1441 pervc-

1029 1452 1086 1479 niat
1101 1459 1187 1487 usque
1211 1453 1244 1479 ad
1259 1452 1465 1479 :rditicationem
1487 1451 1627 1485 Ecclesiae,
1644 1460 1706 1487 quae
1722 1459 1766 1480 est
1780 1452 1825 1479 do-

1028 1505 1089 1525 mus
1103 1497 1149 1525 Dei
1164 1498 1234 1530 vivi,
1252 1498 1379 1525 columna
1390 1518 1397 1531 ,
1413 1502 1440 1524 et
1467 1497 1671 1525 llrmamentum
1690 1499 1823 1530 veritatis,

1028 1547 1055 1570 et
1071 1548 1122 1570 stet
1139 1543 1219 1577 juxta
1235 1543 1376 1578 parietem,
1392 1543 1433 1570 vel
1450 1547 1511 1578 post
1527 1543 1678 1577 parietem,
1694 1548 1727 1571 ut
1739 1551 1823 1579 neque

1027 1589 1134 1623 penitus
1149 1589 1340 1620 abscondatur,
1356 1595 1443 1623 neque
1456 1588 1570 1615 omnino
1587 1589 1616 1615 in
1631 1594 1762 1624 promptu
1778 1590 1820 1616 sit.

1028 1634 1145 1661 Verbum
1170 1634 1242 1661 enim
1267 1633 1324 1667 Dei,
1343 1637 1370 1661 et
1396 1641 1487 1661 sermo
1510 1634 1633 1661 scientiae
1648 1642 1704 1661 non
1727 1635 1754 1661 in
1772 1643 1820 1669 pu-

1027 1677 1098 1705 blico
1113 1682 1139 1705 ct
1153 1679 1241 1713 palam
1254 1679 1370 1714 positus,
1384 1687 1472 1714 neque
1485 1679 1691 1708 conculcandus
1710 1679 1824 1715 pedibus

1027 1729 1154 1759 apparet;
1169 1725 1214 1752 sed
1231 1732 1294 1752 cum
1317 1726 1448 1760 quaesitus
1467 1725 1551 1753 fuerit
1569 1726 1723 1759 invenitur,
1740 1732 1769 1754 et
1784 1726 1823 1753 in-

1028 1770 1137 1798 venitur
1152 1778 1217 1803 non,
1233 1775 1263 1798 ut
1284 1771 1413 1804 diximus,
1433 1771 1459 1798 in
1474 1771 1620 1806 propatulo
1637 1772 1757 1806 positus,
1777 1771 1822 1799 sed

1027 1815 1162 1849 obtectus,
1176 1819 1202 1843 et
1214 1816 1294 1851 quasi
1308 1820 1370 1851 post
1386 1817 1517 1852 parietem
1532 1817 1632 1845 latens.

1063 1861 1160 1888 Anima
1178 1867 1268 1890 autem
1284 1870 1345 1897 qua:
1365 1862 1392 1889 in
1417 1861 1539 1890 Ecclesia
1560 1870 1622 1890 esse
1637 1863 1752 1897 dicitur,
1771 1871 1822 1890 non

1029 1908 1099 1935 intra
1117 1907 1230 1935 aedilicia
1252 1908 1385 1943 parietum
1412 1908 1544 1936 collocata
1572 1908 1756 1944 intelligitur,
1779 1909 1823 1936 sed

1029 1955 1100 1981 intra
1118 1954 1287 1981 munimenta
1307 1954 1368 1981 ﬁdei
1387 1958 1415 1982 et
1434 1954 1549 1982 aediﬁcia
1564 1955 1710 1989 sapientia}
1725 1955 1822 1991 posita,

1029 1999 1163 2034 celsisque
1188 1999 1304 2034 fastigiis
1332 2000 1474 2027 cltaritatis
1503 2000 1621 2028 obtecta.
1648 2000 1823 2036 Propositum

1028 2052 1093 2079 ergo
1106 2045 1218 2078 bonum,
1236 2049 1263 2072 et
1279 2045 1345 2073 ﬁdes
1368 2049 1505 2073 rectorum
1523 2046 1683 2081 dogmatum
1704 2047 1823 2074 animant

1028 2098 1089 2117 esse
1103 2090 1128 2116 iu
1145 2091 1227 2118 domo
1244 2090 1372 2118 Ecclesia:
1388 2091 1469 2124 facit;
1490 2091 1568 2127 cujus
1586 2092 1686 2120 domus
1704 2092 1824 2120 membra

1029 2137 1152 2171 quaedam
1173 2141 1248 2169 sunt,
1263 2138 1306 2165 vel
1328 2137 1498 2171 cubiculum,
1514 2137 1557 2164 vel
1580 2137 1682 2166 domus
1700 2138 1772 2170 vini,
1786 2138 1824 2164 vel

1030 2183 1082 2210 alia
1099 2183 1256 2217 hujusmodi
1279 2191 1328 2218 pro
1341 2183 1489 2218 gratiarum
1514 2183 1619 2211 scilicet
1641 2184 1778 2218 gradibus
1800 2187 1824 2210 et

184 2236 244 2255 eam
260 2228 352 2256 redeat
368 2235 503 2262 sponsus;
522 2232 548 2254 et
565 2235 627 2254 ecce
649 2227 740 2254 subito
754 2227 842 2254 videat
857 2235 918 2254 cum
933 2227 974 2253 vi-
992 2223 1012 2250 D
1027 2228 1162 2255 donorum
1180 2229 1343 2263 spiritalium
1360 2229 1563 2257 diversitatibus
1577 2230 1766 2264 appellantur.
1782 2229 1824 2256 Sic

184 2274 310 2302 cinorum
325 2273 458 2300 montium
473 2273 538 2307 juga
553 2272 694 2300 immensis
711 2273 824 2300 saltibus
841 2281 973 2307 superan-

183 2325 238 2348 tem
254 2320 422 2348 descendere
443 2320 477 2347 ad
498 2320 610 2347 domum
627 2320 652 2346 in
675 2328 727 2356 qua
743 2328 835 2348 amore
848 2321 907 2356 ejus
919 2321 975 2348 sol-

183 2367 258 2393 licita
272 2371 366 2393 mstual
397 2373 508 2401 sponsa.
533 2365 697 2394 Pervenicus
718 2374 783 2393 vero
800 2374 916 2401 sponsus
939 2366 973 2394 ad

183 2412 315 2447 parietem
329 2413 438 2445 domus,
458 2417 511 2441 stet
526 2413 666 2449 paululum
687 2418 747 2448 post
768 2414 869 2448 ipsum,
883 2412 974 2440 cousi-

184 2459 295 2490 derans,
317 2464 345 2486 ut
362 2459 418 2486 fieri
438 2460 515 2494 solet,
529 2460 641 2495 aliquid,
657 2465 684 2487 et
698 2460 790 2486 animo
808 2464 969 2487 retractans.

183 2503 243 2530 Jam
256 2511 322 2531 vero
335 2504 417 2532 etiam
441 2505 498 2540 ipsc
523 2506 644 2533 sentiens
665 2504 768 2539 aliquid
793 2504 896 2531 amoris
911 2511 974 2537 erga

183 2557 324 2584 sponsam,
341 2559 408 2578 usus
434 2551 578 2578 altitudine
604 2559 652 2577 sua
677 2557 738 2584 qtize
759 2549 867 2583 attingit
888 2555 975 2582 usque

185 2597 217 2623 ad
232 2596 331 2624 domus
345 2596 490 2629 fenestras,
506 2603 567 2630 qua:
584 2595 710 2622 fenestrae
723 2594 841 2620 habeant
855 2593 973 2627 aliquam

182 2646 286 2679 partem
303 2642 403 2676 operis,
422 2647 451 2669 ut
466 2642 553 2674 aiunt,
568 2641 714 2667 reticulati.
738 2639 770 2666 Et
788 2643 852 2666 tunc
868 2639 973 2665 incum-

184 2687 230 2713 bat
242 2687 349 2721 quidem
366 2695 412 2722 pcr
422 2687 569 2719 fettcstras,
585 2685 748 2712 eminentior
763 2689 854 2712 autem
878 2685 917 2712 sic
939 2685 974 2711 sit

185 2730 327 2764 fenestris,
352 2733 521 2767 attingatquc
545 2739 631 2766 usque
655 2731 688 2758 ad
715 2730 855 2765 superiora
879 2738 972 2758 earum

185 2783 246 2810 qua:
263 2777 415 2810 reticulato,
437 2782 467 2804 ut
490 2777 620 2810 diximus,
645 2784 727 2811 opere
741 2776 876 2803 distincta:
893 2780 973 2808 sunt,

223 2866 244 2882 "
254 2866 331 2894 Cant.
346 2875 364 2899 t,
383 2867 408 2894 Ξ,

449 2868 470 2883 ’⁸
484 2868 561 2895 Cant.
582 2876 600 2900 I,
617 2868 643 2894 4.
683 2868 705 2882 ¹⁶
720 2867 832 2899 10mm.
848 2868 872 2895 ι.

1025 2282 1091 2309 ergo
1103 2279 1130 2301 et
1145 2275 1235 2309 paries
1255 2283 1328 2302 nunc
1344 2283 1407 2310 pars
1421 2275 1546 2310 quiedam
1562 2275 1663 2302 domus
1676 2276 1763 2311 bujus
1774 2280 1821 2306 est,

1026 2328 1086 2355 qua:
1100 2324 1188 2355 potest
1203 2321 1324 2348 indicare
1338 2321 1494 2356 dogmatum
1507 2320 1685 2354 ﬁrmitatem;
1705 2322 1759 2348 sub
1772 2328 1822 2356 qua

1026 2369 1098 2392 stare
1111 2365 1210 2392 dicitur
1227 2372 1357 2399 sponsus,
1371 2370 1397 2391 et
1419 2365 1445 2391 in
1461 2365 1561 2399 quibus
1579 2369 1635 2392 tam
1659 2373 1780 2400 magnus
1794 2370 1822 2399 ,ει

1026 2411 1148 2438 excelsus
1173 2415 1224 2443 est,
1243 2415 1271 2438 ut
1287 2411 1405 2438 emineat
1429 2418 1511 2437 omne
1531 2410 1696 2445 aedilicium,
1719 2417 1747 2439 et
1762 2418 1822 2446 pro-

1027 2457 1123 2491 spiciat
1139 2465 1278 2492 sponsam,
1293 2458 1317 2484 id
1330 2463 1372 2485 est
1386 2457 1522 2490 animam;
1537 2462 1564 2485 et
1574 2459 1699 2485 nondum
1713 2458 1821 2494 quidem

1027 2507 1149 2537 apertum
1173 2511 1202 2530 se
1225 2503 1249 2530 ei
1267 2507 1408 2538 totumque
1427 2503 1593 2535 manilestet,
1613 2505 1660 2531 sed
1677 2506 1761 2539 quasi
1777 2511 1821 2539 per

1027 2548 1094 2574 retia
1105 2548 1273 2582 prospiciens
1288 2548 1410 2576 hortetur
1427 2556 1498 2580 eam,
1512 2554 1539 2575 et
1554 2555 1689 2583 provocet
1709 2559 1763 2577 non
1779 2557 1819 2577 se-

1026 2594 1090 2621 dere
1104 2595 1268 2621 intrinsecus
1285 2601 1404 2628 segnem,
1421 2594 1468 2621 sed
1485 2594 1559 2621 exire
1581 2595 1614 2622 ad
1642 2604 1673 2623 se
1688 2596 1782 2628 foras;
1796 2600 1819 2622 et

1027 2640 1120 2666 conari
1134 2644 1228 2666 utnon
1243 2639 1299 2674 jam
1316 2647 1363 2674 per
1380 2639 1512 2666 fenestras
1526 2644 1553 2666 et
1568 2641 1650 2674 retia,
1670 2650 1762 2676 neque
1778 2649 1820 2676 per

1028 2686 1167 2720 speculum
1194 2685 1220 2711 in
1243 2685 1403 2719 :enigmate,
1420 2685 1466 2712 Sed
1483 2685 1635 2719 procedens
1660 2686 1737 2714 foras
1755 2686 1818 2714 facie

1029 2730 1061 2756 ad
1076 2729 1171 2756 facient
1190 2730 1278 2756 videat
1293 2737 1354 2756 cum
1371 2729 1403 2755 ’⁷.
1421 2729 1498 2757 Nunc
1519 2731 1604 2761 enim,
1616 2732 1684 2765 quia
1701 2733 1816 2759 nondum

1031 2780 1120 2810 potest
1134 2775 1169 2802 ita
1184 2783 1245 2803 eum
1265 2775 1375 2808 intueri,
1391 2780 1533 2810 propterea
1550 2784 1603 2803 non
1624 2782 1702 2811 ante,
1718 2778 1764 2805 sed
1779 2785 1816 2804 re-

913 2867 934 2882 "
947 2866 955 2893 l
969 2867 1032 2894 Cor.
1048 2875 1110 2895 xui.
1129 2867 1168 2894 li.
