1879 3046
62 140 98 168 lSl
703 135 800 163 LIBER
819 134 978 163 TERTIUS.

1609 130 1659 157 l8}

57 206 90 226 trn
104 199 125 225 ei
146 203 170 226 et
189 203 251 233 post
265 199 393 233 parietem
417 203 478 226 stct.
505 198 640 226 incumbit
662 203 751 225 autem
776 206 822 232 per
837 201 860 227 Λ
873 197 1000 224 Christus
1014 195 1087 222 stetit
1100 193 1239 228 paululum
1260 195 1322 227 post
1345 191 1472 226 parietem
1488 189 1592 218 Veteris
1607 189 1659 217 Te-

57 243 183 273 tunrstras,
202 250 263 276 quae
279 243 336 269 sine
349 242 431 269 dubio
446 243 573 277 patebant
585 243 618 270 ad
637 243 820 277 recipiendum

57 287 134 314 lumen
158 287 190 313 ad
216 287 421 314 illuminandam
449 288 570 315 domum.
600 287 650 315 Per
683 288 732 315 has
759 295 823 322 ergo

57 341 134 360 sermo
153 333 196 360 Dei
211 333 371 361 incumbens
392 338 419 360 et
431 333 610 368 prospiciens,
627 337 757 368 provocat
774 341 822 360 cx-

58 385 153 413 surgere
171 383 197 405 et
219 378 251 405 ad
275 387 303 406 se
317 379 409 406 venire
422 379 551 406 animam.
566 379 717 406 Possumus
733 383 822 405 autem

57 431 140 451 sensus
164 432 310 458 corporeos
336 423 469 451 fenestras
495 424 654 459 intelligere,
679 432 727 459 per
755 431 823 458 quas

58 473 96 495 aut
109 476 187 501 mors,
203 474 248 496 aut
265 470 318 497 vita
338 470 421 498 intrat
441 471 474 497 ad
494 470 626 502 animam;
639 470 678 497 sic
690 470 762 497 enim
777 470 823 497 de-

58 513 133 547 signat
148 512 277 541 Jeremias
299 514 428 548 propheta
452 523 513 542 cum
529 515 562 542 de
578 516 766 550 peccatoribus
784 515 824 542 lo-

57 559 152 594 quitur,
178 559 271 586 dicens
294 568 300 585 :
325 561 449 587 Ascendit
472 569 543 587 mora
565 569 610 595 per
633 561 761 595 fenestras
783 570 824 588 ve—

57 611 115 632 ttras
127 606 156 631 “.
171 605 312 638 Quomodo
334 608 454 634 ascendit
470 615 543 636 mors
568 616 615 643 per
629 608 778 636 fenestras?
796 608 824 635 Si

58 650 117 678 oculi
134 651 280 685 peccatoris
305 651 413 679 videant
436 653 588 685 mulierem,
609 658 635 680 et
654 654 825 681 mwchentur

58 704 108 723 eam
121 697 145 723 in
162 697 239 724 corde
254 704 305 724 suo
317 698 350 731 ”,
365 698 405 725 sic
426 706 500 726 mors
518 699 641 734 ingressa
656 705 697 726 est
715 700 748 727 ad
766 700 825 727 ani-

60 749 119 768 mam
140 750 183 777 per
204 742 337 771 fenestras
353 744 504 771 oculorum.
522 743 574 772 Sed
598 749 630 772 et.
646 752 707 772 cum
729 746 825 781 recipit

58 788 109 820 quis
130 788 245 814 auditum
271 796 381 822 vanum,
404 795 429 816 et
449 789 583 825 prmeipue
608 789 683 817 falsa
705 791 826 819 scientiae

58 833 196 867 dogmatum
214 841 419 868 perversorum;
437 841 500 862 tunc
514 843 561 870 per
573 836 680 863 aurium
693 836 825 865 fenestras

59 887 120 906 mors
144 881 223 907 intrat
248 881 282 907 ad
309 881 440 908 animam.
468 880 495 907 Si
521 889 584 908 vero
608 883 698 909 anima
718 882 825 910 intuens

58 931 226 953 Ornamcntum
241 927 336 954 mundi
349 931 376 954 et
387 935 418 954 ex
430 927 628 961 pulchritudine
639 934 825 956 creaturarum

58 971 205 998 conditorem
220 972 342 999 omnium
358 973 489 1009 intelligat
508 973 604 1006 Deum,
623 979 649 1001 et
672 982 753 1009 opera
767 975 826 1009 ejus

59 1017 164 1048 miretur,
182 1017 327 1052 laudetque
345 1026 456 1053 operum
479 1024 639 1052 creatorem,
656 1021 688 1047 ad
706 1021 824 1047 animam

59 1061 116 1088 hanc
135 1062 186 1089 vita
212 1063 363 1097 ingreditur
382 1072 429 1098 per
446 1063 578 1092 fenestras
601 1066 752 1093 oculorum.
773 1065 827 1094 Sed

58 1110 140 1133 etcum
155 1108 273 1135 auditum
290 1109 401 1136 inclinat
417 1109 450 1136 ad
465 1109 582 1137 Verbum
598 1110 655 1143 Dei,
672 1115 698 1138 et
714 1111 828 1138 rationi-

58 1150 99 1179 bus
110 1152 243 1186 sapientia:
256 1154 314 1189 86
332 1162 363 1182 ac
379 1154 499 1183 scientiae
515 1156 574 1191 ejus
589 1156 747 1189 delectatur,
763 1157 827 1185 huic

58 1204 98 1230 per
112 1198 210 1225 aurium
229 1198 364 1228 fenestras
382 1201 415 1228 ad
433 1202 550 1228 animam
576 1203 715 1236 sapientia:
734 1203 825 1230 lumen

59 1241 200 1276 ingreditur.
215 1244 267 1272 Per
290 1245 340 1273 has
356 1253 421 1280 ergo
437 1246 569 1274 fenestras
583 1248 749 1282 prospiciens
761 1248 828 1275 Ver-

59 1286 110 1313 bum
123 1287 175 1320 Dei,
191 1294 216 1316 et
231 1295 405 1324 prospectum
419 1299 497 1318 suum
519 1291 551 1318 ad
564 1298 691 1325 sponsam
709 1292 826 1319 animam

59 1333 171 1368 dirigens,
196 1343 341 1370 assurgere
364 1337 488 1364 hortatur
505 1345 574 1369 eam,
594 1342 619 1364 et
632 1337 723 1364 venire
737 1338 769 1364 ad
787 1347 825 1370 se,

59 1379 80 1406 id
95 1384 141 1412 est,
153 1388 282 1416 corporea
295 1387 323 1410 et
334 1383 450 1410 visibilia
466 1383 628 1419 relinquere,
645 1390 672 1411 et
690 1384 721 1410 ad
737 1385 827 1411 ineor-

59 1431 128 1459 porea
144 1431 168 1453 et
189 1426 337 1455 invisibilia
359 1436 391 1456 ac
414 1428 546 1463 spiritalia
573 1436 728 1464 properare.
753 1428 828 1462 Quo-

58 1470 118 1497 niam
135 1479 189 1507 qua
202 1473 332 1506 ridentur,
349 1474 503 1508 temporalia
515 1478 587 1506 sunt,
602 1483 660 1509 qua:
674 1479 761 1501 autent
778 1483 828 1502 non

57 1516 269 1550 ridentur,tctema
285 1525 344 1546 sunt
358 1520 390 1546 "1
402 1520 447 1548 Sic
460 1525 488 1548 et
500 1521 612 1555 spiritus
627 1520 672 1547 Dei
685 1520 828 1547 circumire

57 1561 152 1597 dicitur,
168 1568 195 1592 et
209 1573 334 1599 quaerere
352 1566 447 1601 dignas
461 1566 577 1597 animas,
591 1573 651 1600 quae
666 1570 727 1600 apte
743 1570 828 1593 recte-

59 1615 102 1642 que
123 1609 176 1636 ﬁeri
198 1611 307 1645 possint
321 1611 354 1638 ad
378 1611 562 1639 habitaculum
585 1611 732 1646 sapientiae.
752 1611 829 1644 Quod

59 1659 134 1682 autem
159 1664 205 1690 per
233 1657 304 1683 retia
331 1655 512 1684 fenestrarum
538 1657 692 1691 prospicere
719 1657 827 1690 dicitur,

59 1700 112 1727 illud
124 1702 178 1729 sine
193 1703 277 1730 dubio
296 1703 407 1736 indicat,
422 1703 493 1738 quod
509 1703 596 1730 donec
609 1703 635 1729 in
653 1703 734 1730 domo
749 1703 830 1738 hujus

58 1748 167 1781 corporis
189 1750 278 1783 posita
301 1749 336 1776 sit
354 1749 455 1782 anima,
483 1756 536 1776 non
564 1754 651 1784 potest
677 1749 778 1775 nudam
804 1754 831 1776 et

60 1797 163 1827 apertam
185 1793 230 1822 Dei
248 1795 412 1829 sapientiam
431 1803 542 1830 capere,
567 1795 613 1822 sed
635 1803 682 1829 per
706 1795 830 1829 exempla

59 1839 165 1870 quaedam
176 1844 202 1866 et
215 1840 317 1867 indicia
330 1844 410 1874 atque
424 1840 555 1874 imagines
567 1848 656 1866 rerum
671 1840 829 1867 visibilium.

58 1880 96 1909 illa
110 1892 164 1917 qua:
183 1890 246 1912 sunt
268 1885 416 1912 invisibilia
437 1890 464 1912 et
489 1886 647 1920 incorporea
665 1886 830 1920 contempla-

59 1932 150 1962 tur;et
171 1931 222 1958 hoc
245 1935 290 1958 est
314 1931 468 1966 prospicere
490 1932 523 1958 ad
542 1939 602 1959 eam
629 1939 759 1966 sponsum
785 1940 831 1966 per

60 1975 115 2003 retia
126 1976 317 2004 fenestrarum.

90 2020 116 2048 Si
135 2030 195 2049 vero
209 2023 241 2050 de
255 2023 368 2050 Christo
385 2023 443 2050 hmc
464 2027 490 2049 et
512 2023 631 2050 Ecclesia
646 2031 829 2058 exponamus,

61 2065 146 2094 domus
168 2068 193 2094 in
220 2076 274 2102 qua
295 2067 432 2094 habitabat
451 2067 581 2100 Ecclesia,
606 2068 753 2103 Scriptura:
768 2073 832 2095 sunt

62 2112 118 2146 legis
130 2118 153 2140 et
169 2114 374 2148 prophetarum.
392 2113 428 2140 lbi
445 2115 515 2141 enim
540 2119 567 2141 et
585 2114 740 2141 cubiculum
760 2115 832 2150 regis

61 2163 95 2184 est
106 2159 225 2186 omnibus
238 2159 344 2186 divitiis
359 2159 478 2185 scientiae
490 2167 521 2186 ac
533 2159 672 2193 sapientia:
687 2160 829 2194 repletum.

62 2204 227 2232 lbirtdnmus
244 2205 311 2236 vini,
331 2205 453 2232 doctrina
475 2206 578 2232 scilicet
592 2206 633 2232 vel
654 2206 776 2240 mystica,
790 2206 831 2233 vel
848 2197 869 2224 Ῐ)

62 2250 168 2281 moralis,
184 2259 243 2285 qum
256 2250 376 2278 laetiﬁcat
398 2259 443 2278 cur
459 2251 587 2278 hominis.
604 2251 755 2280 Adveniens
768 2259 832 2286 ergo

99 2333 117 2346 "
133 2332 185 2359 .ler.
204 2341 242 2366 ix,
257 2333 306 2359 ‘Zl.
342 2333 364 2347 ’⁵
381 2331 475 2358 Matth.
494 2339 520 2364 ν,
532 2332 577 2358 ‘28.

94 2379 143 2407 (Η)
163 2379 260 2414 Surge,
286 2379 359 2410 veni,
385 2384 436 2405 etc.
459 2379 608 2413 Procopius
634 2387 667 2406 ex
692 2380 807 2414 Origene
828 2388 833 2405 :

70 2413 178 2442 Ἀνάστα,
193 2415 286 2449 φησὶν,
304 2414 358 2449 agre
372 2414 424 2440 τῶν
448 2414 582 2449 αἰσθητῶν
603 2414 670 2449 πρὸς
687 2414 721 2440 τὰ
743 2413 834 2448 ἒιοητὰ,

65 2448 185 2488 ἴίβαργνῇς
196 2447 252 2488 μέν.
265 2449 307 2488 δι’.
321 2447 359 2488 diu
377 2449 445 2488 atina:
468 2447 587 2488 θεῳρεῖς.
609 2447 635 2475 '0
656 2449 709 2483 γὰρ
728 2447 836 2484 χειμὼν

65 2482 226 2519 (MiMller-0'
238 2484 328 2516 ὑετὸς
344 2482 488 2517 ἀπῆλθεν.
508 2482 639 2519 Εἴποιμεν
652 2482 778 2510 ἂνῦετὸιί
789 2493 835 2518 γε-

65 2517 168 2557 γονέπίαι,
185 2519 234 2557 ’τὸν
254 2519 309 2557 πρὸ
331 2519 554 2557 τῆςῇὲπιδῃμὶας-
571 2517 676 2557 κὸιιρὸν2
702 2518 753 2557 ’τοῦΔ
768 2517 835 2545 Gem":

66 2553 239 2585 ἐντειλαμένου
251 2553 310 2584 τάῖς
325 2553 449 2588 νεφέλαις
465 2553 521 2579 ὕειν
532 2554 577 2579 τὸν
588 2554 697 2588 νομικὸν
712 2554 759 2580 καὶ
772 2563 837 2588 προ-

67 2589 165 2624 qur.sz
176 2590 264 2624 Λόγονς
279 2588 435 2624 πεπαῦσθαι
447 2588 476 2624 δὲ
490 2588 593 2619 τοῦτον,
608 2589 700 2624 ἐπειδὴ
717 2591 732 2615 o'
747 2590 837 2623 νόμος

66 2623 314 2660 ῖαὶλοζπρορῇται
333 2623 386 2660 ἕως
409 2622 562 2660 Ἰωάννουῇ
586 2623 635 2660 Eat?
653 2623 681 2649 δὲ
695 2622 743 2660 acati.
759 2622 836 2660 Οέρης

95 2657 126 2684 τὰ
199 2658 358 2694 ἐπιδημίαν,
373 2658 530 2694 ᾧτενμηκέτι
548 2657 630 2684 ὑετῶὺ
646 2658 734 2693 χρεία.
747 2657 837 2685 ὃτέτὰ

71 2684 103 2733 icit
115 2684 226 2734 ξίριὲτρν
331 2684 407 2733 {Eripite
421 2686 450 2734 ei;
515 2694 559 2728 γῇ.
579 2693 634 2734 Kal}
647 2684 703 2719 ἶπὺ
717 2684 766 2728 si};
779 2695 838 2733 sm:

67 2727 151 2762 ἱημίις
176 2728 259 2754 αὑτοῦ
282 2727 389 2762 ἡσυχῆ
403 2727 439 2753 ⁷οὺ
465 2730 592 2754 κόπτεται
616 2729 737 2762 impne;
752 2729 779 2754 ‘sv
799 2728 838 2762 τῷ

69 2765 177 2797 πητέρῳ
190 2763 323 2797 γενομένη
337 2762 432 2797 καιρῷ·
449 2764 507 2789 νυνὶ
526 2763 578 2798 γὰρ
593 2763 718 2794 ὀλύνθους
729 2764 838 2798 ἤνεγκε,

70 2798 109 2835 xii.
123 2799 299 2835 κυπρξζουςυί
310 2798 480 2835 ait-5.3351")?
497 2798 536 2835 Str;
557 2797 682 2835 φησξνιέέν
699 2797 751 2823 τῶν
773 2798 838 2832 κλη-

71 2832 157 2864 μᾶιτωνο
174 2833 300 2866 Χριστοῦ
317 2832 423 2859 εὐωδία
445 2833 536 2867 ἐιθμὲν
551 2833 588 2865 τίξ·
605 2832 673 2864 Θεῷ.
691 2833 781 2868 Surge,
801 2834 839 2858 in-

617 2333 638 2347 ³⁰
656 2331 675 2358 ll
690 2332 752 2359 Cor.
769 2340 806 2364 IV,
822 2332 863 2359 18.

875 241 1012 270 stamenti.
1032 240 1112 267 Stetit
1124 239 1196 266 enim
1217 243 1279 273 post
1294 238 1435 273 parietem,
1451 244 1512 264 cum
1529 244 1582 263 non
1598 244 1657 263 ma-

875 287 1049 315 nifestaretur
1066 285 1099 312 ad
1118 285 1247 320 populum
1262 292 1268 310 :
1289 283 1334 310 ubi
1358 290 1423 309 vero
1440 281 1526 309 adfuit
1540 285 1657 315 tempus,

874 337 901 360 et
912 333 993 367 erepit
1006 340 1053 366 per
1065 331 1198 358 fenestras
1211 329 1277 364 legis
1298 336 1330 356 ac
1341 329 1546 363 prophetarum,
1563 334 1612 361 per
1626 334 1657 353 ea

874 378 977 406 scilicet
991 385 1051 412 qua:
1070 377 1104 404 de
1125 384 1158 403 eo
1178 376 1322 410 praadicata
1340 374 1456 406 fuerant,
1476 380 1614 408 apparere,
1633 376 1661 399 et

875 423 1018 450 ostendere
1041 430 1070 449 se
1094 421 1222 448 Ecclesia:
1237 421 1307 448 intra
1323 421 1445 451 domum,
1464 420 1515 446 hoc
1532 422 1574 445 est
1590 418 1660 444 intra

874 469 991 496 litteram
1006 467 1071 502 legis
1093 467 1209 499 sedenti,
1225 470 1354 501 provocat
1373 473 1432 493 eam
1458 465 1519 492 inde
1534 464 1618 496 exire,
1633 467 1661 490 et

876 514 966 541 venire
981 513 1055 541 foras
1075 513 1108 540 ad
1131 520 1169 540 se.
1186 512 1243 540 Nisi
1259 513 1331 540 enim
1349 515 1437 543 exeat,
1453 510 1504 537 nisi
1521 510 1660 545 procedat,

875 565 901 587 et
924 560 1115 594 progrediatur
1137 567 1151 586 a
1174 559 1263 586 littera
1287 558 1320 585 ad
1343 557 1478 592 spiritum,
1497 563 1550 582 non
1572 559 1661 589 potest

875 614 976 640 sponso
989 613 1039 632 suo
1056 605 1194 640 conjungi,
1215 611 1302 638 neque
1320 603 1428 629 Christo
1451 600 1559 628 sociari.
1577 599 1662 626 Vocat.

875 659 939 685 ergo
960 659 1031 683 eam,
1055 655 1081 677 et
1107 650 1201 676 invitat
1219 657 1236 676 a
1257 648 1412 675 carnalibus
1435 647 1467 673 ad
1491 645 1631 680 spiritalia,
1646 652 1661 671 a

877 696 1027 723 \isibilibus
1040 696 1072 722 ad
1086 695 1242 725 invisibilia,
1258 702 1272 720 a
1286 694 1342 728 lege
1357 693 1447 720 venire
1458 692 1490 719 ad
1505 691 1661 726 Evangelia.

876 741 909 768 Et
932 741 992 768 ideo
1013 741 1079 768 dicit
1097 741 1120 767 ci
1139 750 1144 767 :
1162 739 1255 775 Surge,
1271 739 1327 765 veni
1349 738 1422 773 (79.),
1447 737 1566 771 proxima
1592 744 1664 768 mea,

877 787 992 822 formosa
1006 795 1073 818 mea,
1089 785 1210 813 columba
1225 793 1292 812 mea.
1317 784 1350 811 Et
1366 789 1396 811 ut
1418 783 1507 818 aliqua
1532 783 1612 810 etiam
1628 782 1662 809 de

878 833 920 860 his
943 840 1003 867 quae
1026 832 1200 867 pestmodum
1227 830 1341 858 dicenda
1368 833 1432 857 sunt
1453 829 1661 863 praeveniamus,

877 878 1003 906 timentes
1020 886 1132 906 sensum
1148 876 1260 912 perdere
1273 876 1319 910 qui
1337 875 1456 903 occurrit
1474 875 1501 902 in
1518 875 1569 902 hoc
1582 875 1641 901 loco
1655 883 1660 900 :

876 929 1018 960 propterea
1034 923 1160 951 fortassis
1175 928 1202 951 et
1217 923 1282 950 illud
1294 922 1359 949 dicit
1373 921 1406 949 ad
1419 928 1489 954 eam,
1505 920 1568 956 quia
1580 920 1662 947 etiam

878 971 964 998 hiems
979 971 1097 1003 transiit,
1113 970 1204 1006 pluvia
1223 969 1290 996 abiit
1312 968 1393 996 simul
1417 973 1443 994 et
1459 967 1593 1002 passionis
1608 973 1664 993 sua:

878 1020 984 1051 tempus
998 1016 1131 1048 indicans,
1145 1015 1218 1050 quod
1236 1018 1374 1041 transacta
1394 1013 1492 1045 hieme,
1510 1016 1537 1039 et
1552 1011 1664 1046 dejectis

878 1061 1011 1088 imbribus
1037 1061 1094 1095 ipse
1120 1067 1219 1095 passus
1233 1063 1296 1086 cst:
1321 1057 1402 1085 simul
1425 1062 1451 1084 et
1474 1056 1539 1083 illud
1556 1062 1666 1090 quoque

877 1115 924 1142 per
942 1101 1088 1142 spiritalem
1103 1107 1248 1140 designans
1259 1103 1474 1139 intelligentiam,
1490 1103 1561 1138 quod
1578 1109 1665 1136 usque

878 1155 911 1181 ad
929 1154 992 1181 illud
1017 1159 1122 1188 tempus
1145 1160 1199 1187 quo
1225 1151 1351 1178 Christus
1375 1157 1472 1185 passus
1496 1154 1546 1181 est,
1562 1148 1663 1174 imbres

878 1199 988 1226 fuerunt
1012 1206 1094 1233 super
1118 1202 1228 1225 terram.
1256 1196 1401 1224 Mandabat
1421 1195 1493 1222 enim
1508 1194 1598 1221 adhuc
1613 1192 1666 1220 Do-

879 1246 970 1273 minus
993 1245 1144 1275 imbribus,
1173 1243 1276 1271 scilicet
1302 1242 1460 1277 prophetis,
1487 1245 1516 1267 ut
1543 1240 1666 1274 pluerent

878 1291 952 1319 verbi
975 1290 1093 1325 pluviam
1116 1297 1197 1324 super
1218 1293 1328 1316 terram.
1357 1287 1407 1315 Sed
1433 1287 1496 1322 quia
1522 1294 1608 1321 usque
1632 1286 1665 1312 ad

880 1337 1012 1364 Joannem
1041 1335 1188 1371 liaptistam
1216 1335 1373 1370 prophetica
1401 1334 1533 1361 liniuntur
1562 1332 1665 1364 cilicia,

880 1383 976 1410 merito
992 1382 1093 1409 imbres
1110 1381 1210 1408 abiisse
1228 1384 1254 1407 et
1268 1379 1428 1407 discessisse
1448 1379 1584 1405 dicuntur.
1603 1377 1667 1404 Ces-

880 1433 976 1455 sarunt
998 1433 1087 1454 autem
1112 1426 1262 1461 prophetici
1287 1425 1387 1452 imbres
1411 1432 1465 1451 non
1487 1424 1520 1451 ad
1537 1423 1666 1450 damnum

880 1474 1062 1504 credentium,
1089 1472 1134 1499 sed
1159 1472 1191 1499 ad
1217 1471 1321 1506 majora
1343 1470 1470 1498 Ecclesiae
1495 1470 1580 1496 lucra.
1596 1468 1666 1501 Quid

880 1520 952 1548 enim
970 1518 1103 1546 imbribus
1124 1525 1196 1552 opus
1218 1521 1270 1550 est,
1294 1516 1338 1544 ubi
1361 1515 1460 1542 ﬂumen
1483 1514 1530 1542 Dei
1550 1514 1685 1541 lzntilicat‘

881 1566 1035 1594 civitatem?
1050 1565 1095 1592 ubi
1114 1565 1140 1592 in
1155 1564 1236 1592 corde
1261 1562 1477 1597 uniuscujusque
1498 1561 1666 1588 credentium

881 1613 943 1640 fons
969 1620 1047 1647 aqua:
1070 1611 1136 1638 vivae
1162 1611 1190 1638 fit
1220 1610 1343 1638 salientis
1363 1609 1389 1635 in
1412 1608 1495 1635 vitam
1521 1607 1686 1635 aeternam?

881 1658 951 1691 Quid
967 1665 1035 1692 opus
1048 1657 1191 1688 imbribus,
1209 1655 1255 1682 ubi
1270 1655 1324 1689 jam
1340 1653 1420 1681 flores
1441 1656 1623 1687 apparuerunt
1640 1651 1668 1677 in

881 1709 951 1731 terra
967 1708 1071 1734 nostra,
1087 1708 1113 1729 et
1135 1710 1167 1729 ex
1188 1702 1306 1728 adventu
1327 1699 1434 1727 Domini
1447 1699 1503 1733 jam
1526 1705 1580 1724 non
1593 1696 1668 1723 exci-

881 1750 954 1777 ditur
973 1749 1105 1780 ficulnea,
1121 1755 1181 1782 qum
1203 1746 1277 1781 prius
1303 1753 1358 1772 non
1385 1744 1512 1772 attulerat
1533 1742 1672 1770 fructum?

882 1795 958 1822 Nunc
976 1794 1048 1822 enim
1071 1793 1128 1828 jam
1153 1792 1280 1828 produxit
1296 1799 1406 1826 grossos
1427 1798 1502 1818 suos.
1521 1789 1573 1817 Sed
1587 1795 1613 1816 et
1628 1789 1668 1816 vi-

882 1850 939 1868 nea:
954 1840 1087 1868 dederunt
1106 1840 1217 1866 odorem
1233 1846 1323 1866 suum.
1337 1837 1413 1865 Unde
1427 1841 1454 1864 et
1468 1844 1539 1864 unus
1556 1836 1666 1871 quidam

882 1896 914 1915 ex
929 1888 979 1915 ista
995 1887 1073 1913 vinea
1095 1886 1199 1912 (licebat
1214 1894 1220 1910 :
1236 1885 1305 1917 Quia
1322 1884 1421 1911 Christi
1437 1884 1519 1910 bonus
1543 1882 1607 1909 odor
1623 1890 1668 1908 su-

882 1941 939 1959 mus
959 1932 1010 1958 Deo
1026 1932 1135 1958 inomni
1150 1930 1205 1956 loco
1218 1930 1244 1956 in
1260 1930 1299 1955 Itis
1317 1929 1361 1963 qui
1380 1928 1446 1955 salvi
1460 1929 1537 1963 ﬁunt,
1549 1932 1573 1954 et
1588 1928 1615 1953 in
1627 1928 1667 1953 Itis

882 1979 927 2013 qui
941 1982 1048 2013 pereunt
1063 1977 1095 2003 ³¹.
1111 1975 1162 2003 Sed
1178 1976 1245 2007 bmc,
1261 1975 1330 2002 sicut
1350 1981 1432 2008 supra
1454 1973 1666 2007 designavimus,

883 2029 1027 2058 antequam
1050 2022 1082 2049 ad
1100 2022 1156 2056 ipsa
1179 2021 1326 2054 Scriptum
1346 2020 1405 2046 loca
1424 2019 1515 2045 venire
1536 2025 1667 2053 praesum-

883 2069 997 2103 psimus,
1017 2076 1049 2094 ne
1066 2067 1134 2094 forte
1148 2066 1252 2101 fugeret
1269 2072 1318 2092 nos
1339 2071 1436 2092 sensus
1451 2064 1498 2098 qui
1515 2063 1668 2090 occurrisse

883 2115 1024 2142 videbatur
1051 2113 1077 2140 in
1099 2117 1218 2147 tempore
1238 2121 1245 2138 :
1262 2118 1336 2138 nunc
1360 2115 1513 2144 repetamus
1531 2109 1668 2144 quomodo

885 2169 931 2195 per
947 2160 1013 2186 retia
1028 2158 1182 2194 prospicere
1195 2157 1310 2184 dicatur.

920 2205 1055 2240 Scriptum
1071 2209 1113 2231 est
1131 2213 1137 2230 :
1157 2202 1217 2230 Non
1240 2203 1309 2229 enim
1333 2202 1420 2236 iniqua
1444 2201 1586 2227 tenduntur
1603 2200 1670 2226 retia

885 2250 976 2277 avibus
998 2250 1030 2276 ³⁸.
1054 2249 1088 2276 Et
1110 2249 1208 2276 iterum
1224 2255 1230 2273 :
1246 2247 1340 2275 Justus
1357 2247 1380 2273 si
1399 2247 1549 2274 incurrerit.
1561 2247 1586 2273 in
1607 2254 1684 2280 pec-7

901 2333 922 2347 ³ι
942 2331 961 2358 ll
976 2331 1038 2358 Cor.
1060 2339 1091 2364 lt,
1111 2330 1153 2357 15.
1194 2330 1215 2345 ³¹
1229 2329 1308 2356 Prov.
1323 2337 1342 2360 ι,
1361 2328 1404 2355 17.

889 2380 954 2414 quit,
972 2379 1004 2405 ab
1021 2380 1053 2405 iis
1077 2386 1134 2413 qum
1158 2378 1204 2404 sub
1227 2385 1332 2414 sensum
1347 2376 1454 2414 radunt,
1478 2375 1669 2414 adspiritalia,

889 2409 917 2440 ut
938 2414 1069 2448 intelligas
1083 2409 1138 2447 ’μεν
1161 2421 1219 2447 quw
1237 2412 1296 2448 [δαῖε
1323 2412 1443 2437 intueris.
1462 2420 1471 2435 ‹
1491 2409 1580 2448 {lienis
1601 2410 1670 2448 enim

890 2449 1006 2481 transiit,
1019 2445 1187 2475 imber-abiit.
1205 2457 1214 2473 ι
1230 2447 1320 2473 Dicere
1332 2454 1469 2481 possumus
1480 2445 1595 2479 pluviam
1607 2445 1670 2479 fuis-

889 2492 926 2515 se,
943 2489 1041 2517 tempus
1061 2483 1130 2518 quod
1150 2482 1224 2509 Verbi
1241 2483 1269 2508 in
1290 2489 1393 2518 carnem
1409 2480 1547 2518 adventura
1559 2487 1670 2518 praeces-

889 2513 933 2549 sit,
952 2513 1092 2545 mandante
1112 2517 1166 2544 Deo
1183 2517 1303 2549 nubibus,
1319 2521 1347 2542 ut
1370 2515 1479 2549 legalem
1496 2520 1518 2540 et
1536 2513 1668 2547 prop/teti-

888 2548 946 2580 cunt
959 2561 1102 2580 sermonem
1117 2552 1250 2587 pluereut;
1265 2548 1455 2587 cessasscprero
1471 2549 1537 2575 ltum:
1551 2548 1668 2578 imbrem,

888 2589 950 2623 quia
966 2598 974 2613 ι
990 2588 1030 2614 [Udi
1043 2593 1067 2614 et
1081 2583 1210 2623 prop/reue
1228 2594 1307 2623 usque
1322 2585 1361 2623 ad
1376 2583 1519 2623 Joannem;
1538 2593 1546 2608 ι
1562 2590 1603 2608 uer
1619 2590 1669 2623 au-

889 2617 939 2649 ίι-ηι
963 2631 993 2649 ac
1016 2617 1133 2650 mstalenf
1156 2622 1186 2648 ab
1208 2617 1272 2656 ejus'
1286 2621 1403 2653 deinceps
1427 2619 1548 2656 adventu,
1565 2617 1670 2651 quando

889 2667 939 2684 non
965 2659 1078 2692 amplius
1101 2653 1229 2683 imbribus
1255 2663 1318 2690 opus
1343 2660 1391 2686 est,
1408 2662 1466 2680 cum
1483 2653 1542 2692 jura
1566 2657 1672 2692 propter

890 2686 1023 2719 Christum
1046 2693 1123 2726 ﬂores
1145 2693 1172 2718 in
1198 2686 1532 2726 terra.apparueruntflit
1557 2686 1589 2713 ab
1613 2686 1671 2721 ejus

888 2729 999 2755 adventu
1014 2723 1124 2762 [iritlneu
1139 2735 1189 2753 non
1203 2725 1358 2762 succiditur,
1380 2733 1446 2762 quat-
1457 2723 1527 2749 onmi
1543 2726 1611 2762 retro
1626 2729 1672 2749 su-

887 2763 982 2796 periori
998 2757 1110 2796 (culpare
1128 2761 1296 2795 infrurtifera
1309 2757 1405 2796 fuerat.
1423 2757 1499 2796 Nunc
1513 2758 1582 2784 enim
1596 2764 1670 2796 gros-

888 2791 929 2824 ξοδ
944 2791 1064 2831 protulil,
1082 2805 1111 2822 ac
1127 2791 1190 2822 viles
1206 2791 1313 2831 ﬂarent;
1324 2793 1427 2831 Idcirco
1441 2794 1478 2819 ait
1495 2801 1560 2820 unus
1577 2791 1671 2826 pulliti—

889 2828 966 2859 Iuni:
981 2842 989 2858 ε
1008 2832 1105 2859 Christi
1120 2831 1201 2857 bonus
1217 2830 1279 2857 odor
1292 2837 1380 2855 sumus
1399 2828 1461 2854 Deo.
1479 2837 1488 2853 ι
