1879 3046
192 127 285 164 185‘

731 136 894 165 ORIGENIS
912 136 946 165 ΙΝ
967 135 1145 165 ΟΑΝΤΙΟυΜ
1164 135 1301 165 CANTIC.

1781 139 1830 167 tst

194 197 298 227 catum,
310 192 430 229 eﬂ'ngere
440 193 562 228 iubetur,
580 194 651 221 sicut
664 198 690 221 et
702 193 811 221 damula
824 202 856 221 ex
869 193 986 229 laqueis,
1002 197 1024 225 Α
1040 194 1066 221 in
1083 194 1263 222 similitudine
1276 196 1368 222 carnis
1384 196 1499 229 peccati,
1513 195 1546 223 de
1558 200 1673 232 peccato
1689 195 1831 224 damnaret

194 245 222 267 ct
246 239 305 267 avis
325 247 358 266 ex
375 239 488 267 retibus.
502 239 586 267 Plena
605 244 647 266 est
667 247 732 274 ergo
753 239 805 267 vita
828 239 985 267 mortalium

194 287 301 321 laqueis
325 285 528 319 offensionum,
551 286 654 314 retibus
677 286 756 322 plena
783 286 984 322 deceptionum,

194 340 266 369 quas
288 334 374 361 tendit
399 334 543 361 adversum
568 341 653 368 genus
679 333 830 360 humanum
857 333 912 365 ille,
938 332 986 368 qui

194 382 289 406 contra
307 378 454 406 Dominum
472 379 549 414 gigas
564 383 676 404 venator
689 375 805 404 Nemrod
822 377 984 412 appellatur.

198 423 285 453 Verus
301 425 402 452 etenim
426 425 501 460 gigas
525 424 587 458 quis
613 423 683 450 alius
703 428 745 451 est
771 424 822 450 nisi
847 423 985 458 diabolus,

193 472 240 506 qui
264 469 346 498 etiam
374 470 505 498 adversus
535 468 619 496 Deum
643 469 773 496 rebellat?
798 469 898 504 Laquei
922 476 986 504 ergo

192 517 385 550 tentationum,
402 522 429 544 et
450 516 581 551 decipula:
606 516 780 549 insidiarum,
797 515 899 542 diaboli
916 516 984 542 retia

194 564 374 600 appellantur.
388 563 421 590 Et
433 563 562 598 qttoniam
581 564 638 590 haec
655 562 723 590 retia
739 563 840 597 ubique
862 562 985 591 tetende-

192 617 234 639 rat
249 611 387 643 inimicus,
405 614 485 644 atque
500 609 526 636 in
543 609 610 644 ipsis
623 616 691 643 pene
709 616 805 636 omnes
824 608 984 642 involverat,

192 657 337 694 oportebat
362 663 424 685 esse
449 656 567 691 aliquem
593 657 640 691 qui
659 656 756 683 fortior
772 661 798 683 et
823 654 987 683 eminentior

192 705 266 731 lieret
280 704 335 737 his,
348 707 375 730 et
396 707 551 730 contereret
563 710 605 733 ea,
624 706 655 729 ut
671 701 848 736 sequentibus
870 708 899 728 se.
914 700 985 727 viam

189 753 283 784 posset
300 748 418 784 aperire.
434 747 540 775 Idcirco
555 754 621 782 ergo
633 751 661 775 et
674 747 799 774 Salvator
813 747 889 781 prius
903 752 986 781 quam

181 795 218 822 'in
241 794 401 830 conjugium
424 798 451 821 et
468 793 626 820 societatem
650 793 754 820 veniret
769 791 909 824 Ecclesiae,
927 797 986 819 ten—

187 846 268 870 tatur
288 849 304 868 a
329 841 449 872 diabolo.
470 845 499 869 ut
520 840 634 867 vincens
657 840 724 867 retia
742 839 920 867 tentationum
939 846 988 874 per

188 889 252 922 ipsa
278 887 466 922 prospiceret,
483 891 510 914 ct
532 893 581 921 per
596 886 654 921 ipsa
680 890 790 913 vocaret
814 893 874 912 eam
895 885 928 912 ad
945 893 985 918 se,

194 934 296 962 docens
323 933 383 961 sine
403 933 488 960 dubio
512 936 539 960 et
565 933 711 960 ostendens
734 933 757 960 ei
772 931 844 967 quod
864 940 917 959 non
939 939 988 967 per

191 980 280 1008 otium
306 985 334 1008 et
353 979 483 1012 delicias,
502 978 548 1007 sed
573 986 621 1013 per
634 978 735 1006 multas
753 978 943 1006 tribulationcs
960 982 988 1005 et

192 1026 360 1054 trntationes
385 1025 548 1053 veniendum
585 1024 637 1051 sibi
672 1029 745 1052 esset
771 1024 804 1050 ad
834 1023 985 1050 Christum.

192 1071 290 1101 Nullus
306 1079 371 1107 ergo
385 1070 454 1098 alius
479 1069 540 1103 fuit,
559 1070 606 1105 qui
628 1069 694 1096 retia
724 1070 774 1096 ista
791 1076 922 1104 superare
937 1075 987 1103 pa-

193 1118 287 1146 tuerit.
306 1117 402 1146 Oumes
428 1117 496 1144 enim
518 1120 690 1151 peccaverunt
707 1116 739 1149 ³³,
759 1115 831 1142 sicut
853 1115 985 1149 scriptum

192 1169 244 1192 est.
259 1163 293 1191 Et
313 1171 422 1195 rursus,
438 1166 467 1190 ut
490 1162 631 1197 Scriptura
648 1161 739 1188 dicit:
760 1159 820 1187 Non
840 1165 878 1187 est
894 1161 985 1195 justus

192 1218 270 1245 super
284 1215 381 1237 terram
400 1209 444 1244 qui
460 1208 550 1244 fecerit
567 1210 673 1239 bonunt,
692 1213 716 1234 et
732 1215 782 1234 non
796 1207 941 1241 peccaverit
952 1206 984 1233 ³³.

192 1255 226 1285 Et
242 1256 339 1283 iterum
357 1264 363 1281 :
381 1254 464 1282 Nemo
480 1255 592 1282 mundus
610 1263 626 1281 a
639 1253 726 1285 sorde,
745 1261 790 1280 uec
803 1253 826 1280 si
839 1253 916 1279 unius
932 1252 987 1279 die!

192 1302 274 1337 fuerit
297 1302 351 1328 rita
371 1301 428 1335 ejus
445 1301 477 1327 ⁸³.
493 1300 574 1327 Solus
590 1307 655 1335 ergo
674 1304 716 1327 cst
735 1299 868 1326 Dominus
883 1305 909 1326 et
923 1297 984 1326 Sal-

193 1352 273 1375 vator
289 1347 344 1383 87
361 1349 455 1373 uoster
472 1345 553 1373 .lesus
567 1345 695 1372 Christus
708 1344 755 1379 qui
771 1349 912 1379 peccatum
930 1353 984 1372 non

193 1392 269 1425 fecit,
284 1392 330 1419 scd
355 1394 496 1426 peccatum
523 1399 586 1418 eum
613 1390 692 1418 Pater
707 1390 771 1418 fecit
784 1398 834 1425 pro
850 1390 938 1422 nobis,
956 1395 985 1417 ut

1002 872 1024 898 B

1037 246 1190 275 peccatum.
1206 240 1284 268 Venit
1300 248 1366 276 ergo
1390 242 1423 269 ad
1447 242 1498 269 ista
1517 243 1602 276 retia,
1619 243 1666 270 sed
1684 242 1783 270 involvi
1804 244 1831 271 in

1037 287 1077 314 eis
1094 287 1170 314 solus
1190 287 1249 322 ipse
1264 294 1318 314 non
1343 288 1432 322 potuit
1455 297 1461 313 :
1480 288 1605 323 quinimo
1620 287 1739 323 diruptis
1752 290 1792 316 eis
1805 295 1833 316 et

1037 333 1162 360 contritis
1186 333 1233 360 dat
1254 332 1383 361 Ecclesia:
1401 341 1457 361 sua:
1470 333 1598 361 ﬁduciam
1617 339 1647 361 ut
1662 335 1761 362 audeat
1773 335 1832 369 jam

1038 386 1147 406 cassare
1160 379 1286 414 laqueos,
1300 384 1326 406 et
1344 379 1462 407 transire
1476 388 1523 415 per
1541 381 1619 414 retia,
1633 385 1661 408 et
1680 389 1742 408 cum
1756 381 1831 408 omni

1038 425 1181 453 alacritate
1196 425 1288 453 dicere
1303 433 1310 451 :
1327 426 1425 452 Anima
1440 431 1531 453 nostra
1545 427 1613 454 sicut
1630 435 1723 462 passer
1742 435 1832 463 erepta

1037 475 1076 498 est
1090 473 1121 513 de
1133 471 1225 506 laqueo
1241 472 1407 503 venantium;
1419 471 1528 507 laqueus
1542 473 1672 500 contritus
1682 479 1733 504 est.
1747 478 1772 500 et
1786 482 1832 501 nos

1037 516 1144 544 liberati
1155 526 1246 544 sumus
1261 517 1294 545 “.
1307 517 1375 550 Quis
1389 522 1481 545 autem
1493 519 1623 546 contrivit
1640 519 1765 554 laqueos,
1778 520 1832 547 nisi

1038 563 1083 591 ille
1100 564 1146 599 qui
1159 564 1239 591 solus
1255 564 1281 591 in
1297 564 1337 591 eis
1352 564 1435 591 teneri
1458 572 1511 591 non
1536 565 1642 600 potuit?
1657 565 1790 599 Quamvis
1806 571 1833 593 et

1038 609 1095 644 ipse
1111 610 1137 637 in
1154 615 1241 638 morte
1267 609 1350 638 fuerit
1368 609 1531 644 voluntarie,
1548 617 1574 639 et
1595 619 1649 639 non
1670 617 1701 640 ut
1714 620 1765 640 nos
1783 621 1832 639 ne-

1038 657 1165 685 cessitate
1193 657 1308 692 peccati.
1334 657 1415 685 Solus
1440 663 1482 686 est
1503 658 1576 685 enim
1605 659 1651 693 qui
1682 658 1734 686 luit
1762 660 1832 687 inter

1037 708 1162 731 mortuos
1175 703 1254 730 liber.
1271 703 1304 731 Et
1321 704 1384 739 quia
1401 704 1469 732 liber
1484 705 1554 732 inter
1568 711 1692 732 mortuos
1711 705 1773 738 fuit,
1791 706 1832 733 id-

1038 749 1112 776 circo
1127 749 1235 777 devicto
1251 757 1284 777 eo
1306 750 1354 785 qui
1371 750 1467 778 habuit
1481 751 1578 778 mortis
1593 751 1753 786 imperium,
1769 752 1832 779 abs~

1038 796 1121 823 traxit
1144 796 1328 831 captivitatem
1356 805 1418 832 qua:
1445 798 1588 825 tenebatur
1610 799 1637 825 in
1663 803 1780 826 mortem
1800 799 1831 825 ³⁷.

1038 841 1072 869 Et
1093 849 1148 869 non
1168 842 1257 869 solum
1275 844 1452 879 semetipsum
1474 845 1650 872 resuscitavit
1671 853 1687 872 a
1704 847 1831 878 mortuis,

1039 887 1085 914 sed
1101 891 1126 915 et
1142 895 1190 915 eos
1201 888 1248 922 qui
1266 889 1426 917 tenebantur
1442 890 1469 917 in
1483 896 1579 922 morte,
1595 891 1677 918 simul
1693 892 1832 924 excitavit,

1039 933 1176 968 simulque
1207 934 1301 962 sedere
1331 936 1358 963 in
1382 935 1540 964 caelestibus
1573 936 1646 964 fecit.
1673 937 1832 965 Ascendens

1039 979 1112 1006 enim
1136 979 1164 1006 itt
1184 980 1269 1007 altum
1293 982 1427 1016 captivam
1453 982 1531 1009 duxit
1556 983 1759 1017 captivitatem,
1779 991 1832 1011 non

1040 1024 1129 1052 solum
1144 1025 1251 1053 animas
1272 1024 1403 1060 educens,
1421 1026 1467 1054 sed
1489 1031 1517 1054 et
1543 1035 1662 1062 corpora
1678 1035 1775 1054 eorum
1792 1036 1833 1055 rc-

1040 1069 1189 1104 suscitans,
1216 1069 1288 1098 sicut
1310 1076 1425 1100 testatur
1444 1072 1621 1108 Evangelium
1647 1074 1722 1108 quod
1746 1074 1832 1101 mul‘a

1040 1123 1157 1151 corpora
1184 1122 1343 1145 sanctorum
1369 1119 1531 1147 resuscitata
1556 1124 1631 1153 sunt,
1656 1125 1683 1147 et
1701 1128 1833 1154 apparue-

1040 1167 1104 1189 runt
1123 1162 1234 1196 multis,
1258 1168 1285 1192 et
1312 1164 1478 1192 introierunt
1503 1165 1530 1192 in
1550 1171 1674 1193 sanctam
1695 1166 1831 1193 civitatem

1041 1208 1086 1236 ltci
1105 1208 1222 1237 viventis
1239 1209 1411 1238 Hierusalem
1428 1211 1461 1238 ³⁸.
1477 1210 1539 1239 llaec
1555 1212 1635 1239 nobis
1651 1212 1787 1246 expositio
1800 1212 1830 1239 de

1041 1255 1145 1282 retibus
1161 1256 1282 1284 secundo
1299 1256 1326 1284 in
1341 1257 1401 1284 loco
1417 1262 1557 1292 assutnpta
1579 1262 1632 1285 est.
1650 1257 1693 1285 Sit
1714 1265 1781 1285 sane
1795 1258 1830 1284 le-

1040 1300 1128 1335 gentis
1140 1300 1286 1336 judicium,
1299 1310 1360 1337 qua:
1370 1310 1464 1330 earum
1482 1303 1605 1338 mysticis
1625 1304 1735 1339 dignius
1745 1303 1828 1338 aptari

1040 1348 1126 1381 possit
1139 1347 1267 1383 eloquiis.

219 1501 1808 1514 —————————_———————-———-————-——_

756 1581 933 1625 LIBEB
984 1582 1280 1630 QUARTUS.

235 1752 311 1781 Vers.
328 1752 374 1786 l0,
392 1753 420 1780 il
435 1774 443 1786 ,
462 1753 513 1785 i2,
530 1753 574 1780 i3.
591 1753 686 1788 Surge,
699 1754 767 1786 veni,
782 1755 906 1789 proxima
920 1762 987 1785 nua,
1004 1755 1024 1783 C
1043 1762 1093 1781 mst
1110 1754 1213 1781 videret
1228 1754 1372 1789 imaginem
1389 1755 1448 1789 ejus
1462 1754 1586 1781 renovari
1602 1755 1636 1782 de
1649 1754 1693 1782 dic
1705 1755 1731 1782 in
1739 1755 1827 1786 diem;

197 1801 315 1836 speciosa
342 1808 410 1832 mea,
436 1799 557 1827 columba
581 1808 650 1831 mea,
676 1801 802 1835 quoniam
826 1809 882 1828 ecce
909 1801 991 1828 hiems

199 1847 307 1875 transiit
321 1867 328 1880 ,
345 1847 436 1882 pluuia
448 1848 513 1874 abiit
530 1853 554 1874 et
578 1847 684 1875 recessit
699 1847 761 1879 sibi,
778 1847 857 1881 [lares
870 1847 919 1873 visi
930 1851 991 1874 sunt

198 1892 226 1921 in
241 1897 322 1926 terra,
337 1898 438 1928 tempus
455 1894 603 1928 putationis
614 1893 731 1926 advenit,
747 1900 796 1920 vox
813 1893 926 1920 turturis
941 1902 992 1919 au-

197 1941 255 1967 dita
269 1945 308 1967 est
321 1941 349 1967 in
364 1944 434 1967 terra
449 1945 551 1967 nostra.
569 1940 656 1967 Arbor
669 1941 716 1975 fici
728 1939 855 1973 produxit
873 1939 992 1974 germina

197 1992 257 2017 sua,
280 1985 344 2012 vites
364 1985 488 2020 ﬂorentes
511 1986 640 2012 dederunt
673 1986 782 2012 odorem
807 1994 894 2012 suum.
922 1985 992 2017 Quid

197 2030 336 2058 contineat
363 2030 431 2057 ordo
454 2031 588 2058 dramatis
609 2031 663 2066 jam
685 2039 768 2066 supra
785 2031 991 2066 descripsimus,

198 2081 272 2103 nunc
300 2083 367 2103 vero
389 2076 454 2111 quid
473 2077 512 2103 vel
532 2083 624 2104 sermo
642 2076 689 2103 Dei
713 2077 747 2104 ad
769 2077 889 2103 animam
908 2084 936 2104 se
952 2077 993 2103 di-

197 2129 278 2156 gnam
296 2121 404 2156 sibique
428 2125 532 2156 aptam,
549 2121 590 2149 vel
607 2121 672 2156 quid
693 2120 821 2150 Christus
845 2122 878 2148 ad
898 2121 992 2148 Eccle-

199 2169 269 2194 siam
284 2167 375 2195 dicere
394 2167 585 2202 intelligendus
604 2167 649 2199 sit,
674 2167 865 2196 advertamus.
882 2167 934 2194 Sed
951 2167 994 2194 in-

199 2213 279 2242 terim
298 2213 404 2248 primus
426 2221 518 2240 sermo
537 2212 585 2240 Dei
611 2212 740 2247 loquatur
751 2213 784 2240 ad
801 2213 871 2241 hanc
889 2215 994 2248 specio-

200 2264 259 2288 sam
268 2259 451 2293 decoramque
463 2260 595 2292 animam,
608 2257 651 2286 cui
665 2266 713 2294 per
724 2266 822 2286 sensus
837 2267 992 2294 cor-porcos,

199 2307 226 2334 id
251 2310 292 2333 est
307 2313 356 2340 per
373 2305 500 2332 intuitum
522 2305 657 2337 lectionis,
685 2309 711 2332 et
731 2312 782 2340 per
797 2305 921 2333 auditum
943 2307 993 2334 do-

200 2353 306 2384 ctrinae,
319 2351 397 2386 quasi
412 2358 459 2386 per
479 2350 615 2378 fenestras
629 2351 766 2386 apparuit.
789 2351 994 2382 proceritatem-

200 2406 255 2433 que
275 2405 333 2426 suae
351 2397 549 2432 magnitudinis
568 2396 778 2429 demonstravit,
797 2397 834 2424 ita
851 2402 880 2425 ut
899 2398 925 2425 in
947 2406 994 2425 su-

200 2445 355 2480 perioribus
378 2444 402 2472 ei
430 2445 589 2480 loqueretur
614 2443 795 2476 incumbens,
820 2447 903 2478 atque
930 2444 993 2471 inde

199 2498 320 2520 evocans
343 2498 416 2523 eam.
434 2494 464 2518 ut
484 2490 616 2526 procedat
635 2490 718 2521 foras,
742 2494 770 2516 et
793 2495 871 2517 extra
895 2497 994 2517 sensus

198 2539 255 2573 jam
268 2545 415 2573 eorporeos
429 2536 523 2565 etlecta
537 2536 645 2564 desinat
657 2544 719 2564 esse
733 2536 760 2563 in
775 2544 866 2569 carne,
883 2540 912 2563 ut
933 2544 993 2562 me-

200 2585 254 2612 rito
267 2584 363 2611 audiat
381 2593 388 2611 :
421 2582 471 2611 Vos
496 2588 584 2610 autem
603 2590 653 2610 non
667 2583 729 2610 estis
749 2583 778 2608 in
796 2590 885 2614 carne,
904 2581 950 2608 sed
966 2582 994 2608 in

201 2630 297 2664 spiritu
315 2630 347 2658 ³¹.
373 2628 432 2657 Νοη
461 2629 534 2656 enim
556 2629 646 2656 taliter
671 2628 775 2656 diceret
795 2635 855 2653 eam
876 2626 993 2654 Verbum

203 2675 251 2704 Dei
263 2677 417 2711 proximam
435 2676 505 2708 sibi,
526 2675 577 2703 nisi
589 2675 768 2710 coniungeret
781 2681 810 2700 se
823 2673 859 2705 ei,
875 2677 901 2700 et
920 2673 996 2701 [ient

204 2729 266 2749 cum
280 2730 313 2750 eo
327 2731 399 2750 unus
413 2723 537 2758 spiritus,
560 2730 610 2749 nec
626 2721 730 2749 diceret
753 2727 813 2747 eam
831 2719 994 2754 speciosam,

508 2796 530 2812 ³⁵
542 2795 615 2822 Eccl.
628 2802 676 2825 vn,
693 2793 739 2820 ‘21.
778 2792 800 2807 ³⁸
814 2791 874 2818 Job.
891 2798 935 2821 xv,
952 2790 993 2818 ii.

508 2831 580 2854 lium.
596 2838 653 2854 \‘lll.
674 2829 700 2854 9.
740 2828 762 2843 ⁸⁶
777 2827 848 2854 Psal.
865 2834 908 2854 ιν,
925 2826 950 2851 6.

241 2795 264 2811 ³³
275 2794 354 2823 Rom.
370 2797 469 2824 "1.23.

205 2837 290 2864 lxv",
313 2831 356 2863 52,
384 2831 426 2858 55.
465 2831 476 2846 ³
502 2831 580 2857 liotn.
596 2838 653 2862 \‘lll,
674 2829 700 2856 9.

1043 1805 1070 1827 et
1086 1800 1138 1827 nisi
1161 1800 1264 1827 videret
1278 1807 1336 1827 eam
1352 1808 1479 1835 capacem
1495 1798 1614 1834 Spiritus
1629 1801 1729 1833 sancti,
1745 1800 1789 1834 qui
1804 1799 1828 1826 in

1043 1846 1133 1881 specie
1145 1847 1280 1874 columbae
1296 1847 1436 1874 descendit
1451 1847 1477 1873 in
1495 1846 1615 1874 Jordanc
1631 1855 1716 1882 super
1728 1847 1827 1877 Jesum,

1043 1899 1098 1919 non
1122 1892 1147 1919 ei
1174 1892 1297 1919 diceret:
1316 1892 1443 1919 Columba
1470 1901 1538 1919 mea.
1571 1892 1742 1928 Conceperat
1762 1893 1828 1920 enim

1044 1945 1164 1964 amorem
1195 1935 1276 1964 Verbi
1296 1936 1353 1970 Dei,
1378 1943 1405 1964 et
1427 1938 1554 1972 cupiebat
1578 1938 1612 1965 ad
1634 1939 1724 1973 ipsum
1744 1938 1829 1965 volatu

1044 1983 1126 2010 celeri
1152 1983 1305 2018 pervenire,
1334 1983 1429 2010 dicens
1448 1993 1453 2010 :
1474 1983 1540 2015 Quis
1561 1984 1625 2010 mihi
1648 1983 1723 2010 dabit
1737 1990 1829 2018 peuuat

1043 2029 1112 2056 sicut
1136 2029 1274 2062 columbw,
1293 2034 1317 2056 et
1333 2029 1435 2061 volabo,
1457 2035 1482 2056 et
1500 2031 1661 2065 requiescant
1677 2031 1718 2057 ὀἳ
1734 2029 1831 2057 \‘olabo

1044 2075 1181 2107 sensibus,
1213 2075 1309 2102 volabo
1333 2075 1514 2103 iutelleetibus
1536 2076 1716 2110 spiritalibus,
1741 2081 1769 2103 et
1793 2083 1830 2103 rev

1044 2120 1183 2154 quiescam
1207 2128 1268 2147 cutn
1293 2121 1497 2155 apprehendero
1513 2122 1654 2157 sapientiae
1668 2127 1695 2149 ct
1716 2121 1831 2149 scientia:

1044 2166 1106 2201 ejus
1127 2166 1282 2193 thesauros.
1309 2166 1379 2194 Puto
1401 2167 1472 2194 enim
1489 2168 1552 2202 quia
1569 2168 1640 2195 sicut
1655 2168 1701 2202 qui
1720 2172 1828 2195 mortem

1044 2211 1146 2239 Christi
1163 2212 1308 2246 recipiunt,
1323 2217 1349 2239 et
1369 2212 1535 2239 mortiﬁcant
1551 2213 1673 2239 membra
1691 2221 1739 2240 stta
1754 2219 1830 2246 super

1046 2264 1158 2291 terram,
1188 2264 1328 2286 consortes
1349 2259 1504 2286 eilieiuntur
1527 2259 1718 2286 similitudinis
1740 2258 1829 2285 mortis

1045 2307 1122 2341 ejus;
1140 2306 1174 2333 ila
1188 2311 1215 2332 et
1228 2305 1253 2332 hi
1267 2306 1447 2340 quivirtulem
1462 2305 1580 2340 Spiritus
1591 2305 1679 2332 sancti
1693 2305 1829 2338 rccipiunt,

1046 2357 1072 2379 et
1089 2351 1297 2379 sanctiticautur
1321 2358 1354 2377 ex
1379 2358 1420 2383 co,
1448 2356 1474 2377 et
1499 2350 1579 2377 donis
1601 2351 1662 2385 ejus
1687 2350 1828 2385 replentur,

1046 2398 1110 2432 quia
1136 2397 1193 2431 ipse
1217 2397 1244 2423 in
1268 2397 1358 2430 specie
1379 2396 1512 2423 columba:
1529 2396 1666 2431 apparuit,
1683 2397 1765 2423 etiam
1785 2394 1829 2429 ipsi

1046 2444 1180 2471 columba:
1206 2443 1282 2475 tiaut,
1309 2447 1338 2469 ιιι
1365 2443 1398 2469 de
1421 2443 1535 2470 terrenis
1552 2447 1579 2470 et
1604 2443 1744 2477 cmporeis
1771 2441 1830 2468 locis

1046 2490 1153 2517 evolent
1176 2489 1208 2516 ad
1233 2488 1354 2516 cwlestia
1375 2489 1471 2523 pennis
1497 2489 1585 2515 sancti
1607 2487 1728 2523 Spiritus
1744 2487 1828 2516 suble-

1047 2537 1111 2563 vati.
1125 2536 1201 2569 Quod
1218 2535 1241 2562 si
1261 2539 1351 2562 autem
1367 2540 1474 2570 tempus
1488 2539 1674 2570 opportunum
1699 2543 1754 2570 quo
1781 2535 1830 2561 luet:

1048 2583 1105 2610 ﬁeri
1118 2582 1232 2617 possint,
1244 2587 1442 2616 consequenter
1457 2582 1571 2609 inseruit
1583 2590 1589 2608 :
1603 2581 1674 2613 Quia
1683 2581 1828 2610 ectcelticmS.

1055 2629 1151 2664 inquit,
1170 2628 1287 2661 transiit,
1304 2627 1393 2663 pluvio
1406 2628 1482 2655 abiit.
1500 2626 1559 2654 Non
1572 2627 1645 2655 enim
1669 2633 1733 2654 ante
1747 2627 1828 2654 anima

1049 2674 1139 2702 Verbo
1164 2673 1211 2700 Dei
1231 2673 1356 2708 jungitur
1378 2677 1405 2700 et
1429 2673 1565 2704 sociatur,
1584 2672 1638 2699 nisi
1652 2672 1743 2699 omnis
1757 2680 1787 2699 ex
1801 2676 1827 2697 ea

1049 2720 1136 2747 hiems
1146 2718 1380 2754 perturbationum
1404 2725 1436 2745 ac
1457 2718 1584 2745 vitiorum
1601 2718 1721 2752 procella
1734 2717 1827 2745 disces-

1043 2789 1153 2817 “Psal.
1182 2797 1274 2821 cxxtv,
1301 2787 1327 2815 7.
1384 2788 1406 2807 ³⁷
1423 2787 1521 2822 Ephcs.
1551 2795 1588 2820 Iv,
1620 2787 1646 2814 8.
1705 2785 1822 2814 "Matth.
