1879 3046
164 141 215 169 IS‘.’

162 203 252 236 potest
272 199 299 225 in
315 196 450 224 fructibus
468 195 555 223 sancti
569 194 686 229 Spiritus
702 193 798 226 accipi,
811 191 856 226 qui
875 197 946 217 nunc
963 192 983 219 Δ

163 246 281 280 primum
295 243 454 278 aperiuntur
465 246 491 268 et
505 241 729 268 demonstrantur
743 238 869 266 Ecclesia:
886 246 892 262 :
909 236 950 262 vel

162 293 246 318 ctiam
265 289 292 316 in
319 290 406 316 littera
434 287 501 321 legis
518 294 579 321 quae
598 290 660 312 ante
682 286 825 311 adventum
849 281 950 309 Christi

163 338 256 362 clausa
282 340 341 362 erat
357 339 383 360 et
405 333 563 363 constricta,
590 337 617 358 et
642 332 800 357 indumento
831 328 948 363 quodam

165 381 346 415 intelligantur:
369 378 486 406 carnalis
511 378 626 403 obtecta.
658 375 696 401 Ex
724 375 868 409 pnesentia
888 382 951 399 vero

163 427 224 460 t-jns
237 432 260 452 "t
284 427 399 452 advntu
426 424 559 459 prolatum
579 428 620 449 est
640 430 671 449 ex
696 430 726 448 ea
742 429 851 455 germen
870 420 951 453 spiri-

164 473 226 500 talis
241 473 434 506 intelligentia),
457 476 483 498 et
506 477 602 498 sensus
615 469 708 495 viridis
723 474 750 494 et
762 468 851 494 vitalis
860 467 906 501 qui
923 467 949 492 in

162 524 194 544 ea
211 519 353 552 tegebatur
369 517 493 551 apparuit
512 525 518 542 :
539 520 567 541 ut
590 514 710 540 Ecclesia
727 522 788 548 quze
809 513 951 547 tegi-batur

163 571 178 590 a
192 563 301 590 Christo
317 564 342 589 in
365 563 494 593 ficulnea,
512 562 537 587 id
553 565 595 588 cst
612 560 638 587 in
657 561 714 593 lege
728 579 735 590 ,
749 567 804 586 non
817 563 949 593 appareat

162 609 248 640 arida,
261 617 311 635 nec
325 609 492 635 occidentem
508 607 625 633 litteram
641 605 729 640 sequi,
745 605 791 632 sed
808 605 949 631 ﬂorentem

162 660 191 682 et
209 655 389 681 vivificantem
405 653 544 688 spiritum.

197 709 249 738 Sed
265 715 291 737 et
309 709 376 737 vites
391 709 490 736 ﬂorere
506 709 649 740 dicuntur,
673 712 699 734 et
718 707 825 734 dedisse
841 707 950 733 odorem

161 764 252 783 suum.
281 754 401 782 Possunt
424 755 533 788 quidem
558 757 584 780 et
614 753 728 779 diversa:
747 751 874 778 Ecclesiae
891 759 953 785 qua:

160 809 208 835 pcr
220 800 314 826 orbem
333 805 412 826 terra:
432 799 577 828 habentur,
594 799 661 824 vites
678 797 730 824 dici
747 796 885 828 ﬂorentes,
906 801 953 822 aut

160 847 257 874 vincat.
283 846 366 872 Vinea
386 847 455 872 enim
482 844 587 870 Domini
611 844 727 870 Sabaoth
753 843 845 869 domus
869 842 952 868 Israel

161 897 211 923 (δι,
229 895 253 918 et
267 892 361 917 domus
382 890 454 916 Juda
475 890 571 916 dilecta
583 889 683 915 novella
703 889 735 914 ".
756 887 815 915 Ista:
832 896 898 923 ergo
913 888 953 914 vi—

164 945 180 963 n
199 945 221 963 te
235 944 297 962 cum
311 936 399 970 primo
413 935 547 962 accedunt
559 935 591 961 ad
607 934 686 961 fidem
698 933 794 961 ﬂorere
805 934 951 967 dicuntur;

163 990 226 1009 cum
243 990 307 1008 vero
320 990 368 1016 per
384 981 542 1016 religionem
556 989 669 1016 operum
691 988 803 1009 suorum
819 980 952 1007 suavitate

163 1028 343 1059 adornantur,
363 1027 473 1054 odorem
492 1033 572 1053 suum
595 1027 703 1054 dedisse
727 1026 871 1057 dicuntur;
896 1031 950 1051 non

162 1073 224 1100 sine
239 1081 320 1100 causa
333 1078 398 1107 puto
411 1073 483 1107 quod
496 1081 549 1100 uon
565 1072 675 1104 dixerit,
684 1071 794 1099 odorem
807 1071 950 1101 dederunt,

163 1119 209 1146 sed
228 1119 339 1145 odorem
359 1126 439 1146 suum
457 1128 464 1146 :
484 1123 513 1146 ut
525 1118 681 1146 ostenderet
697 1118 786 1145 inesse
800 1118 951 1151 unicuique

162 1164 260 1191 anima:
279 1164 332 1190 vim
349 1164 538 1198 possibilitatis
552 1169 578 1190 et
592 1164 698 1191 arbitrii
717 1164 880 1194 libertatem,
897 1171 950 1198 qua

161 1209 247 1243 possit
259 1217 338 1244 agere
347 1217 429 1237 omne
436 1210 509 1244 quod
521 1209 622 1236 bonum
631 1214 683 1237 est.
696 1209 750 1236 Sed
762 1209 827 1243 quia
841 1209 893 1235 hoc
903 1217 952 1235 na-

161 1259 228 1282 tura:
245 1256 345 1282 bonum
359 1255 591 1290 praevaricationis
609 1255 755 1282 occasione
781 1255 950 1288 decerptum,

160 1301 202 1326 \t‘l
219 1301 251 1327 ad
272 1301 460 1335 ignominiam,
476 1301 518 1327 vel
533 1301 674 1326 lasciviam
697 1300 787 1327 fuerat
810 1299 950 1332 inﬂcxnm,

161 1345 207 1371 ubi
226 1353 273 1379 per
290 1346 404 1380 gratiam
420 1349 571 1379 reparatur,
591 1350 619 1372 et
635 1353 682 1379 per
698 1345 850 1372 ductriuam
870 1343 951 1372 Verbi

163 1390 208 1418 Dei
225 1392 387 1422 rest‘tuitur,
417 1391 528 1418 odorem
554 1391 640 1418 reddit
665 1390 724 1417 sine
750 1390 834 1417 dubio
863 1390 950 1423 illum,

161 1445 242 1472 quem
264 1438 367 1472 primus
390 1437 515 1464 conditor
542 1437 614 1464 Deus
640 1437 784 1468 indiderat,
812 1436 859 1464 sed
888 1443 952 1470 pec-

163 1485 215 1510 cuti
230 1483 286 1519 89
302 1483 383 1516 culta
399 1484 580 1511 subtraxerat.
603 1482 720 1510 Possunt
744 1488 833 1509 autem
845 1487 872 1509 et
885 1483 951 1509 vites

162 1529 203 1555 v.l
219 1529 302 1556 vincte
331 1529 443 1563 intelligi
469 1529 582 1556 virtutes
601 1529 726 1556 emlestcs
753 1533 780 1555 et
810 1528 948 1563 angelicm,
963 1521 985 1550 (ἶ

161 1580 223 1605 quae
247 1573 403 1600 hominibus
426 1573 579 1608 largiuntur
605 1574 716 1600 odorem
740 1581 831 1604 suum,
855 1573 881 1599 id
911 1577 953 1600 est

161 1627 171 1645 ι
182 1619 295 1646 «ηἰιίιιω
310 1624 336 1646 ct
353 1619 535 1646 institutionis
563 1620 676 1652 bonum,
703 1627 758 1653 quo
774 1619 911 1646 instruunt
927 1623 954 1645 et

163 1665 291 1692 inibuunt
302 1666 420 1698 animas,
447 1667 532 1693 donec
552 1666 586 1693 ad
611 1666 806 1700 perfectionem
831 1665 952 1696 veniant,

162 1716 190 1738 et
206 1711 337 1745 incipiant
352 1719 466 1746 capaces
482 1711 539 1738 ﬂeri
555 1711 612 1738 Dei.
629 1711 705 1739 Sicut
718 1716 744 1738 ct
758 1711 903 1745 Apostolus
920 1710 954 1737 ad

163 1756 291 1783 Hebraeos
306 1757 427 1784 scribens
440 1757 506 1784 dicit
521 1766 528 1784 :
546 1757 639 1784 Nonne
653 1765 741 1784 omnes
764 1761 823 1783 sunt
837 1757 954 1783 ministe-

163 1802 245 1829 riule:
260 1803 369 1837 spiritus
384 1803 409 1829 in
427 1803 602 1829 ministerium
622 1803 696 1830 missi
710 1807 816 1837 propter
827 1811 880 1834 eos,
908 1802 953 1837 qui

163 1848 343 1875 Inrreditatem
358 1849 465 1883 capiunt
488 1849 584 1875 salutis
596 1849 637 1875 “‘2
657 1848 689 1876 Et
708 1848 909 1875 ideodieuntur
919 1848 953 1875 ab

163 1894 229 1928 ipsis
239 1895 317 1929 quasi
332 1895 449 1929 primum
464 1894 558 1922 ﬂorem
573 1899 599 1922 et
618 1895 728 1922 odorem
743 1894 876 1921 bonorum
889 1901 954 1928 ope-

162 1948 222 1967 rum
240 1949 336 1975 capere
356 1941 481 1968 homines
497 1950 503 1967 :
529 1941 603 1975 ipsos
634 1948 699 1967 vero
715 1939 820 1967 fructus
846 1940 908 1966 vitis
920 1940 954 1966 ab

161 1995 195 2013 eo
206 1994 325 2020 sperare,
351 1986 396 2021 qui
421 1987 510 2013 dixit:
542 1986 602 2013 Non
623 1987 710 2013 bibant
732 1987 764 2013 de
789 1987 954 2021 generatione

162 2033 224 2058 viti»
249 2032 338 2066 hujus,
364 2033 444 2059 donec
467 2033 554 2058 bibam
578 2032 646 2058 illud
670 2032 801 2059 rubiscum
816 2032 953 2058 novumia

164 2088 242 2114 regno
258 2079 347 2106 Patris
362 2080 411 2105 mei
428 2080 462 2105 ".
480 2079 522 2106 llli
546 2087 611 2114 ergo
627 2079 739 2114 perfecti
754 2079 836 2106 ﬂores
852 2083 879 2105 et
897 2078 954 2105 fru-

163 2131 224 2152 ctus
241 2125 275 2152 ab
288 2126 347 2159 ipso
360 2125 485 2159 sperandi
502 2129 585 2151 sunt:
603 2125 678 2151 initia
690 2132 753 2151 vero
765 2130 801 2156 et,
817 2129 847 2151 ut
860 2125 896 2150 ita
914 2124 955 2151 di-

163 2178 236 2201 cunt,
251 2170 408 2204 proficiendi
425 2170 546 2197 suavitas
562 2174 650 2204 potest
668 2177 682 2196 a
697 2170 854 2196 coelestibus
867 2169 953 2196 virtu—

164 2215 237 2242 tibus
252 2215 415 2247 ministrari,
433 2215 474 2241 vel
502 2219 575 2241 certe
592 2223 639 2249 per
654 2222 702 2242 eos
716 2215 762 2248 qui
774 2214 910 2247 dicebant,
925 2219 954 2241 ut

163 2269 246 2295 supra
272 2261 403 2292 diximus,
420 2261 543 2295 quoniam
567 2260 668 2287 Christi
685 2261 767 2287 bonus
784 2260 849 2287 odor
863 2268 954 2286 sumus

163 2308 218 2335 Deo
235 2308 261 2334 in
273 2309 345 2334 omni
357 2307 415 2334 loco
430 2307 463 2334 “.
479 2306 532 2334 Sed
547 2312 572 2334 et
587 2308 641 2334 alio
654 2308 734 2334 modo
747 2315 894 2342 possumus
907 2307 954 2334 ad-

164 2355 218 2380 huc
236 2354 386 2388 intelligere
402 2355 458 2380 haec
480 2362 541 2388 quae
565 2353 700 2381 habentur
713 2354 738 2380 in
755 2354 893 2386 manibus,
925 2360 954 2380 ut

162 2400 288 2426 dicamus
305 2400 386 2426 veluti
402 2400 568 2434 prophetiam
593 2400 739 2434 quannlam
754 2399 838 2427 videri
853 2400 886 2426 ad
901 2399 952 2426 [ie--

161 2447 275 2474 clo-siam
292 2445 402 2479 factam,
421 2455 559 2482 perquam
578 2451 690 2474 vocetur
711 2447 743 2473 ad
762 2446 953 2480 repromissio-

163 2502 212 2521 ncs
228 2494 345 2526 futuras,
360 2498 388 2520 ut
404 2494 481 2528 quasi
495 2499 555 2528 post
579 2493 844 2521 consummationem
861 2492 953 2519 saeculi

161 2548 224 2566 cum
241 2544 348 2574 tempus
370 2540 580 2567 resurrectionis
612 2539 752 2566 advenerit
776 2539 883 2565 dicatur
904 2537 928 2563 ei
947 2546 952 2563 ι

163 2585 293 2621 Exsurge.
308 2585 342 2612 Et
358 2586 421 2620 quia
437 2593 528 2613 sermo
558 2585 603 2612 bic
629 2585 719 2611 statim
739 2592 808 2618 opus
834 2590 956 2610 resurre-

164 2631 264 2658 Ctiunis
278 2631 413 2666 designat,
431 2635 563 2665 tanquam
583 2637 615 2655 ex
633 2629 833 2655 resurrectione
856 2627 956 2654 clarior

164 2680 190 2702 et
204 2677 370 2710 splendidior
391 2677 498 2708 cﬂ'ccta,
524 2675 655 2702 invitatur
670 2675 703 2701 ad
735 2681 858 2708 regnum,
876 2678 902 2700 et
916 2673 957 2700 di-

164 2721 236 2747 citur
256 2721 304 2748 ci:
335 2721 408 2754 Vetti,
440 2722 562 2756 proxima
586 2720 784 2754 mea,sprciosa
810 2727 883 2749 mea,
913 2727 957 2744 co-

163 2765 254 2792 Iumba
272 2774 340 2799 nica,
354 2768 415 2802 quia
433 2768 512 2794 hiems
534 2767 650 2794 transiit.
666 2766 785 2792 llicmcm
802 2765 860 2792 sine
873 2764 957 2790 dubio

968 854 988 882 Β

203 2861 288 2890 "lsa.
307 2871 338 2893 v,
356 2862 379 2890 7.
433 2863 452 2878 *‘
468 2862 546 2890 lli-tua
568 2871 586 2895 l,
608 2863 647 2890 lt.
691 2862 708 2877 ‘°
723 2860 817 2888 Matth.
851 2867 922 2894 xxvi,
937 2858 981 2886 ‘29.

679 134 842 163 OlilGENlS
861 133 893 160 IN
913 127 1090 159 CANTICL'M
1111 125 1245 153 CANTlC.

1740 121 1785 145 183

999 185 1081 218 hujus
1106 182 1246 217 prmscntis
1268 181 1328 207 vitzc
1357 178 1489 213 procellas
1505 183 1531 205 et
1556 177 1682 204 turbines
1700 176 1787 203 nomi-

1002 238 1083 259 nans.
1104 228 1204 263 quibus
1230 226 1350 253 humana
1377 225 1430 250 vita
1458 223 1638 250 tculationum
1667 223 1789 256 procellis

1003 276 1131 310 agitatur.
1153 271 1273 299 Transiit
1285 278 1349 305 ergo
1364 270 1453 296 bictns
1471 269 1520 296 ista
1533 277 1594 296 cum
1608 268 1709 301 pluviis
1724 269 1789 300 suis,

1001 322 1066 348 abiit
1082 320 1144 347 sibi.
1176 318 1232 345 Sibi
1249 317 1438 351 unusquisque
1455 315 1507 350 egit
1523 315 1549 341 in
1572 315 1622 341 bac
1640 314 1694 340 vita
1714 321 1791 341 omne

1000 365 1073 401 quod
1092 365 1147 398 egit
1175 363 1342 397 Principium
1367 370 1432 388 vero
1459 360 1706 395 repromissionntn
1722 359 1792 386 futti-

1002 420 1093 439 rarum
1112 410 1203 437 ﬂor-es.
1217 409 1340 435 Securim
1365 409 1396 434 ad
1417 407 1535 433 radicem
1557 405 1665 436 πίνοι-ιε
1677 405 1791 439 positam

1001 457 1028 484 in
1046 455 1312 484 consummationem
1329 454 1431 485 saeculi,
1444 457 1473 479 ut
1494 452 1601 478 excidat
1621 459 1732 477 omnem
1749 458 1792 477 ar-

1001 503 1093 530 borem
1110 509 1162 528 non
1177 501 1318 528 facientem
1344 499 1463 526 fructum
1480 498 1593 528 bonttm,
1611 502 1721 531 tempus
1742 504 1793 530 pu-

1002 545 1113 572 tationis
1130 544 1258 577 intellige.
1287 542 1388 569 Vocem
1407 549 1473 568 vero
1485 541 1611 573 tnrturis,
1626 549 1690 575 qua-
1705 541 1732 566 in
1751 541 1794 566 lit-

1003 591 1067 617 teris
1093 589 1316 624 repromissionis
1348 588 1468 619 auditur,
1496 595 1577 622 quam
1599 587 1737 614 mansueti
1768 587 1793 613 in

1003 635 1163 662 Increditate
1187 634 1348 668 suseipient,
1375 633 1478 659 Christi
1507 639 1653 666 personam
1671 631 1742 658 facie
1762 631 1794 658 ad

1003 680 1110 711 faciem,
1136 684 1163 706 et
1181 687 1234 706 non
1249 680 1305 713 jam
1322 687 1369 713 per
1395 679 1535 712 speculum
1564 682 1591 704 et
1609 678 1635 703 in
1651 678 1796 712 :enigmate

1002 725 1125 752 docentis
1146 726 1255 752 adverte
1284 726 1318 752 ³¹,
1347 724 1475 752 Ficuluea
1500 732 1564 750 vero
1592 731 1655 758 quae
1683 731 1794 758 germen

1003 778 1082 797 suum
1119 771 1262 805 producit,
1294 770 1376 797 totius
1406 769 1626 804 congregationis
1655 769 1794 803 justornm

1004 815 1109 842 fructus
1123 816 1262 842 habeatur.
1290 816 1351 841 Ista:
1367 823 1431 841 vero
1443 819 1470 841 et
1485 819 1587 841 sancta:
1600 819 1628 842 et
1643 815 1729 842 beatae
1744 823 1795 841 an-

1003 861 1094 895 giliea-
1108 861 1232 892 virtutes,
1258 861 1358 894 quibus
1385 860 1463 887 electi
1478 860 1581 894 quique
1606 864 1633 886 et
1665 860 1739 887 beati
1761 867 1795 887 ex

1002 907 1203 933 resurrectione
1227 906 1415 938 sociabuntur,
1439 905 1485 939 qui
1512 910 1592 933 erunt
1607 906 1682 933 sicut
1706 905 1796 941 angeli

1003 950 1061 983 Dei,
1080 951 1145 985 ipsa)
1172 956 1236 978 sunt
1251 951 1319 977 vites
1333 955 1360 978 et
1383 950 1509 978 ﬂorentes
1536 951 1634 982 vincte,
1648 959 1710 986 qua:
1726 951 1795 979 odo-

1002 1003 1058 1021 rem
1076 1003 1156 1022 suum
1187 996 1335 1030 unicuique
1362 996 1471 1027 animae,
1493 999 1521 1022 et
1544 995 1660 1030 gratiam
1675 1004 1759 1030 quam
1779 1003 1802 1023 a-

1001 1039 1150 1066 Conditore
1169 1040 1291 1074 suscepit
1304 1040 1391 1074 prius,
1406 1044 1432 1067 et
1448 1047 1520 1067 nunc
1545 1040 1644 1066 iterum
1661 1040 1793 1074 perditam

1002 1085 1182 1119 recuperavit,
1201 1086 1369 1119 impertiunt,
1385 1085 1572 1119 suavitateque
1587 1085 1712 1113 caelestis
1724 1086 1793 1113 odo-

1002 1129 1040 1157 ris
1055 1129 1166 1157 fetorem
1178 1131 1285 1157 tandem
1299 1130 1411 1165 abjectze
1432 1130 1467 1158 ab
1488 1131 1529 1157 eis
1545 1131 1723 1158 mortalitatis
1736 1139 1802 1159 cor--

1003 1175 1193 1210 ruptionisque
1207 1175 1354 1210 depellunt.

1040 1220 1118 1248 Ἴθι-ε.
1139 1221 1181 1252 l3,
1204 1221 1246 1248 Η.
1268 1221 1361 1256 Surge,
1377 1226 1401 1248 et
1422 1222 1489 1254 ueni,
1518 1223 1641 1256 proxima
1666 1232 1735 1253 mea.
1749 1231 1794 1250 co-

1003 1264 1092 1291 lumba
1116 1273 1183 1296 mea,
1205 1265 1230 1291 in
1250 1265 1343 1292 volanti
1364 1266 1421 1292 ibus
1437 1271 1518 1300 petra:
1539 1267 1794 1302 jn.rtupronmrale.

1004 1310 1116 1335 Ostende
1129 1310 1193 1335 milii
1208 1310 1303 1344 facient
1320 1314 1404 1342 tuam,
1420 1315 1443 1337 et
1459 1312 1581 1338 auditam
1598 1313 1642 1347 fac
1664 1313 1731 1340 mihi
1751 1322 1794 1340 νο-

1003 1361 1056 1380 cem
1071 1358 1155 1386 tuam,
1172 1355 1297 1389 quoniam
1310 1363 1359 1382 eoa:
1379 1362 1424 1382 tua
1443 1357 1532 1383 suavis
1548 1363 1597 1390 est,
1613 1363 1638 1384 et
1656 1359 1795 1393 faciesrtua

1002 1400 1132 1433 speciosa.
1162 1401 1317 1428 Secundum
1347 1402 1477 1436 propositi
1507 1403 1641 1430 dramatis
1669 1404 1793 1431 ordinem

1003 1453 1131 1480 sponsus,
1148 1447 1193 1478 qui
1223 1447 1324 1474 saliens
1342 1455 1424 1481 super
1439 1453 1546 1475 montes
1559 1453 1585 1475 et
1597 1450 1729 1476 exsiliens
1750 1458 1798 1476 su-

1002 1499 1051 1525 per
1064 1492 1146 1518 collcs
1159 1492 1190 1518 ad
1207 1499 1335 1526 sponsam
1352 1497 1475 1524 venerat,
1498 1494 1669 1528 prospicit-ns
1683 1503 1755 1526 eam.
1770 1499 1797 1522 ct

1004 1537 1113 1564 intuens
1136 1545 1181 1571 per
1209 1537 1358 1569 fenestras.
1384 1538 1504 1565 secundo
1515 1539 1572 1573 jam
1603 1540 1664 1567 loco
1681 1541 1749 1568 dicit
1763 1541 1795 1567 ad

1003 1589 1063 1608 eam
1079 1591 1085 1608 :
1105 1581 1198 1616 Surge,
1212 1582 1279 1614 reci,
1297 1583 1419 1616 proxima
1440 1591 1508 1615 mea,
1525 1585 1645 1618 speciosa
1658 1593 1727 1618 mea,
1751 1594 1796 1612 co-

1004 1627 1094 1654 lumba
1121 1636 1189 1655 mea.
1218 1627 1296 1655 Nunc
1314 1635 1378 1654 vero
1398 1628 1472 1655 addit
1488 1630 1569 1656 etiam
1596 1631 1649 1658 hoc
1663 1637 1693 1658 ut
1706 1637 1799 1659 osten-

1004 1672 1080 1699 deret
1091 1673 1114 1700 ci
1134 1673 1223 1700 locutu
1239 1674 1271 1700 ad
1300 1682 1380 1708 quem
1406 1674 1498 1701 venire
1521 1676 1630 1707 debeat,
1658 1678 1706 1711 qui
1722 1678 1797 1705 locus

1004 1719 1055 1745 sub
1070 1719 1222 1746 velamento
1237 1725 1264 1746 et
1284 1719 1402 1754 tegmine
1418 1720 1478 1746 saxi
1498 1721 1534 1748 sit
1551 1722 1669 1755 positus.
1687 1722 1729 1750 Sit
1749 1731 1798 1749 au-

1005 1768 1058 1791 tem
1075 1765 1144 1792 idem
1161 1766 1237 1792 locus
1251 1773 1305 1792 non
1325 1770 1379 1792 tam
1393 1765 1470 1799 juxta
1491 1774 1611 1799 murum,
1625 1776 1709 1802 quant
1722 1769 1797 1803 iuxta

1005 1810 1162 1844 promurale
1188 1811 1337 1845 quoddam.
1372 1811 1532 1840 Promurale
1564 1818 1655 1840 autem
1687 1815 1797 1847 dicitur,

1005 1862 1067 1882 cum
1087 1861 1164 1882 extra
1177 1864 1270 1883 muros
1285 1857 1331 1891 qui
1352 1857 1476 1884 ambiunt
1497 1859 1645 1892 civitatem,
1661 1860 1733 1887 alius
1747 1861 1798 1887 du-

1004 1901 1076 1928 citur
1107 1910 1212 1932 niurus,
1237 1906 1264 1928 et
1287 1906 1328 1929 est
1357 1911 1452 1930 murus
1480 1908 1543 1930 ante
1573 1912 1697 1933 antrum.
1728 1905 1798 1932 Tum

1004 1947 1102 1974 deinde
1119 1947 1194 1981 quasi
1214 1948 1235 1974 si
1254 1949 1410 1975 reverentia:
1429 1956 1511 1976 causa
1528 1949 1585 1984 ipsa
1603 1958 1706 1984 sponsa
1723 1951 1798 1977 obte-

1005 1998 1047 2020 cta
1061 1994 1095 2021 sit
1106 1998 1133 2020 et
1146 1993 1243 2025 velata,
1264 1994 1329 2028 petit
1345 1994 1402 2028 ipse
1426 2002 1556 2029 sponsus,
1574 2000 1605 2022 ut
1623 1997 1736 2024 veniens
1764 1998 1798 2024 ad

1005 2040 1083 2066 illum
1101 2039 1192 2065 locum
1205 2047 1286 2073 quem
1310 2047 1391 2074 supra
1408 2040 1538 2072 ostendit,
1557 2045 1653 2074 utpote
1667 2044 1798 2069 secretio-

1005 2092 1074 2117 rem,
1089 2084 1126 2111 ibi
1140 2085 1164 2111 ei
1180 2085 1258 2118 quasi
1278 2085 1377 2118 rejecto
1402 2086 1535 2112 velamine
1552 2087 1682 2114 ostendat
1701 2087 1798 2115 faciem

1006 2138 1093 2157 suum.
1109 2129 1141 2156 Et
1154 2130 1217 2164 quia
1232 2138 1280 2164 pro
1301 2131 1386 2157 multa
1401 2132 1552 2158 reverentia
1569 2137 1671 2160 taceret
1686 2141 1799 2168 sponsa.

971 2185 992 2213 ι)
1006 2175 1142 2202 desiderat
1157 2182 1274 2208 sponsus
1299 2175 1445 2210 aliquando
1457 2177 1538 2203 etiam
1555 2184 1652 2204 vocem
1665 2178 1729 2213 ejus
1748 2185 1799 2204 au-

1006 2221 1074 2253 dire,
1092 2225 1117 2247 et
1135 2221 1262 2247 delectari
1291 2221 1317 2247 in
1335 2221 1425 2248 verbis
1440 2222 1510 2256 ejus.
1527 2227 1553 2249 et
1572 2223 1650 2255 dicit,
1671 2229 1703 2250 ut
1717 2225 1798 2251 audi-

1005 2270 1060 2292 tam
1077 2265 1127 2291 sibi
1148 2264 1228 2291 faciat
1249 2272 1342 2291 vocetn
1366 2273 1452 2292 suam.
1482 2265 1595 2292 Videtur
1616 2271 1709 2293 tamen
1727 2267 1800 2301 quod

1006 2318 1060 2337 non
1073 2309 1095 2336 ci
1112 2309 1220 2344 penitus
1237 2309 1374 2343 incognita
1392 2309 1427 2336 sit
1443 2309 1525 2337 facies
1537 2309 1606 2344 ejus,
1622 2318 1712 2344 neque
1725 2311 1802 2337 vocis

1005 2356 1065 2389 ejus
1079 2355 1189 2390 ignarus
1205 2354 1250 2385 sit,
1269 2354 1314 2381 sed
1343 2355 1406 2388 quia
1435 2354 1619 2382 intercesserit
1643 2355 1760 2390 aliquid,
1774 2355 1801 2382 in

1005 2409 1061 2436 quo
1078 2409 1127 2427 nec
1144 2400 1240 2426 faciem
1258 2399 1317 2433 ejus
1344 2400 1451 2432 viderit,
1481 2408 1531 2427 nec
1552 2408 1649 2428 vocem
1672 2401 1801 2428 audierit.

1004 2445 1057 2472 Iste
1072 2446 1108 2471 sit
1123 2444 1252 2479 propositi
1267 2444 1398 2470 tlramatis
1426 2448 1524 2471 textus.
1539 2443 1588 2470 Cui
1607 2449 1634 2471 et
1652 2445 1706 2472 hoc
1723 2445 1801 2472 addi-

1007 2495 1059 2522 tur,
1076 2490 1148 2524 quud
1164 2489 1236 2516 veris
1249 2493 1354 2522 lctnpus
1370 2489 1412 2523 agi
1438 2489 1574 2521 videatur,
1589 2497 1652 2516 cum
1668 2494 1696 2516 ct
1718 2489 1800 2517 ﬂores

1007 2534 1167 2569 apparuisse
1196 2537 1383 2559 memorantur
1412 2533 1438 2560 itt
1468 2538 1551 2565 terra,
1569 2538 1596 2560 ct
1618 2541 1671 2561 vox
1688 2534 1801 2562 Iurtntis

1008 2588 1165 2616 personare,
1187 2584 1214 2606 et
1228 2587 1337 2614 germen
1354 2580 1465 2606 arbores
1491 2580 1664 2613 produxisse.
1685 2579 1801 2613 Protitcr

1011 2628 1061 2653 huc
1085 2626 1157 2652 velut
1186 2629 1338 2659 oppm'tuno
1364 2629 1484 2659 tempore
1514 2626 1641 2660 progredi
1671 2631 1802 2660 provocat

1010 2679 1150 2706 sponsam,
1164 2678 1224 2704 quae
1247 2670 1306 2697 sine
1323 2670 1406 2697 dubio
1422 2670 1539 2697 bicmcm
1567 2676 1652 2698 totam
1671 2672 1804 2700 intrude-

1011 2726 1071 2744 lllllS
1092 2718 1207 2743 claustra
1221 2716 1358 2743 resederit.
1373 2716 1424 2743 Sed
1437 2717 1493 2743 Ita'c
1506 2717 1608 2744 nullam
1625 2717 1694 2744 Inibi
1708 2719 1804 2745 viden-

1012 2768 1054 2790 tur
1069 2764 1210 2797 (quantum
1233 2762 1264 2789 ad
1292 2761 1449 2788 historicum
1476 2763 1661 2790 narratiorcm
1676 2764 1802 2799 pertinet)

1022 2858 1043 2873 ⁸η
1068 2857 1088 2883 ll
1114 2857 1176 2884 Cor.
1198 2864 1227 2890 ιι,
1258 2856 1301 2883 lli.
1341 2857 1362 2873 δι
1387 2856 1395 2883 l
1426 2857 1489 2884 Cor.

1523 2865 1582 2889 xm,
1611 2857 1654 2884 12.
