1879 3046
179 139 226 168 liii

723 131 885 160 ()l‘thliNlS
907 130 937 156 IN
957 128 1137 157 CAN'l'itLL‘E-l
1157 127 1291 155 CASTIC.

1758 125 1806 151 1‘32

179 197 306 225 Auditum
322 196 365 231 [uc
391 195 456 222 mihi
472 202 561 222 uocem
585 197 670 220 tuam.
687 193 785 227 Ingens
813 198 878 217 vero
910 189 969 216 laus
984 191 1006 218 Α
1056 187 1133 215 Nunc
1153 188 1232 215 ctiam
1258 187 1398 214 videmnus
1418 187 1555 222 quomodo
1581 186 1639 213 haec
1661 193 1675 212 a
1699 184 1807 213 Christo

177 242 240 276 ejus
260 241 413 269 ostenditur
430 241 456 267 iu
473 247 506 268 eo
519 239 592 274 quod
617 238 738 266 dicitur:
760 236 815 264 Vox
838 241 883 262 tua
904 244 968 262 uta-

178 289 228 316 νὴ.
242 288 287 315 Sic
300 287 372 314 enim
390 285 610 320 sapientissimus
630 283 760 318 propheta
787 281 869 308 David
891 282 966 308 dice-

181 334 227 361 bat
244 342 250 359 :
267 332 361 360 Suavis
383 332 419 358 sit
445 332 469 358 ei
494 330 640 365 disputatio
659 337 718 356 mea
748 329 781 354 ‘°.
812 327 911 354 Suavis
925 331 968 354 est

180 387 232 406 vox
251 379 348 406 animae
363 385 426 404 cum
450 377 561 404 verbum
579 375 624 402 Dei
640 375 712 409 quod
743 374 874 408 loquitur.
904 380 966 400 cutn

180 424 231 449 llde
243 428 269 449 ct
285 423 458 457 dogmatibus
473 422 594 448 veritatis
607 420 730 455 exponit,
749 427 812 446 cum
825 419 969 453 dispensa-

180 466 266 492 liom-s
284 465 329 492 Dei
353 470 380 492 et
401 465 504 500 judicia
532 465 592 499 ejus
608 464 747 498 explanat.
776 462 805 490 Si
835 471 898 489 vero
921 467 968 490 aut

181 511 395 545 srultiloquinm,
413 516 459 537 aut
483 510 648 542 scurrilitas,
673 513 721 536 aut
744 509 851 536 vanitas
873 509 906 536 de
921 516 968 535 ore

181 556 241 590 cius
256 556 416 591 procedunt.
444 560 491 582 aut
505 555 616 581 verbum
632 555 764 586 otiosum,
780 554 813 581 de
836 562 891 588 quo
906 554 969 580 rcd-

179 601 268 628 tientia
287 601 323 627 sit
338 601 408 627 ratio
426 600 451 626 in
465 600 509 626 die
525 599 632 634 judicii,
645 599 767 626 insuavis
780 603 807 626 et
820 599 966 633 injucunda

179 653 230 673 vox
244 646 298 672 ista
311 649 362 672 est.
379 645 419 670 Ab
436 644 487 671 hac
505 651 570 670 voce
584 643 712 670 Christus
734 642 832 669 avertit
843 643 966 669 auditum

177 698 268 719 sumo.
291 690 324 717 Et
347 690 410 717 ideo
434 697 550 724 qumque
576 689 695 724 perfecta
720 688 811 715 auitua‘
836 689 912 722 ponit
925 688 968 714 ori

178 744 229 764 suo
241 737 407 769 custodiant,
423 741 448 763 et
460 736 561 763 ostium
575 735 789 762 circumstantia:
806 734 884 761 labiis
898 734 967 766 suis,

178 786 207 809 ut
223 781 303 808 talem
320 789 427 816 semper
455 787 611 808 sermonem
626 779 746 814 proferat
768 779 814 814 qui
832 780 889 806 sale
901 787 968 806 con—

178 828 252 856 ditus
265 827 311 855 det
324 827 441 862 gratiam
459 826 644 857 audientibus,
668 830 695 853 et
717 825 789 853 dicat
802 826 835 853 de
853 834 885 853 ea
901 825 967 852 Ver-

178 874 244 902 bum
260 873 318 905 Dei,
333 875 395 909 quia
411 881 459 901 vox
482 878 528 900 tua
543 873 642 899 suavis.
660 871 711 899 Sed
727 877 751 899 ot
764 872 845 907 facies
860 877 916 903 tua.
930 873 968 900 in-

178 920 250 955 quit,
277 920 404 955 speciosa.
428 919 456 946 Si
483 918 620 954 intelligas
645 918 717 945 illam
749 918 845 946 facient
868 919 902 946 de
914 927 967 953 qua

179 964 281 992 Paulus
295 965 381 992 dicit:
398 963 456 991 Nos
479 969 568 991 autem
589 971 678 990 omnes
705 964 820 990 revelata
841 964 909 998 facie
927 965 966 998 ";

180 1015 208 1038 et
220 1011 283 1037 item
296 1018 360 1038 cum
376 1010 439 1037 dicit
457 1019 463 1037 :
481 1009 554 1036 Tum:
574 1014 662 1037 autem
685 1010 754 1045 facie
771 1011 806 1037 ad
821 1011 916 1045 [aciem
926 1012 966 1044 ";

181 1062 248 1091 tunc
267 1057 373 1084 videbis
386 1064 446 1091 quae
460 1056 494 1084 sit
508 1057 606 1084 anima:
633 1056 716 1084 facies
730 1065 791 1091 qua:
805 1058 928 1085 laudetur
952 1066 967 1086 a

180 1102 268 1130 Verbo
280 1101 326 1128 Dei
341 1106 367 1128 et
384 1102 507 1136 speciosa
521 1109 582 1128 esse
594 1101 711 1129 dicatur.
729 1101 774 1128 Illa
803 1102 862 1129 sine
885 1103 968 1129 dubio

177 1156 238 1183 qua:
272 1147 393 1183 quotidie
421 1152 568 1175 renovatur
596 1147 630 1174 ad
659 1148 806 1182 imaginem
836 1147 895 1182 ejus
921 1149 967 1183 qui

176 1194 227 1229 91
245 1193 347 1222 creavit
367 1200 522 1228 eam,'qu;c
542 1201 594 1220 non
615 1193 695 1220 habet
713 1193 739 1220 in
764 1201 794 1221 se
815 1193 962 1224 maculam.

176 1245 222 1268 aut
233 1247 338 1275 rugam,
354 1243 401 1266 aut
415 1238 518 1273 aliquid
534 1238 702 1273 hujusmodi,
716 1238 764 1266 sed
778 1243 819 1266 est
834 1242 928 1266 sancta
942 1243 970 1266 et

176 1285 366 1317 immaculata;
381 1283 490 1318 qualem
510 1287 538 1310 et
556 1283 613 1317 ipse
632 1283 684 1310 sibi
705 1283 831 1310 exhibuit
843 1283 969 1311 Christus

178 1329 326 1357 Ecclesiam
340 1349 348 1361 ,
372 1329 480 1356 animas
502 1328 606 1355 scilicet
629 1336 690 1363 qua:
713 1328 748 1356 ad
774 1328 968 1364 perfectionem

178 1379 321 1407 venerunt,
338 1382 399 1409 qua:
414 1381 511 1401 omnes
529 1374 611 1401 simul
628 1374 747 1402 elliciunt
763 1382 863 1409 corpus
878 1375 969 1403 Eccle-

174 1419 235 1446 siae.
251 1419 329 1452 Quod
344 1427 444 1454 corpus
459 1418 553 1454 utique
569 1419 713 1454 pulchrum
727 1419 863 1448 videbitur
877 1425 905 1448 et
921 1421 969 1448 dc-

177 1471 282 1497 rornm,
298 1464 321 1492 si
337 1465 436 1492 anima;
450 1472 483 1492 ex
504 1466 604 1500 quibus
618 1473 718 1500 corpus
730 1465 794 1493 illud
809 1466 924 1494 ellicitur
940 1467 969 1494 in

173 1511 250 1539 ontni
265 1511 440 1546 perfectionis
458 1512 556 1540 decore
572 1512 782 1546 permanserint.
803 1512 880 1540 Sicut
894 1513 967 1541 enim

572 1520 782 1547 permanserint.
803 1520 880 1540 διειιι
894 1521 967 1541 clum
982 1524 1002 1552 ϐ
1021 1520 1098 1540 νωιι,
1121 1520 1147 1536 Ill
1168 1520 1337 1544 υνιπιιῐιυιιιυ
1355 1520 1452 1544 μυηθῇ
1475 1520 1577 1537 UUCCIIS
1598 1520 1658 1536 (Sillll
1676 1520 1705 1536 ιιι
1719 1520 1813 1544 οιιρινιιι

591 1562 650 1590 est,
673 1558 810 1586 turbatum
834 1563 861 1586 ει
879 1559 966 1587 rerum
1002 1554 1121 1590 .veniat,
1137 1561 1171 1582 ne
1193 1554 1258 1589 quid
1272 1554 1392 1589 patiatur
1405 1555 1440 1582 ab
1455 1555 1661 1582 incursantibus
1676 1563 1739 1582 eam
1753 1562 1815 1582 ten-

177 1565 240 1584 eum
261 1557 352 1585 anima
376 1557 404 1584 in
429 1558 570 1586 iracundia
591 1562 650 1591 est,
673 1558 810 1586 turbatum
834 1563 861 1586 et
879 1559 966 1587 ferum

175 1601 266 1630 reddit
281 1603 405 1637 corporis
422 1603 545 1636 vultum;
560 1611 622 1631 cum
639 1611 705 1630 vero
717 1603 743 1630 in
759 1604 968 1632 mansuetudine

173 1652 202 1674 et
214 1648 410 1682 tranquillitate
424 1648 554 1682 persistit,
571 1649 706 1683 placidum
720 1649 869 1684 mitemque
881 1649 969 1678 reddit

178 1697 318 1727 aspectum
332 1702 339 1719 :
352 1693 390 1720 ita
405 1692 532 1721 Ecclesia:
545 1693 629 1722 facies
642 1702 691 1729 pro
707 1695 853 1723 virtutibus
866 1700 893 1723 et
909 1703 968 1722 mo-

179 1738 256 1766 ribus
281 1739 471 1772 credentium,
497 1744 544 1766 aut
564 1739 662 1767 decora
684 1740 896 1774 pronuntiatur,
921 1746 968 1768 aut

176 1783 283 1817 turpis.
307 1784 456 1811 secundum
473 1785 544 1819 quod
564 1789 592 1812 et
607 1786 738 1820 scriptum
759 1786 873 1820 legimus
892 1796 899 1814 :
922 1786 969 1814 Ve-

176 1825 286 1860 stigium
300 1827 387 1854 cordi:
412 1828 439 1854 in
456 1828 546 1860 bonis,
570 1829 657 1856 vultus
678 1829 773 1856 hilaris
796 1830 828 1857 “.
850 1830 883 1858 Et
903 1831 966 1859 item

175 1870 239 1898 alibi
259 1870 376 1899 :Cordic
401 1873 455 1900 lati
471 1873 554 1908 facies
570 1874 678 1908 ﬂorida,
694 1875 721 1902 in
746 1875 863 1904 tristitiis
881 1881 968 1904 autem

174 1917 254 1951 positi
275 1923 382 1946 nimius
401 1922 442 1945 ut
464 1919 552 1946 vultu:
578 1919 611 1947 “.
631 1919 685 1947 Cor
703 1928 768 1956 ergo
790 1921 880 1949 latum
903 1926 967 1956 est,

176 1970 240 1990 cum
262 1963 344 1992 habet
366 1965 393 1992 in
410 1973 441 1993 se
460 1965 586 2000 spiritum
603 1965 649 1993 Dei
665 1975 673 1993 τ
687 1966 770 2001 cujus
791 1967 896 2002 primus
910 1967 968 1995 t‘ru-

174 2014 235 2037 ctus
256 2009 377 2038 charitas
399 2015 453 2042 est,
478 2011 616 2039 secundus
638 2012 768 2046 gaudium
789 2020 841 2040 est.
866 2012 907 2040 Ει
926 2013 969 2041 his

174 2058 241 2087 puto
255 2055 388 2089 quosdam
414 2056 555 2090 sapientes
579 2056 670 2083 saeculi
694 2058 878 2092 assumpsisse
894 2058 968 2085 illam

175 2100 340 2127 sententiam
361 2108 423 2135 qua:
436 2101 511 2134 dicit,
533 2101 598 2135 quia
616 2101 691 2129 solus
706 2103 816 2136 sapiens
828 2103 969 2138 speciosus

175 2150 228 2177 est,
244 2146 333 2173 omnis
344 2151 435 2173 autem
446 2154 564 2181 nequam
579 2148 667 2182 turpis
680 2152 731 2175 est.
750 2147 879 2182 Superest
890 2148 969 2176 nobis

1019 235 1052 261 aJ
1069 233 1215 261 Ecclesium
1231 233 1347 264 dicatur,
1374 240 1434 267 qua:
1456 237 1498 260 est
1521 232 1644 267 proxima
1662 231 1686 258 ci
1702 235 1729 258 et
1747 239 1806 266 spc-

1017 281 1102 308 ciosa.
1121 279 1252 314 Speciosa
1270 284 1359 306 autem
1377 279 1442 305 nulli
1461 278 1505 304 alii
1529 278 1581 304 nisi
1602 277 1652 304 soli
1670 277 1732 312 ipsi.
1755 277 1808 304 Iloc

1018 326 1091 352 enim
1106 325 1240 360 signiﬁcat
1254 332 1314 351 cum
1332 325 1408 355 dicit,
1430 324 1546 358 speciosa
1563 331 1631 349 utea.
1650 322 1726 349 llanc
1746 331 1808 357 ergo

1017 372 1166 399 exsuscitat
1182 372 1317 402 Christus,
1334 376 1359 397 ct
1376 370 1425 404 ipsi
1447 369 1620 403 Evangelium
1637 368 1810 395 resurrectio-

1019 418 1061 445 nis
1075 417 1228 449 anuuntiat,
1244 421 1270 443 ct
1282 416 1342 443 ideo
1354 415 1417 442 dicit
1434 424 1440 442 :
1461 414 1587 449 Exsurge,
1605 414 1672 443 veni,
1688 414 1810 447 proxima

1018 472 1086 494 mea,
1102 462 1219 497 speciosa
1235 470 1302 488 mea.
1323 460 1392 494 Quia
1410 465 1499 487 autem
1519 459 1592 486 dedit
1614 463 1641 486 et
1660 460 1683 486 ci
1707 467 1810 492 pennas

1020 508 1162 540 columbm,
1184 512 1360 542 posteaquam
1375 506 1505 533 donabit
1519 506 1544 531 in
1563 505 1652 531 medio
1668 505 1783 531 sortium
1802 514 1809 530 :

1019 554 1108 582 media
1121 559 1212 580 alitem
1230 553 1299 579 inter
1314 553 1382 579 dum;
1398 551 1553 578 vocationes
1567 550 1675 577 Israelis
1689 549 1811 576 Ecclesia

1019 605 1114 627 vocata
1137 603 1189 630 est,
1204 599 1267 632 quia
1283 598 1370 633 primo
1385 597 1467 625 lsraci
1483 602 1595 624 vocatus
1611 601 1663 627 est,
1681 601 1739 630 post
1755 596 1811 622 haec

1019 645 1064 672 ubi
1091 645 1148 680 ipse
1170 643 1283 671 ol‘ﬁ‘ndit
1308 647 1334 670 et
1357 643 1476 674 cecidit,
1500 646 1595 669 vocata
1622 646 1663 668 est
1690 641 1811 668 Ecclesia

1018 691 1154 726 gentium;
1172 697 1234 717 cum
1252 694 1342 717 autem
1365 689 1504 724 plenitudo
1523 689 1642 723 gentium
1666 688 1810 719 inimicrit,

1020 743 1075 764 tum
1093 737 1192 764 iterum
1208 736 1298 763 omnis
1318 735 1400 762 Israel
1417 739 1528 762 vocatus
1551 733 1700 761 salvabitur
1715 732 1758 764 “;
1784 734 1811 760 in

1019 781 1110 810 medio
1127 788 1192 816 ergo
1208 780 1305 807 harum
1326 779 1443 807 duarum
1469 779 1583 806 sortium
1599 778 1701 805 dormit
1718 777 1811 805 Eccle‘

1019 827 1070 854 sia.
1093 827 1124 854 Et
1140 831 1251 862 propter
1265 826 1318 853 hoc
1337 825 1411 853 dedit
1431 825 1455 852 ei
1475 833 1572 859 pennas
1590 824 1716 850 columba:
1734 824 1813 850 (lear-

1018 874 1138 905 gentatas
1153 890 1160 902 ,
1187 870 1260 905 quod
1285 869 1421 904 significat
1446 868 1622 895 rationabiles
1648 874 1753 903 pennas
1784 869 1810 894 in

1018 916 1105 943 sancti
1120 915 1238 950 Spirittts
1257 915 1347 943 donis.
1367 914 1401 941 Et
1416 915 1564 950 posteriora
1585 914 1657 941 dorsi
1676 914 1748 948 ejus,
1769 914 1811 940 vel

1018 961 1045 987 in
1060 961 1194 988 viriditate
1210 961 1271 987 auri
1288 961 1311 976 "
1323 980 1330 994 ,
1345 964 1374 988 ut
1389 959 1499 995 quidam
1517 960 1626 994 legunt,
1644 960 1686 985 vel
1697 980 1704 991 ,
1722 964 1749 985 ut
1766 959 1812 985 alii

1018 1008 1149 1041 scriptum
1173 1005 1273 1033 habent
1286 1025 1294 1037 ,
1311 1005 1339 1032 in
1359 1004 1462 1040 pallore
1480 1005 1550 1031 auri.
1567 1004 1644 1037 Quod
1665 1004 1811 1031 ostendere

1019 1056 1118 1086 potest.
1141 1052 1204 1087 quia
1223 1051 1358 1087 posterior
1382 1051 1426 1078 illa
1451 1051 1556 1078 vocatio
1571 1059 1653 1085 quam
1677 1058 1710 1078 ex
1731 1049 1813 1077 lsrael

1019 1097 1137 1124 futuram
1161 1098 1227 1124 dicit
1249 1097 1414 1132 Apostolus,
1436 1104 1489 1123 non
1512 1096 1563 1123 erit
1585 1097 1611 1122 in
1636 1096 1812 1124 observantia

1019 1143 1097 1177 legis,
1114 1143 1161 1170 sed
1177 1143 1202 1170 in
1224 1143 1392 1178 pretiositate
1405 1142 1476 1170 ﬁdei.
1498 1142 1564 1168 Auri
1586 1150 1705 1177 namque
1719 1142 1813 1169 viridi-

1019 1188 1081 1215 tatis
1096 1188 1164 1224 gerit
1187 1188 1304 1223 speciem
1315 1208 1321 1220 ,
1342 1188 1407 1216 fides
1424 1188 1569 1215 virtutibus
1585 1187 1697 1215 ﬂorens.
1722 1188 1815 1215 Potest

1019 1238 1109 1260 autem
1132 1234 1185 1261 dici
1201 1234 1228 1260 in
1250 1234 1339 1261 taedio
1359 1241 1453 1260 earum
1476 1234 1592 1261 sortium
1617 1233 1753 1266 dormire,
1771 1233 1815 1260 vel

1019 1279 1160 1314 quiescere
1175 1279 1309 1309 Ecclesia,
1329 1279 1356 1305 in
1380 1279 1468 1306 medio
1494 1279 1610 1306 duorum
1632 1283 1812 1305 testamento-

1020 1332 1097 1358 rum;
1116 1329 1142 1352 et
1162 1332 1257 1359 pennae
1271 1324 1330 1359 ejus
1343 1325 1525 1359 deargentatze
1541 1332 1574 1351 ex
1589 1325 1718 1351 sensibus
1733 1325 1810 1359 legis.

1019 1372 1124 1399 Aurum
1148 1370 1174 1397 in
1198 1371 1397 1406 posterioribus
1413 1371 1487 1398 dorsi
1502 1371 1571 1405 ejus,
1593 1371 1705 1405 intelligi
1729 1379 1812 1397 evan-

1019 1417 1097 1452 gelici
1113 1417 1238 1444 muneris
1252 1418 1352 1444 donum
1371 1421 1471 1452 potest.
1490 1417 1529 1443 Ad
1548 1416 1618 1443 hanc
1637 1424 1703 1451 ergo
1723 1416 1814 1444 Eccle-

1021 1463 1090 1491 siam
1115 1462 1181 1490 dicit
1202 1462 1327 1490 Christus
1348 1471 1354 1490 :
1376 1462 1462 1495 Veni,
1493 1467 1520 1489 tu
1537 1461 1662 1488 columba
1682 1469 1742 1488 mea
1756 1482 1763 1494 ,
1786 1467 1814 1489 et

1020 1509 1098 1540 veni.
1121 1509 1147 1536 in
1168 1510 1337 1544 operimento
1354 1513 1452 1544 pctrte;
1475 1510 1577 1537 docens
1598 1517 1658 1536 eam
1675 1515 1705 1536 ut
1719 1514 1813 1544 operta

1019 1600 1185 1633 tationibus,
1211 1601 1258 1628 sed
1280 1600 1331 1627 sub
1351 1600 1447 1628 umbra
1470 1605 1553 1635 petrzc
1573 1600 1682 1627 incedat
1707 1601 1817 1628 obtecta

1018 1646 1111 1674 dicens
1131 1654 1139 1673 :
1157 1645 1273 1681 Spiritus
1293 1646 1380 1673 vultus
1407 1647 1490 1673 nostri
1523 1646 1644 1673 Christus
1669 1646 1814 1679 Dominus,

1019 1692 1063 1718 cui
1076 1691 1193 1718 diximus
1209 1699 1217 1719 :
1235 1691 1267 1719 In
1282 1692 1375 1719 umbra
1397 1694 1452 1727 ejus
1466 1693 1580 1720 vivemus
1595 1693 1621 1719 in
1637 1693 1760 1728 gentibus
1776 1691 1817 1718 ⁸³.

1019 1736 1132 1765 Obiecta
1154 1744 1244 1766 autem
1263 1738 1362 1765 incedit
1375 1743 1402 1766 et
1419 1737 1559 1773 adoperta,
1585 1738 1650 1773 quia
1665 1738 1747 1765 debet
1761 1745 1812 1772 po-

1020 1787 1143 1810 testatem
1165 1783 1263 1810 habere
1277 1791 1358 1818 super
1369 1787 1460 1818 caput,
1477 1787 1584 1818 propter
1601 1783 1723 1818 angelos.
1744 1783 1814 1809 Cum

1021 1833 1112 1856 autem
1131 1830 1236 1856 venerit
1248 1829 1283 1856 ad
1299 1829 1479 1864 promuralem
1497 1829 1597 1860 locum,
1617 1829 1642 1855 id
1661 1834 1702 1856 est
1719 1829 1752 1855 ad
1770 1828 1813 1855 lu-

1021 1875 1073 1902 turi
1091 1875 1184 1902 saeculi
1205 1879 1317 1908 statum,
1333 1875 1370 1902 ibi
1384 1875 1417 1902 ad
1431 1883 1490 1902 eam
1507 1875 1572 1902 dicit
1589 1884 1596 1901 :
1616 1873 1733 1902 Ostende
1750 1875 1815 1901 mihi

1020 1921 1115 1955 facient
1130 1926 1218 1953 tuam,
1231 1926 1255 1948 et
1270 1921 1388 1948 auditam
1403 1921 1446 1956 [ac
1459 1921 1523 1947 mihi
1541 1929 1626 1948 vocem
1643 1926 1717 1948 tuam
1727 1942 1734 1953 ,
1748 1923 1814 1956 quia

1019 1974 1069 1993 vox
1089 1970 1135 1992 tua
1147 1966 1234 1993 suavis
1254 1970 1302 1993 est.
1319 1966 1445 1993 Auditum
1460 1966 1517 1993 vult
1534 1966 1592 1993 licri
1607 1974 1702 1994 vocem
1715 1965 1812 1993 Eccle-

1019 2012 1067 2040 size
1083 2020 1152 2044 sua),
1169 2012 1234 2047 quia
1250 2013 1296 2047 qui
1311 2020 1373 2040 cum
1390 2012 1534 2040 confessus
1552 2011 1634 2039 fuerit
1650 2020 1744 2040 coram
1764 2012 1815 2039 bo-

1020 2057 1152 2090 minibus,
1168 2062 1196 2084 et
1217 2058 1275 2093 ipse
1288 2058 1460 2085 conlitebitur
1475 2066 1536 2085 eum
1557 2065 1650 2085 ceram
1667 2057 1746 2085 Patre
1762 2064 1815 2085 suo

1019 2102 1065 2138 qui
1085 2103 1112 2130 in
1129 2103 1205 2131 cmlis
1219 2107 1270 2131 est.
1291 2103 1360 2136 Quia
1382 2111 1431 2130 vox
1451 2108 1498 2130 tua
1519 2104 1606 2130 suavis
1624 2108 1673 2130 est.
1695 2103 1727 2130 Et.
1750 2104 1814 2139 quis

1020 2156 1073 2175 non
1089 2148 1186 2176 fatetur
1201 2157 1312 2177 suavem
1327 2157 1418 2177 vocem
1434 2149 1560 2178 Ecclesiae
1574 2150 1715 2178 catholica:
1731 2151 1813 2177 iidem

175 2194 206 2217 ut
222 2190 324 2226 aliquid
337 2191 458 2226 apertius
473 2192 554 2220 etiam
570 2192 604 2220 de
623 2192 733 2220 nomine
745 2194 913 2228 promuralis
926 2195 968 2222 di-
985 2193 1007 2220 Ι)
1020 2202 1112 2221 veram
1137 2196 1292 2223 confitentis
1305 2215 1313 2227 ,
1337 2195 1476 2222 insuavem
1500 2203 1564 2222 vero
1589 2200 1616 2222 et
1633 2195 1812 2231 injucundam

176 2242 282 2263 camus.
298 2235 393 2269 Quod,
410 2236 481 2264 sicut
495 2245 578 2272 supra
592 2237 728 2272 diximus,
743 2239 844 2267 indicat
857 2248 966 2268 murum

175 2287 237 2308 esse
255 2286 318 2309 ante
338 2289 464 2316 murum,
483 2283 557 2318 quod
571 2284 653 2311 etiam
677 2284 704 2311 in
725 2284 793 2312 Isaia
811 2285 869 2320 ,hoc
886 2287 967 2314 modo

175 2326 276 2354 dicitur
293 2336 301 2354 :
316 2327 390 2355 Pone
413 2335 518 2355 murum
539 2334 565 2356 et
587 2330 659 2356 circa
684 2338 790 2358 murum
815 2332 849 2359 ".
872 2332 966 2362 Murus

175 2373 376 2407 munimentum
392 2374 510 2403 civitatis
530 2380 583 2404 est.
607 2376 685 2405 Alius
707 2385 772 2405 vero
795 2386 890 2406 murus
905 2383 967 2406 ante

176 2425 298 2452 murum,
311 2419 354 2446 vel
367 2419 440 2447 circa
457 2427 576 2455 murum,
592 2423 696 2457 majora
711 2427 740 2451 et
755 2423 886 2452 validiora
903 2432 966 2451 mu-

175 2464 297 2493 nimenta
313 2465 446 2501 designat.
468 2466 521 2494 Per
538 2468 610 2502 quod
626 2469 796 2502 ostenditur,
817 2471 882 2506 quia
901 2477 967 2498 evo-

177 2517 244 2538 cans
258 2518 350 2538 sermo
365 2510 412 2539 Dei
436 2512 556 2539 animam
575 2517 602 2540 et
620 2513 738 2542 educens
750 2522 811 2543 eam
826 2523 841 2542 a
865 2523 965 2550 corpo-

176 2555 280 2584 ralibus
294 2557 412 2592 negotiis
432 2562 460 2585 et
481 2559 621 2593 corporeis
636 2560 774 2593 sensibus,
790 2561 890 2588 docere
905 2569 966 2588 eam

177 2601 211 2629 de
225 2601 311 2630 futuri
325 2603 418 2630 szeculi
438 2604 576 2638 mysteriis
595 2606 680 2640 cupit,
704 2610 733 2633 et
756 2606 818 2633 inde
832 2607 856 2633 ei
874 2607 966 2634 muni-

177 2651 268 2674 menta
281 2649 454 2684 conquirere.
471 2653 500 2676 ut
514 2657 561 2685 spe
577 2650 732 2678 futurorum
751 2652 856 2679 munita
872 2657 899 2679 et
913 2653 967 2680 cir-

177 2693 304 2720 cumdata
320 2694 347 2720 in
364 2695 439 2722 nullo
454 2695 541 2729 possit
556 2696 597 2723 vel
613 2697 749 2725 illecebris
765 2697 847 2732 vinci,
861 2699 900 2726 vel
917 2700 966 2726 tri-

179 2735 363 2766 bulationibus
379 2739 498 2776 fatigari.

213 2793 236 2808 “
251 2792 322 2821 Psal.
349 2802 403 2826 etv.
424 2795 469 2823 54.
505 2796 526 2812 ⁵⁸
546 2796 566 2823 ll
576 2796 747 2828 Cor.t.t,18.

181 2835 255 2863 uvt,
274 2829 298 2854 Ι.
349 2829 370 2844 ⁶⁶
383 2829 462 2857 llum.
480 2831 575 2862 xt,25,
588 2832 633 2860 26.
679 2834 700 2848 ⁶⁷
716 2833 775 2859 Pali
805 2842 886 2856 Hm-
915 2835 945 2856 l3

804 2798 846 2825 "l
862 2799 924 2850 Cor;
943 2800 1064 2850 “Inui?

805 2842 886 2850 utr...
930 2835 944 2850 ’ἶ
996 2838 1002 2850 t
1033 2835 1053 2840 "

996 2838 1017 2851 (Ii
1033 2838 1078 2854 γι.

1019 2248 1080 2268 esse
1097 2241 1285 2268 bzrreticorum
1301 2248 1405 2274 vocem,
1428 2241 1474 2276 qui
1496 2249 1549 2269 non
1568 2241 1695 2276 dogmata
1712 2243 1810 2269 verita~

1021 2286 1066 2319 tis,
1092 2287 1139 2314 sed
1165 2287 1348 2321 blasphemias
1373 2287 1399 2314 in
1419 2285 1522 2318 Deum,
1544 2292 1571 2314 ct
1587 2288 1757 2322 iniquitatem
1782 2289 1811 2315 in

1017 2332 1154 2359 excelsum
1167 2332 1333 2367 loquuntur?
1347 2331 1392 2360 Sic
1405 2338 1432 2360 et
1447 2332 1530 2360 iacies
1547 2332 1675 2360 Ecclesiae
1687 2334 1811 2368 speciosa

1017 2382 1059 2405 est
1079 2386 1086 2405 :
1109 2378 1297 2405 bmreticorum
1318 2384 1384 2405 vero
1399 2378 1487 2412 turpis
1499 2382 1526 2405 ct
1540 2376 1630 2410 imda;
1651 2378 1674 2405 si
1692 2378 1754 2412 quis
1770 2383 1811 2405 est

1017 2427 1108 2450 tamen
1123 2424 1169 2459 qui
1188 2423 1256 2451 bene
1270 2424 1375 2451 noverit
1387 2423 1616 2458 pulchritudinem
1637 2424 1730 2451 vultus
1748 2432 1811 2459 pro-

1019 2469 1094 2501 bare,
1111 2469 1137 2496 id
1152 2473 1193 2496 est
1208 2469 1231 2496 si
1243 2469 1305 2504 quis
1319 2469 1450 2504 spiritalis
1468 2473 1510 2496 est
1525 2470 1572 2504 qui
1586 2469 1638 2496 scit
1650 2470 1811 2496 examinare

1019 2515 1121 2542 omnia.
1144 2513 1211 2542 Nam
1227 2515 1298 2550 apud
1316 2515 1457 2550 imperitos
1480 2519 1506 2542 et
1530 2515 1662 2542 animales
1684 2515 1810 2542 homines

1019 2560 1176 2595 pulchriora
1210 2560 1336 2587 videntur
1362 2560 1496 2588 mendacii
1530 2560 1701 2594 sophismata
1727 2569 1809 2596 quam

1019 2605 1146 2640 dogmata
1164 2606 1298 2633 veritatis.
1324 2605 1474 2634 Possumus
1488 2609 1579 2633 autem
1600 2605 1690 2633 adhuc
1702 2606 1737 2633 dc
1751 2606 1809 2633 loco

1018 2649 1166 2684 promurali
1180 2650 1262 2677 etiam
1281 2650 1332 2677 hoc
1347 2650 1457 2683 addere,
1471 2650 1542 2685 quod
1560 2651 1719 2685 promurale
1734 2651 1810 2679 sinus

1019 2697 1054 2724 sit
1068 2695 1166 2728 Patris,
1188 2696 1214 2722 in
1235 2704 1289 2730 quo
1306 2696 1411 2730 positus
1431 2695 1587 2730 unigenitus
1600 2695 1688 2723 Filius
1700 2701 1811 2725 enarrat

1018 2742 1109 2769 omnia
1125 2747 1151 2769 et
1169 2743 1294 2769 enuntiat
1310 2741 1439 2770 Ecclesia:
1459 2749 1516 2769 sua:
1531 2749 1702 2778 quaecunque
1724 2743 1751 2770 in
1770 2751 1810 2770 se-

1720 2802 1743 2818 ⁶⁸
1761 2801 1811 2829 Isti.
