1879 3046
206 119 240 146 95
708 116 882 144 ORlGliNES
899 114 931 142 IN
952 113 1130 141 CANTICUM
1151 112 1288 140 CANTlC.

1771 115 1817 142 196

187 178 319 211 assertio,
343 185 540 214 eougrcgemus
554 186 585 205 ex
605 178 707 204 divinis
723 176 907 204 voluntiniluts
921 176 975 202 sic—
993 177 1013 204 Α
1031 179 1190 209 argumenta
1221 174 1340 200 carnalis
1362 178 1387 200 et
1414 178 1528 200 tot-reum
1554 174 1697 208 sapientiae
1719 174 1817 200 confut-

189 225 234 252 ubi
261 225 388 251 antmalis
420 225 502 257 hujus
527 225 628 251 mentio
652 223 721 250 facta
750 228 800 249 est.
826 221 980 248 Invenimus

188 278 254 305 ergo
274 270 300 296 itt
319 270 490 304 sexagesimo
511 271 631 297 secundo
662 270 766 304 psalmo
780 268 813 294 de
832 267 922 302 impiis
943 267 978 293 ita

189 318 243 343 diti
261 325 267 343 ς
287 315 342 350 Ipsi
357 324 414 342 vero
430 317 456 342 in
474 317 735 350 ranumqumsierunt
752 315 867 340 animum
883 322 978 344 meum,

190 363 335 389 introibant
355 362 381 388 in
401 362 529 396 inferiora
551 366 644 392 terras,
673 361 810 387 tradentur
833 361 859 385 in
886 367 979 385 manus

190 407 282 442 gladii,
301 413 390 442 partes
407 407 522 441 vulpium
537 412 612 433 erant
625 407 657 433 ⁷³.
681 405 732 432 Sed
749 410 775 432 et
791 406 816 432 itt
832 404 980 437 Evangelia

191 454 339 482 secundum
368 454 522 480 Matthteum
543 453 667 479 Salvator
681 453 713 478 ad
735 452 858 478 Scribam
873 451 920 485 qui
936 451 979 477 di-

191 501 267 527 crbat
285 500 309 527 ei
325 509 332 526 :
352 499 494 534 Magister,
509 507 602 534 sequar
620 503 642 524 te
656 506 809 533 quocunque
830 498 891 524 ieris
903 517 909 528 ,
935 505 978 523 res

190 546 298 580 spondit
315 555 320 572 :
344 544 435 579 Vulpes
457 545 544 579 [orcus
567 543 660 571 habent
682 549 706 570 et
724 544 840 570 rolucres
860 543 918 569 (teli
938 543 979 568 ni-

189 592 237 618 dos
257 592 301 618 ubi
324 592 494 626 requiescant,
513 589 601 616 Filius
628 596 714 616 autent
731 590 844 616 hominis
859 597 910 615 non
933 591 978 615 Ita-

189 636 230 663 [γει
251 637 295 663 ubi
317 641 395 670 caput
416 644 492 663 situm
514 636 620 662 reclinet
640 636 673 662 ⁷⁸.
696 635 826 662 Similiter
844 639 934 661 autem
953 637 980 660 et.

189 682 215 708 in
235 681 378 716 Evangelio
392 681 542 708 secundum
565 680 665 708 Lucam
682 681 714 707 ad
728 689 776 707 eos
791 681 837 714 qui
851 680 979 707 dixerunt

188 727 301 754 Dontitto
318 736 324 754 :
344 727 406 759 Exi,
429 732 453 754 et
475 727 540 754 uade
562 727 632 759 hinc,
659 727 722 762 quia
745 726 860 752 Herodes
884 725 937 752 vult
956 730 980 752 te

186 773 312 806 accidere,
330 773 470 808 respondit
483 772 562 801 Jesus
578 781 584 799 :
602 773 702 800 Euutes
718 773 797 799 dicite
807 772 878 806 rulpi
894 772 955 798 ltuit
969 779 978 798 :

187 817 254 845 Ecce
271 826 317 852 ego
338 818 417 852 ejicio
439 818 571 845 dtemortia
596 822 621 845 et
640 818 766 844 sanitates
782 817 888 852 perﬁcio
902 816 979 843 hodie

187 869 209 892 et
226 865 354 897 crastina,
372 869 396 891 et
410 865 436 891 in
452 865 495 891 die
511 864 589 891 tertia
604 863 805 891 consummobor
816 864 849 889 ⁷⁸.
868 863 894 889 In
911 863 979 889 libro

187 918 296 945 quoque
308 910 447 942 Iudicum,
460 909 576 938 Samson
589 919 651 938 cum
665 918 734 937 uxor
744 918 805 945 qua:
817 914 877 937 erat.
889 917 921 936 ex
936 917 980 944 ge~

189 965 253 984 nere
268 956 473 984 Philistinorunt
490 957 514 983 ei
530 955 628 983 fuisset
639 956 739 988 ablata,
763 956 800 983 sit
821 955 854 982 ad
875 959 978 989 patrctn

188 1004 248 1038 ejus
263 1012 270 1030 :
286 1002 412 1030 lnnocens
427 1011 484 1029 sum
500 1010 546 1038 ego
559 1003 607 1029 Imc
620 1003 673 1030 rice
689 1002 720 1028 ab
734 1002 880 1037 Allophylis
890 1024 897 1034 ,
917 1002 979 1036 quia

189 1049 284 1084 faciam
301 1049 433 1075 vobiscum
451 1049 531 1075 mala.
553 1048 585 1074 Et
606 1049 671 1075 abiit
691 1047 815 1081 Samson,
832 1053 856 1075 et
879 1048 978 1082 accepit

189 1099 318 1122 trecentas
333 1095 430 1130 rit/pes,
450 1099 474 1121 et
494 1094 593 1129 accepit
612 1094 757 1129 lampades,
770 1100 791 1120 et
807 1094 899 1128 ligavit
914 1101 979 1120 cau-

187 1141 249 1167 dam
263 1141 296 1166 nd
311 1140 434 1172 caudam,
449 1144 473 1166 et
484 1140 571 1174 posuit
587 1139 734 1174 lampadem
745 1147 824 1166 unum
836 1139 978 1166 interduim

186 1186 241 1220 93
255 1185 354 1212 caudas
371 1185 498 1219 vulpium,
518 1190 542 1210 et
557 1185 675 1211 accendit
695 1185 779 1219 ignem
797 1184 824 1210 in
843 1183 977 1217 latnpadi-

187 1236 244 1263 Dus,
258 1236 281 1257 et
295 1231 379 1257 emisit
402 1239 445 1257 eas
456 1239 502 1264 per
513 1239 606 1257 "losses
623 1230 836 1264 Allopltyt'ornnt,
850 1234 873 1256 et
890 1230 978 1255 inuen-

186 1277 224 1302 dit
244 1277 440 1303 onmes’messes
457 1284 546 1302 eorum
565 1281 588 1302 et
600 1275 713 1309 stipulas
732 1283 832 1308 rarum,
851 1279 874 1301 ct
890 1275 977 1301 rineas

185 1331 275 1349 eorum
286 1323 319 1352 ⁷⁵.
333 1327 359 1349 et
372 1322 470 1348 oliveta
485 1329 590 1348 corutn.
605 1321 699 1347 Adhuc
711 1326 800 1347 autem
816 1321 842 1347 itt
858 1321 977 1347 secundo

186 1367 257 1394 libro
269 1367 372 1399 Esdrm,
389 1367 434 1394 ubi
446 1366 547 1394 Tobias
558 1366 728 1393 Allllltolliit‘s
744 1367 882 1401 impedivit
909 1366 976 1393 aedi--

189 1413 342 1439 [irationem
367 1420 462 1439 eorum
488 1412 534 1446 qui
551 1412 584 1438 de
601 1412 755 1446 captivitate
775 1412 921 1442 redierant,
947 1415 977 1438 ut

187 1459 353 1486 aediﬁcarent
364 1458 493 1492 templum
509 1461 536 1484 et
549 1465 668 1489 murum,
696 1457 731 1484 ait
747 1457 778 1483 ad
793 1457 949 1490 Allopltylos
967 1466 974 1484 :

190 1503 317 1539 Nunquid
341 1504 387 1530 isti
410 1503 597 1538 sacriﬁcabant
615 1509 662 1530 aut
688 1503 825 1529 routednut
838 1504 975 1530 immolata
989 1520 1012 1550 ε

187 1550 215 1576 in
229 1549 276 1576 huc
306 1549 384 1576 loro?
400 1548 495 1576 Nonne
510 1548 653 1576 arccttdunt
680 1548 779 1583 rulpcr,
800 1554 824 1576 et
842 1549 976 1577 destruent

188 1603 291 1622 marum
310 1597 427 1630 ipsorum
442 1603 517 1630 quem
529 1602 561 1621 ex
579 1594 712 1628 lapidibus
727 1595 859 1629 a'di/icnnt
873 1595 915 1622 ’7?

223 1640 286 1669 llazc
301 1645 365 1668 sunt
378 1641 487 1668 interim
507 1648 568 1675 qua).
581 1641 614 1667 ad
631 1649 751 1675 pra-setis
765 1641 844 1668 nobis
856 1649 889 1668 ex
906 1641 980 1669 Scri-

188 1685 277 1720 pturis
291 1685 391 1712 divinis
405 1693 550 1712 occurrere
580 1691 738 1720 potuerunt,
757 1686 783 1713 itt
799 1686 899 1721 quibus
920 1687 980 1714 ani-

188 1732 268 1759 malis
284 1732 366 1766 hujus
382 1732 512 1758 memoria
537 1731 606 1760 facta
626 1737 677 1764 est,
694 1737 722 1759 ttt
748 1741 781 1760 ex
810 1733 852 1760 Itis
868 1733 978 1768 sapiens

187 1778 304 1812 quisque
327 1777 413 1805 lector
434 1778 581 1813 prudenter
605 1779 690 1813 possit
706 1778 851 1813 conjicere,
871 1779 893 1805 si
917 1783 979 1813 apta

187 1823 228 1850 usi
244 1831 341 1851 sumus
361 1824 531 1858 expositione
563 1825 590 1851 itt
616 1825 658 1851 his
673 1832 734 1859 qua:
757 1825 895 1859 proposita
915 1829 981 1852 suttt

186 1870 276 1902 nobis,
292 1870 325 1897 ad
345 1870 546 1905 cxplanaudum
564 1870 590 1897 id
616 1871 688 1905 qttod
704 1871 760 1898 ait:
790 1870 884 1905 Capite
902 1870 977 1897 nobis

186 1917 273 1952 rulpcr
285 1917 406 1952 pusillas.
440 1916 472 1944 Et
486 1917 612 1951 quamvis
637 1924 782 1951 operosum
809 1917 845 1944 sit
871 1916 978 1951 singula

184 1971 246 1998 qua:
270 1963 386 1997 exempli
402 1970 486 1990 causa
500 1962 702 1996 assumpsimus
714 1962 871 1997 explanare,
886 1967 976 1988 tamen

183 2017 244 2044 qua:
262 2009 421 2043 poterimus,
434 2009 551 2036 breviter
565 2009 766 2043 contittgemus.
793 2008 824 2035 Et
841 2008 929 2042 printo
945 2007 979 2034 de

183 2055 351 2090 sexagesimo
363 2055 482 2082 sccttndo
491 2054 596 2088 psalmo
611 2054 763 2087 videamus,
777 2054 822 2081 ubi
837 2061 900 2081 cum
911 2053 978 2088 justi

185 2100 304 2126 animam
335 2103 563 2134 persequerentur
587 2099 673 2133 impii,
702 2099 747 2125 ille
775 2099 909 2133 psallebat
937 2099 976 2125 di-

184 2154 270 2173 cens:
294 2145 350 2180 Ipsi
385 2151 473 2172 autent
498 2147 526 2173 in
542 2154 640 2173 vanum
665 2146 825 2180 quwsierunt
858 2145 976 2171 animant

1031 225 1107 254 μηνὶ,
1127 221 1152 246 itt
1171 220 1299 246 inferiora
1315 225 1392 246 terra:
1411 220 1539 246 dicuntur
1556 219 1682 254 ingredi:
1698 219 1737 245 vel
1749 225 1817 246 certe

1031 265 1094 299 quia
1113 265 1223 298 gravius
1241 264 1413 298 delinquunt.
1432 265 1477 299 qui
1496 270 1601 291 terrena
1619 264 1815 298 docent.quant

1031 312 1075 345 qui
1090 311 1125 336 ita
1140 311 1244 341 vivunt,
1269 312 1309 337 vis
1327 311 1416 337 futura
1446 318 1524 345 ptrna
1549 310 1630 336 etiam
1644 310 1753 344 gravior
1769 310 1818 335 int-

1030 357 1114 384 minet
1139 366 1144 383 ε
1173 357 1310 391 iidemque
1333 357 1382 392 ipsi
1412 357 1438 383 itt
1461 364 1559 383 manus
1585 357 1667 390 gladii
1699 356 1816 383 tradendi

1030 404 1246 438 prepltctantur,
1275 403 1348 430 illitis
1376 403 1500 430 fortassis
1530 402 1648 429 ﬂammei
1673 406 1702 429 et
1729 410 1816 428 Versa-

1031 449 1096 476 tilis.

1065 495 1208 528 Quomodo
1223 499 1314 522 autem
1339 500 1365 521 et
1393 500 1484 530 partes
1496 494 1617 529 vulpium
1637 494 1716 525 ﬁant,
1731 494 1819 520 videa-

1030 549 1100 567 mus.
1118 540 1214 568 Omnis
1227 542 1318 568 anima
1343 546 1391 567 aut
1415 549 1478 575 pars
1499 547 1541 569 cst
1566 540 1624 571 Dei,
1642 545 1689 566 aut
1705 548 1767 574 pars
1781 546 1819 566 est

1030 586 1219 620 cujuscunque
1236 586 1282 620 qui
1296 586 1401 620 accepit
1419 591 1578 620 potestatem
1590 593 1673 620 super
1687 585 1817 611 homines.

1030 630 1096 657 Nam
1110 639 1168 657 cum
1182 631 1310 658 divideret
1335 631 1488 658 Altissimus
1501 637 1588 666 genter
1600 651 1607 662 ,
1625 635 1649 657 ιιι
1664 631 1819 665 dispergeret

1030 676 1100 710 ﬁlios
1118 676 1215 708 Adam,
1230 677 1325 702 statuit
1341 677 1405 710 ﬁnes
1422 677 1538 710 gentium
1566 676 1711 702 secundant
1734 684 1820 702 nume-

1031 730 1088 748 rum
1101 721 1253 756 angelorum
1277 721 1335 753 Dei,
1349 728 1372 748 et
1391 722 1463 756 farta
1481 726 1520 748 est
1537 722 1624 756 portio
1652 721 1761 747 Domini
1775 720 1821 747 Ja-

1031 766 1119 793 cob".
1138 767 1205 793 Cum
1232 774 1297 801 ergo
1320 770 1428 793 constet
1456 774 1679 800 unamquamque
1703 766 1820 793 animam

1031 817 1078 838 aut
1092 812 1118 838 itt
1134 816 1210 846 parte
1227 811 1285 843 Dei,
1303 816 1349 838 aut
1368 812 1393 838 itt
1414 816 1489 846 parte
1509 819 1570 839 esse
1580 812 1695 840 alterius
1711 811 1822 846 cujusli-

996 849 1015 876 Β
1031 857 1084 890 ὺίιι,
1100 857 1231 892 quoniam
1243 857 1353 891 quidem
1373 865 1422 892 per
1444 857 1549 884 arbitrii
1565 857 1718 884 libertatem
1733 858 1821 892 possis

1032 903 1084 930 bile
1098 908 1139 930 est
1154 911 1377 938 unumquemque
1393 911 1426 930 ex
1455 908 1531 938 parte
1558 903 1672 931 alterius
1697 905 1822 936 transire,

1032 949 1072 976 vel
1090 949 1121 976 ad
1139 955 1243 984 partem
1269 949 1316 977 Dei
1333 951 1356 977 si
1371 950 1468 977 ntelius
1489 951 1547 984 ipso
1568 956 1683 985 juvante
1702 951 1821 985 elegerit,

1032 995 1071 1022 vel
1085 995 1106 1022 si
1123 995 1240 1029 nequius
1255 995 1287 1022 ad
1305 996 1458 1023 tlzemonum
1472 997 1636 1030 portionem,
1647 997 1711 1024 hinc
1727 998 1822 1024 ltoruut

1032 1041 1134 1067 tttentio
1153 1041 1268 1068 habetur
1284 1040 1311 1068 in
1325 1041 1430 1076 psalmo
1447 1051 1454 1068 :
1473 1041 1525 1074 Qui
1539 1042 1564 1068 itt
1591 1050 1693 1069 vanum
1709 1043 1822 1078 quaesie-

1031 1092 1095 1114 runt
1110 1086 1228 1114 animam
1240 1087 1319 1122 justi,
1333 1092 1424 1122 partes
1447 1093 1527 1116 erunt
1541 1089 1677 1123 vulpium,
1705 1090 1787 1116 veluti
1800 1089 1821 1116 si

1030 1134 1133 1161 diceret
1163 1139 1190 1160 et
1211 1134 1391 1168 pessimorum
1419 1139 1446 1160 et
1470 1135 1702 1169 nequissimorum
1728 1135 1822 1162 daemo-

1031 1188 1095 1206 num
1115 1186 1205 1215 partes
1222 1185 1321 1208 erunt:
1341 1186 1370 1208 ttt
1396 1189 1566 1216 ntmqttreque
1596 1183 1716 1216 maligna
1740 1183 1821 1209 virttis

1028 1231 1057 1253 et
1070 1227 1174 1260 dolosa,
1192 1235 1240 1261 per
1267 1235 1348 1262 quam
1362 1228 1534 1262 deeeptioncs
1549 1233 1576 1255 et
1607 1228 1719 1255 fraudes
1751 1229 1822 1255 falsa!

1029 1273 1151 1300 scicntite
1172 1274 1332 1300 introdch
1355 1278 1430 1305 sunt,
1449 1274 1598 1309 ﬁguraliter
1619 1275 1716 1309 vulpes
1732 1274 1822 1309 appel‘

1029 1318 1136 1350 lentur;
1153 1323 1179 1346 et
1193 1319 1219 1346 lti
1237 1320 1283 1354 qui
1311 1319 1338 1346 itt
1363 1319 1435 1347 ltuttc
1450 1328 1570 1347 errorem
1595 1321 1779 1352 deducuntur,
1795 1323 1820 1347 et

1028 1364 1125 1391 noluttt
1141 1365 1316 1399 acquiescere
1345 1366 1419 1392 sanis
1441 1366 1615 1393 sermonibus
1643 1366 1749 1393 Domini
1771 1373 1821 1393 no-

1028 1409 1076 1436 stri
1092 1409 1156 1437 Jesu
1174 1410 1288 1442 Christi,
1311 1414 1338 1436 et
1354 1409 1485 1437 doctrina:
1510 1418 1571 1445 quae
1599 1411 1750 1438 secundutn
1765 1410 1821 1446 pic-

1028 1459 1111 1482 tatem
1128 1460 1180 1488 est,
1202 1457 1248 1483 sed
1277 1456 1365 1490 decipi
1385 1464 1415 1483 se
1434 1457 1577 1491 patiuntur
1604 1465 1619 1483 a
1647 1457 1758 1491 talibus,
1780 1456 1820 1485 isti

1028 1502 1125 1529 talium
1143 1507 1233 1537 partes
1245 1503 1367 1538 vulpium
1383 1503 1456 1535 fient,
1481 1508 1507 1530 et
1523 1503 1676 1530 itttroibunt
1696 1511 1760 1531 cum
1782 1503 1820 1531 eis

1032 1549 1059 1576 in
1078 1549 1206 1576 inferiora
1222 1554 1310 1578 teme.
1323 1551 1375 1586 ipsi
1391 1555 1456 1578 sunt
1465 1551 1539 1578 etilli
1557 1551 1584 1578 in
1612 1551 1713 1586 quibus
1727 1558 1822 1578 secun-

1030 1594 1096 1622 dum
1111 1594 1287 1630 Evangeliutn
1305 1597 1399 1631 vulpes
1424 1597 1482 1623 ista:
1499 1603 1569 1630 quas
1587 1603 1669 1630 supra
1688 1603 1822 1622 memora-

1031 1641 1132 1674 vimus,
1149 1641 1240 1670 foveas
1259 1642 1361 1669 habere
1372 1643 1511 1675 dicuntur,
1526 1643 1552 1669 in
1569 1642 1670 1677 quibus
1680 1642 1766 1670 Filius
1781 1642 1822 1668 bo-

1033 1686 1117 1714 tttinis
1132 1695 1185 1714 tton
1200 1687 1281 1714 habet
1297 1688 1341 1714 ubi
1353 1691 1434 1721 caput
1446 1695 1527 1715 suum
1547 1688 1670 1715 reclinet.
1689 1687 1819 1715 Herodem

1031 1740 1141 1767 quoque
1154 1734 1262 1768 vulpem
1289 1733 1458 1760 nominatum
1481 1741 1532 1768 pro
1556 1734 1646 1762 fallaci
1677 1735 1821 1761 calliditate

1032 1777 1197 1804 credendum
1215 1782 1265 1805 est.
1279 1776 1346 1804 Nam
1369 1778 1402 1805 de
1417 1777 1533 1805 Samson
1554 1778 1599 1812 qui
1613 1782 1750 1805 trecentas
1765 1778 1820 1804 vul-

1031 1831 1080 1858 pes
1096 1824 1212 1858 crpisse,
1228 1827 1255 1850 et
1284 1823 1428 1858 colligasse
1448 1831 1496 1858 per
1515 1824 1628 1856 caudas,
1643 1829 1726 1859 atque
1742 1825 1820 1852 inter~

1030 1870 1131 1904 jecis>e
1146 1869 1286 1904 lampades
1302 1870 1429 1897 ardentes
1446 1871 1472 1896 iu
1499 1870 1590 1897 medio
1608 1871 1772 1904 caudarum,
1787 1876 1822 1898 at-

1032 1923 1085 1950 que
1103 1915 1250 1942 immisisse
1266 1923 1313 1949 per
1331 1923 1434 1942 ntesscs
1457 1915 1674 1950 Allopltylorum,
1691 1921 1718 1943 ct
1731 1917 1821 1944 inccn-

1031 1962 1106 1988 dissc
1121 1970 1166 1988 eas
1178 1969 1239 1988 cum
1254 1962 1362 1996 stipulis
1385 1966 1412 1988 et
1433 1961 1541 1988 olivetis
1557 1962 1701 1997 vineisque
1718 1971 1820 1989 mento-

1031 2012 1118 2038 ratur,
1132 2008 1210 2034 valde
1227 2007 1295 2034 mihi
1312 2006 1429 2035 dillicilis
1445 2007 1541 2035 formae
1563 2008 1646 2042 hujus
1665 2010 1707 2035 vel
1731 2009 1821 2044 ﬁgunt:

1030 2054 1138 2081 videtur
1150 2055 1315 2088 explanatio.
1333 2054 1482 2081 Tentcmus
1512 2059 1602 2081 tamen
1624 2055 1716 2089 aliqua
1731 2063 1764 2083 ex
1782 2056 1821 2082 his

1032 2101 1142 2135 pulsare
1157 2108 1206 2135 pro
1238 2101 1352 2133 viribus,
1384 2106 1411 2128 ct
1434 2109 1578 2135 ponamus,
1592 2102 1665 2129 sicut
1689 2103 1822 2137 expositio

1031 2146 1164 2174 nostrain
1183 2147 1370 2181 superioribus
1387 2148 1517 2179 continet,
1544 2148 1639 2182 vulpes
1665 2157 1725 2177 esse
1748 2149 1820 2177 falla-

184 2199 279 2224 meam,
304 2191 451 2218 introibant
475 2192 502 2217 in
524 2191 653 2226 inferiora
665 2195 751 2224 tet-rte,
780 2190 920 2217 tradentur
949 2190 975 2216 in
994 2189 1015 2216 D
1031 2200 1076 2219 ccs
1094 2199 1291 2226 perversosque
1307 2193 1443 2220 doctores.
1470 2193 1525 2220 llos
1557 2193 1676 2221 Samson
1702 2197 1748 2230 qui
1767 2196 1820 2223 veri

184 2244 277 2263 ntunus
292 2236 386 2271 gladii,
403 2242 489 2271 partes
505 2237 622 2271 vulpium
651 2241 727 2263 erunt
741 2236 773 2264 ⁷⁸.
800 2235 829 2263 In
851 2244 904 2270 quo
921 2237 975 2263 uti-

183 2289 236 2316 que
250 2281 402 2308 ostenditur
420 2281 492 2316 quod
509 2282 586 2308 vanis
598 2285 624 2308 et
644 2281 771 2308 inanibus
795 2281 884 2308 verbis
899 2281 974 2316 pravi

182 2328 308 2355 doctores
321 2327 445 2362 decipere
461 2327 582 2354 volentes
607 2327 727 2354 animant
754 2327 834 2362 justi,
860 2327 974 2355 introire

181 2373 311 2400 dicuntur
326 2373 354 2399 itt
369 2372 499 2400 inferiora
523 2377 611 2405 terrae,
627 2377 727 2400 terram
746 2377 838 2406 utpote
865 2374 974 2408 sapien-

181 2423 232 2451 tes,
244 2423 271 2446 et
284 2419 317 2446 de
331 2425 401 2446 terra
435 2419 588 2454 loquentes,
607 2423 689 2453 atque
705 2419 731 2445 itt
756 2419 885 2446 inferiora
899 2420 970 2454 ejus,

181 2465 206 2492 id
224 2469 266 2492 est
283 2464 310 2491 in
340 2465 504 2499 profuttdutn
533 2465 655 2492 stultitia:
667 2465 873 2493 descendentes.
900 2465 969 2492 Puto

178 2511 252 2538 enim
281 2511 354 2546 quod
385 2511 412 2538 hi
448 2511 495 2545 qui
525 2511 671 2538 earnali:er
700 2511 804 2543 vivunt,
833 2511 897 2545 quia
918 2511 970 2538 silui

181 2558 246 2592 ipsis
261 2557 450 2585 tantummodo
462 2561 570 2590 uocent,
583 2562 653 2585 terra
672 2565 733 2585 esse
746 2562 773 2585 et
787 2558 814 2585 in
832 2563 904 2586 terra
921 2558 972 2584 ha-

179 2604 264 2632 hilare
279 2604 419 2631 dicuntur.
435 2602 466 2630 lli
483 2611 547 2630 vero
562 2603 608 2638 qui
632 2603 748 2630 terrenis
765 2608 792 2630 et
813 2604 969 2631 carnalibus

179 2650 304 2677 sensibus
321 2649 478 2684 Set'ipturas
496 2649 659 2684 intelligunt,
671 2654 698 2676 ct
714 2649 782 2676 alios
796 2649 831 2675 ita
846 2648 970 2676 docendo

179 2694 326 2729 decipiunt,
346 2703 395 2730 pro
419 2702 452 2722 eo
478 2695 538 2730 ipso
553 2695 627 2730 quod
648 2694 770 2729 argutias
792 2693 925 2729 quasdam
944 2698 971 2720 et

217 2785 239 2799 "
251 2785 320 2813 Psal.
339 2795 404 2817 uti.
423 2787 465 2819 10,
483 2789 522 2814 Η.
545 2789 568 2804 ⁷⁸
585 2788 679 2816 Matth.
700 2789 818 2820 vm,19.
838 2789 883 2815 20.

181 2825 218 2849 tv,
233 2820 259 2846 3.
295 2821 317 2835 ”‘
344 2821 416 2848 Pssl.
432 2830 498 2855 uti,
516 2825 560 2857 £0,
580 2825 621 2850 tl.
661 2825 682 2840 ⁷³
699 2824 777 2851 Deut.
804 2832 889 2857 “ut,
904 2824 930 2855 9,
949 2826 974 2851 9.

941 2789 962 2804 ⁷⁵
977 2788 1042 2816 Luc.
1062 2797 1119 2819 xm,
1137 2791 1179 2822 3!,
1194 2791 1237 2817 δὲ.

1027 2241 1054 2264 et
1073 2237 1158 2264 lidclis
1179 2237 1325 2272 imaginem
1353 2243 1424 2265 tenet
1453 2239 1583 2272 doctoris,
1607 2241 1719 2274 capiens
1739 2242 1821 2268 νει-ιιι)

1027 2284 1161 2316 veritatis,
1179 2286 1294 2312 caudam
1310 2285 1343 2312 ad
1366 2286 1481 2312 caudam
1507 2287 1626 2323 colliget,
1658 2289 1682 2314 id
1710 2293 1751 2315 cst
1777 2289 1820 2314 ad-

1027 2335 1168 2358 versantes
1182 2331 1246 2364 sibi,
1270 2336 1297 2358 et
1315 2332 1422 2358 diversa
1449 2340 1464 2359 a
1486 2340 1516 2360 se
1539 2333 1655 2360 imirent
1673 2335 1820 2361 sentientes

1026 2376 1208 2411 docetttesque
1220 2377 1354 2410 confutet,
1373 2382 1454 2412 atque
1469 2386 1500 2404 cx
1517 2379 1639 2412 ipsorum
1653 2380 1745 2406 verbis
1759 2387 1820 2414 pro-

1026 2421 1176 2456 positiones
1192 2422 1420 2457 collectioucsque
1449 2425 1596 2458 accipiens,
1619 2425 1645 2451 itt
1664 2426 1820 2460 Allophvlo—

1027 2475 1087 2494 ruttt
1105 2473 1222 2502 segetem
1236 2467 1324 2501 ignem
1337 2468 1524 2496 conclusionis
1538 2471 1656 2502 emittat,
1675 2476 1700 2497 et
1713 2479 1744 2498 ex
1758 2479 1818 2505 pro-

1024 2512 1092 2546 priis
1111 2519 1206 2539 eorum
1219 2514 1388 2547 argumentis
1398 2521 1494 2540 omnes
1505 2521 1600 2540 eorum
1616 2514 1724 2543 frttctus
1739 2521 1818 2550 atque

1027 2557 1120 2583 vineas
1139 2562 1166 2584 et
1188 2558 1286 2584 oliveta
1320 2558 1445 2592 pessima:
1470 2560 1655 2594 generationis
1681 2561 1816 2588 incendat.

1026 2601 1078 2630 Sed
1094 2607 1121 2629 et
1147 2603 1205 2637 ipse
1230 2612 1360 2631 nunterus
1378 2609 1562 2632 trecentaruttt
1586 2607 1711 2641 vulpium
1728 2615 1787 2642 qua:
1801 2615 1815 2634 a

1025 2647 1180 2682 semetipsis
1204 2648 1319 2676 diversae
1334 2654 1361 2675 et
1378 2649 1551 2677 dissonantes
1569 2657 1658 2683 erant,
1684 2653 1814 2687 triplicem

1024 2693 1139 2720 fortnam
1155 2694 1277 2721 indicant
1303 2700 1490 2729 peccatorum.
1519 2695 1606 2723 Omne
1624 2699 1698 2725 cuitu
1724 2707 1816 2734 preca-

1298 2789 1412 2818 ‘i‘tmtttu
1431 2798 1476 2823 xv,
1491 2791 1595 2822 5,t,.’i.
1655 2793 1676 2807 ττ
1700 2791 1720 2819 n
1738 2791 1813 2820 tisdr.
