1879 3046
103 89 146 117 197
642 91 824 119 EXCERPTA
843 92 1072 122 PROCOPIANA.

1664 102 1715 130 11⁸8

101 154 150 176 tum
167 151 212 174 aut
238 147 265 174 in
295 147 375 179 facto,
403 152 445 174 aut
466 147 491 174 in
518 148 610 180 verba,
627 154 672 176 aut
698 150 723 175 in
741 157 875 176 consensu
892 152 913 180 Λ
928 152 1032 179 caeteris
1057 151 1176 180 inimicis
1204 153 1350 182 virtutibus
1365 159 1406 182 est
1429 156 1533 190 vulpes,
1550 165 1610 191 qua-
1625 165 1714 186 exter-

100 194 191 220 tuentis
210 193 370 220 admittitur.
392 192 488 219 Verum
507 201 539 219 ne
555 193 619 220 illud
636 194 744 229 quidem
759 196 830 230 quod
850 196 876 222 in

100 239 210 267 secundo
236 239 306 266 libro
326 239 419 266 Esdrte
448 240 578 274 scriptum
607 239 742 273 diximus,
769 241 876 275 penitus

99 284 266 311 omittendum
283 288 342 311 est:
357 284 400 311 ubi
412 291 473 311 cum
485 284 681 311 :edilicarentur
699 284 796 312 Sancta
813 294 871 313 san-

100 332 207 361 ctorum,
224 330 248 356 id
265 334 309 356 est
321 337 383 357 cum
407 329 471 356 ﬁdes
484 329 584 357 Christi
602 335 628 357 et
648 336 802 357 sanctorum
817 331 876 365 ejus

100 375 217 410 mysteria
246 375 440 405 conderentur,
471 375 572 401 inimici
598 376 736 408 veritatis,
761 377 876 411 litlt‘itltlc

98 420 226 452 contrarii,
241 420 287 454 qui
302 424 365 446 sunt
380 420 515 454 sapientes
538 419 619 454 hujus
637 421 738 453 sreculi,
756 422 875 448 videntes

97 467 190 500 absque
218 470 276 493 atlc
294 466 469 501 grammatica
496 470 523 492 et
550 466 645 500 peritia
675 467 872 503 philosophica,

97 519 250 546 consurgere
281 519 376 539 muros
404 511 552 546 Evangelii,
577 514 651 540 velut
670 521 731 541 cum
749 515 874 542 irrisione

96 559 201 593 quadam
214 559 309 586 dicunt
322 559 448 594 perfacile
460 561 511 586 hoc
524 567 602 594 posse
614 560 716 587 destrui
726 561 873 588 calliditate

95 612 243 631 sermonum
272 613 320 639 per
340 609 446 632 astutas
462 604 583 632 fallacias
600 612 624 632 et
646 611 803 642 argumenta
817 607 874 633 dia-

95 650 192 677 lectica.
210 649 272 677 Haec
292 651 399 676 interim
422 656 553 685 quantum
582 651 700 678 brevitas
718 652 803 686 potuit
818 652 871 686 pati

95 695 124 723 de
137 696 280 730 assumptis
307 696 438 730 exemplis
461 696 532 723 dicta
558 696 701 724 sulliciant.
726 696 871 732 Nuncjam

94 742 123 769 ad
138 742 302 776 propositum
320 746 496 768 revertamur.

126 787 231 814 Videtur
247 796 313 823 ergo
331 788 358 814 in
374 787 485 815 Cantica
509 788 676 816 canticorum
706 793 869 824 praeceptum

93 834 144 861 dari
161 835 193 861 ab
208 842 311 869 sponso
331 834 425 861 amicis
440 834 490 862 sibi
504 834 660 866 virtutibus,
676 840 705 861 ut
720 835 827 870 capiant
843 840 869 862 et

92 885 197 915 arguant
212 882 366 908 contrarias
379 885 536 916 potestates,
548 889 608 916 quae
622 882 787 909 insidiantur
810 881 869 907 ani-

92 927 179 953 mabus
194 926 350 958 hominum,
367 934 399 954 ne
429 927 609 954 exterminent
623 935 716 954 eorum
746 927 822 954 initia
841 927 869 953 li-

91 971 137 1003 dei,
152 970 298 1007 ﬂoremque
315 972 445 1000 virtutum
458 973 509 1000 sub
520 973 609 1008 specie
625 978 736 1000 secretae
752 973 807 1010 94
819 975 868 1002 ali--

90 1018 159 1052 cujus
174 1022 200 1044 et
223 1019 337 1046 occulta:
361 1019 510 1053 sapientia,
534 1027 594 1053 quae
623 1019 701 1054 quasi
729 1020 822 1055 vulpes
840 1023 866 1048 in

91 1063 176 1095 inve-is,
191 1064 225 1090 ita
242 1064 270 1090 in
287 1064 331 1091 his
344 1064 502 1092 hominibus
513 1066 559 1099 qui
578 1065 739 1100 semetipsos
764 1067 796 1093 ad
811 1067 867 1094 haec

90 1109 204 1136 sectanda
220 1110 400 1144 prtebucrint.
416 1110 588 1139 delitescunt.
621 1111 652 1137 lit
677 1119 732 1146 quo
760 1111 867 1140 facilius

89 1155 212 1182 confutari
228 1157 340 1191 possint
356 1162 381 1183 et
410 1157 498 1192 argui,
518 1157 582 1184 dum
598 1165 687 1192 part-te
703 1158 757 1185 sint
773 1159 866 1193 vulpes

89 1200 154 1234 ipsae,
180 1205 206 1228 et
231 1201 311 1228 initia
333 1201 433 1228 habent
447 1202 570 1236 pessima:
595 1202 790 1236 persuasionis,
806 1204 866 1238 capi

86 1246 212 1280 iubentur.
225 1246 296 1273 Nam
306 1247 328 1274 si
342 1247 411 1274 forte
428 1248 572 1281 creverint,
586 1253 612 1275 et
631 1248 748 1282 majores
767 1248 866 1276 fuerint

89 1290 172 1324 \ulpes
184 1290 297 1322 eﬁ'ecta‘,
323 1291 380 1326 jam
406 1297 542 1326 nequeant
565 1292 599 1319 ab
627 1293 747 1320 inimicis
761 1294 864 1328 sponsi,

86 1337 127 1362 sed
151 1337 184 1363 ab
207 1337 266 1371 ipso
299 1335 422 1364 fortassis
442 1345 543 1372 sponso
567 1337 624 1365 solo
644 1338 702 1372 capi
728 1343 865 1373 poterunt.

87 1381 132 1408 Sed
145 1387 169 1409 et
181 1383 267 1409 sancti
286 1382 388 1417 quique
404 1383 527 1410 doctores
543 1387 569 1410 et
586 1384 707 1419 magistri
727 1384 864 1418 Ecclesiae,

85 1427 148 1454 sicut
160 1433 326 1462 acceperunt
351 1433 509 1463 potestatem
523 1429 646 1456 calcandi
659 1437 741 1463 super
754 1438 863 1465 serpem

930 193 1015 220 minat
1028 195 1120 221 vineas
1137 195 1272 228 ﬂorentes,
1303 205 1417 232 quatque
1436 207 1497 226 cum
1515 201 1604 228 adhuc
1630 210 1712 236 parva

928 245 978 271 est.
998 241 1056 274 capi
1071 241 1191 275 jubctur,
1216 242 1287 269 sicut
1311 249 1336 270 et
1355 244 1381 270 in
1399 246 1549 272 centesimo
1575 247 1713 280 trigesimo

928 286 1043 319 septimo
1055 287 1159 320 psalmo
1189 288 1283 316 beatus
1308 289 1416 320 dicitur.
1435 291 1480 325 qni
1496 296 1567 319 tenet
1583 297 1609 319 et
1627 294 1714 321 allidit

928 332 1053 365 paruulos
1070 332 1212 368 Babylonis
1228 335 1260 361 ad
1277 340 1379 369 petram
1396 337 1428 365 ⁸ο.
1448 345 1497 363 nec
1509 339 1638 372 permittit
1651 347 1713 366 sen-

927 385 986 403 sum
1012 377 1189 412 Babylouium
1210 387 1334 407 crescere
1350 381 1375 408 in
1403 384 1550 417 semetipso
1565 390 1591 411 et
1609 386 1711 419 augeri,

926 424 973 450 sed
990 432 1051 450 cum
1077 430 1117 452 est
1134 425 1159 452 iu
1187 426 1272 454 initiis
1300 428 1386 455 allidit
1403 437 1476 462 eum,
1490 435 1516 456 ct
1533 434 1604 457 tenet
1619 432 1651 458 ad
1667 439 1712 466 pe-

926 473 1016 496 tram:
1035 473 1099 497 tttnc
1125 471 1196 497 enim
1222 471 1300 499 facile
1313 474 1463 507 perimitur.
1485 474 1530 502 Sic
1554 484 1619 511 ergo
1646 478 1713 504 ordo

924 514 1122 548 explanationis
1138 522 1276 550 percurrat
1293 526 1299 544 :
1320 518 1411 553 Cupite
1432 520 1518 552 vulpes
1543 521 1616 548 nobis
1628 523 1711 555 pusil-

925 557 975 590 las,
993 567 1051 592 (μην
1066 559 1153 593 vulpes
1169 562 1346 588 exterminant
1371 564 1458 590 rincas
1477 565 1610 599 ﬂorentes.
1632 567 1710 600 Quod

924 608 1012 630 autem
1028 605 1092 631 dicit
1109 606 1194 639 trahis,
1208 607 1258 634 hoc
1270 612 1321 641 est,
1347 609 1413 636 mihi
1429 618 1529 644 sponso
1541 616 1568 638 et
1583 620 1689 647 sponsu:
1703 622 1710 640 :

923 648 964 676 vel
980 655 1052 677 certe
1068 651 1132 677 mihi
1147 655 1173 678 et
1187 653 1262 679 vobis
1273 654 1319 688 qui
1336 655 1401 682 estis
1418 657 1525 683 sodales
1539 658 1602 685 mei.
1616 657 1709 686 Potest

923 699 1013 720 autem
1040 700 1066 721 et
1083 695 1118 722 ita
1142 696 1227 730 accipi
1245 706 1252 723 :
1271 697 1363 730 Capite
1387 700 1460 728 nobis
1481 702 1567 736 vulpes
1582 710 1590 729 :
1607 707 1633 730 et
1648 707 1710 738 post

923 738 1122 766 distinctionem
1135 740 1198 773 dici,
1215 743 1326 776 pusillas
1339 747 1542 774 afen-minantes
1563 748 1662 782 vincas,
1680 753 1710 775 ut

923 785 1036 818 pusillas
1051 794 1103 812 non
1119 791 1172 813 tam
1184 788 1216 814 ad
1232 788 1325 823 vulpes
1342 798 1422 824 qttam
1448 792 1480 818 ad
1501 793 1593 821 vineas
1608 794 1709 822 refera-

922 838 1001 863 mus;
1017 837 1045 858 ut
1071 832 1215 860 vidcantur
1231 835 1334 868 pusilla:
1354 837 1463 871 quidem
1479 840 1563 867 vincte
1578 842 1709 868 extermi-

920 877 978 903 nari
996 884 1095 911 posse:
1113 879 1137 905 id
1152 884 1192 906 est
1209 887 1297 913 parva:
1321 889 1436 917 quarque
1464 885 1570 918 animm,
1590 892 1617 913 et
1632 887 1708 914 initia

920 922 1060 956 habentes,
1078 932 1131 951 non
1151 925 1233 952 [inme
1248 931 1274 953 et
1298 928 1416 956 robusta:
1432 929 1490 956 hodi
1508 939 1586 965 posse
1603 940 1618 959 a
1644 940 1709 960 con-

919 970 1009 996 trariis
1026 972 1215 1004 potestatibus.
1237 972 1313 1000 Sicut
1339 974 1365 1000 iu
1379 974 1525 1010 Evangelio
1539 978 1659 1006 dicitur:
1678 978 1708 1006 Si

918 1015 975 1049 quis
987 1015 1207 1043 scmtdulizarert'l
1225 1026 1304 1044 unum
1322 1020 1354 1045 de
1370 1021 1477 1054 pusilli:
1491 1022 1548 1048 istis
1564 1023 1596 1049 ⁵¹.
1616 1023 1642 1050 In
1654 1032 1709 1058 quo

918 1061 1080 1092 ostenditur,
1099 1062 1162 1095 quia
1180 1063 1359 1091 seuudalizari
1378 1074 1432 1092 non
1451 1073 1539 1101 potest
1554 1069 1664 1103 grandis
1681 1074 1708 1097 et.

918 1106 1047 1140 perfecta,
1064 1107 1109 1133 sed
1125 1108 1220 1142 pusilla
1233 1113 1259 1135 et
1274 1109 1350 1136 rudis
1365 1110 1466 1143 anima,
1478 1113 1548 1139 sicut
1565 1113 1590 1140 in
1604 1115 1708 1147 psalmo

917 1151 1037 1178 dicitur:
1064 1150 1124 1178 Pax
1144 1153 1228 1179 multa
1254 1154 1425 1188 diligentibus
1452 1164 1544 1183 nomen
1573 1162 1656 1191 tuum,
1682 1163 1707 1185 et

916 1205 968 1224 non
984 1202 1021 1224 est
1043 1198 1096 1224 illis
1126 1199 1283 1225 scandalum
1309 1200 1344 1227 ".
1376 1200 1464 1228 Simili
1492 1210 1557 1237 ergo
1581 1205 1706 1239 exemplo

916 1248 1006 1279 potest
1023 1244 1118 1276 videri,
1131 1245 1203 1279 quod
1224 1246 1321 1280 pusilla
1338 1255 1452 1281 qumque
1466 1248 1556 1281 vinea,
1570 1249 1704 1284 incipiens

916 1290 1040 1317 videlicet
1056 1291 1158 1322 anima,
1187 1292 1274 1325 possit
1287 1299 1302 1318 a
1317 1293 1453 1326 vulpibus,
1471 1294 1496 1320 id
1512 1298 1555 1321 est
1578 1296 1705 1331 malignis

916 1335 1138 1370 cogitationibus,
1156 1337 1196 1363 vel
1213 1337 1305 1371 pravis
1317 1338 1475 1366 doctoribus
1491 1339 1561 1373 ltedi,
1587 1340 1705 1374 perfecta

916 1390 981 1409 vero
997 1387 1024 1409 et
1041 1382 1130 1409 valida
1146 1390 1199 1409 non
1219 1384 1314 1417 possit.
1334 1382 1386 1410 Sed
1400 1384 1422 1410 si
1438 1385 1581 1419 capiantur
1594 1395 1608 1413 a
1624 1387 1704 1414 bonis

916 1428 1075 1455 doctoribus
1090 1428 1185 1462 vulpes
1204 1428 1272 1460 ista’,
1303 1433 1330 1455 et
1351 1429 1514 1464 abjiciantur
1540 1439 1572 1458 ex
1601 1431 1706 1466 anima,

85 1477 120 1500 tes
131 1477 155 1499 et
170 1474 340 1508 scorpiones,
373 1473 409 1500 ita
438 1474 575 1508 accipiunt
601 1479 762 1509 potestatem
777 1475 859 1502 etiam
876 1487 898 1517 ε
916 1479 981 1502 tunc
1004 1474 1127 1508 proﬁciet
1153 1474 1179 1500 in
1203 1474 1367 1507 virtutibus,
1392 1479 1419 1502 et
1449 1475 1555 1504 ﬂorebit
1583 1477 1609 1504 in
1639 1477 1702 1506 tidc.

85 1519 198 1552 capiendi
215 1520 324 1554 vulpes.
349 1519 394 1546 Sic
414 1520 486 1546 enim
497 1520 558 1547 data
573 1526 614 1547 est
627 1525 746 1555 potestas
757 1521 796 1548 eis
813 1529 860 1547 su-

84 1571 126 1599 per
140 1573 244 1592 omnem
262 1566 392 1592 virtutem
418 1566 531 1593 inimici.
563 1564 622 1593 Una
649 1567 708 1594 sine
729 1566 812 1594 dubio
827 1574 860 1594 ex

915 1521 1009 1548 Amen.

91 1653 1687 1674 .—__—_________—___________

754 1741 1027 1806 SERIES

159 1835 684 1916 PROCOPIANiORUM
722 1869 1178 1915 EXCEBPTORUM
1216 1869 1297 1914 EX
1334 1868 1606 1916 ORIGENE

378 1977 447 2033 1N
488 1975 860 2046 CANTICUM

400 2163 481 2189 KE‘I’.’
497 2163 534 2190 ΙΨ.

912 1974 1101 2031 CANT
1114 1973 1405 2032 lCORUM.

1241 2161 1318 2189 CAP.
1344 2161 1376 2189 ll.

117 2209 285 2245 Ἀδελφίὸός
312 2218 372 2244 μου
402 2209 476 2244 ἐμοὶ,
495 2208 575 2244 κάγὼ
599 2209 688 2244 αὐτῷ.
711 2209 742 2236 Ἦ
768 2209 859 2245 νύμφη

952 2207 1029 2235 Vers.
1047 2207 1088 2235 16.
1105 2208 1252 2235 Fraternas
1264 2217 1335 2234 meus
1347 2208 1422 2241 mihi,
1435 2213 1460 2236 et
1477 2217 1523 2244 ego
1538 2210 1571 2236 ei.
1596 2210 1702 2246 Sponsa

82 2254 142 2290 πρὸς
157 2256 218 2287 τοὺς
234 2255 362 2290 ἑταίρους
379 2254 425 2280 τοῦ
441 2255 559 2290 νυμφίου
575 2255 666 2290 φησιν,
684 2254 721 2286 ὡς
735 2255 863 2290 οὐδεμίαν

81 2299 168 2334 ἔχωσι
184 2301 253 2337 πρὸς
266 2301 330 2332 τοὺς
348 2299 493 2331 ἀλώπεκας
511 2300 661 2326 κοινωνίαν.
687 2299 864 2334 Ἐκθινὼνησε

81 2347 128 2381 γὰρ
140 2347 212 2382 ἡμῖν,
235 2346 331 2382 φησιν,
363 2346 477 2381 αἵματος
501 2346 548 2372 καὶ
579 2345 690 2380 σαρκὸς,
715 2346 761 2372 καὶ
783 2347 864 2381 ἡμεῖς

81 2391 147 2426 αὐτῷ
159 2392 207 2426 τῆς
221 2391 387 2427 ἀφθαρσίας.

117 2437 330 2471 Ἀπόστρεψον,
361 2436 514 2471 ὁμοιὼθητι
541 2436 593 2468 σὺ,
625 2436 767 2471 ἀδελφιδέ
791 2446 861 2472 μου,

80 2481 200 2515 δορκάδι.
225 2483 269 2509 Τὰ
295 2483 415 2518 πρότερα
439 2482 505 2518 πρὸς
529 2482 579 2514 τὰς
606 2482 728 2514 νεάνιδας
754 2481 829 2509 εἶπεν
845 2484 862 2518 ἡ

79 2528 173 2564 νύμφη·
192 2530 222 2555 τὸ
240 2529 268 2555 δὲ
285 2528 333 2554 νῦν
355 2529 422 2563 πρὸς
437 2528 481 2554 τὸν
504 2528 628 2563 νυμφίον·
648 2527 718 2554 ὥστε
731 2528 769 2564 τῷ
792 2536 863 2564 παρ-

79 2573 128 2600 όντι
151 2574 240 2610 καιρῷ
259 2574 446 2609 ἁρμόττουσαν
462 2573 604 2599 ἀναλαϐεῖν
619 2573 774 2608 ὁμοιότητα,
795 2574 862 2609 πρὸς

79 2619 123 2653 μὲν
138 2620 181 2646 τὸν
195 2620 332 2655 δὸρχωνα¹
347 2617 390 2644 διὰ
402 2617 433 2644 τὸ
445 2617 606 2652 διορατικὸν,
632 2618 699 2653 πρὸς
715 2618 743 2644 δὲ
767 2618 862 2653 vatipr

77 2663 175 2698 ἐλάφων
192 2665 227 2691 δι’
242 2663 396 2699 ἀφανισμὸν
410 2662 457 2688 τοῦ
471 2662 525 2689 τῶν
544 2662 632 2696 ὄφεων
648 2662 750 2696 γένους.
769 2662 861 2688 Ταῦτα

77 2707 102 2734 δὲ
114 2711 181 2736 ποιεῖ
197 2710 227 2736 ὲν
251 2709 309 2740 τοῖς
326 2708 402 2743 ὄρεσι
423 2706 477 2733 τῶν
493 2706 680 2742 κοιλωμάτων,
716 2705 861 2741 Ἀπόστρε-

915 2253 1035 2289 loquitur
1048 2254 1080 2280 ad
1095 2254 1202 2281 sodales
1216 2254 1320 2288 sponsi,
1338 2255 1437 2289 quippe
1452 2263 1513 2289 quze
1531 2256 1634 2283 nullum
1655 2258 1704 2283 ba.

914 2298 974 2326 beat
988 2307 1049 2326 cum
1062 2300 1187 2333 vulpibus
1201 2300 1405 2326 commercium.
1418 2299 1616 2328 Commercium
1629 2303 1701 2328 enim

915 2345 1057 2372 nobiseum
1071 2345 1162 2372 carnis
1174 2349 1200 2371 ct
1217 2344 1358 2379 sanguinis
1382 2345 1452 2377 iniit,
1470 2350 1497 2372 et
1513 2353 1562 2374 nos
1578 2354 1639 2374 cum
1656 2347 1702 2374 illo

916 2391 1137 2425 incorruptionis.

952 2435 1027 2462 Vers.
1044 2435 1244 2468 l7.Ravertere,
1266 2435 1361 2462 similis
1387 2436 1493 2470 e/ﬁcere,
1514 2437 1631 2470 fraterne
1652 2436 1701 2469 mi,

916 2489 1027 2515 caprae.
1049 2480 1196 2515 Superiora
1213 2480 1281 2507 dixit
1298 2488 1400 2515 sponsa
1416 2481 1448 2508 ad
1472 2481 1700 2512 adolescentulus.

915 2526 1058 2560 praesentia
1074 2534 1137 2552 vero
1161 2526 1193 2552 ad
1213 2533 1359 2560 sponsam;
1386 2527 1422 2553 ita
1442 2531 1472 2552 ut
1492 2526 1617 2560 pra-senti
1634 2531 1702 2553 tem-

915 2573 974 2605 pori
993 2576 1186 2606 congruentem
1199 2576 1321 2598 assumat
1344 2571 1561 2604 similitudinem,
1578 2579 1640 2598 cum
1655 2579 1702 2599 cu-

915 2623 978 2650 prea
996 2617 1115 2651 quidem,
1132 2617 1168 2644 ob
1184 2617 1258 2644 visus
1283 2625 1416 2649 acumen;
1432 2624 1493 2644 cum
1521 2617 1634 2643 hinnulo
1650 2624 1699 2643 au<

916 2667 968 2688 tem
986 2670 1138 2695 cervorum,
1167 2663 1240 2698 quod
1271 2668 1410 2698 serpentes
1437 2663 1590 2690 interﬁciat.
1613 2662 1702 2698 Atque

914 2706 940 2733 id
961 2712 1072 2741 prmstat
1099 2715 1182 2742 super
1208 2713 1314 2736 mortles
1336 2709 1496 2741 cavitatum,
1513 2708 1629 2736 dicens:
1647 2707 1700 2736 Re-

108 2789 129 2806 “
142 2790 212 2818 Psal.
231 2798 355 2826 cxxxvu,
370 2789 394 2818 9.
433 2790 454 2806 ’“
470 2788 564 2818 MaLh.
582 2797 658 2824 thn,
671 2790 697 2817 6.
735 2789 757 2806 ⁸³
774 2789 845 2818 Psal.
866 2797 940 2824 cxnt,
956 2790 1017 2817 165.
