1879 3046
79 85 120 112 2M

659 85 843 114 EXCERPTA
863 86 1090 116 PROCOPMNA.

78 143 102 168 δὲ
115 142 310 178 ἀποῤῥητότερα
321 142 360 174 εἰς
371 142 404 169 τὰ
417 143 525 178 ταμιεῖα
541 143 588 179 τῆς
603 143 784 180 συλλαϐούσης
796 144 839 180 τὴι

921 153 941 173 :s
957 146 1038 175 Verbi
1055 147 1314 183 contemplationes;
1341 156 1402 184 quae
1418 157 1482 177 vero
1498 155 1561 179 sunt
1574 151 1682 180 abstru-

78 188 183 222 νύμφην.
198 188 228 213 Ἣ
243 187 309 223 αὑτὴ
323 188 351 214 δὲ
367 189 456 224 μήτηρ
466 188 513 215 καὶ
527 189 694 216 συλλαϐοῦσα
707 190 843 224 δηλοῦται,

78 234 115 261 διὰ
125 234 151 260 τὸ
163 235 191 260 ἐν
200 234 231 268 τῇ
246 233 372 268 συλλήψει
393 234 441 268 τὴν
465 233 552 269 ἀρχὴν
575 234 624 268 τῆς
638 235 795 267 συστάσεως
807 234 844 261 εἷ-

78 288 124 306 ναιδ
140 280 226 315 μήτηρ
240 279 268 306 δὲ
294 278 426 314 λεγομένη
451 280 519 315 μετὰ
545 280 595 315 τὴν
626 280 775 315 μόρφωσιν,
799 281 845 307 καὶ

77 326 119 361 τὴν
129 325 172 351 τοῦ
189 323 382 360 συλληφθέντος
392 324 540 351 τελείωσιν.

109 371 151 404 Τίς
165 371 238 404 αὕτη
254 371 273 404 ἡ
288 371 507 403 ἀναϐαίνουσα;
519 370 596 406 Καλὴ
611 370 670 397 λίαν
697 370 713 405 ἡ
730 369 842 396 ἀναϐαί-

77 424 147 441 νουσα
163 414 209 450 βίῳ
233 415 279 441 καὶ
302 414 373 450 λόγῳ
387 415 471 450 ψυχή’
490 415 612 450 φυγοῦσα
627 414 660 441 τὰ
687 414 764 450 παρὰ
787 417 844 447 τοῖς

75 461 168 492 πολλοῖς
181 460 376 496 ἁμαρτήματα,
389 460 482 496 ὥσπερ
499 461 533 493 ἐξ
545 459 655 495 ἐρήμου
661 460 768 496 λέγεται
779 462 844 489 ἀνα-

75 508 174 534 ϐαίνειν.
187 507 222 533 Τὸ
232 507 260 533 δὲ
273 507 319 534 τὸν
339 508 441 534 δίκαιον
460 506 527 535 εἶναι
550 508 668 544 Χριστοῦ
680 509 793 536 εὐωδίαν
813 509 843 535 ἐν

75 553 144 580 παντὶ
158 553 230 588 τόπῳ
249 554 305 585 τοῖς
326 552 498 588 σωζομένοις,
523 554 708 590 τεθυμιαμένη
732 556 842 582 νοεῖται.

75 598 260 634 Παραπλησίως
284 598 339 634 γὰρ
373 599 462 634 ἔχουσι
493 599 596 626 καπνὸν
622 600 685 634 ἡδὺν
719 600 842 634 ἀναπέμ-

74 653 158 672 πουσιν
169 645 346 680 εὐφραίνοντα
355 645 404 678 τὰς
414 646 468 672 τῶν
481 646 686 681 μακαριζὸντων
694 645 839 677 ἀναπνοὰς.

899 191 970 218 siora
988 200 1078 225 sensa,
1092 192 1118 218 in
1132 193 1191 227 ejus
1202 193 1335 220 inducunt
1354 194 1509 222 cubiculum
1523 204 1584 231 qua:
1599 204 1681 232 spon-

899 243 957 262 sam
976 239 1109 272 concepit.
1140 238 1239 266 Eadem
1266 243 1357 266 autem
1379 245 1466 268 mater
1491 242 1680 272 ostcnditurct

897 290 958 316 quae
974 284 1110 318 concepit,
1127 285 1190 319 quia
1216 285 1243 312 in
1266 287 1443 321 conceptione
1463 288 1569 316 initium
1587 290 1680 318 subsi-

896 329 1000 355 stentia:
1016 334 1066 356 est.
1083 329 1168 357 Mater
1191 339 1256 358 vero
1273 337 1444 367 nuncupatur
1457 338 1519 368 post
1541 333 1681 362 formatio-

897 379 969 403 nem,
984 377 1012 400 et
1022 379 1158 409 conceptae
1172 375 1210 402 rei
1226 375 1430 410 perfectionem.

933 418 1011 446 Vers.
1028 419 1054 447 6.
1072 419 1140 452 Quae
1159 426 1196 448 est
1211 421 1263 448 ista
1280 430 1339 457 qua:
1368 423 1507 451 ascendit?
1519 424 1601 453 Valde
1622 426 1681 460 pul-

895 464 960 491 chra
975 464 1031 500 96
1044 470 1085 492 est
1114 466 1204 493 anima
1224 474 1284 501 qua:
1309 469 1363 494 vita
1385 472 1413 496 et
1426 469 1532 497 ratione
1547 471 1680 502 ascendit,

896 514 1006 542 peccata
1031 509 1130 542 vitans,
1158 511 1258 545 quibus
1283 511 1403 547 plerique
1423 513 1548 541 homines
1568 514 1679 542 obnoxii

896 558 968 581 sunt.
987 554 1090 582 Dicitur
1101 561 1191 583 autem
1203 557 1350 585 ascendere
1363 565 1378 584 ε
1389 558 1501 585 deserto.
1517 558 1595 592 Quod
1614 567 1680 587 vero

893 599 995 634 justus,
1022 600 1122 629 Christi
1140 602 1228 630 bontts
1255 603 1323 630 odor
1339 603 1374 630 sit
1399 604 1473 631 omni
1498 604 1558 632 loco
1585 605 1619 633 iis
1632 606 1678 640 qui

895 645 961 672 salvi
978 645 1045 673 ﬁunt
1055 647 1088 679 ",
1102 647 1191 674 sulﬁtu
1208 647 1296 675 amata
1314 648 1482 685 intelligitur.
1493 649 1591 678 Eadem
1605 652 1678 678 enim

73 699 132 725 pene
155 691 256 718 ratione
281 699 311 718 se
332 691 441 725 habent,
464 699 497 719 ac
522 692 545 719 si
573 699 683 719 suavem
701 691 767 718 l‘umi
782 697 908 725 vaporem
925 690 1087 724 emitterent,
1116 700 1210 720 eorum
1237 693 1282 727 qui
1308 693 1378 720 beati
1400 694 1592 730 prtedicantur,
1609 696 1678 724 olfa-

72 743 137 765 etum
155 740 331 765 recreantem.

377 784 456 810 ΚΕΦ.
479 785 514 812 Δ’.

1210 781 1285 809 CAP.
1315 781 1359 810 ιν.

103 828 220 856 Ἅπασαι
242 829 467 864 διδινμεύουσαι.
491 829 540 856 Διὰ
561 830 591 856 τὸ
611 829 698 857 διττὸν
718 830 767 866 τῆς
781 831 839 866 νοή-

932 828 1005 856 νρτε.
1036 827 1063 854 2.
1085 827 1180 854 Omnes
1195 827 1315 863 gemellos
1341 828 1445 855 edente:
1477 829 1556 863 fetas.
1569 829 1611 858 Ob
1626 832 1676 858 dn-

73 883 140 906 σεως,
152 875 198 910 τῆς
212 883 241 901 τε
257 875 344 910 ῥητῆς
357 875 404 901 καὶ
415 874 465 910 τῆς
477 875 674 910 πνευματικῆς.

106 965 147 998 Ὧς
174 966 322 999 mtade
342 966 483 993 κόκκινον
516 966 601 1001 χείλη
631 973 699 994 σου.
730 966 840 1002 Ἤγουψ

73 1011 150 1037 Ἔστω
162 1011 204 1038 διὰ
227 1012 313 1047 πυρὸς
326 1013 342 1047 ἡ
357 1012 403 1039 τοῦ
418 1012 498 1047 λόγου
519 1013 690 1048 παρασκευὴ,
716 1013 754 1045 ὡς
781 1022 843 1049 κερ-

71 1057 138 1092 δῆσαι
156 1057 199 1084 τὸν
220 1058 358 1094 ἀκροατὴν
384 1058 530 1094 δυναμένη.
548 1059 583 1085 Ἢ
609 1059 656 1085 καὶ
681 1059 712 1085 τὸ
735 1059 842 1094 ἔναιμον

72 1103 110 1128 καὶ
122 1102 231 1134 ζωτικὴν
252 1103 329 1138 δηλοῖ
351 1103 404 1130 τῶν
419 1103 462 1130 διὰ
475 1104 521 1130 τοῦ
538 1104 642 1139 χείλους
661 1104 784 1137 ἐξιόντων
798 1106 844 1141 ῥη-

72 1147 160 1181 μάτων,
172 1148 251 1174 οἱονεὶ
275 1148 452 1184 βαπτομένων
468 1149 498 1176 ἐν
518 1150 550 1185 τῇ
577 1149 690 1185 ἀληθινῇ
702 1150 779 1176 πόσει
795 1150 841 1177 τοῦ

71 1193 171 1228 αἳματος
185 1193 315 1230 Χριστοῦ.

104 1239 194 1272 Ἐκτὸς
208 1239 263 1273 τῆς
281 1239 456 1273 σιωπήσειῦς
473 1247 540 1267 σου.
559 1240 724 1277 Προστίοησι
740 1241 778 1277 τῷ
793 1241 841 1277 τῆς

71 1284 230 1320 σωᾳροσὺνης
245 1285 350 1320 ἐπαίνῳ
375 1286 420 1312 τὸν
438 1285 491 1312 ἀπὺ
503 1286 551 1322 τῆς
565 1287 680 1322 σιωπῆς,
693 1287 842 1323 ἐπισταμέ-

70 1339 110 1364 νης
121 1330 167 1364 τῆς
181 1329 293 1365 νύμφης
308 1331 420 1365 καιροὺς
440 1330 535 1363 λαλιᾶς
545 1332 648 1367 ὡραίας
662 1333 709 1359 καὶ
721 1333 842 1359 ἐπαινου-

69 1375 141 1409 μένης
156 1375 243 1410 σιγῆς.
266 1375 324 1402 Καὶ
349 1376 409 1402 ἐπεὶ
434 1375 542 1408 πιστὸς
552 1376 631 1410 πνοῇ
641 1378 761 1412 κρύπτει
773 1376 842 1411 πρά-

70 1429 163 1454 mam,
174 1421 220 1447 καὶ
231 1421 248 1456 ἡ
270 1420 363 1456 νύμφη
383 1421 411 1448 ὲν
425 1421 464 1456 τῷ
478 1421 554 1457 βάθει
568 1422 682 1457 κρύπτει
692 1422 725 1448 τὰ
738 1423 841 1458 θεωρή-

69 1473 139 1498 ματα,
157 1466 220 1497 τοὺς
231 1467 317 1492 οἱονεὶ
339 1465 455 1498 κόκκους
470 1467 519 1502 τῆς
532 1468 606 1503 ῥοᾶς·
623 1467 736 1494 ἕκαστον
760 1469 789 1494 ἐν
801 1467 839 1502 τῷ

68 1509 117 1545 ἰδίῳ
130 1511 245 1546 τάγματι
268 1513 558 1548 σεσωματοποιημένον
574 1514 602 1540 ἐν
622 1513 660 1548 τῷ
673 1513 836 1549 ἡγεμονικῷ·

67 1553 100 1579 διὸ
112 1555 254 1591 ἐπήγαγενυ
277 1557 379 1590 Ἐκτὸς
395 1557 449 1591 τῆς
465 1558 640 1592 σιωπήσεώς
659 1567 726 1591 σου,
752 1559 838 1595 δηλῶν

66 1599 94 1625 τὰ
104 1600 262 1636 σιωπώμενα
275 1602 409 1637 δόγματα,
421 1602 459 1634 ὡς
477 1603 592 1635 κόκκους
609 1605 673 1639 ῥοᾶς
686 1604 738 1631 ὑπὸ
753 1604 783 1631 τδ
796 1604 839 1631 λέ-

69 1651 142 1678 πυρον
153 1645 244 1679 αὐτῆς.

101 1687 124 1714 '0
151 1689 383 1725 ᾠκοδομημένος
409 1693 452 1725 εἰς
482 1693 628 1720 Θαλπιώθ.
657 1693 770 1726 ’Δκύλας
796 1694 837 1728 τὸ,

66 1733 197 1774 9mm,
214 1735 360 1768 ἐπάλξεις
371 1736 526 1764 ἐκδέδωκεν·
539 1738 553 1764 ὁ
568 1738 596 1764 δὲ
605 1738 836 1774 Σύμμαχος,ὖψη·

65 1773 83 1810 ᾧ
102 1778 234 1806 ἀκολουθεῖ
258 1781 307 1807 τὸν
337 1781 407 1817 ὑπὲρ
427 1781 476 1814 τὰς
500 1783 625 1816 ἐπάλξεις
652 1773 756 1820 πύργον
769 1782 838 1811 εἶναι

65 1823 107 1857 τὴν
126 1825 227 1859 σοφίαν,
257 1823 294 1861 ἦς
322 1827 423 1861 ὁμοίως
449 1827 580 1863 ἤρτηνται
610 1830 710 1863 θυρεοὶ
732 1830 780 1865 μὲν
803 1830 838 1857 τὰ

66 1871 255 1906 πεπιστευμένα
270 1872 405 1907 δόγματα,
428 1874 499 1909 ἅπερ
518 1872 593 1900 εἶπεν
612 1874 708 1907 ἑνικῶς
730 1876 744 1901 ὁ
761 1876 838 1903 Ἀπό-

66 1916 156 1949 στολος,
171 1918 280 1951 θυρεὸν
295 1919 433 1952 πίστεως·
445 1920 571 1953 ,ϐολίδες
582 1921 610 1947 δὲ
619 1920 678 1948 τῶν
690 1921 836 1955 δυνατῶν,

64 1960 85 1985 οἱ
105 1961 216 1995 δυνατῶς
240 1963 442 1998 ἀνατρέποντες
458 1965 530 1999 λόγοι
556 1966 609 1992 τῶν
634 1967 762 1994 ἐναντίων
789 1968 838 2002 τῆς

63 2005 178 2040 ἀληθείας
200 2008 250 2043 τὴν
274 2007 451 2044 πιθανότητα.
474 2010 546 2037 ’Δντὶ
576 2010 604 2037 δὲ
626 2011 672 2037 τοῦ
685 2010 837 2045 ἐπάλξεις,

63 2049 175 2086 ἐντολὰς
184 2053 334 2080 ἐκδέδωκεν
350 2055 367 2089 ἡ
380 2055 492 2091 πέμπτη
502 2055 616 2088 ἔκδοσις,
631 2056 676 2083 τὸν
695 2057 757 2085 νοῦν
772 2058 839 2093 μᾶλ-

63 2094 129 2131 λονῆ
150 2096 198 2132 τὴν
214 2098 289 2131 λέξιν
308 2099 506 2134 ἐρμηνεύουσα.
528 2100 574 2136 Μὴ
596 2102 838 2137 προαποκειμένων

852 1488 873 1517 C

892 874 988 909 pliccm
1006 873 1129 900 videlicet
1154 873 1368 908 intelligentiam,
1392 874 1534 902 litteralem
1553 880 1580 903 et
1598 877 1677 911 spiri-

893 919 983 946 talem.

929 964 1006 992 Vers.
1036 964 1063 991 5.
1093 963 1169 991 Sicut
1195 963 1329 998 {articulus
1358 965 1492 992 coccinea;
1516 965 1588 993 labia
1618 971 1673 994 tua.

892 1009 977 1042 Quasi
995 1009 1087 1036 dicat:
1105 1010 1146 1038 Sit
1162 1008 1295 1036 sermonis
1314 1012 1452 1036 structura
1475 1010 1530 1045 igni
1549 1018 1674 1044 accensa,

894 1060 920 1082 ut
935 1054 1086 1081 auditorem
1100 1054 1185 1089 possit
1205 1054 1316 1081 lucrari.
1331 1053 1378 1081 Vel
1401 1055 1482 1081 etiam
1499 1056 1554 1082 vim
1570 1058 1678 1091 sangui-

893 1107 971 1127 neam
987 1103 1068 1134 atque
1083 1099 1189 1126 vitalem
1222 1099 1358 1134 signiﬁcat
1373 1100 1518 1127 verborum
1534 1109 1567 1129 ex
1597 1102 1676 1129 labiis

892 1144 1110 1180 procedentium,
1124 1152 1184 1179 quae
1202 1144 1284 1171 veluti
1306 1144 1389 1172 tincta
1404 1150 1469 1173 sunt
1493 1146 1520 1173 in
1533 1154 1598 1175 vero
1613 1156 1672 1176 san-

893 1190 983 1225 guinis
998 1190 1098 1217 Christi
1114 1194 1189 1224 potu.

928 1235 1013 1261 Extra
1026 1235 1232 1261 taciturnitatem
1250 1239 1332 1262 tuam.
1350 1234 1389 1261 Ad
1409 1236 1541 1264 castitatis
1557 1236 1674 1271 laudem,

892 1281 968 1308 addit
979 1288 1038 1308 eam
1056 1289 1117 1316 qua:
1140 1288 1171 1308 ex
1189 1281 1297 1308 silentio
1323 1281 1421 1313 oritur,
1448 1282 1519 1316 quod
1549 1283 1676 1311 videlicet

892 1333 992 1361 sponsa
1007 1330 1114 1359 tempus
1125 1324 1212 1352 festivi
1229 1325 1363 1352 sermonis
1388 1332 1420 1352 ac
1441 1325 1583 1354 laudabilis
1596 1328 1676 1354 silen-

891 1371 920 1398 tii
936 1370 1049 1398 noverit.
1066 1371 1098 1397 Et
1108 1370 1235 1405 quoniam
1248 1370 1334 1404 ﬁdelis
1348 1371 1414 1405 ﬂatu
1431 1372 1566 1398 abscondit
1584 1381 1623 1399 res
1639 1374 1674 1406 ‘°,

891 1416 971 1443 etiam
987 1422 1086 1450 sponsa
1105 1415 1132 1442 in
1159 1414 1293 1449 profundo
1308 1415 1452 1443 abscondit
1468 1419 1675 1452 contctnplatio-

893 1469 951 1494 nes.
965 1469 1025 1496 quae
1040 1460 1094 1488 sint
1107 1461 1190 1488 veluti
1202 1468 1285 1495 grana
1300 1461 1363 1487 mali
1378 1461 1468 1495 punici
1483 1471 1489 1488 :
1503 1463 1676 1497 unumquod-

890 1515 943 1543 que
956 1515 1007 1535 suo
1023 1507 1117 1535 ordine
1131 1507 1158 1533 in
1183 1514 1269 1533 unum
1282 1513 1380 1541 corpus
1399 1507 1536 1534 redactum
1554 1507 1581 1534 in
1598 1516 1668 1536 men-

891 1554 927 1581 tis
956 1561 1029 1581 arce.
1057 1552 1158 1580 ldcirco
1181 1552 1335 1588 subjunxit,
1358 1557 1434 1579 extra
1462 1553 1671 1580 taciturnitatem

890 1603 973 1632 tuam,
989 1599 1145 1634 signiﬁcans
1159 1606 1190 1626 ea
1201 1599 1338 1633 dogmata,
1350 1606 1411 1633 qua:
1424 1598 1531 1626 silentio
1545 1607 1673 1634 premun-

891 1647 944 1675 tur,
959 1644 1033 1671 vclut
1048 1651 1132 1678 grana
1145 1643 1206 1670 maii
1222 1643 1312 1677 punici
1327 1643 1466 1678 adoperta.

925 1689 1004 1717 Vers.
1020 1690 1046 1716 4.
1067 1689 1132 1722 Qua:
1148 1689 1282 1720 aediﬁcata
1303 1694 1340 1715 est
1359 1689 1386 1715 in
1413 1688 1562 1720 Tltalpiotlt.
1576 1689 1672 1724 Aquila

888 1742 981 1762 vocem
1011 1734 1161 1770 T/talpiotlt,
1189 1734 1385 1769 propugnacula
1403 1733 1595 1768 interpretatus
1613 1740 1672 1769 cst;

890 1780 1070 1816 Symmachus
1093 1787 1179 1812 vero,
1210 1779 1374 1806 altitudines.
1405 1778 1473 1806 llinc
1496 1781 1673 1814 consequitur

889 1826 985 1853 turrim
1005 1833 1087 1861 super
1100 1825 1301 1860 propugnacula
1314 1825 1484 1857 aediﬁcatam,
1498 1832 1558 1852 esse
1569 1825 1677 1859 sapien-

889 1873 965 1903 tiam,
983 1879 1015 1898 ex
1031 1879 1084 1906 qua
1100 1871 1204 1906 pariter
1227 1871 1354 1905 pendent,
1374 1870 1457 1904 εινρεί
1477 1870 1598 1905 quidem,
1614 1878 1673 1898 cre-

888 1916 945 1943 dita
961 1916 1086 1943 videlicet
1098 1916 1235 1950 dogmata,
1255 1922 1316 1950 quae
1340 1915 1486 1949 Apostolus
1499 1915 1673 1950 singulariter

888 1966 992 1991 scutum
1012 1962 1074 1996 ﬁdei
1089 1961 1233 1996 appellavit
1256 1961 1298 1993 “;
1322 1960 1414 1995 jacula
1430 1967 1494 1987 vero
1517 1961 1672 1995 potentium,

890 2009 908 2037 ii
922 2009 1050 2036 nimirum
1068 2015 1207 2035 sermones
1218 2007 1263 2042 qui
1278 2007 1478 2034 adversantium
1496 2007 1603 2034 veritati
1619 2014 1674 2034 ser-

889 2062 1000 2082 monum
1015 2053 1231 2088 probabilitatem
1256 2056 1380 2087 potenter
1393 2056 1527 2079 evertunt.
1544 2051 1596 2079 Pro
1610 2060 1672 2087 pro-

888 2100 1037 2135 pugnacula
1050 2100 1143 2134 quinta
1169 2098 1253 2126 editio
1270 2098 1386 2125 reddidit
1411 2098 1546 2129 mandata,
1562 2105 1672 2125 sensum

63 2139 109 2175 γὰρ
122 2142 242 2178 ἐντολῶν,
254 2144 465 2180 οἰκοδομηθῆναι
491 2145 540 2181 τὴν
559 2146 644 2183 ψευδῆ
663 2148 763 2182 γνῶσιν
778 2148 838 2175 ἀδύ-

921 2148 979 2174 ιιὶιιε
988 2154 1068 2181 quam
1085 2145 1231 2173 dictionem
1245 2145 1430 2179 interpretata.
1445 2143 1500 2171 Nisi
1511 2144 1584 2171 enim
1598 2144 1673 2179 prius

63 2193 140 2214 ναῖον.

95 2277 142 2303 Δύο
154 2279 266 2313 μαστοί
282 2287 342 2307 σου
366 2281 406 2314 ὡς
419 2281 474 2309 δύο
490 2283 598 2316 νεϐροί.
619 2283 655 2309 To
674 2283 835 2319 ἡγεμονικὸν

63 2320 95 2352 ὡς
115 2323 157 2349 ἐπὶ
172 2325 282 2361 νύμφης
305 2327 411 2360 μαστοι·
426 2327 495 2364 ὅπερ
510 2328 583 2355 ἐστὶν
599 2328 834 2363 ὀξυδερκέστατον.

63 2368 150 2405 Διόπερ
165 2371 260 2398 εἴκασε
273 2372 322 2399 δύο
347 2373 451 2409 νεϐροῖς
472 2373 602 2410 δορκάδος
628 2375 787 2410 νεμομένοις
807 2376 837 2402 ἐν

63 2412 160 2448 ὑραίοις
172 2416 265 2449 τόποις
289 2418 337 2444 καὶ
350 2418 472 2451 εὐώδεσι,
496 2420 636 2455 σημαίνων
656 2420 691 2447 τά.
713 2429 743 2447 τε
753 2421 836 2456 νοητὰ

63 2459 103 2485 καὶ
121 2461 242 2497 αἰσθητά.
270 2463 395 2499 Νεϐροὺς
417 2463 456 2496 δέ,
476 2465 570 2501 ἐπειδὴ
596 2465 644 2492 νῦν
667 2466 702 2492 ἐκ
725 2465 836 2500 μέρους

63 2503 242 2540 γινώσκομεν,
260 2508 326 2534 ὅταν
352 2508 380 2535 δὲ
403 2508 434 2535 τὸ
454 2509 530 2541 τέλος
547 2509 620 2546 ἔλθῃ,
645 2509 835 2547 καταργοῦμεν

62 2547 104 2582 τὴν
121 2552 279 2588 νηπιότητα·
306 2553 370 2579 ὅταν
384 2555 398 2580 ὁ
418 2553 526 2581 καύσων
543 2554 590 2581 τοῦ
621 2556 751 2592 παρόντος
777 2556 835 2592 βίου

62 2594 196 2631 παύσηται,
212 2598 261 2624 καὶ
292 2598 387 2634 καιρὸς
400 2599 448 2634 τῆς
469 2599 627 2635 ἀναψύξεως
644 2602 751 2638 ἐπιστῇ,
775 2601 836 2628 λυο-

63 2640 136 2677 μένης
148 2644 193 2670 καὶ
206 2645 258 2680 τῆς
272 2646 370 2677 σκιᾶς’
385 2645 449 2673 σκιὰ
462 2646 516 2682 γάρ
533 2648 607 2681 ἐστιν
627 2648 642 2674 ὁ
658 2647 752 2684 παρὼν
766 2647 833 2683 βίος.

94 2780 109 2796 ε
120 2782 141 2810 ll
156 2783 216 2812 Cor.
229 2794 261 2815 tt.
281 2787 326 2815 l5.

205 2832 346 2864 Ριτιιοι.
368 2833 427 2865 Gn.
450 2833 538 2866 Xlll.

888 2193 1006 2228 reposita
1036 2191 1163 2218 mandata
1192 2190 1257 2224 sint,
1286 2190 1344 2217 ﬁeri
1362 2197 1416 2217 non
1442 2194 1531 2225 potest
1556 2194 1586 2218 ut
1610 2198 1672 2218 vera

890 2238 1000 2266 scientia
1016 2242 1180 2265 cxstruatur.

925 2284 1002 2311 Vera.
1018 2284 1044 2311 5.
1072 2283 1129 2310 Duo
1145 2282 1223 2309 ubera
1256 2287 1302 2309 tua
1323 2283 1391 2309 sicut
1404 2281 1456 2308 duo
1469 2281 1585 2310 ltinnuli.
1598 2280 1674 2309 Mens

888 2328 1171 2364 cstqucmndmodum
1200 2328 1227 2355 in
1257 2335 1357 2362 sponsa
1390 2328 1498 2355 ubera:
1530 2327 1556 2354 id
1575 2332 1617 2355 est
1630 2329 1671 2355 vis

889 2373 1132 2410 perspieaeissima.
1145 2373 1249 2400 Idcirco
1260 2372 1419 2400 assimilavit
1432 2373 1539 2400 duobus
1553 2373 1673 2401 hinnnlis

888 2427 1003 2455 capreae,
1020 2418 1066 2453 qui
1082 2422 1229 2453 pascantur
1246 2418 1272 2444 in
1286 2417 1353 2444 locis
1366 2416 1470 2444 ﬁoridis
1488 2421 1515 2444 et
1536 2416 1674 2444 suavefra-

888 2465 1040 2501 grantibus,
1066 2463 1223 2500 signiﬁcans
1240 2468 1296 2491 tum
1324 2470 1356 2490 ea
1376 2470 1437 2497 qua;
1460 2467 1550 2490 mente
1575 2463 1674 2490 intelli-

889 2517 999 2547 guntur,
1010 2516 1067 2538 tum
1082 2518 1143 2545 quae
1157 2517 1239 2537 sensu
1253 2508 1449 2545 percipiuntur.
1461 2507 1595 2535 llinnulos
1608 2515 1673 2534 vero

888 2557 1042 2593 appellavit,
1057 2557 1120 2591 quia
1132 2563 1206 2583 nunc
1227 2563 1259 2583 es
1272 2560 1348 2590 parte
1367 2554 1547 2589 cognoscimus
1561 2554 1594 2580 ”.
1604 2553 1672 2580 Cum

889 2605 980 2629 autem
996 2601 1058 2628 ﬁnis
1072 2601 1188 2633 venerit,
1206 2604 1271 2628 tunc
1293 2599 1436 2627 infantiam
1457 2597 1649 2626 evacuabimus
1662 2617 1672 2626 .

889 2647 999 2682 quando
1014 2647 1076 2674 vitae
1087 2647 1229 2682 prasentis
1243 2650 1327 2674 aestus
1341 2645 1500 2679 cessaverit,
1513 2651 1545 2672 ac
1559 2643 1671 2679 refrige-

364 2788 386 2803 ”’
402 2786 481 2814 Prov.
497 2796 534 2820 xu,
552 2789 594 2816 t5.
632 2789 654 2805 "
673 2787 771 2824 Ephes.
787 2795 825 2822 Vl,
842 2787 886 2815 l6.
924 2787 946 2803 "
959 2787 969 2815 ι
983 2787 1046 2815 Cor.
1063 2795 1122 2821 xm,
1134 2786 1159 2815 9.
