  <div class='ocr_page' id='page_1' title='image "/cluster/home/n/w/nwhite01/storage/ocr_20150623/13/njp.32101077772430/144.png"; bbox 0 0 1879 3046; ppageno 0'>
   <div class='ocr_carea' id='block_1_1' title="bbox 102 143 149 171">
    <p class='ocr_par' dir='ltr' id='par_1_1' title="bbox 102 143 149 171">
     <span class='ocr_line' id='line_1_1' title="bbox 102 143 149 171; baseline 0.021 -1"><span class='ocrx_word' id='word_1_1' title='bbox 102 143 149 171; x_wconf 65' lang='grc' dir='ltr'>ειη)</span> 
     </span>
    </p>
   </div>
   <div class='ocr_carea' id='block_1_2' title="bbox 682 130 1112 164">
    <p class='ocr_par' dir='ltr' id='par_1_2' title="bbox 682 130 1112 164">
     <span class='ocr_line' id='line_1_2' title="bbox 682 130 1112 164; baseline -0.014 0"><span class='ocrx_word' id='word_1_2' title='bbox 682 134 866 164; x_wconf 65' lang='lat' dir='ltr'><strong>EXCERP’I‘A</strong></span> <span class='ocrx_word' id='word_1_3' title='bbox 884 130 1112 160; x_wconf 63' lang='lat' dir='ltr'><strong>PROCOPIANA.</strong></span> 
     </span>
    </p>
   </div>
   <div class='ocr_carea' id='block_1_3' title="bbox 1651 127 1703 155">
    <p class='ocr_par' dir='ltr' id='par_1_3' title="bbox 1651 127 1703 155">
     <span class='ocr_line' id='line_1_3' title="bbox 1651 127 1703 155; baseline 0 0"><span class='ocrx_word' id='word_1_4' title='bbox 1651 127 1703 155; x_wconf 73' lang='lat' dir='ltr'><strong>2m</strong></span> 
     </span>
    </p>
   </div>
   <div class='ocr_carea' id='block_1_4' title="bbox 105 186 875 237">
    <p class='ocr_par' dir='ltr' id='par_1_4' title="bbox 105 193 869 237">
     <span class='ocr_line' id='line_1_4' title="bbox 105 193 869 237; baseline -0.013 -8"><span class='ocrx_word' id='word_1_5' title='bbox 105 202 199 237; x_wconf 70' lang='grc' dir='ltr'>σθητιῖνι</span> <span class='ocrx_word' id='word_1_6' title='bbox 215 200 322 235; x_wconf 77' lang='grc' dir='ltr'>θεωρία,</span> <span class='ocrx_word' id='word_1_7' title='bbox 339 199 385 226; x_wconf 80' lang='grc' dir='ltr'>καὶ</span> <span class='ocrx_word' id='word_1_8' title='bbox 401 198 438 230; x_wconf 86' lang='grc' dir='ltr'>ὼς</span> <span class='ocrx_word' id='word_1_9' title='bbox 460 197 527 233; x_wconf 76' lang='grc' dir='ltr'>μηδὲ</span> <span class='ocrx_word' id='word_1_10' title='bbox 545 195 608 232; x_wconf 77' lang='grc' dir='ltr'>μίαν</span> <span class='ocrx_word' id='word_1_11' title='bbox 623 196 717 230; x_wconf 72' lang='grc' dir='ltr'>ἄγονον</span> <span class='ocrx_word' id='word_1_12' title='bbox 733 195 782 229; x_wconf 84' lang='grc' dir='ltr'>τῆς</span> <span class='ocrx_word' id='word_1_13' title='bbox 807 193 869 229; x_wconf 71' lang='grc' dir='ltr'>περὶ</span> 
     </span>
    </p>
   </div>
   <div class='ocr_carea' id='block_1_5' title="bbox 933 186 1704 237">
    <p class='ocr_par' dir='ltr' id='par_1_5' title="bbox 933 186 1704 224">
     <span class='ocr_line' id='line_1_5' title="bbox 933 186 1704 224; baseline -0.005 -6"><span class='ocrx_word' id='word_1_14' title='bbox 933 198 1090 218; x_wconf 77' lang='lat' dir='ltr'><strong>itm-earum</strong></span> <span class='ocrx_word' id='word_1_15' title='bbox 1108 196 1169 224; x_wconf 65' lang='lat' dir='ltr'><strong>quae</strong></span> <span class='ocrx_word' id='word_1_16' title='bbox 1193 196 1275 215; x_wconf 80' lang='lat' dir='ltr'><strong>sensu</strong></span> <span class='ocrx_word' id='word_1_17' title='bbox 1300 191 1459 218; x_wconf 77' lang='lat' dir='ltr'><strong>noscuntur.</strong></span> <span class='ocrx_word' id='word_1_18' title='bbox 1475 186 1704 221; x_wconf 62' lang='lat' dir='ltr'><strong>contemplatione</strong></span> 
     </span>
    </p>
   </div>
   <div class='ocr_carea' id='block_1_6' title="bbox 104 243 469 279">
    <p class='ocr_par' dir='ltr' id='par_1_6' title="bbox 104 243 469 279">
     <span class='ocr_line' id='line_1_6' title="bbox 104 243 469 279; baseline -0.016 -4"><span class='ocrx_word' id='word_1_19' title='bbox 104 245 245 275; x_wconf 69' lang='grc' dir='ltr'><strong>οὑτινοσοῦν</strong></span> <span class='ocrx_word' id='word_1_20' title='bbox 263 245 341 279; x_wconf 86' lang='grc' dir='ltr'>λόγου</span> <span class='ocrx_word' id='word_1_21' title='bbox 357 243 469 279; x_wconf 82' lang='grc' dir='ltr'>τροφῆς.</span> 
     </span>
    </p>
   </div>
   <div class='ocr_carea' id='block_1_7' title="bbox 136 330 872 368">
    <p class='ocr_par' dir='ltr' id='par_1_7' title="bbox 136 330 872 368">
     <span class='ocr_line' id='line_1_7' title="bbox 136 330 872 368; baseline -0.011 -5"><span class='ocrx_word' id='word_1_22' title='bbox 136 337 181 366; x_wconf 80' lang='lat' dir='ltr'><strong>Kal</strong></span> <span class='ocrx_word' id='word_1_23' title='bbox 193 335 333 368; x_wconf 72' lang='grc' dir='ltr'>νεάνιδες,</span> <span class='ocrx_word' id='word_1_24' title='bbox 344 331 388 361; x_wconf 77' lang='grc' dir='ltr'><strong>ὧν</strong></span> <span class='ocrx_word' id='word_1_25' title='bbox 399 335 453 361; x_wconf 76' lang='grc' dir='ltr'><strong>οὐχ</strong></span> <span class='ocrx_word' id='word_1_26' title='bbox 467 332 693 366; x_wconf 64' lang='grc' dir='ltr'>ἐστιν’ἀριθμός.</span> <span class='ocrx_word' id='word_1_27' title='bbox 707 331 742 357; x_wconf 59' lang='lat' dir='ltr'><strong>At</strong></span> <span class='ocrx_word' id='word_1_28' title='bbox 753 330 872 361; x_wconf 78' lang='grc' dir='ltr'>νεάνιδες</span> 
     </span>
    </p>
   </div>
   <div class='ocr_carea' id='block_1_8' title="bbox 104 376 872 420">
    <p class='ocr_par' dir='ltr' id='par_1_8' title="bbox 104 376 872 420">
     <span class='ocr_line' id='line_1_8' title="bbox 104 376 872 420; baseline -0.012 -10"><span class='ocrx_word' id='word_1_29' title='bbox 104 383 208 420; x_wconf 71' lang='grc' dir='ltr'>ἀριθμδν</span> <span class='ocrx_word' id='word_1_30' title='bbox 223 382 271 408; x_wconf 76' lang='grc' dir='ltr'>οὐκ</span> <span class='ocrx_word' id='word_1_31' title='bbox 290 381 406 416; x_wconf 73' lang='grc' dir='ltr'>ἔχουσιν,</span> <span class='ocrx_word' id='word_1_32' title='bbox 421 380 451 406; x_wconf 78' lang='grc' dir='ltr'>οὗ</span> <span class='ocrx_word' id='word_1_33' title='bbox 469 378 511 414; x_wconf 80' lang='grc' dir='ltr'>τῷ</span> <span class='ocrx_word' id='word_1_34' title='bbox 525 378 562 414; x_wconf 85' lang='grc' dir='ltr'>μὴ</span> <span class='ocrx_word' id='word_1_35' title='bbox 577 376 739 405; x_wconf 76' lang='grc' dir='ltr'><strong>ὑποπίπτειν</strong></span> <span class='ocrx_word' id='word_1_36' title='bbox 752 376 872 412; x_wconf 81' lang='grc' dir='ltr'>ἀριθμῷ,</span> 
     </span>
    </p>
   </div>
   <div class='ocr_carea' id='block_1_9' title="bbox 105 423 873 463">
    <p class='ocr_par' dir='ltr' id='par_1_9' title="bbox 105 423 873 463">
     <span class='ocr_line' id='line_1_9' title="bbox 105 423 873 463; baseline -0.01 -7"><span class='ocrx_word' id='word_1_37' title='bbox 105 430 164 457; x_wconf 77' lang='grc' dir='ltr'>ἀλλὰ</span> <span class='ocrx_word' id='word_1_38' title='bbox 176 428 211 463; x_wconf 79' lang='grc' dir='ltr'>τῷ</span> <span class='ocrx_word' id='word_1_39' title='bbox 220 428 256 463; x_wconf 84' lang='grc' dir='ltr'>μὴ</span> <span class='ocrx_word' id='word_1_40' title='bbox 266 427 343 460; x_wconf 80' lang='grc' dir='ltr'><strong>ἀξίας</strong></span> <span class='ocrx_word' id='word_1_41' title='bbox 356 426 440 458; x_wconf 55' lang='lat' dir='ltr'><strong>uini;</strong></span> <span class='ocrx_word' id='word_1_42' title='bbox 453 423 522 452; x_wconf 70' lang='grc' dir='ltr'>εἶναι</span> <span class='ocrx_word' id='word_1_43' title='bbox 533 423 726 460; x_wconf 76' lang='grc' dir='ltr'><strong>ἀριθμηθῆναι.</strong></span> <span class='ocrx_word' id='word_1_44' title='bbox 736 423 791 449; x_wconf 80' lang='grc' dir='ltr'>Καὶ</span> <span class='ocrx_word' id='word_1_45' title='bbox 803 423 873 457; x_wconf 84' lang='grc' dir='ltr'><strong>τάχα</strong></span> 
     </span>
    </p>
   </div>
   <div class='ocr_carea' id='block_1_10' title="bbox 105 469 873 511">
    <p class='ocr_par' dir='ltr' id='par_1_10' title="bbox 105 469 873 511">
     <span class='ocr_line' id='line_1_10' title="bbox 105 469 873 511; baseline -0.01 -9"><span class='ocrx_word' id='word_1_46' title='bbox 105 478 146 511; x_wconf 83' lang='grc' dir='ltr'>τῆς</span> <span class='ocrx_word' id='word_1_47' title='bbox 159 475 237 509; x_wconf 79' lang='grc' dir='ltr'>αὐτῆς</span> <span class='ocrx_word' id='word_1_48' title='bbox 250 473 367 504; x_wconf 79' lang='grc' dir='ltr'><strong>διανοίας</strong></span> <span class='ocrx_word' id='word_1_49' title='bbox 381 471 472 508; x_wconf 72' lang='grc' dir='ltr'>ἔχεται</span> <span class='ocrx_word' id='word_1_50' title='bbox 485 472 518 506; x_wconf 82' lang='grc' dir='ltr'><strong>τῇ</strong></span> <span class='ocrx_word' id='word_1_51' title='bbox 533 469 649 497; x_wconf 75' lang='grc' dir='ltr'>ἐνταῦθα</span> <span class='ocrx_word' id='word_1_52' title='bbox 661 469 775 505; x_wconf 75' lang='grc' dir='ltr'>διαφορᾷ</span> <span class='ocrx_word' id='word_1_53' title='bbox 786 469 873 495; x_wconf 75' lang='grc' dir='ltr'>νεανῖ-</span> 
     </span>
    </p>
   </div>
   <div class='ocr_carea' id='block_1_11' title="bbox 103 511 873 552">
    <p class='ocr_par' dir='ltr' id='par_1_11' title="bbox 103 511 873 552">
     <span class='ocr_line' id='line_1_11' title="bbox 103 511 873 552; baseline -0.013 -5"><span class='ocrx_word' id='word_1_54' title='bbox 103 521 147 548; x_wconf 61' lang='lat' dir='ltr'><strong>iur.</strong></span> <span class='ocrx_word' id='word_1_55' title='bbox 169 519 220 546; x_wconf 85' lang='grc' dir='ltr'>τῶν</span> <span class='ocrx_word' id='word_1_56' title='bbox 233 516 452 552; x_wconf 80' lang='grc' dir='ltr'>κοινωνουμένων</span> <span class='ocrx_word' id='word_1_57' title='bbox 473 515 525 541; x_wconf 77' lang='grc' dir='ltr'><strong>ὑπὸ</strong></span> <span class='ocrx_word' id='word_1_58' title='bbox 541 513 658 550; x_wconf 79' lang='grc' dir='ltr'><strong>Χριστοῦ</strong></span> <span class='ocrx_word' id='word_1_59' title='bbox 676 513 723 540; x_wconf 75' lang='grc' dir='ltr'>καὶ</span> <span class='ocrx_word' id='word_1_60' title='bbox 741 512 772 539; x_wconf 80' lang='grc' dir='ltr'><strong>τὰ</strong></span> <span class='ocrx_word' id='word_1_61' title='bbox 799 511 873 548; x_wconf 83' lang='grc' dir='ltr'><strong>παρά</strong></span> 
     </span>
    </p>
   </div>
   <div class='ocr_carea' id='block_1_12' title="bbox 103 557 872 601">
    <p class='ocr_par' dir='ltr' id='par_1_12' title="bbox 103 557 872 601">
     <span class='ocr_line' id='line_1_12' title="bbox 103 557 872 601; baseline -0.012 -9"><span class='ocrx_word' id='word_1_62' title='bbox 103 566 137 601; x_wconf 81' lang='grc' dir='ltr'>τῷ</span> <span class='ocrx_word' id='word_1_63' title='bbox 154 564 301 598; x_wconf 80' lang='grc' dir='ltr'>Ἀποστόλῳ</span> <span class='ocrx_word' id='word_1_64' title='bbox 319 561 453 597; x_wconf 81' lang='grc' dir='ltr'>λεγόμενα</span> <span class='ocrx_word' id='word_1_65' title='bbox 474 559 549 596; x_wconf 75' lang='grc' dir='ltr'>(περὶ</span> <span class='ocrx_word' id='word_1_66' title='bbox 572 559 746 589; x_wconf 75' lang='grc' dir='ltr'><strong>ἀναστάσεως</strong></span> <span class='ocrx_word' id='word_1_67' title='bbox 768 557 872 592; x_wconf 78' lang='grc' dir='ltr'>νεκρῶν</span> 
     </span>
    </p>
   </div>
   <div class='ocr_carea' id='block_1_13' title="bbox 103 601 872 644">
    <p class='ocr_par' dir='ltr' id='par_1_13' title="bbox 103 601 872 644">
     <span class='ocr_line' id='line_1_13' title="bbox 103 601 872 644; baseline -0.012 -7"><span class='ocrx_word' id='word_1_68' title='bbox 103 611 187 644; x_wconf 80' lang='grc' dir='ltr'>λέγω,)</span> <span class='ocrx_word' id='word_1_69' title='bbox 201 609 326 644; x_wconf 79' lang='grc' dir='ltr'>τάγματα</span> <span class='ocrx_word' id='word_1_70' title='bbox 342 607 472 642; x_wconf 78' lang='grc' dir='ltr'><strong>φάσκοντι</strong></span> <span class='ocrx_word' id='word_1_71' title='bbox 482 614 488 620; x_wconf 92' lang='grc'>·</span> <span class='ocrx_word' id='word_1_72' title='bbox 511 604 631 638; x_wconf 78' lang='grc' dir='ltr'>Ἐπειδὴ</span> <span class='ocrx_word' id='word_1_73' title='bbox 644 603 700 638; x_wconf 76' lang='grc' dir='ltr'>γὰρ</span> <span class='ocrx_word' id='word_1_74' title='bbox 713 603 750 629; x_wconf 81' lang='grc' dir='ltr'>δι’</span> <span class='ocrx_word' id='word_1_75' title='bbox 761 601 872 637; x_wconf 56' lang='grc' dir='ltr'>ἀνθρώ-</span> 
     </span>
    </p>
   </div>
   <div class='ocr_carea' id='block_1_14' title="bbox 106 648 871 690">
    <p class='ocr_par' dir='ltr' id='par_1_14' title="bbox 106 648 871 690">
     <span class='ocr_line' id='line_1_14' title="bbox 106 648 871 690; baseline -0.014 -5"><span class='ocrx_word' id='word_1_76' title='bbox 106 666 155 684; x_wconf 76' lang='grc' dir='ltr'>που</span> <span class='ocrx_word' id='word_1_77' title='bbox 166 657 299 690; x_wconf 77' lang='grc' dir='ltr'>θάνατος,</span> <span class='ocrx_word' id='word_1_78' title='bbox 313 654 361 682; x_wconf 75' lang='grc' dir='ltr'>καὶ</span> <span class='ocrx_word' id='word_1_79' title='bbox 366 654 402 681; x_wconf 77' lang='grc' dir='ltr'>δι’</span> <span class='ocrx_word' id='word_1_80' title='bbox 409 652 565 687; x_wconf 77' lang='grc' dir='ltr'><strong>ἀνθρώπου</strong></span> <span class='ocrx_word' id='word_1_81' title='bbox 573 651 741 682; x_wconf 80' lang='grc' dir='ltr'>ἀνάστασις</span> <span class='ocrx_word' id='word_1_82' title='bbox 748 648 871 683; x_wconf 81' lang='grc' dir='ltr'>νεκρῶν.</span> 
     </span>
    </p>
   </div>
   <div class='ocr_carea' id='block_1_15' title="bbox 106 693 872 736">
    <p class='ocr_par' dir='ltr' id='par_1_15' title="bbox 106 693 872 736">
     <span class='ocr_line' id='line_1_15' title="bbox 106 693 872 736; baseline -0.013 -7"><span class='ocrx_word' id='word_1_83' title='bbox 106 703 209 736; x_wconf 82' lang='grc' dir='ltr'>Ὥσπερ</span> <span class='ocrx_word' id='word_1_84' title='bbox 225 701 279 736; x_wconf 75' lang='grc' dir='ltr'>γὰρ</span> <span class='ocrx_word' id='word_1_85' title='bbox 291 700 326 726; x_wconf 74' lang='grc' dir='ltr'><strong>ἐν</strong></span> <span class='ocrx_word' id='word_1_86' title='bbox 341 698 381 731; x_wconf 87' lang='grc' dir='ltr'>τῷ</span> <span class='ocrx_word' id='word_1_87' title='bbox 397 697 483 731; x_wconf 81' lang='grc' dir='ltr'><strong>Ἀδὰμ</strong></span> <span class='ocrx_word' id='word_1_88' title='bbox 493 697 603 728; x_wconf 78' lang='grc' dir='ltr'>πάντες</span> <span class='ocrx_word' id='word_1_89' title='bbox 613 693 872 727; x_wconf 77' lang='grc' dir='ltr'>ἀποθνήσκουσιν,</span> 
     </span>
    </p>
   </div>
   <div class='ocr_carea' id='block_1_16' title="bbox 104 738 871 778">
    <p class='ocr_par' dir='ltr' id='par_1_16' title="bbox 104 738 871 778">
     <span class='ocr_line' id='line_1_16' title="bbox 104 738 871 778; baseline -0.014 -4"><span class='ocrx_word' id='word_1_90' title='bbox 104 747 188 778; x_wconf 76' lang='grc' dir='ltr'>οὕτως</span> <span class='ocrx_word' id='word_1_91' title='bbox 195 745 242 772; x_wconf 79' lang='grc' dir='ltr'>καὶ</span> <span class='ocrx_word' id='word_1_92' title='bbox 251 745 286 771; x_wconf 78' lang='grc' dir='ltr'><strong>ἐν</strong></span> <span class='ocrx_word' id='word_1_93' title='bbox 298 742 338 776; x_wconf 85' lang='grc' dir='ltr'>τῷ</span> <span class='ocrx_word' id='word_1_94' title='bbox 349 741 464 777; x_wconf 83' lang='grc' dir='ltr'>Χριστῷ</span> <span class='ocrx_word' id='word_1_95' title='bbox 473 740 583 773; x_wconf 79' lang='grc' dir='ltr'>πάντες</span> <span class='ocrx_word' id='word_1_96' title='bbox 591 738 871 772; x_wconf 80' lang='grc' dir='ltr'>ζωοποιηθήσονται·</span> 
     </span>
    </p>
   </div>
   <div class='ocr_carea' id='block_1_17' title="bbox 104 784 874 824">
    <p class='ocr_par' dir='ltr' id='par_1_17' title="bbox 104 784 874 824">
     <span class='ocr_line' id='line_1_17' title="bbox 104 784 874 824; baseline -0.013 -5"><span class='ocrx_word' id='word_1_97' title='bbox 104 793 219 824; x_wconf 77' lang='grc' dir='ltr'>ἕκαστος</span> <span class='ocrx_word' id='word_1_98' title='bbox 231 790 266 817; x_wconf 71' lang='grc' dir='ltr'><strong>ἐν</strong></span> <span class='ocrx_word' id='word_1_99' title='bbox 278 788 319 822; x_wconf 83' lang='grc' dir='ltr'>τῷ</span> <span class='ocrx_word' id='word_1_100' title='bbox 338 788 400 822; x_wconf 74' lang='grc' dir='ltr'>ἰδίῳ</span> <span class='ocrx_word' id='word_1_101' title='bbox 415 787 550 822; x_wconf 80' lang='grc' dir='ltr'><strong>τάγματι.</strong></span> <span class='ocrx_word' id='word_1_102' title='bbox 571 786 602 812; x_wconf 84' lang='lat'><strong>&#39;0</strong></span> <span class='ocrx_word' id='word_1_103' title='bbox 614 786 668 821; x_wconf 84' lang='grc' dir='ltr'><strong>γὰρ</strong></span> <span class='ocrx_word' id='word_1_104' title='bbox 683 785 800 813; x_wconf 76' lang='grc' dir='ltr'><strong>ἑκάστου</strong></span> <span class='ocrx_word' id='word_1_105' title='bbox 818 784 874 820; x_wconf 79' lang='grc' dir='ltr'>βίος</span> 
     </span>
    </p>
   </div>
   <div class='ocr_carea' id='block_1_18' title="bbox 105 831 873 872">
    <p class='ocr_par' dir='ltr' id='par_1_18' title="bbox 105 831 873 872">
     <span class='ocr_line' id='line_1_18' title="bbox 105 831 873 872; baseline -0.009 -8"><span class='ocrx_word' id='word_1_106' title='bbox 105 837 145 864; x_wconf 73' lang='grc' dir='ltr'>καὶ</span> <span class='ocrx_word' id='word_1_107' title='bbox 159 837 230 872; x_wconf 82' lang='grc' dir='ltr'><strong>λόγος</strong></span> <span class='ocrx_word' id='word_1_108' title='bbox 246 836 293 863; x_wconf 62' lang='grc' dir='ltr'><strong>καὶ¹</strong></span> <span class='ocrx_word' id='word_1_109' title='bbox 306 835 423 866; x_wconf 82' lang='grc' dir='ltr'>διάθεσις</span> <span class='ocrx_word' id='word_1_110' title='bbox 448 833 553 868; x_wconf 81' lang='grc' dir='ltr'>ποιήσει</span> <span class='ocrx_word' id='word_1_111' title='bbox 568 831 747 868; x_wconf 73' lang='grc' dir='ltr'><strong>προκριθῆναι</strong></span> <span class='ocrx_word' id='word_1_112' title='bbox 760 831 873 858; x_wconf 70' lang='grc' dir='ltr'>ἕκαστον</span> 
     </span>
    </p>
   </div>
   <div class='ocr_carea' id='block_1_19' title="bbox 106 878 556 915">
    <p class='ocr_par' dir='ltr' id='par_1_19' title="bbox 106 878 556 915">
     <span class='ocr_line' id='line_1_19' title="bbox 106 878 556 915; baseline -0.011 -6"><span class='ocrx_word' id='word_1_113' title='bbox 106 881 236 915; x_wconf 75' lang='grc' dir='ltr'>κατ’ἀξίαν</span> <span class='ocrx_word' id='word_1_114' title='bbox 249 881 278 907; x_wconf 76' lang='grc' dir='ltr'><strong>έν</strong></span> <span class='ocrx_word' id='word_1_115' title='bbox 288 889 342 907; x_wconf 89' lang='grc' dir='ltr'>τινι</span> <span class='ocrx_word' id='word_1_116' title='bbox 355 880 408 907; x_wconf 86' lang='grc' dir='ltr'><strong>τῶν</strong></span> <span class='ocrx_word' id='word_1_117' title='bbox 419 878 556 906; x_wconf 85' lang='grc' dir='ltr'>νεανίδων.</span> 
     </span>
    </p>
   </div>
   <div class='ocr_carea' id='block_1_20' title="bbox 135 968 873 1008">
    <p class='ocr_par' dir='ltr' id='par_1_20' title="bbox 135 968 873 1008">
     <span class='ocr_line' id='line_1_20' title="bbox 135 968 873 1008; baseline -0.008 -9"><span class='ocrx_word' id='word_1_118' title='bbox 135 972 175 1008; x_wconf 80' lang='grc' dir='ltr'><strong>Μὴ</strong></span> <span class='ocrx_word' id='word_1_119' title='bbox 190 971 313 1007; x_wconf 76' lang='grc' dir='ltr'><strong>θαύμαζε</strong></span> <span class='ocrx_word' id='word_1_120' title='bbox 331 972 355 998; x_wconf 74' lang='grc' dir='ltr'>εἰ</span> <span class='ocrx_word' id='word_1_121' title='bbox 371 972 385 997; x_wconf 99' lang='lat'><strong>6</strong></span> <span class='ocrx_word' id='word_1_122' title='bbox 398 971 512 1006; x_wconf 80' lang='grc' dir='ltr'>νυμφίος</span> <span class='ocrx_word' id='word_1_123' title='bbox 527 968 561 1005; x_wconf 79' lang='grc' dir='ltr'>ἦν</span> <span class='ocrx_word' id='word_1_124' title='bbox 574 969 642 1004; x_wconf 75' lang='grc' dir='ltr'>ἔχων</span> <span class='ocrx_word' id='word_1_125' title='bbox 656 968 740 1004; x_wconf 82' lang='grc' dir='ltr'>καλὴν</span> <span class='ocrx_word' id='word_1_126' title='bbox 756 968 873 1003; x_wconf 83' lang='grc' dir='ltr'>νύμφην.</span> 
     </span>
    </p>
   </div>
   <div class='ocr_carea' id='block_1_21' title="bbox 106 1013 875 1053">
    <p class='ocr_par' dir='ltr' id='par_1_21' title="bbox 106 1013 875 1053">
     <span class='ocr_line' id='line_1_21' title="bbox 106 1013 875 1053; baseline -0.007 -9"><span class='ocrx_word' id='word_1_127' title='bbox 106 1018 147 1044; x_wconf 79' lang='grc' dir='ltr'>καὶ</span> <span class='ocrx_word' id='word_1_128' title='bbox 165 1018 232 1053; x_wconf 82' lang='grc' dir='ltr'>τάχα</span> <span class='ocrx_word' id='word_1_129' title='bbox 255 1017 386 1052; x_wconf 80' lang='grc' dir='ltr'>δευτέραν</span> <span class='ocrx_word' id='word_1_130' title='bbox 409 1017 455 1043; x_wconf 78' lang='grc' dir='ltr'>καὶ</span> <span class='ocrx_word' id='word_1_131' title='bbox 475 1015 570 1050; x_wconf 78' lang='grc' dir='ltr'>τρίτην</span> <span class='ocrx_word' id='word_1_132' title='bbox 591 1015 638 1042; x_wconf 76' lang='grc' dir='ltr'>καὶ</span> <span class='ocrx_word' id='word_1_133' title='bbox 660 1014 792 1044; x_wconf 85' lang='grc' dir='ltr'>πλείονας.</span> <span class='ocrx_word' id='word_1_134' title='bbox 814 1013 875 1039; x_wconf 73' lang='grc' dir='ltr'>Ἐὰν</span> 
     </span>
    </p>
   </div>
   <div class='ocr_carea' id='block_1_22' title="bbox 103 1059 876 1100">
    <p class='ocr_par' dir='ltr' id='par_1_22' title="bbox 103 1059 876 1100">
     <span class='ocr_line' id='line_1_22' title="bbox 103 1059 876 1100; baseline -0.008 -10"><span class='ocrx_word' id='word_1_135' title='bbox 103 1064 194 1100; x_wconf 68' lang='grc' dir='ltr'>νοήσῃς</span> <span class='ocrx_word' id='word_1_136' title='bbox 205 1063 286 1090; x_wconf 77' lang='grc' dir='ltr'>αὐτοῦ</span> <span class='ocrx_word' id='word_1_137' title='bbox 308 1063 355 1089; x_wconf 80' lang='grc' dir='ltr'>καὶ</span> <span class='ocrx_word' id='word_1_138' title='bbox 375 1062 424 1094; x_wconf 79' lang='grc' dir='ltr'><strong>τὰς</strong></span> <span class='ocrx_word' id='word_1_139' title='bbox 440 1062 557 1097; x_wconf 82' lang='grc' dir='ltr'><strong>νύμφας,</strong></span> <span class='ocrx_word' id='word_1_140' title='bbox 572 1061 602 1087; x_wconf 84' lang='grc' dir='ltr'>οὐ</span> <span class='ocrx_word' id='word_1_141' title='bbox 626 1059 769 1096; x_wconf 75' lang='grc' dir='ltr'>φοϐηθήσῃ</span> <span class='ocrx_word' id='word_1_142' title='bbox 788 1059 876 1092; x_wconf 85' lang='grc' dir='ltr'>λέγειν</span> 
     </span>
    </p>
   </div>
   <div class='ocr_carea' id='block_1_23' title="bbox 105 1104 875 1145">
    <p class='ocr_par' dir='ltr' id='par_1_23' title="bbox 105 1104 875 1145">
     <span class='ocr_line' id='line_1_23' title="bbox 105 1104 875 1145; baseline -0.008 -9"><span class='ocrx_word' id='word_1_143' title='bbox 105 1109 152 1136; x_wconf 64' lang='grc' dir='ltr'><strong>ἀπὸ</strong></span> <span class='ocrx_word' id='word_1_144' title='bbox 163 1109 206 1137; x_wconf 78' lang='grc' dir='ltr'>τοῦ</span> <span class='ocrx_word' id='word_1_145' title='bbox 218 1110 357 1145; x_wconf 82' lang='grc' dir='ltr'>’ᾼσματος</span> <span class='ocrx_word' id='word_1_146' title='bbox 365 1117 372 1124; x_wconf 75' lang='grc' dir='ltr'><strong>ο</strong></span> <span class='ocrx_word' id='word_1_147' title='bbox 388 1107 548 1141; x_wconf 68' lang='grc' dir='ltr'><strong>Ἑξήκοοντά</strong></span> <span class='ocrx_word' id='word_1_148' title='bbox 561 1107 620 1134; x_wconf 78' lang='grc' dir='ltr'>εἰσι</span> <span class='ocrx_word' id='word_1_149' title='bbox 628 1106 812 1139; x_wconf 74' lang='grc' dir='ltr'><strong>βασίλισσαι</strong></span> <span class='ocrx_word' id='word_1_150' title='bbox 826 1104 875 1131; x_wconf 69' lang='grc' dir='ltr'>καὶ</span> 
     </span>
    </p>
   </div>
   <div class='ocr_carea' id='block_1_24' title="bbox 105 1148 876 1190">
    <p class='ocr_par' dir='ltr' id='par_1_24' title="bbox 105 1148 876 1190">
     <span class='ocr_line' id='line_1_24' title="bbox 105 1148 876 1190; baseline -0.004 -9"><span class='ocrx_word' id='word_1_151' title='bbox 105 1155 274 1190; x_wconf 75' lang='grc' dir='ltr'>ὀγδοήκοντα</span> <span class='ocrx_word' id='word_1_152' title='bbox 282 1153 437 1182; x_wconf 67' lang='grc' dir='ltr'>παλλακαὶ</span> <span class='ocrx_word' id='word_1_153' title='bbox 445 1152 591 1186; x_wconf 80' lang='grc' dir='ltr'>νεάνιδες,</span> <span class='ocrx_word' id='word_1_154' title='bbox 597 1148 701 1179; x_wconf 83' lang='grc' dir='ltr'><strong>ὦνοῠκ</strong></span> <span class='ocrx_word' id='word_1_155' title='bbox 709 1151 793 1178; x_wconf 78' lang='grc' dir='ltr'>ἔστιν</span> <span class='ocrx_word' id='word_1_156' title='bbox 801 1151 876 1184; x_wconf 75' lang='grc' dir='ltr'>ἀριθ-</span> 
     </span>
    </p>
   </div>
   <div class='ocr_carea' id='block_1_25' title="bbox 103 1198 876 1235">
    <p class='ocr_par' dir='ltr' id='par_1_25' title="bbox 103 1198 876 1235">
     <span class='ocr_line' id='line_1_25' title="bbox 103 1198 876 1235; baseline -0.006 -7"><span class='ocrx_word' id='word_1_157' title='bbox 103 1202 162 1235; x_wconf 79' lang='grc' dir='ltr'>μός.</span> <span class='ocrx_word' id='word_1_158' title='bbox 178 1202 234 1229; x_wconf 81' lang='grc' dir='ltr'>Μία</span> <span class='ocrx_word' id='word_1_159' title='bbox 248 1202 281 1230; x_wconf 85' lang='grc' dir='ltr'><strong>δέ</strong></span> <span class='ocrx_word' id='word_1_160' title='bbox 305 1201 371 1229; x_wconf 76' lang='grc' dir='ltr'>ἐστι</span> <span class='ocrx_word' id='word_1_161' title='bbox 391 1199 550 1234; x_wconf 75' lang='grc' dir='ltr'>περιστερά</span> <span class='ocrx_word' id='word_1_162' title='bbox 565 1208 635 1234; x_wconf 78' lang='grc' dir='ltr'>μου.</span> <span class='ocrx_word' id='word_1_163' title='bbox 659 1199 744 1232; x_wconf 83' lang='grc' dir='ltr'>Λόγος</span> <span class='ocrx_word' id='word_1_164' title='bbox 765 1198 838 1224; x_wconf 74' lang='grc' dir='ltr'>ἐστὶν</span> <span class='ocrx_word' id='word_1_165' title='bbox 862 1198 876 1223; x_wconf 90' lang='lat'><strong>6</strong></span> 
     </span>
    </p>
   </div>
   <div class='ocr_carea' id='block_1_26' title="bbox 105 1243 875 1281">
    <p class='ocr_par' dir='ltr' id='par_1_26' title="bbox 105 1243 875 1281">
     <span class='ocr_line' id='line_1_26' title="bbox 105 1243 875 1281; baseline -0.005 -10"><span class='ocrx_word' id='word_1_166' title='bbox 105 1246 206 1281; x_wconf 79' lang='grc' dir='ltr'>νυμφῑος</span> <span class='ocrx_word' id='word_1_167' title='bbox 216 1255 223 1262; x_wconf 80' lang='grc'><strong><em>⁸</em></strong></span> <span class='ocrx_word' id='word_1_168' title='bbox 237 1247 345 1280; x_wconf 77' lang='grc' dir='ltr'>λογικὸν</span> <span class='ocrx_word' id='word_1_169' title='bbox 356 1246 423 1278; x_wconf 80' lang='grc' dir='ltr'>ζῶον</span> <span class='ocrx_word' id='word_1_170' title='bbox 435 1246 452 1281; x_wconf 81' lang='grc' dir='ltr'>ἡ</span> <span class='ocrx_word' id='word_1_171' title='bbox 465 1245 568 1280; x_wconf 83' lang='grc' dir='ltr'>νύμφη,</span> <span class='ocrx_word' id='word_1_172' title='bbox 582 1244 628 1271; x_wconf 77' lang='grc' dir='ltr'>ἐὰν</span> <span class='ocrx_word' id='word_1_173' title='bbox 638 1244 722 1280; x_wconf 81' lang='grc' dir='ltr'>νοήσῃ</span> <span class='ocrx_word' id='word_1_174' title='bbox 734 1243 818 1278; x_wconf 79' lang='grc' dir='ltr'>ψυχὴ,</span> <span class='ocrx_word' id='word_1_175' title='bbox 830 1243 875 1269; x_wconf 77' lang='grc' dir='ltr'>καὶ</span> 
     </span>
    </p>
   </div>
   <div class='ocr_carea' id='block_1_27' title="bbox 103 1287 875 1326">
    <p class='ocr_par' dir='ltr' id='par_1_27' title="bbox 103 1287 875 1326">
     <span class='ocr_line' id='line_1_27' title="bbox 103 1287 875 1326; baseline -0.004 -10"><span class='ocrx_word' id='word_1_176' title='bbox 103 1289 165 1326; x_wconf 76' lang='grc' dir='ltr'>λάδῃ</span> <span class='ocrx_word' id='word_1_177' title='bbox 178 1291 192 1317; x_wconf 85' lang='lat'><strong>6</strong></span> <span class='ocrx_word' id='word_1_178' title='bbox 207 1291 323 1326; x_wconf 82' lang='grc' dir='ltr'>νυμφίος</span> <span class='ocrx_word' id='word_1_179' title='bbox 337 1290 384 1325; x_wconf 81' lang='grc' dir='ltr'>τὴν</span> <span class='ocrx_word' id='word_1_180' title='bbox 398 1290 516 1325; x_wconf 82' lang='grc' dir='ltr'>νύμφην.</span> <span class='ocrx_word' id='word_1_181' title='bbox 539 1289 608 1316; x_wconf 79' lang='grc' dir='ltr'>Ἀλλ’</span> <span class='ocrx_word' id='word_1_182' title='bbox 625 1289 685 1315; x_wconf 77' lang='grc' dir='ltr'>ἐπεί</span> <span class='ocrx_word' id='word_1_183' title='bbox 705 1289 778 1314; x_wconf 80' lang='grc' dir='ltr'>ἐστιν</span> <span class='ocrx_word' id='word_1_184' title='bbox 791 1289 805 1314; x_wconf 83' lang='lat'><strong>6</strong></span> <span class='ocrx_word' id='word_1_185' title='bbox 824 1287 875 1314; x_wconf 82' lang='lat' dir='ltr'><strong>A6-</strong></span> 
     </span>
    </p>
   </div>
   <div class='ocr_carea' id='block_1_28' title="bbox 105 1333 876 1372">
    <p class='ocr_par' dir='ltr' id='par_1_28' title="bbox 105 1333 876 1372">
     <span class='ocr_line' id='line_1_28' title="bbox 105 1333 876 1372; baseline -0.006 -8"><span class='ocrx_word' id='word_1_186' title='bbox 105 1345 145 1369; x_wconf 87' lang='grc' dir='ltr'><strong>γος</strong></span> <span class='ocrx_word' id='word_1_187' title='bbox 159 1333 231 1369; x_wconf 72' lang='grc' dir='ltr'>οὗτος</span> <span class='ocrx_word' id='word_1_188' title='bbox 245 1338 274 1363; x_wconf 89' lang='grc' dir='ltr'>οὺ</span> <span class='ocrx_word' id='word_1_189' title='bbox 300 1338 350 1372; x_wconf 78' lang='grc' dir='ltr'><strong>μιᾷ</strong></span> <span class='ocrx_word' id='word_1_190' title='bbox 367 1337 438 1372; x_wconf 84' lang='grc' dir='ltr'>ψυχῇ</span> <span class='ocrx_word' id='word_1_191' title='bbox 461 1336 608 1367; x_wconf 85' lang='grc' dir='ltr'>κοινωνῶν,</span> <span class='ocrx_word' id='word_1_192' title='bbox 628 1335 695 1361; x_wconf 78' lang='grc' dir='ltr'>ἀλλὰ</span> <span class='ocrx_word' id='word_1_193' title='bbox 711 1334 814 1361; x_wconf 87' lang='grc' dir='ltr'>πλείοσι</span> <span class='ocrx_word' id='word_1_194' title='bbox 829 1333 876 1360; x_wconf 61' lang='grc' dir='ltr'><strong>καὶ¹</strong></span> 
     </span>
    </p>
   </div>
   <div class='ocr_carea' id='block_1_29' title="bbox 104 1374 876 1418">
    <p class='ocr_par' dir='ltr' id='par_1_29' title="bbox 104 1374 876 1418">
     <span class='ocr_line' id='line_1_29' title="bbox 104 1374 876 1418; baseline -0.004 -11"><span class='ocrx_word' id='word_1_195' title='bbox 104 1381 228 1418; x_wconf 77' lang='grc' dir='ltr'>διαφόροις</span> <span class='ocrx_word' id='word_1_196' title='bbox 241 1384 308 1418; x_wconf 80' lang='grc' dir='ltr'>τιμῇ</span> <span class='ocrx_word' id='word_1_197' title='bbox 325 1391 366 1413; x_wconf 90' lang='grc' dir='ltr'><strong>τις</strong></span> <span class='ocrx_word' id='word_1_198' title='bbox 380 1381 506 1417; x_wconf 82' lang='grc' dir='ltr'>βασιλικῇ</span> <span class='ocrx_word' id='word_1_199' title='bbox 518 1381 565 1408; x_wconf 75' lang='grc' dir='ltr'>καὶ</span> <span class='ocrx_word' id='word_1_200' title='bbox 581 1379 755 1416; x_wconf 80' lang='grc' dir='ltr'>διαφερούσῃ,</span> <span class='ocrx_word' id='word_1_201' title='bbox 769 1374 876 1413; x_wconf 72' lang='grc' dir='ltr'>λέγεται</span> 
     </span>
    </p>
   </div>
   <div class='ocr_carea' id='block_1_30' title="bbox 105 1424 877 1461">
    <p class='ocr_par' dir='ltr' id='par_1_30' title="bbox 105 1424 877 1461">
     <span class='ocr_line' id='line_1_30' title="bbox 105 1424 877 1461; baseline -0.004 -9"><span class='ocrx_word' id='word_1_202' title='bbox 105 1428 192 1454; x_wconf 71' lang='grc' dir='ltr'>τελεία</span> <span class='ocrx_word' id='word_1_203' title='bbox 205 1426 373 1461; x_wconf 80' lang='grc' dir='ltr'>περιστερά.</span> <span class='ocrx_word' id='word_1_204' title='bbox 385 1427 452 1458; x_wconf 84' lang='grc' dir='ltr'>Ταῖς</span> <span class='ocrx_word' id='word_1_205' title='bbox 464 1427 492 1453; x_wconf 84' lang='grc' dir='ltr'>δὲ</span> <span class='ocrx_word' id='word_1_206' title='bbox 509 1426 657 1461; x_wconf 81' lang='grc' dir='ltr'>βασιλικαῖς</span> <span class='ocrx_word' id='word_1_207' title='bbox 676 1426 734 1460; x_wconf 76' lang='grc' dir='ltr'>μὲν,</span> <span class='ocrx_word' id='word_1_208' title='bbox 749 1424 877 1450; x_wconf 84' lang='grc' dir='ltr'>ὑποδεεσ-</span> 
     </span>
    </p>
   </div>
   <div class='ocr_carea' id='block_1_31' title="bbox 104 1471 875 1507">
    <p class='ocr_par' dir='ltr' id='par_1_31' title="bbox 104 1471 875 1507">
     <span class='ocr_line' id='line_1_31' title="bbox 104 1471 875 1507; baseline -0.003 -10"><span class='ocrx_word' id='word_1_209' title='bbox 104 1472 186 1507; x_wconf 83' lang='grc' dir='ltr'>τέραις</span> <span class='ocrx_word' id='word_1_210' title='bbox 210 1472 249 1505; x_wconf 85' lang='grc' dir='ltr'>δὲ,</span> <span class='ocrx_word' id='word_1_211' title='bbox 263 1472 309 1499; x_wconf 81' lang='grc' dir='ltr'><strong>διὰ</strong></span> <span class='ocrx_word' id='word_1_212' title='bbox 328 1472 407 1499; x_wconf 81' lang='grc' dir='ltr'>τοῦτο</span> <span class='ocrx_word' id='word_1_213' title='bbox 428 1471 559 1507; x_wconf 80' lang='grc' dir='ltr'>ἐξήκοντα</span> <span class='ocrx_word' id='word_1_214' title='bbox 582 1471 749 1506; x_wconf 76' lang='grc' dir='ltr'>βασίλισσαι·</span> <span class='ocrx_word' id='word_1_215' title='bbox 770 1471 875 1506; x_wconf 79' lang='grc' dir='ltr'>ἑτέραις</span> 
     </span>
    </p>
   </div>
   <div class='ocr_carea' id='block_1_32' title="bbox 923 234 1702 272">
    <p class='ocr_par' dir='ltr' id='par_1_32' title="bbox 923 234 1702 272">
     <span class='ocr_line' id='line_1_32' title="bbox 923 234 1702 272; baseline -0.006 -8"><span class='ocrx_word' id='word_1_216' title='bbox 923 241 1085 272; x_wconf 75' lang='lat' dir='ltr'><strong>pascantur,</strong></span> <span class='ocrx_word' id='word_1_217' title='bbox 1109 241 1137 263; x_wconf 79' lang='lat' dir='ltr'><strong>et</strong></span> <span class='ocrx_word' id='word_1_218' title='bbox 1162 236 1233 270; x_wconf 75' lang='lat' dir='ltr'><strong>quod</strong></span> <span class='ocrx_word' id='word_1_219' title='bbox 1256 235 1329 261; x_wconf 87' lang='lat' dir='ltr'><strong>nulla</strong></span> <span class='ocrx_word' id='word_1_220' title='bbox 1349 234 1384 261; x_wconf 86' lang='lat' dir='ltr'><strong>sit</strong></span> <span class='ocrx_word' id='word_1_221' title='bbox 1403 241 1464 268; x_wconf 83' lang='lat' dir='ltr'><strong>qua:</strong></span> <span class='ocrx_word' id='word_1_222' title='bbox 1485 234 1518 260; x_wconf 84' lang='lat' dir='ltr'><strong>de</strong></span> <span class='ocrx_word' id='word_1_223' title='bbox 1540 241 1702 267; x_wconf 79' lang='lat' dir='ltr'><strong>quocunque</strong></span> 
     </span>
    </p>
   </div>
   <div class='ocr_carea' id='block_1_33' title="bbox 923 280 1316 311">
    <p class='ocr_par' dir='ltr' id='par_1_33' title="bbox 923 280 1316 311">
     <span class='ocr_line' id='line_1_33' title="bbox 923 280 1316 311; baseline -0.008 0"><span class='ocrx_word' id='word_1_224' title='bbox 923 291 1047 311; x_wconf 80' lang='lat' dir='ltr'><strong>sermone</strong></span> <span class='ocrx_word' id='word_1_225' title='bbox 1061 283 1152 310; x_wconf 80' lang='lat' dir='ltr'><strong>cibum</strong></span> <span class='ocrx_word' id='word_1_226' title='bbox 1168 291 1223 309; x_wconf 89' lang='lat' dir='ltr'><strong>non</strong></span> <span class='ocrx_word' id='word_1_227' title='bbox 1239 280 1316 308; x_wconf 77' lang='lat' dir='ltr'><strong>ferat.</strong></span> 
     </span>
    </p>
   </div>
   <div class='ocr_carea' id='block_1_34' title="bbox 959 327 1705 362">
    <p class='ocr_par' dir='ltr' id='par_1_34' title="bbox 959 327 1705 362">
     <span class='ocr_line' id='line_1_34' title="bbox 959 327 1705 362; baseline -0.008 -6"><span class='ocrx_word' id='word_1_228' title='bbox 959 329 1035 356; x_wconf 83' lang='lat' dir='ltr'><strong>Vers.</strong></span> <span class='ocrx_word' id='word_1_229' title='bbox 1053 329 1078 356; x_wconf 87' lang='lat'><strong>7.</strong></span> <span class='ocrx_word' id='word_1_230' title='bbox 1094 329 1129 355; x_wconf 75' lang='lat' dir='ltr'><strong>Et</strong></span> <span class='ocrx_word' id='word_1_231' title='bbox 1146 327 1357 360; x_wconf 75' lang='lat' dir='ltr'><strong>ndolescentulre,</strong></span> <span class='ocrx_word' id='word_1_232' title='bbox 1371 334 1481 362; x_wconf 85' lang='lat' dir='ltr'><strong>quarum</strong></span> <span class='ocrx_word' id='word_1_233' title='bbox 1498 332 1547 352; x_wconf 87' lang='lat' dir='ltr'><strong>non</strong></span> <span class='ocrx_word' id='word_1_234' title='bbox 1560 329 1597 351; x_wconf 73' lang='lat' dir='ltr'><strong>est</strong></span> <span class='ocrx_word' id='word_1_235' title='bbox 1611 332 1705 350; x_wconf 64' lang='lat' dir='ltr'><strong>prunic-</strong></span> 
     </span>
    </p>
   </div>
   <div class='ocr_carea' id='block_1_35' title="bbox 923 369 1702 404">
    <p class='ocr_par' dir='ltr' id='par_1_35' title="bbox 923 369 1702 404">
     <span class='ocr_line' id='line_1_35' title="bbox 923 369 1702 404; baseline -0.009 -2"><span class='ocrx_word' id='word_1_236' title='bbox 923 384 978 402; x_wconf 83' lang='lat' dir='ltr'><strong>rns.</strong></span> <span class='ocrx_word' id='word_1_237' title='bbox 988 375 1203 402; x_wconf 65' lang='lat' dir='ltr'><strong>Adolescentulae</strong></span> <span class='ocrx_word' id='word_1_238' title='bbox 1216 381 1358 400; x_wconf 85' lang='lat' dir='ltr'><strong>numerum</strong></span> <span class='ocrx_word' id='word_1_239' title='bbox 1373 380 1426 399; x_wconf 89' lang='lat' dir='ltr'><strong>non</strong></span> <span class='ocrx_word' id='word_1_240' title='bbox 1442 372 1551 403; x_wconf 86' lang='lat' dir='ltr'><strong>habent,</strong></span> <span class='ocrx_word' id='word_1_241' title='bbox 1563 378 1616 397; x_wconf 73' lang='lat' dir='ltr'><strong>non</strong></span> <span class='ocrx_word' id='word_1_242' title='bbox 1630 369 1702 404; x_wconf 83' lang='lat' dir='ltr'><strong>quod</strong></span> 
     </span>
    </p>
   </div>
   <div class='ocr_carea' id='block_1_36' title="bbox 923 416 1704 452">
    <p class='ocr_par' dir='ltr' id='par_1_36' title="bbox 923 416 1704 452">
     <span class='ocr_line' id='line_1_36' title="bbox 923 416 1704 452; baseline -0.012 -4"><span class='ocrx_word' id='word_1_243' title='bbox 923 422 975 449; x_wconf 79' lang='lat' dir='ltr'><strong>sub</strong></span> <span class='ocrx_word' id='word_1_244' title='bbox 991 428 1105 448; x_wconf 85' lang='lat' dir='ltr'><strong>Immero</strong></span> <span class='ocrx_word' id='word_1_245' title='bbox 1120 428 1172 447; x_wconf 90' lang='lat' dir='ltr'><strong>non</strong></span> <span class='ocrx_word' id='word_1_246' title='bbox 1188 420 1296 452; x_wconf 78' lang='lat' dir='ltr'><strong>cadant,</strong></span> <span class='ocrx_word' id='word_1_247' title='bbox 1312 419 1357 446; x_wconf 87' lang='lat' dir='ltr'><strong>sed</strong></span> <span class='ocrx_word' id='word_1_248' title='bbox 1375 417 1446 452; x_wconf 86' lang='lat' dir='ltr'><strong>quod</strong></span> <span class='ocrx_word' id='word_1_249' title='bbox 1464 425 1517 444; x_wconf 90' lang='lat' dir='ltr'><strong>nou</strong></span> <span class='ocrx_word' id='word_1_250' title='bbox 1535 417 1601 444; x_wconf 80' lang='lat' dir='ltr'><strong>satis</strong></span> <span class='ocrx_word' id='word_1_251' title='bbox 1615 416 1704 450; x_wconf 65' lang='lat' dir='ltr'><strong>dignae</strong></span> 
     </span>
    </p>
   </div>
   <div class='ocr_carea' id='block_1_37' title="bbox 923 463 1701 504">
    <p class='ocr_par' dir='ltr' id='par_1_37' title="bbox 923 463 1701 504">
     <span class='ocr_line' id='line_1_37' title="bbox 923 463 1701 504; baseline -0.013 -7"><span class='ocrx_word' id='word_1_252' title='bbox 923 470 977 498; x_wconf 88' lang='lat' dir='ltr'><strong>sint</strong></span> <span class='ocrx_word' id='word_1_253' title='bbox 1002 476 1119 504; x_wconf 84' lang='lat' dir='ltr'><strong>quarum</strong></span> <span class='ocrx_word' id='word_1_254' title='bbox 1147 475 1275 494; x_wconf 80' lang='lat' dir='ltr'><strong>numerus</strong></span> <span class='ocrx_word' id='word_1_255' title='bbox 1298 466 1413 494; x_wconf 82' lang='lat' dir='ltr'><strong>ineatur.</strong></span> <span class='ocrx_word' id='word_1_256' title='bbox 1432 465 1463 491; x_wconf 79' lang='lat' dir='ltr'><strong>Et</strong></span> <span class='ocrx_word' id='word_1_257' title='bbox 1487 463 1556 491; x_wconf 73' lang='lat' dir='ltr'><strong>forte</strong></span> <span class='ocrx_word' id='word_1_258' title='bbox 1577 463 1701 491; x_wconf 71' lang='lat' dir='ltr'><strong>eumdem</strong></span> 
     </span>
    </p>
   </div>
   <div class='ocr_carea' id='block_1_38' title="bbox 923 508 1703 550">
    <p class='ocr_par' dir='ltr' id='par_1_38' title="bbox 923 508 1703 550">
     <span class='ocr_line' id='line_1_38' title="bbox 923 508 1703 550; baseline -0.012 -8"><span class='ocrx_word' id='word_1_259' title='bbox 923 523 1004 550; x_wconf 86' lang='lat' dir='ltr'><strong>quem</strong></span> <span class='ocrx_word' id='word_1_260' title='bbox 1028 513 1290 542; x_wconf 63' lang='lat' dir='ltr'><strong>adolescentulam“!</strong></span> <span class='ocrx_word' id='word_1_261' title='bbox 1315 519 1374 547; x_wconf 78' lang='lat' dir='ltr'><strong>qua:</strong></span> <span class='ocrx_word' id='word_1_262' title='bbox 1391 519 1406 538; x_wconf 72' lang='grc' dir='ltr'><strong>ει</strong></span> <span class='ocrx_word' id='word_1_263' title='bbox 1419 510 1529 538; x_wconf 86' lang='lat' dir='ltr'><strong>Christo</strong></span> <span class='ocrx_word' id='word_1_264' title='bbox 1551 508 1703 537; x_wconf 87' lang='lat' dir='ltr'><strong>communi-</strong></span> 
     </span>
    </p>
   </div>
   <div class='ocr_carea' id='block_1_39' title="bbox 923 553 1704 592">
    <p class='ocr_par' dir='ltr' id='par_1_39' title="bbox 923 553 1704 592">
     <span class='ocr_line' id='line_1_39' title="bbox 923 553 1704 592; baseline -0.012 -4"><span class='ocrx_word' id='word_1_265' title='bbox 923 566 1030 592; x_wconf 82' lang='lat' dir='ltr'><strong>cantur,</strong></span> <span class='ocrx_word' id='word_1_266' title='bbox 1044 559 1201 591; x_wconf 89' lang='lat' dir='ltr'><strong>discrimen,</strong></span> <span class='ocrx_word' id='word_1_267' title='bbox 1217 565 1327 585; x_wconf 86' lang='lat' dir='ltr'><strong>sensum</strong></span> <span class='ocrx_word' id='word_1_268' title='bbox 1346 556 1445 583; x_wconf 81' lang='lat' dir='ltr'><strong>habent</strong></span> <span class='ocrx_word' id='word_1_269' title='bbox 1461 555 1542 582; x_wconf 84' lang='lat' dir='ltr'><strong>etiam</strong></span> <span class='ocrx_word' id='word_1_270' title='bbox 1556 554 1593 581; x_wconf 91' lang='lat' dir='ltr'><strong>illi</strong></span> <span class='ocrx_word' id='word_1_271' title='bbox 1611 553 1656 588; x_wconf 91' lang='lat' dir='ltr'><strong>qui</strong></span> <span class='ocrx_word' id='word_1_272' title='bbox 1668 553 1704 580; x_wconf 85' lang='lat' dir='ltr'><strong>ab</strong></span> 
     </span>
    </p>
   </div>
   <div class='ocr_carea' id='block_1_40' title="bbox 923 599 1705 640">
    <p class='ocr_par' dir='ltr' id='par_1_40' title="bbox 923 599 1705 640">
     <span class='ocr_line' id='line_1_40' title="bbox 923 599 1705 640; baseline -0.013 -8"><span class='ocrx_word' id='word_1_273' title='bbox 923 605 1052 640; x_wconf 82' lang='lat' dir='ltr'><strong>Apostolu</strong></span> <span class='ocrx_word' id='word_1_274' title='bbox 1077 605 1327 630; x_wconf 68' lang='lat' dir='ltr'><strong>commemorantur</strong></span> <span class='ocrx_word' id='word_1_275' title='bbox 1353 599 1560 628; x_wconf 76' lang='lat' dir='ltr'><strong>resurrectionis</strong></span> <span class='ocrx_word' id='word_1_276' title='bbox 1582 602 1705 624; x_wconf 76' lang='lat' dir='ltr'><strong>mortuo-</strong></span> 
     </span>
    </p>
   </div>
   <div class='ocr_carea' id='block_1_41' title="bbox 923 642 1704 680">
    <p class='ocr_par' dir='ltr' id='par_1_41' title="bbox 923 642 1704 680">
     <span class='ocr_line' id='line_1_41' title="bbox 923 642 1704 680; baseline -0.012 -4"><span class='ocrx_word' id='word_1_277' title='bbox 923 657 983 677; x_wconf 90' lang='lat' dir='ltr'><strong>rum</strong></span> <span class='ocrx_word' id='word_1_278' title='bbox 999 648 1119 680; x_wconf 78' lang='lat' dir='ltr'><strong>ordines,</strong></span> <span class='ocrx_word' id='word_1_279' title='bbox 1138 647 1180 674; x_wconf 84' lang='lat' dir='ltr'><strong>his</strong></span> <span class='ocrx_word' id='word_1_280' title='bbox 1197 646 1287 673; x_wconf 79' lang='lat' dir='ltr'><strong>verbis</strong></span> <span class='ocrx_word' id='word_1_281' title='bbox 1301 655 1307 673; x_wconf 94' lang='lat'><strong><em>:</em></strong></span> <span class='ocrx_word' id='word_1_282' title='bbox 1321 645 1452 678; x_wconf 80' lang='lat' dir='ltr'><strong>Quoniam</strong></span> <span class='ocrx_word' id='word_1_283' title='bbox 1467 643 1572 678; x_wconf 76' lang='lat' dir='ltr'><strong>quidem</strong></span> <span class='ocrx_word' id='word_1_284' title='bbox 1586 650 1631 677; x_wconf 79' lang='lat' dir='ltr'><strong>per</strong></span> <span class='ocrx_word' id='word_1_285' title='bbox 1656 642 1704 668; x_wconf 84' lang='lat' dir='ltr'><strong>ho-</strong></span> 
     </span>
    </p>
   </div>
   <div class='ocr_carea' id='block_1_42' title="bbox 924 689 1702 727">
    <p class='ocr_par' dir='ltr' id='par_1_42' title="bbox 924 689 1702 727">
     <span class='ocr_line' id='line_1_42' title="bbox 924 689 1702 727; baseline -0.013 -5"><span class='ocrx_word' id='word_1_286' title='bbox 924 695 1019 722; x_wconf 79' lang='lat' dir='ltr'><strong>minem</strong></span> <span class='ocrx_word' id='word_1_287' title='bbox 1031 702 1112 724; x_wconf 75' lang='lat' dir='ltr'><strong>mors,</strong></span> <span class='ocrx_word' id='word_1_288' title='bbox 1129 697 1152 719; x_wconf 78' lang='lat' dir='ltr'><strong>et</strong></span> <span class='ocrx_word' id='word_1_289' title='bbox 1164 700 1209 727; x_wconf 75' lang='lat' dir='ltr'><strong>per</strong></span> <span class='ocrx_word' id='word_1_290' title='bbox 1221 691 1350 717; x_wconf 78' lang='lat' dir='ltr'><strong>hominem</strong></span> <span class='ocrx_word' id='word_1_291' title='bbox 1364 689 1517 716; x_wconf 72' lang='lat' dir='ltr'><strong>resurrectio</strong></span> <span class='ocrx_word' id='word_1_292' title='bbox 1530 692 1702 714; x_wconf 81' lang='lat' dir='ltr'><strong>mortuorum.</strong></span> 
     </span>
    </p>
   </div>
   <div class='ocr_carea' id='block_1_43' title="bbox 924 733 1703 768">
    <p class='ocr_par' dir='ltr' id='par_1_43' title="bbox 924 733 1703 768">
     <span class='ocr_line' id='line_1_43' title="bbox 924 733 1703 768; baseline -0.012 0"><span class='ocrx_word' id='word_1_293' title='bbox 924 741 998 768; x_wconf 80' lang='lat' dir='ltr'><strong>Sicut</strong></span> <span class='ocrx_word' id='word_1_294' title='bbox 1023 740 1092 767; x_wconf 86' lang='lat' dir='ltr'><strong>enim</strong></span> <span class='ocrx_word' id='word_1_295' title='bbox 1119 739 1146 766; x_wconf 81' lang='lat' dir='ltr'><strong>in</strong></span> <span class='ocrx_word' id='word_1_296' title='bbox 1174 738 1258 765; x_wconf 79' lang='lat' dir='ltr'><strong>Adam</strong></span> <span class='ocrx_word' id='word_1_297' title='bbox 1284 745 1370 764; x_wconf 75' lang='lat' dir='ltr'><strong>annm</strong></span> <span class='ocrx_word' id='word_1_298' title='bbox 1394 737 1551 767; x_wconf 73' lang='lat' dir='ltr'><strong>moriuntur,</strong></span> <span class='ocrx_word' id='word_1_299' title='bbox 1567 735 1605 760; x_wconf 88' lang='lat' dir='ltr'><strong>ita</strong></span> <span class='ocrx_word' id='word_1_300' title='bbox 1632 739 1655 760; x_wconf 83' lang='lat' dir='ltr'><strong>et</strong></span> <span class='ocrx_word' id='word_1_301' title='bbox 1677 733 1703 759; x_wconf 86' lang='lat' dir='ltr'><strong>in</strong></span> 
     </span>
    </p>
   </div>
   <div class='ocr_carea' id='block_1_44' title="bbox 924 780 1705 818">
    <p class='ocr_par' dir='ltr' id='par_1_44' title="bbox 924 780 1705 818">
     <span class='ocr_line' id='line_1_44' title="bbox 924 780 1705 818; baseline -0.012 -5"><span class='ocrx_word' id='word_1_302' title='bbox 924 786 1029 815; x_wconf 81' lang='lat' dir='ltr'><strong>Chriuo</strong></span> <span class='ocrx_word' id='word_1_303' title='bbox 1047 793 1135 812; x_wconf 71' lang='lat' dir='ltr'><strong>omnes</strong></span> <span class='ocrx_word' id='word_1_304' title='bbox 1156 784 1368 818; x_wconf 74' lang='lat' dir='ltr'><strong>viviﬁcabuntur.</strong></span> <span class='ocrx_word' id='word_1_305' title='bbox 1396 781 1576 816; x_wconf 73' lang='lat' dir='ltr'><strong>Unusquisque</strong></span> <span class='ocrx_word' id='word_1_306' title='bbox 1603 780 1630 806; x_wconf 84' lang='lat' dir='ltr'><strong>in</strong></span> <span class='ocrx_word' id='word_1_307' title='bbox 1658 787 1705 805; x_wconf 72' lang='lat' dir='ltr'><strong>tuo</strong></span> 
     </span>
    </p>
   </div>
   <div class='ocr_carea' id='block_1_45' title="bbox 925 824 1705 864">
    <p class='ocr_par' dir='ltr' id='par_1_45' title="bbox 925 824 1705 864">
     <span class='ocr_line' id='line_1_45' title="bbox 925 824 1705 864; baseline -0.013 -5"><span class='ocrx_word' id='word_1_308' title='bbox 925 832 1016 859; x_wconf 83' lang='lat' dir='ltr'><strong>ordine</strong></span> <span class='ocrx_word' id='word_1_309' title='bbox 1028 832 1048 857; x_wconf 89' lang='lat'><strong>&#39;.</strong></span> <span class='ocrx_word' id='word_1_310' title='bbox 1070 829 1291 864; x_wconf 87' lang='lat' dir='ltr'><strong>Uniuscujusque</strong></span> <span class='ocrx_word' id='word_1_311' title='bbox 1307 829 1378 856; x_wconf 89' lang='lat' dir='ltr'><strong>enim</strong></span> <span class='ocrx_word' id='word_1_312' title='bbox 1397 827 1451 854; x_wconf 89' lang='lat' dir='ltr'><strong>vita</strong></span> <span class='ocrx_word' id='word_1_313' title='bbox 1461 830 1488 853; x_wconf 90' lang='lat' dir='ltr'><strong>ct</strong></span> <span class='ocrx_word' id='word_1_314' title='bbox 1503 832 1592 853; x_wconf 84' lang='lat' dir='ltr'><strong>sermo</strong></span> <span class='ocrx_word' id='word_1_315' title='bbox 1605 824 1705 851; x_wconf 87' lang='lat' dir='ltr'><strong>animi-</strong></span> 
     </span>
    </p>
   </div>
   <div class='ocr_carea' id='block_1_46' title="bbox 889 865 1708 913">
    <p class='ocr_par' dir='ltr' id='par_1_46' title="bbox 889 865 1708 913">
     <span class='ocr_line' id='line_1_46' title="bbox 889 865 1708 913; baseline -0.013 -7"><span class='ocrx_word' id='word_1_316' title='bbox 889 865 910 892; x_wconf 73' lang='grc' dir='ltr'><strong><em>Β</em></strong></span> <span class='ocrx_word' id='word_1_317' title='bbox 926 885 978 913; x_wconf 86' lang='lat' dir='ltr'><strong>que</strong></span> <span class='ocrx_word' id='word_1_318' title='bbox 992 876 1100 905; x_wconf 76' lang='lat' dir='ltr'><strong>affectio</strong></span> <span class='ocrx_word' id='word_1_319' title='bbox 1114 876 1166 903; x_wconf 91' lang='lat' dir='ltr'><strong>hoc</strong></span> <span class='ocrx_word' id='word_1_320' title='bbox 1179 874 1355 910; x_wconf 64' lang='lat' dir='ltr'><strong>praestabunt,</strong></span> <span class='ocrx_word' id='word_1_321' title='bbox 1369 879 1398 899; x_wconf 92' lang='lat' dir='ltr'><strong>ut</strong></span> <span class='ocrx_word' id='word_1_322' title='bbox 1408 872 1523 907; x_wconf 81' lang='lat' dir='ltr'><strong>quisque</strong></span> <span class='ocrx_word' id='word_1_323' title='bbox 1537 878 1586 904; x_wconf 89' lang='lat' dir='ltr'><strong>pro</strong></span> <span class='ocrx_word' id='word_1_324' title='bbox 1600 869 1708 896; x_wconf 83' lang='lat' dir='ltr'><strong>meritis</strong></span> 
     </span>
    </p>
   </div>
   <div class='ocr_carea' id='block_1_47' title="bbox 926 915 1598 958">
    <p class='ocr_par' dir='ltr' id='par_1_47' title="bbox 926 915 1598 958">
     <span class='ocr_line' id='line_1_47' title="bbox 926 915 1598 958; baseline -0.016 -7"><span class='ocrx_word' id='word_1_325' title='bbox 926 924 953 951; x_wconf 92' lang='lat' dir='ltr'><strong>in</strong></span> <span class='ocrx_word' id='word_1_326' title='bbox 967 923 1085 958; x_wconf 90' lang='lat' dir='ltr'><strong>quadam</strong></span> <span class='ocrx_word' id='word_1_327' title='bbox 1099 920 1307 957; x_wconf 85' lang='lat' dir='ltr'><strong>juveneularum</strong></span> <span class='ocrx_word' id='word_1_328' title='bbox 1325 919 1413 946; x_wconf 84' lang='lat' dir='ltr'><strong>classe</strong></span> <span class='ocrx_word' id='word_1_329' title='bbox 1430 915 1598 952; x_wconf 57' lang='lat' dir='ltr'><strong>praeferatur.</strong></span> 
     </span>
    </p>
   </div>
   <div class='ocr_carea' id='block_1_48' title="bbox 962 962 1710 1001">
    <p class='ocr_par' dir='ltr' id='par_1_48' title="bbox 962 962 1710 1001">
     <span class='ocr_line' id='line_1_48' title="bbox 962 962 1710 1001; baseline -0.019 -4"><span class='ocrx_word' id='word_1_330' title='bbox 962 969 1020 997; x_wconf 76' lang='lat' dir='ltr'><strong>Noli</strong></span> <span class='ocrx_word' id='word_1_331' title='bbox 1048 967 1139 995; x_wconf 85' lang='lat' dir='ltr'><strong>mirari</strong></span> <span class='ocrx_word' id='word_1_332' title='bbox 1164 966 1235 1001; x_wconf 86' lang='lat' dir='ltr'><strong>quod</strong></span> <span class='ocrx_word' id='word_1_333' title='bbox 1263 971 1380 1000; x_wconf 82' lang='lat' dir='ltr'><strong>sponsus</strong></span> <span class='ocrx_word' id='word_1_334' title='bbox 1412 962 1551 997; x_wconf 82' lang='lat' dir='ltr'><strong>pulchram</strong></span> <span class='ocrx_word' id='word_1_335' title='bbox 1578 965 1710 994; x_wconf 76' lang='lat' dir='ltr'><strong>sponsam</strong></span> 
     </span>
    </p>
   </div>
   <div class='ocr_carea' id='block_1_49' title="bbox 926 1004 1709 1046">
    <p class='ocr_par' dir='ltr' id='par_1_49' title="bbox 926 1004 1709 1046">
     <span class='ocr_line' id='line_1_49' title="bbox 926 1004 1709 1046; baseline -0.019 -2"><span class='ocrx_word' id='word_1_336' title='bbox 926 1016 1035 1046; x_wconf 83' lang='lat' dir='ltr'><strong>haheat,</strong></span> <span class='ocrx_word' id='word_1_337' title='bbox 1052 1022 1084 1042; x_wconf 87' lang='lat' dir='ltr'><strong>ac</strong></span> <span class='ocrx_word' id='word_1_338' title='bbox 1105 1012 1219 1040; x_wconf 79' lang='lat' dir='ltr'><strong>forsitan</strong></span> <span class='ocrx_word' id='word_1_339' title='bbox 1243 1011 1365 1040; x_wconf 80' lang='lat' dir='ltr'><strong>alteram,</strong></span> <span class='ocrx_word' id='word_1_340' title='bbox 1383 1008 1543 1041; x_wconf 80' lang='lat' dir='ltr'><strong>tertiamque</strong></span> <span class='ocrx_word' id='word_1_341' title='bbox 1567 1009 1593 1032; x_wconf 90' lang='lat' dir='ltr'><strong>et</strong></span> <span class='ocrx_word' id='word_1_342' title='bbox 1617 1004 1709 1039; x_wconf 78' lang='lat' dir='ltr'><strong>plures</strong></span> 
     </span>
    </p>
   </div>
   <div class='ocr_carea' id='block_1_50' title="bbox 927 1050 1708 1090">
    <p class='ocr_par' dir='ltr' id='par_1_50' title="bbox 927 1050 1708 1090">
     <span class='ocr_line' id='line_1_50' title="bbox 927 1050 1708 1090; baseline -0.017 -4"><span class='ocrx_word' id='word_1_343' title='bbox 927 1060 1004 1087; x_wconf 87' lang='lat' dir='ltr'><strong>alias.</strong></span> <span class='ocrx_word' id='word_1_344' title='bbox 1022 1058 1051 1085; x_wconf 89' lang='lat' dir='ltr'><strong>Si</strong></span> <span class='ocrx_word' id='word_1_345' title='bbox 1070 1057 1151 1084; x_wconf 89' lang='lat' dir='ltr'><strong>etiam</strong></span> <span class='ocrx_word' id='word_1_346' title='bbox 1164 1056 1235 1083; x_wconf 88' lang='lat' dir='ltr'><strong>illius</strong></span> <span class='ocrx_word' id='word_1_347' title='bbox 1250 1061 1367 1090; x_wconf 83' lang='lat' dir='ltr'><strong>sponsas</strong></span> <span class='ocrx_word' id='word_1_348' title='bbox 1381 1050 1551 1087; x_wconf 78' lang='lat' dir='ltr'><strong>cogitaveris,</strong></span> <span class='ocrx_word' id='word_1_349' title='bbox 1567 1057 1620 1076; x_wconf 86' lang='lat' dir='ltr'><strong>non</strong></span> <span class='ocrx_word' id='word_1_350' title='bbox 1635 1056 1708 1075; x_wconf 82' lang='lat' dir='ltr'><strong>vere-</strong></span> 
     </span>
    </p>
   </div>
   <div class='ocr_carea' id='block_1_51' title="bbox 926 1095 1710 1134">
    <p class='ocr_par' dir='ltr' id='par_1_51' title="bbox 926 1095 1710 1134">
     <span class='ocr_line' id='line_1_51' title="bbox 926 1095 1710 1134; baseline -0.017 -2"><span class='ocrx_word' id='word_1_351' title='bbox 926 1105 999 1132; x_wconf 87' lang='lat' dir='ltr'><strong>beris</strong></span> <span class='ocrx_word' id='word_1_352' title='bbox 1014 1111 1047 1130; x_wconf 81' lang='lat' dir='ltr'><strong>ex</strong></span> <span class='ocrx_word' id='word_1_353' title='bbox 1065 1102 1178 1130; x_wconf 86' lang='lat' dir='ltr'><strong>Cantico</strong></span> <span class='ocrx_word' id='word_1_354' title='bbox 1200 1101 1290 1128; x_wconf 83' lang='lat' dir='ltr'><strong>dicere</strong></span> <span class='ocrx_word' id='word_1_355' title='bbox 1305 1109 1312 1127; x_wconf 91' lang='lat'><strong>:</strong></span> <span class='ocrx_word' id='word_1_356' title='bbox 1327 1098 1472 1134; x_wconf 72' lang='lat' dir='ltr'><strong>Sexaginta</strong></span> <span class='ocrx_word' id='word_1_357' title='bbox 1490 1100 1550 1123; x_wconf 73' lang='lat' dir='ltr'><strong>sunt</strong></span> <span class='ocrx_word' id='word_1_358' title='bbox 1563 1095 1668 1129; x_wconf 74' lang='lat' dir='ltr'><strong>regium,</strong></span> <span class='ocrx_word' id='word_1_359' title='bbox 1682 1098 1710 1120; x_wconf 76' lang='grc' dir='ltr'><strong>ει</strong></span> 
     </span>
    </p>
   </div>
   <div class='ocr_carea' id='block_1_52' title="bbox 926 1142 1706 1185">
    <p class='ocr_par' dir='ltr' id='par_1_52' title="bbox 926 1142 1706 1185">
     <span class='ocr_line' id='line_1_52' title="bbox 926 1142 1706 1185; baseline -0.017 -8"><span class='ocrx_word' id='word_1_360' title='bbox 926 1150 1058 1185; x_wconf 83' lang='lat' dir='ltr'><strong>octoginta</strong></span> <span class='ocrx_word' id='word_1_361' title='bbox 1073 1147 1232 1180; x_wconf 64' lang='lat' dir='ltr'><strong>concubinis,</strong></span> <span class='ocrx_word' id='word_1_362' title='bbox 1248 1151 1272 1173; x_wconf 89' lang='lat' dir='ltr'><strong>et</strong></span> <span class='ocrx_word' id='word_1_363' title='bbox 1292 1142 1503 1175; x_wconf 66' lang='lat' dir='ltr'><strong>adolescentulus,</strong></span> <span class='ocrx_word' id='word_1_364' title='bbox 1521 1148 1630 1176; x_wconf 84' lang='lat' dir='ltr'><strong>quarum</strong></span> <span class='ocrx_word' id='word_1_365' title='bbox 1656 1147 1706 1165; x_wconf 83' lang='lat' dir='ltr'><strong>non</strong></span> 
     </span>
    </p>
   </div>
   <div class='ocr_carea' id='block_1_53' title="bbox 926 1187 1703 1223">
    <p class='ocr_par' dir='ltr' id='par_1_53' title="bbox 926 1187 1703 1223">
     <span class='ocr_line' id='line_1_53' title="bbox 926 1187 1703 1223; baseline -0.017 -1"><span class='ocrx_word' id='word_1_366' title='bbox 926 1200 964 1223; x_wconf 73' lang='lat' dir='ltr'><strong>est</strong></span> <span class='ocrx_word' id='word_1_367' title='bbox 985 1202 1117 1221; x_wconf 73' lang='lat' dir='ltr'><strong>numerus.</strong></span> <span class='ocrx_word' id='word_1_368' title='bbox 1138 1192 1195 1219; x_wconf 86' lang='lat' dir='ltr'><strong>Una</strong></span> <span class='ocrx_word' id='word_1_369' title='bbox 1208 1196 1246 1219; x_wconf 76' lang='lat' dir='ltr'><strong>est</strong></span> <span class='ocrx_word' id='word_1_370' title='bbox 1260 1189 1380 1217; x_wconf 81' lang='lat' dir='ltr'><strong>columba</strong></span> <span class='ocrx_word' id='word_1_371' title='bbox 1398 1197 1464 1215; x_wconf 83' lang='lat' dir='ltr'><strong>mea.</strong></span> <span class='ocrx_word' id='word_1_372' title='bbox 1483 1187 1600 1213; x_wconf 79' lang='lat' dir='ltr'><strong>Verbum</strong></span> <span class='ocrx_word' id='word_1_373' title='bbox 1622 1193 1703 1219; x_wconf 87' lang='lat' dir='ltr'><strong>spon-</strong></span> 
     </span>
    </p>
   </div>
   <div class='ocr_carea' id='block_1_54' title="bbox 926 1230 1708 1272">
    <p class='ocr_par' dir='ltr' id='par_1_54' title="bbox 926 1230 1708 1272">
     <span class='ocr_line' id='line_1_54' title="bbox 926 1230 1708 1272; baseline -0.017 -3"><span class='ocrx_word' id='word_1_374' title='bbox 926 1249 973 1269; x_wconf 76' lang='lat' dir='ltr'><strong>Sus</strong></span> <span class='ocrx_word' id='word_1_375' title='bbox 987 1245 1040 1272; x_wconf 86' lang='lat' dir='ltr'><strong>est,</strong></span> <span class='ocrx_word' id='word_1_376' title='bbox 1065 1238 1224 1266; x_wconf 75' lang='lat' dir='ltr'><strong>rationabile</strong></span> <span class='ocrx_word' id='word_1_377' title='bbox 1240 1236 1340 1264; x_wconf 80' lang='lat' dir='ltr'><strong>animal</strong></span> <span class='ocrx_word' id='word_1_378' title='bbox 1363 1243 1474 1271; x_wconf 85' lang='lat' dir='ltr'><strong>sponsa,</strong></span> <span class='ocrx_word' id='word_1_379' title='bbox 1500 1233 1523 1260; x_wconf 84' lang='lat' dir='ltr'><strong>si</strong></span> <span class='ocrx_word' id='word_1_380' title='bbox 1547 1230 1708 1259; x_wconf 83' lang='lat' dir='ltr'><strong>intellexelit</strong></span> 
     </span>
    </p>
   </div>
   <div class='ocr_carea' id='block_1_55' title="bbox 927 1278 1706 1320">
    <p class='ocr_par' dir='ltr' id='par_1_55' title="bbox 927 1278 1706 1320">
     <span class='ocr_line' id='line_1_55' title="bbox 927 1278 1706 1320; baseline -0.015 -6"><span class='ocrx_word' id='word_1_381' title='bbox 927 1287 1029 1319; x_wconf 85' lang='lat' dir='ltr'><strong>anima,</strong></span> <span class='ocrx_word' id='word_1_382' title='bbox 1041 1289 1068 1313; x_wconf 89' lang='lat' dir='ltr'><strong>et</strong></span> <span class='ocrx_word' id='word_1_383' title='bbox 1082 1292 1200 1320; x_wconf 87' lang='lat' dir='ltr'><strong>sponsus</strong></span> <span class='ocrx_word' id='word_1_384' title='bbox 1219 1282 1352 1317; x_wconf 83' lang='lat' dir='ltr'><strong>acceperit</strong></span> <span class='ocrx_word' id='word_1_385' title='bbox 1365 1287 1504 1316; x_wconf 82' lang='lat' dir='ltr'><strong>sponsam.</strong></span> <span class='ocrx_word' id='word_1_386' title='bbox 1521 1278 1598 1311; x_wconf 84' lang='lat' dir='ltr'><strong>Quod</strong></span> <span class='ocrx_word' id='word_1_387' title='bbox 1616 1281 1706 1304; x_wconf 72' lang='lat' dir='ltr'><strong>tamen</strong></span> 
     </span>
    </p>
   </div>
   <div class='ocr_carea' id='block_1_56' title="bbox 928 1323 1707 1360">
    <p class='ocr_par' dir='ltr' id='par_1_56' title="bbox 928 1323 1707 1360">
     <span class='ocr_line' id='line_1_56' title="bbox 928 1323 1707 1360; baseline -0.015 0"><span class='ocrx_word' id='word_1_388' title='bbox 928 1332 1044 1360; x_wconf 90' lang='lat' dir='ltr'><strong>Verbum</strong></span> <span class='ocrx_word' id='word_1_389' title='bbox 1068 1330 1139 1358; x_wconf 81' lang='lat' dir='ltr'><strong>istud</strong></span> <span class='ocrx_word' id='word_1_390' title='bbox 1154 1337 1207 1357; x_wconf 90' lang='lat' dir='ltr'><strong>non</strong></span> <span class='ocrx_word' id='word_1_391' title='bbox 1232 1329 1278 1356; x_wconf 92' lang='lat' dir='ltr'><strong>uni</strong></span> <span class='ocrx_word' id='word_1_392' title='bbox 1293 1327 1400 1358; x_wconf 62' lang='lat' dir='ltr'><strong>animae,</strong></span> <span class='ocrx_word' id='word_1_393' title='bbox 1419 1326 1465 1354; x_wconf 87' lang='lat' dir='ltr'><strong>sed</strong></span> <span class='ocrx_word' id='word_1_394' title='bbox 1480 1324 1602 1360; x_wconf 87' lang='lat' dir='ltr'><strong>pluribus</strong></span> <span class='ocrx_word' id='word_1_395' title='bbox 1623 1327 1650 1349; x_wconf 89' lang='lat' dir='ltr'><strong>et</strong></span> <span class='ocrx_word' id='word_1_396' title='bbox 1666 1323 1707 1348; x_wconf 90' lang='lat' dir='ltr'><strong>di-</strong></span> 
     </span>
    </p>
   </div>
   <div class='ocr_carea' id='block_1_57' title="bbox 926 1369 1708 1408">
    <p class='ocr_par' dir='ltr' id='par_1_57' title="bbox 926 1369 1708 1408">
     <span class='ocr_line' id='line_1_57' title="bbox 926 1369 1708 1408; baseline -0.015 -2"><span class='ocrx_word' id='word_1_397' title='bbox 926 1379 1013 1406; x_wconf 88' lang='lat' dir='ltr'><strong>versis</strong></span> <span class='ocrx_word' id='word_1_398' title='bbox 1036 1376 1228 1407; x_wconf 87' lang='lat' dir='ltr'><strong>communicet,</strong></span> <span class='ocrx_word' id='word_1_399' title='bbox 1246 1382 1300 1401; x_wconf 86' lang='lat' dir='ltr'><strong>una</strong></span> <span class='ocrx_word' id='word_1_400' title='bbox 1323 1373 1446 1408; x_wconf 58' lang='lat' dir='ltr'><strong>quadam</strong></span> <span class='ocrx_word' id='word_1_401' title='bbox 1463 1372 1564 1398; x_wconf 90' lang='lat' dir='ltr'><strong>honore</strong></span> <span class='ocrx_word' id='word_1_402' title='bbox 1587 1369 1661 1402; x_wconf 72' lang='lat' dir='ltr'><strong>regio</strong></span> <span class='ocrx_word' id='word_1_403' title='bbox 1681 1372 1708 1394; x_wconf 88' lang='lat' dir='ltr'><strong>ct</strong></span> 
     </span>
    </p>
   </div>
   <div class='ocr_carea' id='block_1_58' title="bbox 927 1413 1708 1459">
    <p class='ocr_par' dir='ltr' id='par_1_58' title="bbox 927 1413 1708 1459">
     <span class='ocr_line' id='line_1_58' title="bbox 927 1413 1708 1459; baseline -0.015 -8"><span class='ocrx_word' id='word_1_404' title='bbox 927 1422 1089 1459; x_wconf 66' lang='lat' dir='ltr'><strong>praecedenti</strong></span> <span class='ocrx_word' id='word_1_405' title='bbox 1119 1421 1233 1455; x_wconf 78' lang='lat' dir='ltr'><strong>perfecta</strong></span> <span class='ocrx_word' id='word_1_406' title='bbox 1259 1418 1380 1446; x_wconf 83' lang='lat' dir='ltr'><strong>columba</strong></span> <span class='ocrx_word' id='word_1_407' title='bbox 1406 1419 1589 1450; x_wconf 77' lang='lat' dir='ltr'><strong>nuncupatur.</strong></span> <span class='ocrx_word' id='word_1_408' title='bbox 1617 1413 1708 1449; x_wconf 77' lang='lat' dir='ltr'><strong>Regiis</strong></span> 
     </span>
    </p>
   </div>
   <div class='ocr_carea' id='block_1_59' title="bbox 926 1460 1708 1502">
    <p class='ocr_par' dir='ltr' id='par_1_59' title="bbox 926 1460 1708 1502">
     <span class='ocr_line' id='line_1_59' title="bbox 926 1460 1708 1502; baseline -0.014 -6"><span class='ocrx_word' id='word_1_409' title='bbox 926 1477 1002 1502; x_wconf 83' lang='lat' dir='ltr'><strong>vero,</strong></span> <span class='ocrx_word' id='word_1_410' title='bbox 1016 1467 1191 1495; x_wconf 81' lang='lat' dir='ltr'><strong>inferioribus</strong></span> <span class='ocrx_word' id='word_1_411' title='bbox 1205 1470 1305 1496; x_wconf 87' lang='lat' dir='ltr'><strong>tamen,</strong></span> <span class='ocrx_word' id='word_1_412' title='bbox 1320 1471 1380 1498; x_wconf 72' lang='lat' dir='ltr'><strong>quae</strong></span> <span class='ocrx_word' id='word_1_413' title='bbox 1399 1463 1499 1490; x_wconf 88' lang='lat' dir='ltr'><strong>idcirco</strong></span> <span class='ocrx_word' id='word_1_414' title='bbox 1514 1460 1653 1495; x_wconf 77' lang='lat' dir='ltr'><strong>sexaginta</strong></span> <span class='ocrx_word' id='word_1_415' title='bbox 1668 1467 1708 1486; x_wconf 80' lang='lat' dir='ltr'><strong>rr-</strong></span> 
     </span>
    </p>
   </div>
   <div class='ocr_carea' id='block_1_60' title="bbox 104 1507 875 1554">
    <p class='ocr_par' dir='ltr' id='par_1_60' title="bbox 104 1517 875 1553">
     <span class='ocr_line' id='line_1_60' title="bbox 104 1517 875 1553; baseline -0.001 -10"><span class='ocrx_word' id='word_1_416' title='bbox 104 1518 128 1544; x_wconf 78' lang='grc' dir='ltr'>δὲ</span> <span class='ocrx_word' id='word_1_417' title='bbox 145 1518 238 1553; x_wconf 79' lang='grc' dir='ltr'>ψυχαῖς</span> <span class='ocrx_word' id='word_1_418' title='bbox 263 1519 388 1544; x_wconf 83' lang='grc' dir='ltr'>κοινωνεῖ</span> <span class='ocrx_word' id='word_1_419' title='bbox 410 1518 682 1552; x_wconf 82' lang='grc' dir='ltr'>παιδαγωγουμέναις</span> <span class='ocrx_word' id='word_1_420' title='bbox 706 1517 781 1552; x_wconf 74' lang='grc' dir='ltr'>φόϐῳ</span> <span class='ocrx_word' id='word_1_421' title='bbox 798 1517 875 1543; x_wconf 80' lang='grc' dir='ltr'>Θεοῦ.</span> 
     </span>
    </p>
   </div>
   <div class='ocr_carea' id='block_1_61' title="bbox 933 1507 1708 1554">
    <p class='ocr_par' dir='ltr' id='par_1_61' title="bbox 933 1507 1708 1550">
     <span class='ocr_line' id='line_1_61' title="bbox 933 1507 1708 1550; baseline -0.013 -8"><span class='ocrx_word' id='word_1_422' title='bbox 933 1515 998 1550; x_wconf 66' lang='lat' dir='ltr'><strong>gina:</strong></span> <span class='ocrx_word' id='word_1_423' title='bbox 1019 1518 1092 1544; x_wconf 88' lang='lat' dir='ltr'><strong>sunt,</strong></span> <span class='ocrx_word' id='word_1_424' title='bbox 1108 1513 1222 1547; x_wconf 86' lang='lat' dir='ltr'><strong>aliisque</strong></span> <span class='ocrx_word' id='word_1_425' title='bbox 1237 1511 1380 1538; x_wconf 87' lang='lat' dir='ltr'><strong>animabus</strong></span> <span class='ocrx_word' id='word_1_426' title='bbox 1401 1508 1586 1536; x_wconf 88' lang='lat' dir='ltr'><strong>communicat</strong></span> <span class='ocrx_word' id='word_1_427' title='bbox 1597 1514 1658 1541; x_wconf 63' lang='lat' dir='ltr'><strong>quae</strong></span> <span class='ocrx_word' id='word_1_428' title='bbox 1675 1507 1708 1532; x_wconf 87' lang='lat' dir='ltr'><strong>ti-</strong></span> 
     </span>
    </p>
   </div>
   <div class='ocr_carea' id='block_1_62' title="bbox 104 1559 876 1596">
    <p class='ocr_par' dir='ltr' id='par_1_62' title="bbox 104 1559 876 1596">
     <span class='ocr_line' id='line_1_62' title="bbox 104 1559 876 1596; baseline 0.001 -10"><span class='ocrx_word' id='word_1_429' title='bbox 104 1559 178 1587; x_wconf 75' lang='grc' dir='ltr'>Λῦταί</span> <span class='ocrx_word' id='word_1_430' title='bbox 192 1563 258 1589; x_wconf 73' lang='grc' dir='ltr'>εἰσιν</span> <span class='ocrx_word' id='word_1_431' title='bbox 275 1562 304 1589; x_wconf 78' lang='grc' dir='ltr'>αἱ</span> <span class='ocrx_word' id='word_1_432' title='bbox 322 1562 493 1593; x_wconf 84' lang='grc' dir='ltr'>παλλακίδες.</span> <span class='ocrx_word' id='word_1_433' title='bbox 509 1562 568 1588; x_wconf 85' lang='grc' dir='ltr'>Εἰσί</span> <span class='ocrx_word' id='word_1_434' title='bbox 584 1570 655 1593; x_wconf 87' lang='grc' dir='ltr'>τινες</span> <span class='ocrx_word' id='word_1_435' title='bbox 670 1561 717 1588; x_wconf 67' lang='grc' dir='ltr'>καὶ</span> <span class='ocrx_word' id='word_1_436' title='bbox 732 1561 808 1588; x_wconf 80' lang='grc' dir='ltr'>ἄλλαι</span> <span class='ocrx_word' id='word_1_437' title='bbox 827 1561 876 1596; x_wconf 80' lang='grc' dir='ltr'>ψυ-</span> 
     </span>
    </p>
   </div>
   <div class='ocr_carea' id='block_1_63' title="bbox 105 1605 878 1644">
    <p class='ocr_par' dir='ltr' id='par_1_63' title="bbox 105 1605 878 1644">
     <span class='ocr_line' id='line_1_63' title="bbox 105 1605 878 1644; baseline 0.001 -11"><span class='ocrx_word' id='word_1_438' title='bbox 105 1608 145 1641; x_wconf 73' lang='grc' dir='ltr'>χαὶ</span> <span class='ocrx_word' id='word_1_439' title='bbox 154 1607 343 1644; x_wconf 79' lang='grc' dir='ltr'>ὑποδεέστεραι</span> <span class='ocrx_word' id='word_1_440' title='bbox 357 1608 466 1635; x_wconf 78' lang='grc' dir='ltr'>ἔλατ-τον</span> <span class='ocrx_word' id='word_1_441' title='bbox 481 1607 563 1642; x_wconf 77' lang='grc' dir='ltr'>φόϐον</span> <span class='ocrx_word' id='word_1_442' title='bbox 579 1607 688 1642; x_wconf 81' lang='grc' dir='ltr'>ἔχουσαι</span> <span class='ocrx_word' id='word_1_443' title='bbox 700 1616 707 1623; x_wconf 82' lang='grc'><strong>’</strong></span> <span class='ocrx_word' id='word_1_444' title='bbox 719 1605 799 1634; x_wconf 76' lang='grc' dir='ltr'>αὗται</span> <span class='ocrx_word' id='word_1_445' title='bbox 810 1608 878 1634; x_wconf 77' lang='grc' dir='ltr'>εἰσιν</span> 
     </span>
    </p>
   </div>
   <div class='ocr_carea' id='block_1_64' title="bbox 105 1651 878 1688">
    <p class='ocr_par' dir='ltr' id='par_1_64' title="bbox 105 1651 878 1688">
     <span class='ocr_line' id='line_1_64' title="bbox 105 1651 878 1688; baseline 0.001 -10"><span class='ocrx_word' id='word_1_446' title='bbox 105 1653 129 1678; x_wconf 80' lang='grc' dir='ltr'>αι</span> <span class='ocrx_word' id='word_1_447' title='bbox 147 1653 270 1686; x_wconf 82' lang='grc' dir='ltr'>νεάνιδες,</span> <span class='ocrx_word' id='word_1_448' title='bbox 286 1651 325 1682; x_wconf 81' lang='grc' dir='ltr'>ὧν</span> <span class='ocrx_word' id='word_1_449' title='bbox 341 1653 391 1680; x_wconf 82' lang='grc' dir='ltr'>οὐκ</span> <span class='ocrx_word' id='word_1_450' title='bbox 407 1653 481 1680; x_wconf 74' lang='grc' dir='ltr'>ἐστιν</span> <span class='ocrx_word' id='word_1_451' title='bbox 498 1653 625 1688; x_wconf 84' lang='grc' dir='ltr'>ἀριθμός.</span> <span class='ocrx_word' id='word_1_452' title='bbox 649 1654 677 1680; x_wconf 86' lang='lat'><strong>&#39;0</strong></span> <span class='ocrx_word' id='word_1_453' title='bbox 698 1653 811 1688; x_wconf 84' lang='grc' dir='ltr'>νυμφίος</span> <span class='ocrx_word' id='word_1_454' title='bbox 823 1653 878 1679; x_wconf 88' lang='grc' dir='ltr'>τοί-</span> 
     </span>
    </p>
   </div>
   <div class='ocr_carea' id='block_1_65' title="bbox 105 1697 877 1735">
    <p class='ocr_par' dir='ltr' id='par_1_65' title="bbox 105 1697 877 1735">
     <span class='ocr_line' id='line_1_65' title="bbox 105 1697 877 1735; baseline 0 -11"><span class='ocrx_word' id='word_1_455' title='bbox 105 1707 155 1730; x_wconf 86' lang='grc' dir='ltr'>νυν,</span> <span class='ocrx_word' id='word_1_456' title='bbox 167 1700 203 1735; x_wconf 86' lang='grc' dir='ltr'><strong>τῷ</strong></span> <span class='ocrx_word' id='word_1_457' title='bbox 220 1701 266 1727; x_wconf 79' lang='grc' dir='ltr'>καὶ</span> <span class='ocrx_word' id='word_1_458' title='bbox 283 1700 378 1727; x_wconf 74' lang='grc' dir='ltr'>ἐνθάδε</span> <span class='ocrx_word' id='word_1_459' title='bbox 395 1700 480 1731; x_wconf 83' lang='grc' dir='ltr'>καλὰς</span> <span class='ocrx_word' id='word_1_460' title='bbox 501 1700 547 1726; x_wconf 78' lang='grc' dir='ltr'>καὶ</span> <span class='ocrx_word' id='word_1_461' title='bbox 561 1699 710 1734; x_wconf 85' lang='grc' dir='ltr'>δυναμένας</span> <span class='ocrx_word' id='word_1_462' title='bbox 725 1699 798 1734; x_wconf 86' lang='grc' dir='ltr'>αὐτῷ</span> <span class='ocrx_word' id='word_1_463' title='bbox 810 1697 877 1725; x_wconf 72' lang='grc' dir='ltr'>εἶναι</span> 
     </span>
    </p>
   </div>
   <div class='ocr_carea' id='block_1_66' title="bbox 106 1743 877 1780">
    <p class='ocr_par' dir='ltr' id='par_1_66' title="bbox 106 1743 877 1780">
     <span class='ocr_line' id='line_1_66' title="bbox 106 1743 877 1780; baseline 0.003 -12"><span class='ocrx_word' id='word_1_464' title='bbox 106 1743 146 1768; x_wconf 75' lang='grc' dir='ltr'>καὶ</span> <span class='ocrx_word' id='word_1_465' title='bbox 160 1744 310 1776; x_wconf 75' lang='grc' dir='ltr'>κοινωνοὺς,</span> <span class='ocrx_word' id='word_1_466' title='bbox 333 1744 443 1779; x_wconf 73' lang='grc' dir='ltr'>ἐξῆλθεν</span> <span class='ocrx_word' id='word_1_467' title='bbox 455 1744 509 1771; x_wconf 82' lang='grc' dir='ltr'>ἀπὸ</span> <span class='ocrx_word' id='word_1_468' title='bbox 530 1743 575 1770; x_wconf 80' lang='grc' dir='ltr'>τοῦ</span> <span class='ocrx_word' id='word_1_469' title='bbox 595 1744 697 1770; x_wconf 83' lang='grc' dir='ltr'>παστοῦ</span> <span class='ocrx_word' id='word_1_470' title='bbox 716 1743 877 1780; x_wconf 78' lang='grc' dir='ltr'>ἐπουρανίου</span> 
     </span>
    </p>
   </div>
   <div class='ocr_carea' id='block_1_67' title="bbox 105 1789 877 1825">
    <p class='ocr_par' dir='ltr' id='par_1_67' title="bbox 105 1789 877 1825">
     <span class='ocr_line' id='line_1_67' title="bbox 105 1789 877 1825; baseline 0.003 -11"><span class='ocrx_word' id='word_1_471' title='bbox 105 1789 227 1816; x_wconf 77' lang='grc' dir='ltr'>κοινωνῶν</span> <span class='ocrx_word' id='word_1_472' title='bbox 256 1789 383 1824; x_wconf 80' lang='grc' dir='ltr'>ἀγγέλοις</span> <span class='ocrx_word' id='word_1_473' title='bbox 411 1790 458 1816; x_wconf 81' lang='grc' dir='ltr'>καὶ</span> <span class='ocrx_word' id='word_1_474' title='bbox 485 1789 678 1825; x_wconf 75' lang='grc' dir='ltr'>ἀρχαγγέλοις’</span> <span class='ocrx_word' id='word_1_475' title='bbox 699 1789 800 1821; x_wconf 76' lang='grc' dir='ltr'>αἵτινές</span> <span class='ocrx_word' id='word_1_476' title='bbox 825 1791 877 1816; x_wconf 76' lang='grc' dir='ltr'>εισι</span> 
     </span>
    </p>
   </div>
   <div class='ocr_carea' id='block_1_68' title="bbox 106 1833 784 1871">
    <p class='ocr_par' dir='ltr' id='par_1_68' title="bbox 106 1833 784 1871">
     <span class='ocr_line' id='line_1_68' title="bbox 106 1833 784 1871; baseline 0.003 -12"><span class='ocrx_word' id='word_1_477' title='bbox 106 1833 198 1870; x_wconf 75' lang='grc' dir='ltr'>νύμφαι</span> <span class='ocrx_word' id='word_1_478' title='bbox 212 1836 259 1862; x_wconf 82' lang='grc' dir='ltr'>τοῦ</span> <span class='ocrx_word' id='word_1_479' title='bbox 273 1836 378 1870; x_wconf 67' lang='grc' dir='ltr'>Δόγοψ</span> <span class='ocrx_word' id='word_1_480' title='bbox 396 1836 443 1862; x_wconf 81' lang='grc' dir='ltr'>καὶ</span> <span class='ocrx_word' id='word_1_481' title='bbox 455 1835 544 1871; x_wconf 78' lang='grc' dir='ltr'>θρόνοι</span> <span class='ocrx_word' id='word_1_482' title='bbox 558 1835 606 1862; x_wconf 70' lang='grc' dir='ltr'>καὶ</span> <span class='ocrx_word' id='word_1_483' title='bbox 617 1835 784 1871; x_wconf 83' lang='grc' dir='ltr'>κυριότητες.</span> 
     </span>
    </p>
   </div>
   <div class='ocr_carea' id='block_1_69' title="bbox 135 1925 878 1963">
    <p class='ocr_par' dir='ltr' id='par_1_69' title="bbox 135 1925 878 1963">
     <span class='ocr_line' id='line_1_69' title="bbox 135 1925 878 1963; baseline 0.001 -10"><span class='ocrx_word' id='word_1_484' title='bbox 135 1927 181 1959; x_wconf 80' lang='grc' dir='ltr'><strong>Εις</strong></span> <span class='ocrx_word' id='word_1_485' title='bbox 190 1925 287 1960; x_wconf 75' lang='grc' dir='ltr'>κῆπον</span> <span class='ocrx_word' id='word_1_486' title='bbox 300 1927 414 1961; x_wconf 81' lang='grc' dir='ltr'>καρύας</span> <span class='ocrx_word' id='word_1_487' title='bbox 424 1927 561 1961; x_wconf 79' lang='grc' dir='ltr'>κατέϐην.</span> <span class='ocrx_word' id='word_1_488' title='bbox 573 1927 652 1954; x_wconf 85' lang='grc' dir='ltr'>Κατά</span> <span class='ocrx_word' id='word_1_489' title='bbox 664 1937 689 1954; x_wconf 91' lang='grc' dir='ltr'><strong>τι</strong></span> <span class='ocrx_word' id='word_1_490' title='bbox 705 1928 878 1963; x_wconf 77' lang='grc' dir='ltr'>παράδειγμα</span> 
     </span>
    </p>
   </div>
   <div class='ocr_carea' id='block_1_70' title="bbox 104 1970 877 2009">
    <p class='ocr_par' dir='ltr' id='par_1_70' title="bbox 104 1970 877 2009">
     <span class='ocr_line' id='line_1_70' title="bbox 104 1970 877 2009; baseline 0.005 -13"><span class='ocrx_word' id='word_1_491' title='bbox 104 1971 125 1996; x_wconf 79' lang='grc' dir='ltr'>οἱ</span> <span class='ocrx_word' id='word_1_492' title='bbox 136 1970 227 1999; x_wconf 79' lang='grc' dir='ltr'>δίκαιοι</span> <span class='ocrx_word' id='word_1_493' title='bbox 240 1972 342 2008; x_wconf 85' lang='grc' dir='ltr'>καρύαι</span> <span class='ocrx_word' id='word_1_494' title='bbox 354 1973 418 2004; x_wconf 79' lang='grc' dir='ltr'>εἰσὶ,</span> <span class='ocrx_word' id='word_1_495' title='bbox 432 1973 559 2008; x_wconf 79' lang='grc' dir='ltr'>φέροντες</span> <span class='ocrx_word' id='word_1_496' title='bbox 571 1973 676 2009; x_wconf 84' lang='grc' dir='ltr'>καρπὸν</span> <span class='ocrx_word' id='word_1_497' title='bbox 691 1973 734 2000; x_wconf 87' lang='grc' dir='ltr'><strong>διά</strong></span> <span class='ocrx_word' id='word_1_498' title='bbox 750 1974 799 2009; x_wconf 87' lang='grc' dir='ltr'>τὴν</span> <span class='ocrx_word' id='word_1_499' title='bbox 811 1974 877 2009; x_wconf 79' lang='grc' dir='ltr'>πρὸς</span> 
     </span>
    </p>
   </div>
   <div class='ocr_carea' id='block_1_71' title="bbox 104 2015 878 2056">
    <p class='ocr_par' dir='ltr' id='par_1_71' title="bbox 104 2015 878 2056">
     <span class='ocr_line' id='line_1_71' title="bbox 104 2015 878 2056; baseline 0.005 -14"><span class='ocrx_word' id='word_1_500' title='bbox 104 2015 162 2043; x_wconf 79' lang='grc' dir='ltr'>Θεὸν</span> <span class='ocrx_word' id='word_1_501' title='bbox 182 2018 329 2053; x_wconf 84' lang='grc' dir='ltr'>θεραπείαν</span> <span class='ocrx_word' id='word_1_502' title='bbox 351 2018 496 2053; x_wconf 72' lang='grc' dir='ltr'>ἱερατικὸν,</span> <span class='ocrx_word' id='word_1_503' title='bbox 514 2018 558 2045; x_wconf 83' lang='grc' dir='ltr'>διὰ</span> <span class='ocrx_word' id='word_1_504' title='bbox 579 2019 609 2045; x_wconf 71' lang='grc' dir='ltr'><strong>τὸ</strong></span> <span class='ocrx_word' id='word_1_505' title='bbox 629 2019 710 2055; x_wconf 75' lang='grc' dir='ltr'>ἕρκος</span> <span class='ocrx_word' id='word_1_506' title='bbox 727 2019 799 2054; x_wconf 76' lang='grc' dir='ltr'>ἔχειν</span> <span class='ocrx_word' id='word_1_507' title='bbox 813 2020 878 2056; x_wconf 79' lang='grc' dir='ltr'>περὶ</span> 
     </span>
    </p>
   </div>
   <div class='ocr_carea' id='block_1_72' title="bbox 105 2062 877 2100">
    <p class='ocr_par' dir='ltr' id='par_1_72' title="bbox 105 2062 877 2100">
     <span class='ocr_line' id='line_1_72' title="bbox 105 2062 877 2100; baseline 0.004 -12"><span class='ocrx_word' id='word_1_508' title='bbox 105 2062 179 2089; x_wconf 75' lang='grc' dir='ltr'>αὑτά·</span> <span class='ocrx_word' id='word_1_509' title='bbox 202 2063 216 2089; x_wconf 79' lang='grc' dir='ltr'><strong>ὃ</strong></span> <span class='ocrx_word' id='word_1_510' title='bbox 239 2064 333 2099; x_wconf 79' lang='grc' dir='ltr'>μέντοι</span> <span class='ocrx_word' id='word_1_511' title='bbox 348 2064 445 2099; x_wconf 72' lang='grc' dir='ltr'>πικρὸν</span> <span class='ocrx_word' id='word_1_512' title='bbox 468 2065 515 2091; x_wconf 77' lang='grc' dir='ltr'>καὶ</span> <span class='ocrx_word' id='word_1_513' title='bbox 531 2064 661 2100; x_wconf 83' lang='grc' dir='ltr'>χολῶδες,</span> <span class='ocrx_word' id='word_1_514' title='bbox 683 2064 778 2100; x_wconf 75' lang='grc' dir='ltr'>ἕτερον</span> <span class='ocrx_word' id='word_1_515' title='bbox 796 2065 825 2091; x_wconf 82' lang='grc' dir='ltr'><strong>δέ</strong></span> <span class='ocrx_word' id='word_1_516' title='bbox 847 2074 877 2092; x_wconf 84' lang='grc' dir='ltr'><strong>τε</strong></span> 
     </span>
    </p>
   </div>
   <div class='ocr_carea' id='block_1_73' title="bbox 105 2107 876 2145">
    <p class='ocr_par' dir='ltr' id='par_1_73' title="bbox 105 2107 876 2145">
     <span class='ocr_line' id='line_1_73' title="bbox 105 2107 876 2145; baseline 0.004 -11"><span class='ocrx_word' id='word_1_517' title='bbox 105 2107 220 2144; x_wconf 78' lang='grc' dir='ltr'>σκληρόν.</span> <span class='ocrx_word' id='word_1_518' title='bbox 236 2110 280 2136; x_wconf 84' lang='grc' dir='ltr'>Ἐν</span> <span class='ocrx_word' id='word_1_519' title='bbox 290 2111 348 2141; x_wconf 88' lang='grc' dir='ltr'>τοῖς</span> <span class='ocrx_word' id='word_1_520' title='bbox 359 2110 387 2136; x_wconf 84' lang='grc' dir='ltr'>δὲ</span> <span class='ocrx_word' id='word_1_521' title='bbox 399 2110 552 2145; x_wconf 80' lang='grc' dir='ltr'>περιέχεται</span> <span class='ocrx_word' id='word_1_522' title='bbox 564 2111 578 2137; x_wconf 87' lang='grc' dir='ltr'>ὁ</span> <span class='ocrx_word' id='word_1_523' title='bbox 587 2109 633 2136; x_wconf 80' lang='grc' dir='ltr'>τοῦ</span> <span class='ocrx_word' id='word_1_524' title='bbox 646 2110 750 2136; x_wconf 80' lang='grc' dir='ltr'>δικαίου</span> <span class='ocrx_word' id='word_1_525' title='bbox 761 2111 876 2145; x_wconf 78' lang='grc' dir='ltr'>καρπὸς,</span> 
     </span>
    </p>
   </div>
   <div class='ocr_carea' id='block_1_74' title="bbox 104 2152 878 2192">
    <p class='ocr_par' dir='ltr' id='par_1_74' title="bbox 104 2152 878 2192">
     <span class='ocr_line' id='line_1_74' title="bbox 104 2152 878 2192; baseline 0.003 -11"><span class='ocrx_word' id='word_1_526' title='bbox 104 2152 142 2179; x_wconf 76' lang='grc' dir='ltr'><strong>διὰ</strong></span> <span class='ocrx_word' id='word_1_527' title='bbox 158 2154 187 2181; x_wconf 82' lang='grc' dir='ltr'>τὸ</span> <span class='ocrx_word' id='word_1_528' title='bbox 210 2156 308 2190; x_wconf 78' lang='grc' dir='ltr'>πικρὸν</span> <span class='ocrx_word' id='word_1_529' title='bbox 330 2156 378 2182; x_wconf 75' lang='grc' dir='ltr'>καὶ</span> <span class='ocrx_word' id='word_1_530' title='bbox 393 2155 508 2192; x_wconf 80' lang='grc' dir='ltr'>σκληρὸν</span> <span class='ocrx_word' id='word_1_531' title='bbox 531 2155 585 2182; x_wconf 86' lang='grc' dir='ltr'>τῶν</span> <span class='ocrx_word' id='word_1_532' title='bbox 605 2156 776 2191; x_wconf 85' lang='grc' dir='ltr'>πειρασμῶν.</span> <span class='ocrx_word' id='word_1_533' title='bbox 797 2157 878 2184; x_wconf 83' lang='grc' dir='ltr'>Ἀλλά</span> 
     </span>
    </p>
   </div>
   <div class='ocr_carea' id='block_1_75' title="bbox 929 1553 1709 1588">
    <p class='ocr_par' dir='ltr' id='par_1_75' title="bbox 929 1553 1709 1588">
     <span class='ocr_line' id='line_1_75' title="bbox 929 1553 1709 1588; baseline -0.013 0"><span class='ocrx_word' id='word_1_534' title='bbox 929 1568 1004 1588; x_wconf 89' lang='lat' dir='ltr'><strong>more</strong></span> <span class='ocrx_word' id='word_1_535' title='bbox 1024 1559 1070 1587; x_wconf 89' lang='lat' dir='ltr'><strong>Dei</strong></span> <span class='ocrx_word' id='word_1_536' title='bbox 1083 1559 1254 1586; x_wconf 76' lang='lat' dir='ltr'><strong>erudiuntur.</strong></span> <span class='ocrx_word' id='word_1_537' title='bbox 1270 1556 1316 1584; x_wconf 65' lang='lat' dir='ltr'><strong>lite</strong></span> <span class='ocrx_word' id='word_1_538' title='bbox 1331 1561 1394 1584; x_wconf 88' lang='lat' dir='ltr'><strong>sunt</strong></span> <span class='ocrx_word' id='word_1_539' title='bbox 1417 1555 1584 1583; x_wconf 62' lang='lat' dir='ltr'><strong>concubinae.</strong></span> <span class='ocrx_word' id='word_1_540' title='bbox 1599 1553 1668 1580; x_wconf 89' lang='lat' dir='ltr'><strong>Sunt</strong></span> <span class='ocrx_word' id='word_1_541' title='bbox 1682 1557 1709 1578; x_wconf 71' lang='lat' dir='ltr'><strong>vt</strong></span> 
     </span>
    </p>
   </div>
   <div class='ocr_carea' id='block_1_76' title="bbox 928 1600 1709 1642">
    <p class='ocr_par' dir='ltr' id='par_1_76' title="bbox 928 1600 1709 1642">
     <span class='ocr_line' id='line_1_76' title="bbox 928 1600 1709 1642; baseline -0.012 -8"><span class='ocrx_word' id='word_1_542' title='bbox 928 1606 1051 1642; x_wconf 67' lang='lat' dir='ltr'><strong>quaedam</strong></span> <span class='ocrx_word' id='word_1_543' title='bbox 1082 1605 1123 1632; x_wconf 90' lang='lat' dir='ltr'><strong>his</strong></span> <span class='ocrx_word' id='word_1_544' title='bbox 1159 1604 1301 1631; x_wconf 82' lang='lat' dir='ltr'><strong>inferiores</strong></span> <span class='ocrx_word' id='word_1_545' title='bbox 1330 1603 1438 1634; x_wconf 77' lang='lat' dir='ltr'><strong>animzr,</strong></span> <span class='ocrx_word' id='word_1_546' title='bbox 1472 1600 1571 1628; x_wconf 89' lang='lat' dir='ltr'><strong>minori</strong></span> <span class='ocrx_word' id='word_1_547' title='bbox 1605 1600 1709 1627; x_wconf 70' lang='lat' dir='ltr'><strong>sciliu-t</strong></span> 
     </span>
    </p>
   </div>
   <div class='ocr_carea' id='block_1_77' title="bbox 929 1647 1708 1685">
    <p class='ocr_par' dir='ltr' id='par_1_77' title="bbox 929 1647 1708 1685">
     <span class='ocr_line' id='line_1_77' title="bbox 929 1647 1708 1685; baseline -0.012 -6"><span class='ocrx_word' id='word_1_548' title='bbox 929 1653 1024 1680; x_wconf 86' lang='lat' dir='ltr'><strong>timore</strong></span> <span class='ocrx_word' id='word_1_549' title='bbox 1049 1650 1175 1685; x_wconf 69' lang='lat' dir='ltr'><strong>praeditze.</strong></span> <span class='ocrx_word' id='word_1_550' title='bbox 1192 1649 1239 1676; x_wconf 70' lang='lat' dir='ltr'><strong>Ha:</strong></span> <span class='ocrx_word' id='word_1_551' title='bbox 1257 1652 1321 1676; x_wconf 91' lang='lat' dir='ltr'><strong>sunt</strong></span> <span class='ocrx_word' id='word_1_552' title='bbox 1343 1647 1494 1682; x_wconf 80' lang='lat' dir='ltr'><strong>juvcncula:</strong></span> <span class='ocrx_word' id='word_1_553' title='bbox 1513 1653 1629 1680; x_wconf 88' lang='lat' dir='ltr'><strong>quarum</strong></span> <span class='ocrx_word' id='word_1_554' title='bbox 1655 1653 1708 1671; x_wconf 86' lang='lat' dir='ltr'><strong>non</strong></span> 
     </span>
    </p>
   </div>
   <div class='ocr_carea' id='block_1_78' title="bbox 927 1690 1708 1730">
    <p class='ocr_par' dir='ltr' id='par_1_78' title="bbox 927 1690 1708 1730">
     <span class='ocr_line' id='line_1_78' title="bbox 927 1690 1708 1730; baseline -0.012 -5"><span class='ocrx_word' id='word_1_555' title='bbox 927 1703 969 1725; x_wconf 89' lang='lat' dir='ltr'><strong>est</strong></span> <span class='ocrx_word' id='word_1_556' title='bbox 983 1705 1123 1724; x_wconf 88' lang='lat' dir='ltr'><strong>numerus.</strong></span> <span class='ocrx_word' id='word_1_557' title='bbox 1146 1695 1268 1730; x_wconf 85' lang='lat' dir='ltr'><strong>Sponsus</strong></span> <span class='ocrx_word' id='word_1_558' title='bbox 1282 1694 1374 1729; x_wconf 80' lang='lat' dir='ltr'><strong>igitur,</strong></span> <span class='ocrx_word' id='word_1_559' title='bbox 1391 1693 1453 1727; x_wconf 85' lang='lat' dir='ltr'><strong>quia</strong></span> <span class='ocrx_word' id='word_1_560' title='bbox 1479 1696 1505 1719; x_wconf 86' lang='lat' dir='ltr'><strong>et</strong></span> <span class='ocrx_word' id='word_1_561' title='bbox 1529 1692 1555 1718; x_wconf 93' lang='lat' dir='ltr'><strong>in</strong></span> <span class='ocrx_word' id='word_1_562' title='bbox 1579 1691 1631 1718; x_wconf 87' lang='lat' dir='ltr'><strong>hac</strong></span> <span class='ocrx_word' id='word_1_563' title='bbox 1655 1690 1708 1717; x_wconf 85' lang='lat' dir='ltr'><strong>vita</strong></span> 
     </span>
    </p>
   </div>
   <div class='ocr_carea' id='block_1_79' title="bbox 928 1737 1708 1778">
    <p class='ocr_par' dir='ltr' id='par_1_79' title="bbox 928 1737 1708 1778">
     <span class='ocr_line' id='line_1_79' title="bbox 928 1737 1708 1778; baseline -0.013 -8"><span class='ocrx_word' id='word_1_564' title='bbox 928 1743 1049 1778; x_wconf 73' lang='lat' dir='ltr'><strong>pulchra:</strong></span> <span class='ocrx_word' id='word_1_565' title='bbox 1073 1747 1155 1772; x_wconf 89' lang='lat' dir='ltr'><strong>sunt,</strong></span> <span class='ocrx_word' id='word_1_566' title='bbox 1184 1744 1353 1775; x_wconf 86' lang='lat' dir='ltr'><strong>possuntque</strong></span> <span class='ocrx_word' id='word_1_567' title='bbox 1377 1738 1457 1765; x_wconf 86' lang='lat' dir='ltr'><strong>etiam</strong></span> <span class='ocrx_word' id='word_1_568' title='bbox 1478 1737 1538 1771; x_wconf 87' lang='lat' dir='ltr'><strong>ejus</strong></span> <span class='ocrx_word' id='word_1_569' title='bbox 1563 1743 1624 1763; x_wconf 85' lang='lat' dir='ltr'><strong>esse</strong></span> <span class='ocrx_word' id='word_1_570' title='bbox 1645 1743 1708 1761; x_wconf 86' lang='lat' dir='ltr'><strong>cou-</strong></span> 
     </span>
    </p>
   </div>
   <div class='ocr_carea' id='block_1_80' title="bbox 928 1780 1707 1820">
    <p class='ocr_par' dir='ltr' id='par_1_80' title="bbox 928 1780 1707 1820">
     <span class='ocr_line' id='line_1_80' title="bbox 928 1780 1707 1820; baseline -0.013 -4"><span class='ocrx_word' id='word_1_571' title='bbox 928 1794 1026 1820; x_wconf 82' lang='lat' dir='ltr'><strong>sortes,</strong></span> <span class='ocrx_word' id='word_1_572' title='bbox 1041 1788 1107 1815; x_wconf 86' lang='lat' dir='ltr'><strong>exiit</strong></span> <span class='ocrx_word' id='word_1_573' title='bbox 1132 1794 1148 1813; x_wconf 86' lang='lat' dir='ltr'><strong>c</strong></span> <span class='ocrx_word' id='word_1_574' title='bbox 1170 1785 1271 1813; x_wconf 74' lang='lat' dir='ltr'><strong>cmlcsti</strong></span> <span class='ocrx_word' id='word_1_575' title='bbox 1296 1784 1414 1811; x_wconf 82' lang='lat' dir='ltr'><strong>thalamo</strong></span> <span class='ocrx_word' id='word_1_576' title='bbox 1437 1787 1467 1810; x_wconf 93' lang='lat' dir='ltr'><strong>ut</strong></span> <span class='ocrx_word' id='word_1_577' title='bbox 1489 1789 1550 1809; x_wconf 88' lang='lat' dir='ltr'><strong>cum</strong></span> <span class='ocrx_word' id='word_1_578' title='bbox 1566 1780 1668 1814; x_wconf 78' lang='lat' dir='ltr'><strong>angelis</strong></span> <span class='ocrx_word' id='word_1_579' title='bbox 1684 1784 1707 1806; x_wconf 84' lang='lat' dir='ltr'><strong>et</strong></span> 
     </span>
    </p>
   </div>
   <div class='ocr_carea' id='block_1_81' title="bbox 928 1827 1697 1868">
    <p class='ocr_par' dir='ltr' id='par_1_81' title="bbox 928 1827 1697 1868">
     <span class='ocr_line' id='line_1_81' title="bbox 928 1827 1697 1868; baseline -0.014 -6"><span class='ocrx_word' id='word_1_580' title='bbox 928 1833 1097 1868; x_wconf 70' lang='lat' dir='ltr'><strong>archangelis</strong></span> <span class='ocrx_word' id='word_1_581' title='bbox 1108 1831 1321 1860; x_wconf 84' lang='lat' dir='ltr'><strong>communicaret</strong></span> <span class='ocrx_word' id='word_1_582' title='bbox 1332 1839 1338 1857; x_wconf 90' lang='lat'><strong>:</strong></span> <span class='ocrx_word' id='word_1_583' title='bbox 1353 1837 1414 1865; x_wconf 71' lang='lat' dir='ltr'><strong>qua:</strong></span> <span class='ocrx_word' id='word_1_584' title='bbox 1425 1832 1488 1856; x_wconf 87' lang='lat' dir='ltr'><strong>sunt</strong></span> <span class='ocrx_word' id='word_1_585' title='bbox 1497 1827 1576 1854; x_wconf 85' lang='lat' dir='ltr'><strong>Verbi</strong></span> <span class='ocrx_word' id='word_1_586' title='bbox 1591 1833 1697 1861; x_wconf 80' lang='lat' dir='ltr'><strong>sponsa:</strong></span> 
     </span>
    </p>
   </div>
   <div class='ocr_carea' id='block_1_82' title="bbox 929 1877 1338 1914">
    <p class='ocr_par' dir='ltr' id='par_1_82' title="bbox 929 1877 1338 1914">
     <span class='ocr_line' id='line_1_82' title="bbox 929 1877 1338 1914; baseline -0.012 -7"><span class='ocrx_word' id='word_1_587' title='bbox 929 1880 1077 1914; x_wconf 85' lang='lat' dir='ltr'><strong>throniqne</strong></span> <span class='ocrx_word' id='word_1_588' title='bbox 1091 1883 1118 1905; x_wconf 89' lang='lat' dir='ltr'><strong>et</strong></span> <span class='ocrx_word' id='word_1_589' title='bbox 1131 1877 1338 1905; x_wconf 85' lang='lat' dir='ltr'><strong>dominationes.</strong></span> 
     </span>
    </p>
   </div>
   <div class='ocr_carea' id='block_1_83' title="bbox 964 1917 1710 1952">
    <p class='ocr_par' dir='ltr' id='par_1_83' title="bbox 964 1917 1710 1952">
     <span class='ocr_line' id='line_1_83' title="bbox 964 1917 1710 1952; baseline -0.013 0"><span class='ocrx_word' id='word_1_590' title='bbox 964 1925 1041 1952; x_wconf 87' lang='lat' dir='ltr'><strong>Vers.</strong></span> <span class='ocrx_word' id='word_1_591' title='bbox 1062 1925 1103 1951; x_wconf 85' lang='grc' dir='ltr'><strong>ιθ.</strong></span> <span class='ocrx_word' id='word_1_592' title='bbox 1128 1923 1160 1950; x_wconf 88' lang='lat' dir='ltr'><strong>In</strong></span> <span class='ocrx_word' id='word_1_593' title='bbox 1185 1923 1289 1948; x_wconf 82' lang='lat' dir='ltr'><strong>hortum</strong></span> <span class='ocrx_word' id='word_1_594' title='bbox 1307 1921 1382 1947; x_wconf 80' lang='lat' dir='ltr'><strong>nucis</strong></span> <span class='ocrx_word' id='word_1_595' title='bbox 1404 1919 1535 1946; x_wconf 74' lang='lat' dir='ltr'><strong>descendi.</strong></span> <span class='ocrx_word' id='word_1_596' title='bbox 1557 1917 1626 1944; x_wconf 79' lang='lat' dir='ltr'><strong>Justi</strong></span> <span class='ocrx_word' id='word_1_597' title='bbox 1642 1925 1710 1951; x_wconf 87' lang='lat' dir='ltr'><strong>qua-</strong></span> 
     </span>
    </p>
   </div>
   <div class='ocr_carea' id='block_1_84' title="bbox 928 1961 1710 1999">
    <p class='ocr_par' dir='ltr' id='par_1_84' title="bbox 928 1961 1710 1999">
     <span class='ocr_line' id='line_1_84' title="bbox 928 1961 1710 1999; baseline -0.013 -1"><span class='ocrx_word' id='word_1_598' title='bbox 928 1971 990 1999; x_wconf 87' lang='lat' dir='ltr'><strong>dam</strong></span> <span class='ocrx_word' id='word_1_599' title='bbox 1005 1968 1180 1997; x_wconf 81' lang='lat' dir='ltr'><strong>similitudine</strong></span> <span class='ocrx_word' id='word_1_600' title='bbox 1196 1974 1278 1993; x_wconf 87' lang='lat' dir='ltr'><strong>nuces</strong></span> <span class='ocrx_word' id='word_1_601' title='bbox 1295 1971 1368 1996; x_wconf 87' lang='lat' dir='ltr'><strong>sunt,</strong></span> <span class='ocrx_word' id='word_1_602' title='bbox 1389 1964 1423 1991; x_wconf 87' lang='lat' dir='ltr'><strong>ob</strong></span> <span class='ocrx_word' id='word_1_603' title='bbox 1439 1963 1485 1990; x_wconf 87' lang='lat' dir='ltr'><strong>Dei</strong></span> <span class='ocrx_word' id='word_1_604' title='bbox 1500 1963 1603 1990; x_wconf 90' lang='lat' dir='ltr'><strong>cultum</strong></span> <span class='ocrx_word' id='word_1_605' title='bbox 1621 1961 1710 1988; x_wconf 77' lang='lat' dir='ltr'><strong>fcren-</strong></span> 
     </span>
    </p>
   </div>
   <div class='ocr_carea' id='block_1_85' title="bbox 928 2008 1709 2045">
    <p class='ocr_par' dir='ltr' id='par_1_85' title="bbox 928 2008 1709 2045">
     <span class='ocr_line' id='line_1_85' title="bbox 928 2008 1709 2045; baseline -0.017 0"><span class='ocrx_word' id='word_1_606' title='bbox 928 2022 969 2045; x_wconf 86' lang='lat' dir='ltr'><strong>tes</strong></span> <span class='ocrx_word' id='word_1_607' title='bbox 988 2013 1181 2044; x_wconf 86' lang='lat' dir='ltr'><strong>sacerdotalem</strong></span> <span class='ocrx_word' id='word_1_608' title='bbox 1206 2011 1335 2042; x_wconf 85' lang='lat' dir='ltr'><strong>fructum,</strong></span> <span class='ocrx_word' id='word_1_609' title='bbox 1352 2017 1383 2037; x_wconf 86' lang='lat' dir='ltr'><strong>ea</strong></span> <span class='ocrx_word' id='word_1_610' title='bbox 1407 2009 1510 2036; x_wconf 82' lang='lat' dir='ltr'><strong>scilicet</strong></span> <span class='ocrx_word' id='word_1_611' title='bbox 1527 2008 1641 2038; x_wconf 86' lang='lat' dir='ltr'><strong>ratione,</strong></span> <span class='ocrx_word' id='word_1_612' title='bbox 1656 2015 1709 2041; x_wconf 90' lang='lat' dir='ltr'><strong>qua</strong></span> 
     </span>
    </p>
   </div>
   <div class='ocr_carea' id='block_1_86' title="bbox 928 2053 1708 2098">
    <p class='ocr_par' dir='ltr' id='par_1_86' title="bbox 928 2053 1708 2098">
     <span class='ocr_line' id='line_1_86' title="bbox 928 2053 1708 2098; baseline -0.015 -9"><span class='ocrx_word' id='word_1_613' title='bbox 928 2067 1055 2098; x_wconf 86' lang='lat' dir='ltr'><strong>putamen</strong></span> <span class='ocrx_word' id='word_1_614' title='bbox 1066 2059 1269 2094; x_wconf 73' lang='lat' dir='ltr'><strong>circumiectum</strong></span> <span class='ocrx_word' id='word_1_615' title='bbox 1281 2057 1381 2084; x_wconf 74' lang='lat' dir='ltr'><strong>habent</strong></span> <span class='ocrx_word' id='word_1_616' title='bbox 1391 2065 1397 2082; x_wconf 90' lang='lat'>:</span> <span class='ocrx_word' id='word_1_617' title='bbox 1407 2055 1503 2090; x_wconf 76' lang='lat' dir='ltr'><strong>duplex</strong></span> <span class='ocrx_word' id='word_1_618' title='bbox 1514 2053 1578 2080; x_wconf 88' lang='lat' dir='ltr'><strong>illud</strong></span> <span class='ocrx_word' id='word_1_619' title='bbox 1587 2053 1708 2088; x_wconf 81' lang='lat' dir='ltr'><strong>quidem,</strong></span> 
     </span>
    </p>
   </div>
   <div class='ocr_carea' id='block_1_87' title="bbox 929 2099 1709 2138">
    <p class='ocr_par' dir='ltr' id='par_1_87' title="bbox 929 2099 1709 2138">
     <span class='ocr_line' id='line_1_87' title="bbox 929 2099 1709 2138; baseline -0.014 -4"><span class='ocrx_word' id='word_1_620' title='bbox 929 2108 1042 2134; x_wconf 83' lang='lat' dir='ltr'><strong>alterum</strong></span> <span class='ocrx_word' id='word_1_621' title='bbox 1064 2106 1153 2133; x_wconf 87' lang='lat' dir='ltr'><strong>acerbi</strong></span> <span class='ocrx_word' id='word_1_622' title='bbox 1178 2103 1317 2138; x_wconf 86' lang='lat' dir='ltr'><strong>amarique</strong></span> <span class='ocrx_word' id='word_1_623' title='bbox 1337 2107 1446 2137; x_wconf 79' lang='lat' dir='ltr'><strong>gustus,</strong></span> <span class='ocrx_word' id='word_1_624' title='bbox 1467 2100 1581 2126; x_wconf 87' lang='lat' dir='ltr'><strong>alterum</strong></span> <span class='ocrx_word' id='word_1_625' title='bbox 1599 2099 1709 2125; x_wconf 87' lang='lat' dir='ltr'><strong>durutn.</strong></span> 
     </span>
    </p>
   </div>
   <div class='ocr_carea' id='block_1_88' title="bbox 929 2144 1711 2186">
    <p class='ocr_par' dir='ltr' id='par_1_88' title="bbox 929 2144 1711 2186">
     <span class='ocr_line' id='line_1_88' title="bbox 929 2144 1711 2186; baseline -0.013 -6"><span class='ocrx_word' id='word_1_626' title='bbox 929 2153 956 2180; x_wconf 85' lang='lat' dir='ltr'><strong>in</strong></span> <span class='ocrx_word' id='word_1_627' title='bbox 969 2153 1011 2180; x_wconf 90' lang='lat' dir='ltr'><strong>his</strong></span> <span class='ocrx_word' id='word_1_628' title='bbox 1023 2156 1111 2179; x_wconf 85' lang='lat' dir='ltr'><strong>autem</strong></span> <span class='ocrx_word' id='word_1_629' title='bbox 1122 2151 1187 2186; x_wconf 82' lang='lat' dir='ltr'><strong>justi</strong></span> <span class='ocrx_word' id='word_1_630' title='bbox 1202 2150 1306 2177; x_wconf 78' lang='lat' dir='ltr'><strong>fructus</strong></span> <span class='ocrx_word' id='word_1_631' title='bbox 1319 2148 1473 2176; x_wconf 71' lang='lat' dir='ltr'><strong>continetur</strong></span> <span class='ocrx_word' id='word_1_632' title='bbox 1488 2150 1596 2180; x_wconf 86' lang='lat' dir='ltr'><strong>propter</strong></span> <span class='ocrx_word' id='word_1_633' title='bbox 1610 2144 1711 2172; x_wconf 86' lang='lat' dir='ltr'><strong>acerbi-</strong></span> 
     </span>
    </p>
   </div>
   <div class='ocr_carea' id='block_1_89' title="bbox 105 2192 875 2236">
    <p class='ocr_par' dir='ltr' id='par_1_89' title="bbox 105 2197 875 2236">
     <span class='ocr_line' id='line_1_89' title="bbox 105 2197 875 2236; baseline 0.006 -12"><span class='ocrx_word' id='word_1_634' title='bbox 105 2197 146 2223; x_wconf 73' lang='grc' dir='ltr'>καὶ</span> <span class='ocrx_word' id='word_1_635' title='bbox 160 2200 323 2235; x_wconf 72' lang='grc' dir='ltr'>χειμάρρους</span> <span class='ocrx_word' id='word_1_636' title='bbox 346 2201 361 2226; x_wconf 88' lang='grc' dir='ltr'>ὁ</span> <span class='ocrx_word' id='word_1_637' title='bbox 381 2200 533 2236; x_wconf 69' lang='grc' dir='ltr'>πειρασμὸς</span> <span class='ocrx_word' id='word_1_638' title='bbox 551 2201 655 2235; x_wconf 85' lang='grc' dir='ltr'>λέγοιτο</span> <span class='ocrx_word' id='word_1_639' title='bbox 672 2201 742 2228; x_wconf 80' lang='grc' dir='ltr'><strong>κατά</strong></span> <span class='ocrx_word' id='word_1_640' title='bbox 755 2201 796 2234; x_wconf 82' lang='grc' dir='ltr'>τὺ,</span> <span class='ocrx_word' id='word_1_641' title='bbox 811 2203 875 2229; x_wconf 82' lang='grc' dir='ltr'>Χει-</span> 
     </span>
    </p>
   </div>
   <div class='ocr_carea' id='block_1_90' title="bbox 933 2192 1710 2236">
    <p class='ocr_par' dir='ltr' id='par_1_90' title="bbox 933 2192 1710 2226">
     <span class='ocr_line' id='line_1_90' title="bbox 933 2192 1710 2226; baseline -0.013 0"><span class='ocrx_word' id='word_1_642' title='bbox 933 2203 1010 2226; x_wconf 79' lang='lat' dir='ltr'><strong>tatem</strong></span> <span class='ocrx_word' id='word_1_643' title='bbox 1034 2202 1061 2225; x_wconf 89' lang='lat' dir='ltr'><strong>et</strong></span> <span class='ocrx_word' id='word_1_644' title='bbox 1086 2197 1232 2224; x_wconf 84' lang='lat' dir='ltr'><strong>duritatem</strong></span> <span class='ocrx_word' id='word_1_645' title='bbox 1258 2194 1446 2222; x_wconf 86' lang='lat' dir='ltr'><strong>tcutationum.</strong></span> <span class='ocrx_word' id='word_1_646' title='bbox 1476 2192 1528 2219; x_wconf 84' lang='lat' dir='ltr'><strong>Sed</strong></span> <span class='ocrx_word' id='word_1_647' title='bbox 1553 2195 1578 2218; x_wconf 82' lang='lat' dir='ltr'><strong>et</strong></span> <span class='ocrx_word' id='word_1_648' title='bbox 1605 2195 1710 2217; x_wconf 77' lang='lat' dir='ltr'><strong>torrens</strong></span> 
     </span>
    </p>
   </div>
   <div class='ocr_carea' id='block_1_91' title="bbox 102 2242 877 2282">
    <p class='ocr_par' dir='ltr' id='par_1_91' title="bbox 102 2242 877 2282">
     <span class='ocr_line' id='line_1_91' title="bbox 102 2242 877 2282; baseline 0.003 -11"><span class='ocrx_word' id='word_1_649' title='bbox 102 2242 225 2277; x_wconf 74' lang='grc' dir='ltr'><strong>ιιάῤῥουν</strong></span> <span class='ocrx_word' id='word_1_650' title='bbox 236 2245 362 2279; x_wconf 74' lang='grc' dir='ltr'>διῆλθεν</span> <span class='ocrx_word' id='word_1_651' title='bbox 376 2246 395 2280; x_wconf 81' lang='grc' dir='ltr'><strong><em>ἠ</em></strong></span> <span class='ocrx_word' id='word_1_652' title='bbox 412 2245 496 2281; x_wconf 78' lang='grc' dir='ltr'><strong>ψυχὴ</strong></span> <span class='ocrx_word' id='word_1_653' title='bbox 511 2246 603 2280; x_wconf 71' lang='grc' dir='ltr'><strong>ἡμῶν.</strong></span> <span class='ocrx_word' id='word_1_654' title='bbox 623 2247 773 2282; x_wconf 79' lang='grc' dir='ltr'>Ὴϐουλήθη</span> <span class='ocrx_word' id='word_1_655' title='bbox 788 2247 877 2274; x_wconf 83' lang='grc' dir='ltr'>τοίνυν</span> 
     </span>
    </p>
   </div>
   <div class='ocr_carea' id='block_1_92' title="bbox 105 2287 876 2326">
    <p class='ocr_par' dir='ltr' id='par_1_92' title="bbox 105 2287 876 2326">
     <span class='ocr_line' id='line_1_92' title="bbox 105 2287 876 2326; baseline -0.003 -6"><span class='ocrx_word' id='word_1_656' title='bbox 105 2287 119 2320; x_wconf 73' lang='grc' dir='ltr'>ἢ</span> <span class='ocrx_word' id='word_1_657' title='bbox 132 2287 228 2324; x_wconf 79' lang='grc' dir='ltr'>νύμφη,</span> <span class='ocrx_word' id='word_1_658' title='bbox 246 2290 389 2317; x_wconf 77' lang='grc' dir='ltr'>καταϐᾶσα</span> <span class='ocrx_word' id='word_1_659' title='bbox 405 2291 444 2322; x_wconf 80' lang='grc' dir='ltr'>εἰς</span> <span class='ocrx_word' id='word_1_660' title='bbox 458 2291 504 2317; x_wconf 78' lang='grc' dir='ltr'>τὸν</span> <span class='ocrx_word' id='word_1_661' title='bbox 520 2291 607 2326; x_wconf 82' lang='grc' dir='ltr'>κῆπον</span> <span class='ocrx_word' id='word_1_662' title='bbox 620 2291 670 2326; x_wconf 89' lang='grc' dir='ltr'>τῆς</span> <span class='ocrx_word' id='word_1_663' title='bbox 687 2291 800 2326; x_wconf 88' lang='grc' dir='ltr'>καρύας,</span> <span class='ocrx_word' id='word_1_664' title='bbox 815 2300 876 2318; x_wconf 89' lang='grc' dir='ltr'>του-</span> 
     </span>
    </p>
   </div>
   <div class='ocr_carea' id='block_1_93' title="bbox 105 2331 876 2371">
    <p class='ocr_par' dir='ltr' id='par_1_93' title="bbox 105 2331 876 2371">
     <span class='ocr_line' id='line_1_93' title="bbox 105 2331 876 2371; baseline 0.008 -14"><span class='ocrx_word' id='word_1_665' title='bbox 105 2331 184 2359; x_wconf 80' lang='grc' dir='ltr'>τέστιν</span> <span class='ocrx_word' id='word_1_666' title='bbox 197 2334 352 2360; x_wconf 71' lang='grc' dir='ltr'>ἐκπεσοῦσα</span> <span class='ocrx_word' id='word_1_667' title='bbox 360 2334 406 2361; x_wconf 81' lang='grc' dir='ltr'>τοῦ</span> <span class='ocrx_word' id='word_1_668' title='bbox 421 2335 585 2370; x_wconf 82' lang='grc' dir='ltr'>παραδείσου</span> <span class='ocrx_word' id='word_1_669' title='bbox 596 2335 664 2370; x_wconf 82' lang='grc' dir='ltr'>πρὸς</span> <span class='ocrx_word' id='word_1_670' title='bbox 671 2335 719 2371; x_wconf 82' lang='grc' dir='ltr'>τὴν</span> <span class='ocrx_word' id='word_1_671' title='bbox 729 2336 876 2371; x_wconf 81' lang='grc' dir='ltr'>ὲπίμοχθον</span> 
     </span>
    </p>
   </div>
   <div class='ocr_carea' id='block_1_94' title="bbox 105 2377 877 2427">
    <p class='ocr_par' dir='ltr' id='par_1_94' title="bbox 105 2377 877 2427">
     <span class='ocr_line' id='line_1_94' title="bbox 105 2377 877 2427; baseline -0.008 -19"><span class='ocrx_word' id='word_1_672' title='bbox 105 2377 194 2427; x_wconf 42' lang='lat' dir='ltr'><strong>tul-5111i!</strong></span> <span class='ocrx_word' id='word_1_673' title='bbox 203 2378 292 2427; x_wconf 54' lang='grc' dir='ltr'>ξωὴν,</span> <span class='ocrx_word' id='word_1_674' title='bbox 309 2378 373 2427; x_wconf 60' lang='grc' dir='ltr'>ίδεῖν</span> <span class='ocrx_word' id='word_1_675' title='bbox 395 2379 544 2414; x_wconf 80' lang='grc' dir='ltr'>παράδοξόν</span> <span class='ocrx_word' id='word_1_676' title='bbox 565 2389 591 2406; x_wconf 88' lang='grc' dir='ltr'><strong>τι</strong></span> <span class='ocrx_word' id='word_1_677' title='bbox 608 2381 732 2416; x_wconf 88' lang='grc' dir='ltr'>γέννημα</span> <span class='ocrx_word' id='word_1_678' title='bbox 755 2381 801 2408; x_wconf 79' lang='grc' dir='ltr'>τοῦ</span> <span class='ocrx_word' id='word_1_679' title='bbox 823 2391 877 2417; x_wconf 83' lang='grc' dir='ltr'><strong>χει-</strong></span> 
     </span>
    </p>
   </div>
   <div class='ocr_carea' id='block_1_95' title="bbox 107 2423 874 2462">
    <p class='ocr_par' dir='ltr' id='par_1_95' title="bbox 107 2423 874 2462">
     <span class='ocr_line' id='line_1_95' title="bbox 107 2423 874 2462; baseline 0.007 -13"><span class='ocrx_word' id='word_1_680' title='bbox 107 2423 184 2454; x_wconf 80' lang='grc' dir='ltr'>μῶνος</span> <span class='ocrx_word' id='word_1_681' title='bbox 197 2423 302 2458; x_wconf 81' lang='grc' dir='ltr'>ῥέοντος</span> <span class='ocrx_word' id='word_1_682' title='bbox 313 2424 413 2460; x_wconf 77' lang='grc' dir='ltr'>λαϐροῦ</span> <span class='ocrx_word' id='word_1_683' title='bbox 428 2425 560 2460; x_wconf 81' lang='grc' dir='ltr'>ποταμοῦ.</span> <span class='ocrx_word' id='word_1_684' title='bbox 576 2426 610 2452; x_wconf 87' lang='grc' dir='ltr'><strong>Ἢ</strong></span> <span class='ocrx_word' id='word_1_685' title='bbox 626 2426 695 2452; x_wconf 84' lang='grc' dir='ltr'>κατὰ</span> <span class='ocrx_word' id='word_1_686' title='bbox 712 2427 858 2462; x_wconf 81' lang='grc' dir='ltr'>Σύμμαχον</span> <span class='ocrx_word' id='word_1_687' title='bbox 867 2436 874 2443; x_wconf 90' lang='grc'>·</span> 
     </span>
    </p>
   </div>
   <div class='ocr_carea' id='block_1_96' title="bbox 105 2468 877 2506">
    <p class='ocr_par' dir='ltr' id='par_1_96' title="bbox 105 2468 877 2506">
     <span class='ocr_line' id='line_1_96' title="bbox 105 2468 877 2506; baseline 0.008 -13"><span class='ocrx_word' id='word_1_688' title='bbox 105 2468 205 2502; x_wconf 74' lang='grc' dir='ltr'>Κατέεη</span> <span class='ocrx_word' id='word_1_689' title='bbox 222 2470 403 2504; x_wconf 76' lang='grc' dir='ltr'>καταμαθεῖν</span> <span class='ocrx_word' id='word_1_690' title='bbox 415 2471 440 2497; x_wconf 81' lang='grc' dir='ltr'>εὶ</span> <span class='ocrx_word' id='word_1_691' title='bbox 456 2471 475 2505; x_wconf 74' lang='grc' dir='ltr'><strong><em>ἡ</em></strong></span> <span class='ocrx_word' id='word_1_692' title='bbox 487 2470 605 2506; x_wconf 73' lang='grc' dir='ltr'>φάραγξ</span> <span class='ocrx_word' id='word_1_693' title='bbox 616 2471 669 2499; x_wconf 86' lang='grc' dir='ltr'>τοῦ</span> <span class='ocrx_word' id='word_1_694' title='bbox 677 2472 749 2504; x_wconf 79' lang='grc' dir='ltr'>,βίου</span> <span class='ocrx_word' id='word_1_695' title='bbox 762 2472 877 2506; x_wconf 83' lang='grc' dir='ltr'>ὀπώρας</span> 
     </span>
    </p>
   </div>
   <div class='ocr_carea' id='block_1_97' title="bbox 105 2511 875 2552">
    <p class='ocr_par' dir='ltr' id='par_1_97' title="bbox 105 2511 875 2552">
     <span class='ocr_line' id='line_1_97' title="bbox 105 2511 875 2552; baseline 0.008 -14"><span class='ocrx_word' id='word_1_696' title='bbox 105 2511 168 2545; x_wconf 77' lang='grc' dir='ltr'>ἔχει,</span> <span class='ocrx_word' id='word_1_697' title='bbox 192 2514 272 2541; x_wconf 70' lang='grc' dir='ltr'><em>ἀλλὰ</em></span> <span class='ocrx_word' id='word_1_698' title='bbox 298 2515 348 2542; x_wconf 76' lang='grc' dir='ltr'><strong>καὶ</strong></span> <span class='ocrx_word' id='word_1_699' title='bbox 376 2515 450 2542; x_wconf 70' lang='grc' dir='ltr'>ἰδεῖν</span> <span class='ocrx_word' id='word_1_700' title='bbox 478 2517 504 2542; x_wconf 84' lang='grc' dir='ltr'>ει</span> <span class='ocrx_word' id='word_1_701' title='bbox 529 2516 663 2551; x_wconf 74' lang='grc' dir='ltr'>ἤνθησεν</span> <span class='ocrx_word' id='word_1_702' title='bbox 688 2518 707 2551; x_wconf 76' lang='grc' dir='ltr'><em>ἡ</em></span> <span class='ocrx_word' id='word_1_703' title='bbox 732 2517 875 2552; x_wconf 75' lang='grc' dir='ltr'>ἄμπελος,</span> 
     </span>
    </p>
   </div>
   <div class='ocr_carea' id='block_1_98' title="bbox 104 2557 877 2598">
    <p class='ocr_par' dir='ltr' id='par_1_98' title="bbox 104 2557 877 2598">
     <span class='ocr_line' id='line_1_98' title="bbox 104 2557 877 2598; baseline 0.006 -13"><span class='ocrx_word' id='word_1_704' title='bbox 104 2557 261 2593; x_wconf 81' lang='grc' dir='ltr'>διαφυγοῦσα</span> <span class='ocrx_word' id='word_1_705' title='bbox 280 2560 327 2587; x_wconf 76' lang='grc' dir='ltr'><strong>τὸν</strong></span> <span class='ocrx_word' id='word_1_706' title='bbox 346 2561 476 2596; x_wconf 84' lang='grc' dir='ltr'>χειμῶνα,</span> <span class='ocrx_word' id='word_1_707' title='bbox 492 2562 540 2589; x_wconf 79' lang='grc' dir='ltr'>καὶ</span> <span class='ocrx_word' id='word_1_708' title='bbox 565 2561 595 2588; x_wconf 75' lang='grc' dir='ltr'>τὸ</span> <span class='ocrx_word' id='word_1_709' title='bbox 615 2562 664 2598; x_wconf 75' lang='grc' dir='ltr'>ἔαρ</span> <span class='ocrx_word' id='word_1_710' title='bbox 682 2563 808 2597; x_wconf 85' lang='grc' dir='ltr'>φθάσασα</span> <span class='ocrx_word' id='word_1_711' title='bbox 831 2563 877 2589; x_wconf 84' lang='grc' dir='ltr'>τὸν</span> 
     </span>
    </p>
   </div>
   <div class='ocr_carea' id='block_1_99' title="bbox 108 2602 875 2643">
    <p class='ocr_par' dir='ltr' id='par_1_99' title="bbox 108 2602 875 2643">
     <span class='ocr_line' id='line_1_99' title="bbox 108 2602 875 2643; baseline 0.008 -15"><span class='ocrx_word' id='word_1_712' title='bbox 108 2602 191 2638; x_wconf 76' lang='grc' dir='ltr'>καιρὸν</span> <span class='ocrx_word' id='word_1_713' title='bbox 212 2604 259 2631; x_wconf 84' lang='grc' dir='ltr'>τοῦ</span> <span class='ocrx_word' id='word_1_714' title='bbox 276 2606 372 2640; x_wconf 81' lang='grc' dir='ltr'>Πάσχα</span> <span class='ocrx_word' id='word_1_715' title='bbox 397 2606 445 2632; x_wconf 82' lang='grc' dir='ltr'>καὶ</span> <span class='ocrx_word' id='word_1_716' title='bbox 470 2606 519 2641; x_wconf 84' lang='grc' dir='ltr'>τῆς</span> <span class='ocrx_word' id='word_1_717' title='bbox 541 2606 594 2633; x_wconf 85' lang='grc' dir='ltr'>τῶν</span> <span class='ocrx_word' id='word_1_718' title='bbox 620 2606 744 2642; x_wconf 79' lang='grc' dir='ltr'>Ἀζύμων</span> <span class='ocrx_word' id='word_1_719' title='bbox 769 2607 875 2643; x_wconf 78' lang='grc' dir='ltr'>ἑορτῆς.</span> 
     </span>
    </p>
   </div>
   <div class='ocr_carea' id='block_1_100' title="bbox 109 2646 877 2687">
    <p class='ocr_par' dir='ltr' id='par_1_100' title="bbox 109 2646 877 2687">
     <span class='ocr_line' id='line_1_100' title="bbox 109 2646 877 2687; baseline 0.008 -14"><span class='ocrx_word' id='word_1_720' title='bbox 109 2646 168 2674; x_wconf 81' lang='grc' dir='ltr'>Τότε</span> <span class='ocrx_word' id='word_1_721' title='bbox 182 2649 234 2685; x_wconf 83' lang='grc' dir='ltr'><strong>γὰρ</strong></span> <span class='ocrx_word' id='word_1_722' title='bbox 249 2650 321 2684; x_wconf 87' lang='grc' dir='ltr'><strong>φιλεῖ</strong></span> <span class='ocrx_word' id='word_1_723' title='bbox 331 2650 421 2677; x_wconf 72' lang='grc' dir='ltr'>ἀνθεῖν</span> <span class='ocrx_word' id='word_1_724' title='bbox 435 2651 464 2676; x_wconf 83' lang='grc' dir='ltr'>ὲν</span> <span class='ocrx_word' id='word_1_725' title='bbox 473 2652 506 2686; x_wconf 85' lang='grc' dir='ltr'><strong>τῇ</strong></span> <span class='ocrx_word' id='word_1_726' title='bbox 525 2651 638 2687; x_wconf 78' lang='grc' dir='ltr'>Ἰουδαίᾳ</span> <span class='ocrx_word' id='word_1_727' title='bbox 654 2653 670 2687; x_wconf 85' lang='grc' dir='ltr'>ἠ</span> <span class='ocrx_word' id='word_1_728' title='bbox 682 2652 801 2687; x_wconf 77' lang='grc' dir='ltr'>ἄμπελος</span> <span class='ocrx_word' id='word_1_729' title='bbox 810 2661 816 2667; x_wconf 88' lang='grc'><strong>·</strong></span> <span class='ocrx_word' id='word_1_730' title='bbox 831 2653 877 2679; x_wconf 79' lang='grc' dir='ltr'>καὶ</span> 
     </span>
    </p>
   </div>
   <div class='ocr_carea' id='block_1_101' title="bbox 107 2693 880 2733">
    <p class='ocr_par' dir='ltr' id='par_1_101' title="bbox 107 2693 880 2733">
     <span class='ocr_line' id='line_1_101' title="bbox 107 2693 880 2733; baseline 0.006 -13"><span class='ocrx_word' id='word_1_731' title='bbox 107 2693 130 2718; x_wconf 79' lang='grc' dir='ltr'>εὶ</span> <span class='ocrx_word' id='word_1_732' title='bbox 143 2693 277 2729; x_wconf 64' lang='grc' dir='ltr'>ἤνθησαν</span> <span class='ocrx_word' id='word_1_733' title='bbox 293 2697 323 2722; x_wconf 84' lang='lat' dir='ltr'><strong>al</strong></span> <span class='ocrx_word' id='word_1_734' title='bbox 339 2696 418 2730; x_wconf 75' lang='grc' dir='ltr'>ῥοαὶ,</span> <span class='ocrx_word' id='word_1_735' title='bbox 440 2694 477 2723; x_wconf 86' lang='grc' dir='ltr'>ὧν</span> <span class='ocrx_word' id='word_1_736' title='bbox 495 2697 509 2722; x_wconf 87' lang='grc' dir='ltr'>ὁ</span> <span class='ocrx_word' id='word_1_737' title='bbox 528 2697 632 2733; x_wconf 77' lang='grc' dir='ltr'>καρπὸς</span> <span class='ocrx_word' id='word_1_738' title='bbox 647 2698 729 2730; x_wconf 79' lang='grc' dir='ltr'>πολὺς</span> <span class='ocrx_word' id='word_1_739' title='bbox 743 2698 790 2725; x_wconf 76' lang='grc' dir='ltr'>καὶ</span> <span class='ocrx_word' id='word_1_740' title='bbox 805 2699 880 2731; x_wconf 77' lang='grc' dir='ltr'>τάξει</span> 
     </span>
    </p>
   </div>
   <div class='ocr_carea' id='block_1_102' title="bbox 109 2740 878 2780">
    <p class='ocr_par' dir='ltr' id='par_1_102' title="bbox 109 2740 878 2780">
     <span class='ocr_line' id='line_1_102' title="bbox 109 2740 878 2780; baseline 0.007 -15"><span class='ocrx_word' id='word_1_741' title='bbox 109 2740 328 2776; x_wconf 82' lang='grc' dir='ltr'>περιειλημμένος</span> <span class='ocrx_word' id='word_1_742' title='bbox 342 2742 396 2769; x_wconf 76' lang='grc' dir='ltr'><strong>ὑπὸ</strong></span> <span class='ocrx_word' id='word_1_743' title='bbox 411 2742 457 2769; x_wconf 82' lang='grc' dir='ltr'>τοῦ</span> <span class='ocrx_word' id='word_1_744' title='bbox 476 2743 583 2775; x_wconf 85' lang='grc' dir='ltr'>λέπους,</span> <span class='ocrx_word' id='word_1_745' title='bbox 599 2740 621 2777; x_wconf 78' lang='grc' dir='ltr'>ᾧ</span> <span class='ocrx_word' id='word_1_746' title='bbox 637 2743 772 2779; x_wconf 78' lang='grc' dir='ltr'>ὡμοίωται</span> <span class='ocrx_word' id='word_1_747' title='bbox 788 2744 816 2770; x_wconf 78' lang='grc' dir='ltr'><strong>τὸ</strong></span> <span class='ocrx_word' id='word_1_748' title='bbox 828 2745 878 2780; x_wconf 80' lang='grc' dir='ltr'><strong>μῆ-</strong></span> 
     </span>
    </p>
   </div>
   <div class='ocr_carea' id='block_1_103' title="bbox 138 2826 658 2864">
    <p class='ocr_par' dir='ltr' id='par_1_103' title="bbox 138 2826 658 2864">
     <span class='ocr_line' id='line_1_103' title="bbox 138 2826 658 2864; baseline 0.004 -9"><span class='ocrx_word' id='word_1_749' title='bbox 138 2826 167 2854; x_wconf 86' lang='grc'><strong>¹1</strong></span> <span class='ocrx_word' id='word_1_750' title='bbox 184 2827 245 2856; x_wconf 84' lang='lat' dir='ltr'><strong>Cor.</strong></span> <span class='ocrx_word' id='word_1_751' title='bbox 265 2836 311 2862; x_wconf 74' lang='lat' dir='ltr'><strong>xv,</strong></span> <span class='ocrx_word' id='word_1_752' title='bbox 325 2828 369 2856; x_wconf 73' lang='lat'><strong>2|.</strong></span> <span class='ocrx_word' id='word_1_753' title='bbox 409 2830 418 2844; x_wconf 64' lang='grc' dir='ltr'><strong>τ’</strong></span> <span class='ocrx_word' id='word_1_754' title='bbox 434 2828 505 2857; x_wconf 78' lang='lat' dir='ltr'><strong>Psal.</strong></span> <span class='ocrx_word' id='word_1_755' title='bbox 523 2837 620 2864; x_wconf 81' lang='lat' dir='ltr'><strong>cxxm,</strong></span> <span class='ocrx_word' id='word_1_756' title='bbox 634 2830 658 2857; x_wconf 83' lang='lat'><strong>5.</strong></span> 
     </span>
    </p>
   </div>
   <div class='ocr_carea' id='block_1_104' title="bbox 930 2238 1711 2276">
    <p class='ocr_par' dir='ltr' id='par_1_104' title="bbox 930 2238 1711 2276">
     <span class='ocr_line' id='line_1_104' title="bbox 930 2238 1711 2276; baseline -0.012 -5"><span class='ocrx_word' id='word_1_757' title='bbox 930 2243 1042 2271; x_wconf 90' lang='lat' dir='ltr'><strong>tcutatio</strong></span> <span class='ocrx_word' id='word_1_758' title='bbox 1056 2242 1110 2269; x_wconf 89' lang='lat' dir='ltr'><strong>dici</strong></span> <span class='ocrx_word' id='word_1_759' title='bbox 1124 2245 1215 2276; x_wconf 86' lang='lat' dir='ltr'><strong>queat,</strong></span> <span class='ocrx_word' id='word_1_760' title='bbox 1227 2241 1303 2275; x_wconf 79' lang='lat' dir='ltr'><strong>juxta</strong></span> <span class='ocrx_word' id='word_1_761' title='bbox 1317 2239 1380 2266; x_wconf 90' lang='lat' dir='ltr'><strong>illud</strong></span> <span class='ocrx_word' id='word_1_762' title='bbox 1397 2247 1402 2265; x_wconf 92' lang='lat'>:</span> <span class='ocrx_word' id='word_1_763' title='bbox 1420 2238 1570 2264; x_wconf 85' lang='lat' dir='ltr'><strong>Torrentem</strong></span> <span class='ocrx_word' id='word_1_764' title='bbox 1581 2242 1711 2271; x_wconf 80' lang='lat' dir='ltr'><strong>pertrans-</strong></span> 
     </span>
    </p>
   </div>
   <div class='ocr_carea' id='block_1_105' title="bbox 929 2285 1710 2318">
    <p class='ocr_par' dir='ltr' id='par_1_105' title="bbox 929 2285 1710 2318">
     <span class='ocr_line' id='line_1_105' title="bbox 929 2285 1710 2318; baseline -0.013 -2"><span class='ocrx_word' id='word_1_765' title='bbox 929 2290 976 2317; x_wconf 82' lang='lat' dir='ltr'><strong>ivit</strong></span> <span class='ocrx_word' id='word_1_766' title='bbox 999 2289 1088 2315; x_wconf 83' lang='lat' dir='ltr'><strong>anima</strong></span> <span class='ocrx_word' id='word_1_767' title='bbox 1109 2292 1201 2314; x_wconf 83' lang='lat' dir='ltr'><strong>nostra</strong></span> <span class='ocrx_word' id='word_1_768' title='bbox 1223 2288 1245 2313; x_wconf 68' lang='grc' dir='ltr'>θ.</span> <span class='ocrx_word' id='word_1_769' title='bbox 1273 2285 1385 2312; x_wconf 85' lang='lat' dir='ltr'><strong>Volebat</strong></span> <span class='ocrx_word' id='word_1_770' title='bbox 1408 2285 1499 2318; x_wconf 83' lang='lat' dir='ltr'><strong>itaque</strong></span> <span class='ocrx_word' id='word_1_771' title='bbox 1523 2290 1633 2317; x_wconf 84' lang='lat' dir='ltr'><strong>sponsa,</strong></span> <span class='ocrx_word' id='word_1_772' title='bbox 1649 2290 1710 2309; x_wconf 84' lang='lat' dir='ltr'><strong>cum</strong></span> 
     </span>
    </p>
   </div>
   <div class='ocr_carea' id='block_1_106' title="bbox 929 2328 1712 2363">
    <p class='ocr_par' dir='ltr' id='par_1_106' title="bbox 929 2328 1712 2363">
     <span class='ocr_line' id='line_1_106' title="bbox 929 2328 1712 2363; baseline -0.011 -1"><span class='ocrx_word' id='word_1_773' title='bbox 929 2336 956 2363; x_wconf 91' lang='lat' dir='ltr'><strong>in</strong></span> <span class='ocrx_word' id='word_1_774' title='bbox 983 2336 1091 2362; x_wconf 89' lang='lat' dir='ltr'><strong>hortum</strong></span> <span class='ocrx_word' id='word_1_775' title='bbox 1109 2333 1187 2360; x_wconf 87' lang='lat' dir='ltr'><strong>nucis</strong></span> <span class='ocrx_word' id='word_1_776' title='bbox 1210 2331 1405 2362; x_wconf 81' lang='lat' dir='ltr'><strong>descendisset,</strong></span> <span class='ocrx_word' id='word_1_777' title='bbox 1421 2330 1473 2356; x_wconf 86' lang='lat' dir='ltr'><strong>hoc</strong></span> <span class='ocrx_word' id='word_1_778' title='bbox 1487 2334 1528 2356; x_wconf 90' lang='lat' dir='ltr'><strong>cst</strong></span> <span class='ocrx_word' id='word_1_779' title='bbox 1550 2337 1565 2355; x_wconf 86' lang='lat' dir='ltr'><strong>c</strong></span> <span class='ocrx_word' id='word_1_780' title='bbox 1585 2328 1712 2362; x_wconf 84' lang='lat' dir='ltr'><strong>paradiso</strong></span> 
     </span>
    </p>
   </div>
   <div class='ocr_carea' id='block_1_107' title="bbox 930 2372 1711 2408">
    <p class='ocr_par' dir='ltr' id='par_1_107' title="bbox 930 2372 1711 2408">
     <span class='ocr_line' id='line_1_107' title="bbox 930 2372 1711 2408; baseline -0.013 0"><span class='ocrx_word' id='word_1_781' title='bbox 930 2381 957 2408; x_wconf 90' lang='lat' dir='ltr'><strong>in</strong></span> <span class='ocrx_word' id='word_1_782' title='bbox 971 2386 1151 2407; x_wconf 70' lang='lat' dir='ltr'><strong>mrumnosam</strong></span> <span class='ocrx_word' id='word_1_783' title='bbox 1170 2378 1239 2404; x_wconf 88' lang='lat' dir='ltr'><strong>hanc</strong></span> <span class='ocrx_word' id='word_1_784' title='bbox 1254 2377 1335 2403; x_wconf 81' lang='lat' dir='ltr'><strong>vitam</strong></span> <span class='ocrx_word' id='word_1_785' title='bbox 1351 2374 1543 2405; x_wconf 83' lang='lat' dir='ltr'><strong>descendisset,</strong></span> <span class='ocrx_word' id='word_1_786' title='bbox 1559 2372 1711 2400; x_wconf 85' lang='lat' dir='ltr'><strong>inauditum</strong></span> 
     </span>
    </p>
   </div>
   <div class='ocr_carea' id='block_1_108' title="bbox 929 2419 1712 2462">
    <p class='ocr_par' dir='ltr' id='par_1_108' title="bbox 929 2419 1712 2462">
     <span class='ocr_line' id='line_1_108' title="bbox 929 2419 1712 2462; baseline -0.014 -7"><span class='ocrx_word' id='word_1_787' title='bbox 929 2427 1066 2462; x_wconf 88' lang='lat' dir='ltr'><strong>quoddam</strong></span> <span class='ocrx_word' id='word_1_788' title='bbox 1085 2426 1208 2460; x_wconf 71' lang='lat' dir='ltr'><strong>genimen</strong></span> <span class='ocrx_word' id='word_1_789' title='bbox 1222 2423 1313 2449; x_wconf 85' lang='lat' dir='ltr'><strong>videre</strong></span> <span class='ocrx_word' id='word_1_790' title='bbox 1325 2421 1425 2448; x_wconf 82' lang='lat' dir='ltr'><strong>ﬂuento</strong></span> <span class='ocrx_word' id='word_1_791' title='bbox 1441 2428 1488 2455; x_wconf 88' lang='lat' dir='ltr'><strong>per</strong></span> <span class='ocrx_word' id='word_1_792' title='bbox 1507 2420 1621 2446; x_wconf 87' lang='lat' dir='ltr'><strong>hiemem</strong></span> <span class='ocrx_word' id='word_1_793' title='bbox 1638 2419 1712 2453; x_wconf 75' lang='lat' dir='ltr'><strong>largo</strong></span> 
     </span>
    </p>
   </div>
   <div class='ocr_carea' id='block_1_109' title="bbox 929 2456 1710 2505">
    <p class='ocr_par' dir='ltr' id='par_1_109' title="bbox 929 2456 1710 2505">
     <span class='ocr_line' id='line_1_109' title="bbox 929 2456 1710 2505; baseline -0.015 -4"><span class='ocrx_word' id='word_1_794' title='bbox 929 2456 1022 2500; x_wconf 79' lang='lat' dir='ltr'><strong>liuvio.</strong></span> <span class='ocrx_word' id='word_1_795' title='bbox 1033 2456 1172 2505; x_wconf 57' lang='lat' dir='ltr'><strong>Autiuxta</strong></span> <span class='ocrx_word' id='word_1_796' title='bbox 1185 2468 1378 2505; x_wconf 85' lang='lat' dir='ltr'><strong>Symmachum</strong></span> <span class='ocrx_word' id='word_1_797' title='bbox 1394 2477 1400 2493; x_wconf 91' lang='lat'>:</span> <span class='ocrx_word' id='word_1_798' title='bbox 1417 2466 1541 2493; x_wconf 73' lang='lat' dir='ltr'><strong>vescendi</strong></span> <span class='ocrx_word' id='word_1_799' title='bbox 1558 2470 1585 2491; x_wconf 87' lang='lat' dir='ltr'><strong>nt</strong></span> <span class='ocrx_word' id='word_1_800' title='bbox 1598 2456 1710 2491; x_wconf 67' lang='lat' dir='ltr'><strong>viderem</strong></span> 
     </span>
    </p>
   </div>
   <div class='ocr_carea' id='block_1_110' title="bbox 930 2511 1710 2549">
    <p class='ocr_par' dir='ltr' id='par_1_110' title="bbox 930 2511 1710 2549">
     <span class='ocr_line' id='line_1_110' title="bbox 930 2511 1710 2549; baseline -0.013 -4"><span class='ocrx_word' id='word_1_801' title='bbox 930 2526 992 2545; x_wconf 86' lang='lat' dir='ltr'><strong>num</strong></span> <span class='ocrx_word' id='word_1_802' title='bbox 1004 2517 1130 2544; x_wconf 80' lang='lat' dir='ltr'><strong>convallis</strong></span> <span class='ocrx_word' id='word_1_803' title='bbox 1151 2516 1211 2542; x_wconf 72' lang='lat' dir='ltr'><strong>vita:</strong></span> <span class='ocrx_word' id='word_1_804' title='bbox 1222 2522 1299 2549; x_wconf 84' lang='lat' dir='ltr'><strong>poma</strong></span> <span class='ocrx_word' id='word_1_805' title='bbox 1320 2515 1433 2545; x_wconf 83' lang='lat' dir='ltr'><strong>haberet,</strong></span> <span class='ocrx_word' id='word_1_806' title='bbox 1447 2512 1492 2539; x_wconf 80' lang='lat' dir='ltr'><strong>sed</strong></span> <span class='ocrx_word' id='word_1_807' title='bbox 1512 2517 1535 2538; x_wconf 84' lang='lat' dir='ltr'><strong>et</strong></span> <span class='ocrx_word' id='word_1_808' title='bbox 1549 2515 1576 2537; x_wconf 90' lang='lat' dir='ltr'><strong>ut</strong></span> <span class='ocrx_word' id='word_1_809' title='bbox 1598 2511 1710 2537; x_wconf 72' lang='lat' dir='ltr'><strong>viderem</strong></span> 
     </span>
    </p>
   </div>
   <div class='ocr_carea' id='block_1_111' title="bbox 929 2555 1709 2596">
    <p class='ocr_par' dir='ltr' id='par_1_111' title="bbox 929 2555 1709 2596">
     <span class='ocr_line' id='line_1_111' title="bbox 929 2555 1709 2596; baseline -0.014 -5"><span class='ocrx_word' id='word_1_810' title='bbox 929 2572 992 2590; x_wconf 83' lang='lat' dir='ltr'><strong>num</strong></span> <span class='ocrx_word' id='word_1_811' title='bbox 1022 2563 1082 2590; x_wconf 79' lang='lat' dir='ltr'><strong>vitis</strong></span> <span class='ocrx_word' id='word_1_812' title='bbox 1116 2562 1268 2596; x_wconf 82' lang='lat' dir='ltr'><strong>ﬂoruisset,</strong></span> <span class='ocrx_word' id='word_1_813' title='bbox 1297 2558 1393 2585; x_wconf 85' lang='lat' dir='ltr'><strong>hiemis</strong></span> <span class='ocrx_word' id='word_1_814' title='bbox 1427 2557 1514 2584; x_wconf 88' lang='lat' dir='ltr'><strong>soluta</strong></span> <span class='ocrx_word' id='word_1_815' title='bbox 1552 2555 1709 2585; x_wconf 79' lang='lat' dir='ltr'><strong>laboribus.</strong></span> 
     </span>
    </p>
   </div>
   <div class='ocr_carea' id='block_1_112' title="bbox 930 2599 1711 2642">
    <p class='ocr_par' dir='ltr' id='par_1_112' title="bbox 930 2599 1711 2642">
     <span class='ocr_line' id='line_1_112' title="bbox 930 2599 1711 2642; baseline -0.013 -8"><span class='ocrx_word' id='word_1_816' title='bbox 930 2608 1007 2642; x_wconf 77' lang='lat'><strong>101</strong></span> <span class='ocrx_word' id='word_1_817' title='bbox 1024 2615 1056 2633; x_wconf 86' lang='lat' dir='ltr'><strong>ac</strong></span> <span class='ocrx_word' id='word_1_818' title='bbox 1081 2613 1192 2633; x_wconf 79' lang='lat' dir='ltr'><strong>vernant</strong></span> <span class='ocrx_word' id='word_1_819' title='bbox 1220 2609 1296 2631; x_wconf 88' lang='lat' dir='ltr'><strong>nacta</strong></span> <span class='ocrx_word' id='word_1_820' title='bbox 1319 2606 1514 2636; x_wconf 84' lang='lat' dir='ltr'><strong>tempestatem,</strong></span> <span class='ocrx_word' id='word_1_821' title='bbox 1531 2599 1641 2626; x_wconf 80' lang='lat' dir='ltr'><strong>Pascha:</strong></span> <span class='ocrx_word' id='word_1_822' title='bbox 1662 2600 1711 2625; x_wconf 76' lang='lat' dir='ltr'><strong>sci-</strong></span> 
     </span>
    </p>
   </div>
   <div class='ocr_carea' id='block_1_113' title="bbox 930 2644 1711 2687">
    <p class='ocr_par' dir='ltr' id='par_1_113' title="bbox 930 2644 1711 2687">
     <span class='ocr_line' id='line_1_113' title="bbox 930 2644 1711 2687; baseline -0.013 -7"><span class='ocrx_word' id='word_1_823' title='bbox 930 2654 992 2680; x_wconf 84' lang='lat' dir='ltr'><strong>licet</strong></span> <span class='ocrx_word' id='word_1_824' title='bbox 1024 2657 1130 2687; x_wconf 88' lang='lat' dir='ltr'><strong>tcmpus</strong></span> <span class='ocrx_word' id='word_1_825' title='bbox 1160 2658 1192 2678; x_wconf 88' lang='lat' dir='ltr'><strong>ac</strong></span> <span class='ocrx_word' id='word_1_826' title='bbox 1222 2649 1400 2677; x_wconf 72' lang='lat' dir='ltr'><strong>solemnitatis</strong></span> <span class='ocrx_word' id='word_1_827' title='bbox 1425 2649 1598 2682; x_wconf 69' lang='lat' dir='ltr'><strong>Alymorum.</strong></span> <span class='ocrx_word' id='word_1_828' title='bbox 1635 2644 1711 2671; x_wconf 82' lang='lat' dir='ltr'><strong>Tune</strong></span> 
     </span>
    </p>
   </div>
   <div class='ocr_carea' id='block_1_114' title="bbox 929 2691 1710 2727">
    <p class='ocr_par' dir='ltr' id='par_1_114' title="bbox 929 2691 1710 2727">
     <span class='ocr_line' id='line_1_114' title="bbox 929 2691 1710 2727; baseline -0.014 0"><span class='ocrx_word' id='word_1_829' title='bbox 929 2700 1000 2727; x_wconf 91' lang='lat' dir='ltr'><strong>cnim</strong></span> <span class='ocrx_word' id='word_1_830' title='bbox 1033 2699 1059 2725; x_wconf 89' lang='lat' dir='ltr'><strong>in</strong></span> <span class='ocrx_word' id='word_1_831' title='bbox 1089 2698 1179 2725; x_wconf 79' lang='lat' dir='ltr'><strong>Jmhea</strong></span> <span class='ocrx_word' id='word_1_832' title='bbox 1211 2696 1272 2722; x_wconf 84' lang='lat' dir='ltr'><strong>vitis</strong></span> <span class='ocrx_word' id='word_1_833' title='bbox 1300 2695 1368 2722; x_wconf 69' lang='lat' dir='ltr'><strong>solet</strong></span> <span class='ocrx_word' id='word_1_834' title='bbox 1394 2694 1498 2721; x_wconf 74' lang='lat' dir='ltr'><strong>ﬂorere.</strong></span> <span class='ocrx_word' id='word_1_835' title='bbox 1529 2691 1600 2718; x_wconf 86' lang='lat' dir='ltr'><strong>Num</strong></span> <span class='ocrx_word' id='word_1_836' title='bbox 1628 2691 1710 2718; x_wconf 86' lang='lat' dir='ltr'><strong>etiam</strong></span> 
     </span>
    </p>
   </div>
   <div class='ocr_carea' id='block_1_115' title="bbox 931 2737 1712 2780">
    <p class='ocr_par' dir='ltr' id='par_1_115' title="bbox 931 2737 1712 2780">
     <span class='ocr_line' id='line_1_115' title="bbox 931 2737 1712 2780; baseline -0.012 -7"><span class='ocrx_word' id='word_1_837' title='bbox 931 2746 1079 2780; x_wconf 71' lang='lat' dir='ltr'><strong>ﬂoruissent</strong></span> <span class='ocrx_word' id='word_1_838' title='bbox 1105 2743 1174 2770; x_wconf 78' lang='lat' dir='ltr'><strong>mala</strong></span> <span class='ocrx_word' id='word_1_839' title='bbox 1196 2742 1301 2776; x_wconf 67' lang='lat' dir='ltr'><strong>punica,</strong></span> <span class='ocrx_word' id='word_1_840' title='bbox 1324 2748 1439 2775; x_wconf 87' lang='lat' dir='ltr'><strong>quorum</strong></span> <span class='ocrx_word' id='word_1_841' title='bbox 1459 2739 1586 2774; x_wconf 79' lang='lat' dir='ltr'><strong>copiosus</strong></span> <span class='ocrx_word' id='word_1_842' title='bbox 1607 2737 1712 2764; x_wconf 76' lang='lat' dir='ltr'><strong>fructus</strong></span> 
     </span>
    </p>
   </div>
  </div>
