  <div class='ocr_page' id='page_1' title='image "/cluster/home/n/w/nwhite01/storage/ocr_20150623/13/njp.32101077772430/148.png"; bbox 0 0 1879 3046; ppageno 0'>
   <div class='ocr_carea' id='block_1_1' title="bbox 81 145 862 175">
    <p class='ocr_par' dir='ltr' id='par_1_1' title="bbox 81 145 862 175">
     <span class='ocr_line' id='line_1_1' title="bbox 81 145 862 175; baseline -0.003 -1"><span class='ocrx_word' id='word_1_1' title='bbox 81 145 130 175; x_wconf 66' lang='grc'><strong>217</strong></span> <span class='ocrx_word' id='word_1_2' title='bbox 785 145 816 172; x_wconf 79' lang='lat' dir='ltr'><strong><em>IN</em></strong></span> <span class='ocrx_word' id='word_1_3' title='bbox 839 145 862 173; x_wconf 80' lang='grc' dir='ltr'>ιε</span> 
     </span>
    </p>
   </div>
   <div class='ocr_carea' id='block_1_2' title="bbox 955 145 1695 175">
    <p class='ocr_par' dir='ltr' id='par_1_2' title="bbox 958 147 1695 174">
     <span class='ocr_line' id='line_1_2' title="bbox 958 147 1695 174; baseline 0.001 -1"><span class='ocrx_word' id='word_1_4' title='bbox 958 165 966 173; x_wconf 90' lang='grc'><strong>.</strong></span> <span class='ocrx_word' id='word_1_5' title='bbox 1642 147 1695 174; x_wconf 77' lang='grc'><strong>218</strong></span> 
     </span>
    </p>
   </div>
   <div class='ocr_carea' id='block_1_3' title="bbox 83 201 1696 237">
    <p class='ocr_par' dir='ltr' id='par_1_3' title="bbox 83 201 1696 237">
     <span class='ocr_line' id='line_1_3' title="bbox 83 201 1696 237; baseline -0.001 -7"><span class='ocrx_word' id='word_1_6' title='bbox 83 204 108 230; x_wconf 75' lang='lat' dir='ltr'><strong><em>in</em></strong></span> <span class='ocrx_word' id='word_1_7' title='bbox 119 210 176 237; x_wconf 67' lang='lat' dir='ltr'><strong><em>cap,</em></strong></span> <span class='ocrx_word' id='word_1_8' title='bbox 187 209 214 229; x_wconf 75' lang='lat' dir='ltr'><strong><em>Vl</em></strong></span> <span class='ocrx_word' id='word_1_9' title='bbox 228 201 313 237; x_wconf 73' lang='lat' dir='ltr'><strong><em>Isaite</em></strong></span> <span class='ocrx_word' id='word_1_10' title='bbox 324 201 390 228; x_wconf 84' lang='lat' dir='ltr'><strong><em>citat</em></strong></span> <span class='ocrx_word' id='word_1_11' title='bbox 405 201 490 237; x_wconf 81' lang='lat' dir='ltr'><strong><em>locum</em></strong></span> <span class='ocrx_word' id='word_1_12' title='bbox 503 209 516 228; x_wconf 92' lang='lat' dir='ltr'><strong><em>e</em></strong></span> <span class='ocrx_word' id='word_1_13' title='bbox 531 205 601 228; x_wconf 76' lang='lat' dir='ltr'><strong><em>torno</em></strong></span> <span class='ocrx_word' id='word_1_14' title='bbox 615 205 706 229; x_wconf 77' lang='lat' dir='ltr'><strong><em>octavo</em></strong></span> <span class='ocrx_word' id='word_1_15' title='bbox 728 202 771 228; x_wconf 80' lang='lat' dir='ltr'><strong><em>ubi</em></strong></span> <span class='ocrx_word' id='word_1_16' title='bbox 785 203 888 229; x_wconf 88' lang='lat' dir='ltr'><strong><em>dicebat</em></strong></span> <span class='ocrx_word' id='word_1_17' title='bbox 904 203 1041 237; x_wconf 70' lang='lat' dir='ltr'><strong><em>Origenes,</em></strong></span> <span class='ocrx_word' id='word_1_18' title='bbox 1062 203 1086 229; x_wconf 86' lang='lat' dir='ltr'><strong><em>si</em></strong></span> <span class='ocrx_word' id='word_1_19' title='bbox 1101 201 1299 236; x_wconf 86' lang='lat' dir='ltr'><strong><em>Scripturnrum</em></strong></span> <span class='ocrx_word' id='word_1_20' title='bbox 1323 210 1458 229; x_wconf 76' lang='lat' dir='ltr'><strong><em>sacrarunt</em></strong></span> <span class='ocrx_word' id='word_1_21' title='bbox 1477 206 1562 229; x_wconf 75' lang='lat' dir='ltr'><strong><em>textus</em></strong></span> <span class='ocrx_word' id='word_1_22' title='bbox 1583 202 1696 231; x_wconf 67' lang='grc' dir='ltr'><strong><em>Πρω-αἰ-</em></strong></span> 
     </span>
    </p>
   </div>
   <div class='ocr_carea' id='block_1_4' title="bbox 82 236 1694 272">
    <p class='ocr_par' dir='ltr' id='par_1_4' title="bbox 82 236 1694 272">
     <span class='ocr_line' id='line_1_4' title="bbox 82 236 1694 272; baseline 0.001 -7"><span class='ocrx_word' id='word_1_23' title='bbox 82 247 124 265; x_wconf 74' lang='lat' dir='ltr'><strong><em>cus</em></strong></span> <span class='ocrx_word' id='word_1_24' title='bbox 135 236 262 264; x_wconf 71' lang='lat' dir='ltr'><strong><em>aludteis</em></strong></span> <span class='ocrx_word' id='word_1_25' title='bbox 276 236 388 272; x_wconf 70' lang='lat' dir='ltr'><strong><em>[alsatus</em></strong></span> <span class='ocrx_word' id='word_1_26' title='bbox 399 236 648 272; x_wconf 34' lang='grc' dir='ltr'><strong><em>[κίδξειληιιηᾳιςηηι</em></strong></span> <span class='ocrx_word' id='word_1_27' title='bbox 666 237 786 271; x_wconf 81' lang='lat' dir='ltr'><strong><em>futurum</em></strong></span> <span class='ocrx_word' id='word_1_28' title='bbox 800 238 893 271; x_wconf 78' lang='lat' dir='ltr'><strong><em>fuisse,</em></strong></span> <span class='ocrx_word' id='word_1_29' title='bbox 912 243 940 264; x_wconf 89' lang='lat' dir='ltr'><strong><em>ut</em></strong></span> <span class='ocrx_word' id='word_1_30' title='bbox 954 236 963 262; x_wconf 69' lang='grc' dir='ltr'>ἆ</span> <span class='ocrx_word' id='word_1_31' title='bbox 981 237 1108 264; x_wconf 83' lang='lat' dir='ltr'><strong><em>Dominus</em></strong></span> <span class='ocrx_word' id='word_1_32' title='bbox 1123 242 1146 263; x_wconf 88' lang='lat' dir='ltr'><strong><em>et</em></strong></span> <span class='ocrx_word' id='word_1_33' title='bbox 1162 237 1274 270; x_wconf 67' lang='lat' dir='ltr'><strong><em>apostoli</em></strong></span> <span class='ocrx_word' id='word_1_34' title='bbox 1287 238 1332 271; x_wconf 88' lang='lat' dir='ltr'><strong><em>qui</em></strong></span> <span class='ocrx_word' id='word_1_35' title='bbox 1345 242 1440 264; x_wconf 70' lang='lat' dir='ltr'><strong><em>uetera</em></strong></span> <span class='ocrx_word' id='word_1_36' title='bbox 1453 237 1564 272; x_wconf 72' lang='lat' dir='ltr'><strong><em>crimina</em></strong></span> <span class='ocrx_word' id='word_1_37' title='bbox 1582 245 1694 272; x_wconf 87' lang='lat' dir='ltr'><strong><em>arguunt</em></strong></span> 
     </span>
    </p>
   </div>
   <div class='ocr_carea' id='block_1_5' title="bbox 83 271 1694 307">
    <p class='ocr_par' dir='ltr' id='par_1_5' title="bbox 83 271 1694 307">
     <span class='ocr_line' id='line_1_5' title="bbox 83 271 1694 307; baseline 0.002 -10"><span class='ocrx_word' id='word_1_38' title='bbox 83 274 108 300; x_wconf 66' lang='lat' dir='ltr'><strong><em>in</em></strong></span> <span class='ocrx_word' id='word_1_39' title='bbox 123 271 219 307; x_wconf 63' lang='lat' dir='ltr'><strong><em>Scribis</em></strong></span> <span class='ocrx_word' id='word_1_40' title='bbox 233 276 261 307; x_wconf 76' lang='lat' dir='ltr'><strong><em>et</em></strong></span> <span class='ocrx_word' id='word_1_41' title='bbox 279 271 432 307; x_wconf 76' lang='lat' dir='ltr'><strong><em>Pharisteis,</em></strong></span> <span class='ocrx_word' id='word_1_42' title='bbox 448 271 480 298; x_wconf 88' lang='lat' dir='ltr'><strong><em>de</em></strong></span> <span class='ocrx_word' id='word_1_43' title='bbox 499 271 546 297; x_wconf 85' lang='lat' dir='ltr'><strong><em>ltoc</em></strong></span> <span class='ocrx_word' id='word_1_44' title='bbox 565 271 674 298; x_wconf 80' lang='lat' dir='ltr'><strong><em>crimine</em></strong></span> <span class='ocrx_word' id='word_1_45' title='bbox 692 272 761 305; x_wconf 87' lang='lat' dir='ltr'><strong><em>quod</em></strong></span> <span class='ocrx_word' id='word_1_46' title='bbox 776 277 832 298; x_wconf 87' lang='lat' dir='ltr'><strong><em>erat</em></strong></span> <span class='ocrx_word' id='word_1_47' title='bbox 847 273 992 298; x_wconf 75' lang='lat' dir='ltr'><strong><em>maximum</em></strong></span> <span class='ocrx_word' id='word_1_48' title='bbox 1012 272 1185 298; x_wconf 78' lang='lat' dir='ltr'><strong><em>reticuissem.</em></strong></span> <span class='ocrx_word' id='word_1_49' title='bbox 1197 280 1211 307; x_wconf 34' lang='lat' dir='ltr'><strong><em>AI</em></strong></span> <span class='ocrx_word' id='word_1_50' title='bbox 1230 272 1354 307; x_wconf 68' lang='lat' dir='ltr'><strong><em>Observat</em></strong></span> <span class='ocrx_word' id='word_1_51' title='bbox 1369 276 1496 307; x_wconf 50' lang='lat' dir='ltr'><strong><em>prietereq</em></strong></span> <span class='ocrx_word' id='word_1_52' title='bbox 1521 271 1694 307; x_wconf 74' lang='lat' dir='ltr'><strong><em>Hieronymus</em></strong></span> 
     </span>
    </p>
   </div>
   <div class='ocr_carea' id='block_1_6' title="bbox 84 305 1695 366">
    <p class='ocr_par' dir='ltr' id='par_1_6' title="bbox 84 305 1695 366">
     <span class='ocr_line' id='line_1_6' title="bbox 84 305 1695 366; baseline -0.001 -31"><span class='ocrx_word' id='word_1_53' title='bbox 84 308 125 348; x_wconf 76' lang='lat' dir='ltr'><strong><em>lib.</em></strong></span> <span class='ocrx_word' id='word_1_54' title='bbox 139 314 146 333; x_wconf 96' lang='lat' dir='ltr'><strong>I</strong></span> <span class='ocrx_word' id='word_1_55' title='bbox 159 306 185 366; x_wconf 69' lang='lat' dir='ltr'><strong><em>ihn</em></strong></span> <span class='ocrx_word' id='word_1_56' title='bbox 203 305 332 332; x_wconf 77' lang='lat' dir='ltr'><strong><em>Ruﬁnum</em></strong></span> <span class='ocrx_word' id='word_1_57' title='bbox 349 305 508 333; x_wconf 77' lang='lat' dir='ltr'><strong><em>tricesimum</em></strong></span> <span class='ocrx_word' id='word_1_58' title='bbox 529 310 627 332; x_wconf 85' lang='lat' dir='ltr'><strong><em>tomum</em></strong></span> <span class='ocrx_word' id='word_1_59' title='bbox 642 307 750 333; x_wconf 81' lang='lat' dir='ltr'><strong><em>desiisse</em></strong></span> <span class='ocrx_word' id='word_1_60' title='bbox 765 307 939 341; x_wconf 67' lang='lat' dir='ltr'><strong><em>explicatione</em></strong></span> <span class='ocrx_word' id='word_1_61' title='bbox 953 314 1031 341; x_wconf 87' lang='lat' dir='ltr'><strong><em>quam</em></strong></span> <span class='ocrx_word' id='word_1_62' title='bbox 1046 307 1174 333; x_wconf 89' lang='lat' dir='ltr'><strong><em>didicerat</em></strong></span> <span class='ocrx_word' id='word_1_63' title='bbox 1189 305 1313 341; x_wconf 80' lang='lat' dir='ltr'><strong><em>Origenes</em></strong></span> <span class='ocrx_word' id='word_1_64' title='bbox 1328 306 1360 332; x_wconf 89' lang='lat' dir='ltr'><strong><em>ab</em></strong></span> <span class='ocrx_word' id='word_1_65' title='bbox 1381 305 1464 332; x_wconf 86' lang='lat' dir='ltr'><strong><em>Iluilo</em></strong></span> <span class='ocrx_word' id='word_1_66' title='bbox 1480 305 1634 333; x_wconf 73' lang='lat' dir='ltr'><strong><em>Judteorum</em></strong></span> <span class='ocrx_word' id='word_1_67' title='bbox 1646 316 1695 342; x_wconf 88' lang='lat' dir='ltr'><strong><em>pa-</em></strong></span> 
     </span>
     <span class='ocr_line' id='line_1_7' title="bbox 86 349 204 366; baseline 0 0"><span class='ocrx_word' id='word_1_68' title='bbox 86 349 160 366; x_wconf 77' lang='lat' dir='ltr'><strong><em>mtm:</em></strong></span> <span class='ocrx_word' id='word_1_69' title='bbox 179 349 204 366; x_wconf 87' lang='lat' dir='ltr'><strong><em>a.</em></strong></span> 
     </span>
    </p>
   </div>
   <div class='ocr_carea' id='block_1_7' title="bbox 86 349 204 370">
    <p class='ocr_par' dir='ltr' id='par_1_7' title="bbox 86 349 204 370">
     <span class='ocr_line' id='line_1_8' title="bbox 86 349 204 370; baseline -0.017 -2"><span class='ocrx_word' id='word_1_70' title='bbox 86 349 204 370; x_wconf 76' lang='lat' dir='ltr'><strong><em>murena.</em></strong></span> 
     </span>
    </p>
   </div>
   <div class='ocr_carea' id='block_1_8' title="bbox 117 374 1695 410">
    <p class='ocr_par' dir='ltr' id='par_1_8' title="bbox 117 374 1695 410">
     <span class='ocr_line' id='line_1_9' title="bbox 117 374 1695 410; baseline 0 -8"><span class='ocrx_word' id='word_1_71' title='bbox 117 376 211 402; x_wconf 80' lang='lat' dir='ltr'><strong><em>l’rteter</em></strong></span> <span class='ocrx_word' id='word_1_72' title='bbox 224 376 302 402; x_wconf 83' lang='lat' dir='ltr'><strong><em>hosce</em></strong></span> <span class='ocrx_word' id='word_1_73' title='bbox 317 379 411 407; x_wconf 83' lang='lat' dir='ltr'><strong><em>toruos,</em></strong></span> <span class='ocrx_word' id='word_1_74' title='bbox 427 374 578 408; x_wconf 74' lang='lat' dir='ltr'><strong><em>ferebantur</em></strong></span> <span class='ocrx_word' id='word_1_75' title='bbox 598 379 676 402; x_wconf 68' lang='lat' dir='ltr'><strong><em>aetate</em></strong></span> <span class='ocrx_word' id='word_1_76' title='bbox 698 374 863 410; x_wconf 81' lang='lat' dir='ltr'><strong><em>Hieronymi,</em></strong></span> <span class='ocrx_word' id='word_1_77' title='bbox 888 381 916 402; x_wconf 88' lang='lat' dir='ltr'><strong><em>ut</em></strong></span> <span class='ocrx_word' id='word_1_78' title='bbox 938 375 993 409; x_wconf 85' lang='lat' dir='ltr'><strong><em>ipse</em></strong></span> <span class='ocrx_word' id='word_1_79' title='bbox 1012 375 1049 401; x_wconf 90' lang='lat' dir='ltr'><strong><em>ait</em></strong></span> <span class='ocrx_word' id='word_1_80' title='bbox 1063 375 1169 408; x_wconf 62' lang='grc' dir='ltr'><strong><em>μανίαι.</em></strong></span> <span class='ocrx_word' id='word_1_81' title='bbox 1188 380 1333 403; x_wconf 84' lang='lat' dir='ltr'><strong><em>comment.</em></strong></span> <span class='ocrx_word' id='word_1_82' title='bbox 1352 375 1379 402; x_wconf 85' lang='lat' dir='ltr'><strong><em>in</em></strong></span> <span class='ocrx_word' id='word_1_83' title='bbox 1396 375 1507 407; x_wconf 78' lang='lat' dir='ltr'><strong><em>Isaiam,</em></strong></span> <span class='ocrx_word' id='word_1_84' title='bbox 1527 385 1536 401; x_wconf 76' lang='grc' dir='ltr'><strong><em>ι</em></strong></span> <span class='ocrx_word' id='word_1_85' title='bbox 1549 381 1573 402; x_wconf 88' lang='lat' dir='ltr'><strong><em>et</em></strong></span> <span class='ocrx_word' id='word_1_86' title='bbox 1588 377 1636 402; x_wconf 96' lang='lat' dir='ltr'><strong><em>alii</em></strong></span> <span class='ocrx_word' id='word_1_87' title='bbox 1647 377 1695 402; x_wconf 87' lang='lat' dir='ltr'><strong><em>sub</em></strong></span> 
     </span>
    </p>
   </div>
   <div class='ocr_carea' id='block_1_9' title="bbox 85 409 1696 446">
    <p class='ocr_par' dir='ltr' id='par_1_9' title="bbox 85 409 1696 446">
     <span class='ocr_line' id='line_1_10' title="bbox 85 409 1696 446; baseline 0 -9"><span class='ocrx_word' id='word_1_88' title='bbox 85 411 178 437; x_wconf 89' lang='lat' dir='ltr'><strong><em>nomine</em></strong></span> <span class='ocrx_word' id='word_1_89' title='bbox 192 410 250 443; x_wconf 81' lang='lat' dir='ltr'><strong><em>ejus</em></strong></span> <span class='ocrx_word' id='word_1_90' title='bbox 266 410 299 446; x_wconf 76' lang='lat' dir='ltr'><strong><em>de</em></strong></span> <span class='ocrx_word' id='word_1_91' title='bbox 316 410 413 446; x_wconf 75' lang='lat' dir='ltr'><strong><em>visione</em></strong></span> <span class='ocrx_word' id='word_1_92' title='bbox 433 409 632 444; x_wconf 82' lang='lat' dir='ltr'><strong><em>quadrupedum</em></strong></span> <span class='ocrx_word' id='word_1_93' title='bbox 649 410 701 436; x_wconf 86' lang='lat' dir='ltr'><strong><em>duo</em></strong></span> <span class='ocrx_word' id='word_1_94' title='bbox 716 410 750 436; x_wconf 85' lang='lat' dir='ltr'><strong><em>ad</em></strong></span> <span class='ocrx_word' id='word_1_95' title='bbox 765 410 876 437; x_wconf 72' lang='lat' dir='ltr'><strong><em>(iratam</em></strong></span> <span class='ocrx_word' id='word_1_96' title='bbox 898 410 959 446; x_wconf 80' lang='lat' dir='ltr'><strong><em>libri</em></strong></span> <span class='ocrx_word' id='word_1_97' title='bbox 975 410 1019 444; x_wconf 89' lang='lat' dir='ltr'><strong><em>qui</em></strong></span> <span class='ocrx_word' id='word_1_98' title='bbox 1030 410 1231 446; x_wconf 70' lang='lat' dir='ltr'><strong><em>pseudographi</em></strong></span> <span class='ocrx_word' id='word_1_99' title='bbox 1246 410 1419 444; x_wconf 88' lang='lat' dir='ltr'><strong><em>putabantur,</em></strong></span> <span class='ocrx_word' id='word_1_100' title='bbox 1432 415 1456 436; x_wconf 85' lang='lat' dir='ltr'><strong><em>et</em></strong></span> <span class='ocrx_word' id='word_1_101' title='bbox 1478 411 1569 444; x_wconf 71' lang='lat' dir='ltr'><strong><em>viginti</em></strong></span> <span class='ocrx_word' id='word_1_102' title='bbox 1583 413 1696 446; x_wconf 86' lang='lat' dir='ltr'><strong><em>quinque</em></strong></span> 
     </span>
    </p>
   </div>
   <div class='ocr_carea' id='block_1_10' title="bbox 85 444 1695 480">
    <p class='ocr_par' dir='ltr' id='par_1_10' title="bbox 85 444 1695 480">
     <span class='ocr_line' id='line_1_11' title="bbox 85 444 1695 480; baseline 0.001 -9"><span class='ocrx_word' id='word_1_103' title='bbox 85 445 201 475; x_wconf 75' lang='lat' dir='ltr'><strong><em>homilitz,</em></strong></span> <span class='ocrx_word' id='word_1_104' title='bbox 215 449 239 471; x_wconf 91' lang='lat' dir='ltr'><strong><em>et</em></strong></span> <span class='ocrx_word' id='word_1_105' title='bbox 257 444 453 480; x_wconf 71' lang='lat' dir='ltr'><strong><em>adnotationes.</em></strong></span> <span class='ocrx_word' id='word_1_106' title='bbox 466 452 532 478; x_wconf 88' lang='lat' dir='ltr'><strong><em>quas</em></strong></span> <span class='ocrx_word' id='word_1_107' title='bbox 543 449 665 480; x_wconf 76' lang='lat' dir='ltr'><strong><em>excerpta</em></strong></span> <span class='ocrx_word' id='word_1_108' title='bbox 683 453 822 478; x_wconf 81' lang='lat' dir='ltr'><strong><em>possumus</em></strong></span> <span class='ocrx_word' id='word_1_109' title='bbox 837 444 980 479; x_wconf 87' lang='lat' dir='ltr'><strong><em>appellare.</em></strong></span> <span class='ocrx_word' id='word_1_110' title='bbox 998 454 1007 469; x_wconf 68' lang='grc' dir='ltr'><strong><em>ι</em></strong></span> <span class='ocrx_word' id='word_1_111' title='bbox 1025 444 1096 480; x_wconf 81' lang='lat' dir='ltr'><strong><em>Libri</em></strong></span> <span class='ocrx_word' id='word_1_112' title='bbox 1111 446 1144 470; x_wconf 89' lang='lat' dir='ltr'><strong><em>ad</em></strong></span> <span class='ocrx_word' id='word_1_113' title='bbox 1159 445 1270 471; x_wconf 80' lang='lat' dir='ltr'><strong><em>Gratum</em></strong></span> <span class='ocrx_word' id='word_1_114' title='bbox 1286 445 1429 478; x_wconf 79' lang='lat' dir='ltr'><strong><em>perierunt,</em></strong></span> <span class='ocrx_word' id='word_1_115' title='bbox 1454 453 1499 471; x_wconf 86' lang='lat' dir='ltr'><strong><em>nec</em></strong></span> <span class='ocrx_word' id='word_1_116' title='bbox 1513 453 1562 471; x_wconf 90' lang='lat' dir='ltr'><strong><em>non</em></strong></span> <span class='ocrx_word' id='word_1_117' title='bbox 1573 444 1695 480; x_wconf 58' lang='lat' dir='ltr'><strong><em>excerpta</em></strong></span> 
     </span>
    </p>
   </div>
   <div class='ocr_carea' id='block_1_11' title="bbox 82 478 1695 514">
    <p class='ocr_par' dir='ltr' id='par_1_11' title="bbox 82 478 1695 514">
     <span class='ocr_line' id='line_1_12' title="bbox 82 478 1695 514; baseline -0.001 -7"><span class='ocrx_word' id='word_1_118' title='bbox 82 488 123 507; x_wconf 77' lang='lat' dir='ltr'><strong><em>seu</em></strong></span> <span class='ocrx_word' id='word_1_119' title='bbox 136 479 244 506; x_wconf 84' lang='lat' dir='ltr'><strong><em>scholia.</em></strong></span> <span class='ocrx_word' id='word_1_120' title='bbox 263 478 397 514; x_wconf 20' lang='lat' dir='ltr'><strong><em>Eiviginti</em></strong></span> <span class='ocrx_word' id='word_1_121' title='bbox 412 480 524 514; x_wconf 65' lang='lat' dir='ltr'><strong><em>quinque</em></strong></span> <span class='ocrx_word' id='word_1_122' title='bbox 545 479 663 506; x_wconf 71' lang='lat' dir='ltr'><strong><em>Itomiliis</em></strong></span> <span class='ocrx_word' id='word_1_123' title='bbox 685 484 825 514; x_wconf 83' lang='lat' dir='ltr'><strong><em>supersunt</em></strong></span> <span class='ocrx_word' id='word_1_124' title='bbox 843 478 1026 506; x_wconf 83' lang='lat' dir='ltr'><strong><em>tantummodo</em></strong></span> <span class='ocrx_word' id='word_1_125' title='bbox 1049 479 1142 506; x_wconf 83' lang='lat' dir='ltr'><strong><em>Latine</em></strong></span> <span class='ocrx_word' id='word_1_126' title='bbox 1155 488 1243 506; x_wconf 76' lang='lat' dir='ltr'><strong><em>novem</em></strong></span> <span class='ocrx_word' id='word_1_127' title='bbox 1259 488 1324 513; x_wconf 80' lang='lat' dir='ltr'><strong><em>quas</em></strong></span> <span class='ocrx_word' id='word_1_128' title='bbox 1347 481 1533 514; x_wconf 74' lang='lat' dir='ltr'><strong><em>interpretatus</em></strong></span> <span class='ocrx_word' id='word_1_129' title='bbox 1546 485 1583 507; x_wconf 80' lang='lat' dir='ltr'><strong><em>est</em></strong></span> <span class='ocrx_word' id='word_1_130' title='bbox 1605 478 1695 506; x_wconf 85' lang='lat' dir='ltr'><strong><em>beatus</em></strong></span> 
     </span>
    </p>
   </div>
   <div class='ocr_carea' id='block_1_12' title="bbox 85 513 1696 549">
    <p class='ocr_par' dir='ltr' id='par_1_12' title="bbox 85 513 1696 549">
     <span class='ocr_line' id='line_1_13' title="bbox 85 513 1696 549; baseline 0 -8"><span class='ocrx_word' id='word_1_131' title='bbox 85 514 264 547; x_wconf 71' lang='lat' dir='ltr'><strong><em>Hieronymus.</em></strong></span> <span class='ocrx_word' id='word_1_132' title='bbox 284 513 410 549; x_wconf 81' lang='lat' dir='ltr'><strong><em>observat</em></strong></span> <span class='ocrx_word' id='word_1_133' title='bbox 423 513 533 547; x_wconf 80' lang='lat' dir='ltr'><strong><em>Ruﬁnus</em></strong></span> <span class='ocrx_word' id='word_1_134' title='bbox 550 514 607 547; x_wconf 76' lang='lat' dir='ltr'><strong><em>(lib.</em></strong></span> <span class='ocrx_word' id='word_1_135' title='bbox 629 522 648 540; x_wconf 88' lang='grc' dir='ltr'>ιι</span> <span class='ocrx_word' id='word_1_136' title='bbox 669 514 695 540; x_wconf 90' lang='lat' dir='ltr'><strong><em>in</em></strong></span> <span class='ocrx_word' id='word_1_137' title='bbox 717 513 923 549; x_wconf 77' lang='lat' dir='ltr'><strong><em>Hieronymum)</em></strong></span> <span class='ocrx_word' id='word_1_138' title='bbox 939 514 1107 549; x_wconf 67' lang='lat' dir='ltr'><strong><em>interpretem</em></strong></span> <span class='ocrx_word' id='word_1_139' title='bbox 1128 514 1211 540; x_wconf 87' lang='lat' dir='ltr'><strong><em>nimia</em></strong></span> <span class='ocrx_word' id='word_1_140' title='bbox 1233 514 1354 541; x_wconf 81' lang='lat' dir='ltr'><strong><em>libertate</em></strong></span> <span class='ocrx_word' id='word_1_141' title='bbox 1368 513 1443 541; x_wconf 80' lang='lat' dir='ltr'><strong><em>usum</em></strong></span> <span class='ocrx_word' id='word_1_142' title='bbox 1458 514 1550 548; x_wconf 75' lang='lat' dir='ltr'><strong><em>fuisse,</em></strong></span> <span class='ocrx_word' id='word_1_143' title='bbox 1568 520 1646 549; x_wconf 87' lang='lat' dir='ltr'><strong><em>atque</em></strong></span> <span class='ocrx_word' id='word_1_144' title='bbox 1663 523 1696 542; x_wconf 71' lang='lat' dir='ltr'><strong><em>ea:</em></strong></span> 
     </span>
    </p>
   </div>
   <div class='ocr_carea' id='block_1_13' title="bbox 84 548 1694 583">
    <p class='ocr_par' dir='ltr' id='par_1_13' title="bbox 84 548 1694 583">
     <span class='ocr_line' id='line_1_14' title="bbox 84 548 1694 583; baseline 0 -7"><span class='ocrx_word' id='word_1_145' title='bbox 84 548 195 576; x_wconf 76' lang='lat' dir='ltr'><strong><em>euntibus</em></strong></span> <span class='ocrx_word' id='word_1_146' title='bbox 210 548 345 575; x_wconf 89' lang='lat' dir='ltr'><strong><em>erroribus</em></strong></span> <span class='ocrx_word' id='word_1_147' title='bbox 357 548 450 583; x_wconf 84' lang='lat' dir='ltr'><strong><em>quibus</em></strong></span> <span class='ocrx_word' id='word_1_148' title='bbox 460 548 607 581; x_wconf 77' lang='lat' dir='ltr'><strong><em>scatebunt,</em></strong></span> <span class='ocrx_word' id='word_1_149' title='bbox 623 557 665 575; x_wconf 86' lang='lat' dir='ltr'><strong><em>eos</em></strong></span> <span class='ocrx_word' id='word_1_150' title='bbox 681 548 868 583; x_wconf 44' lang='lat' dir='ltr'><strong><em>duntaxot&#39;qai</em></strong></span> <span class='ocrx_word' id='word_1_151' title='bbox 880 548 1017 575; x_wconf 73' lang='lat' dir='ltr'><strong><em>catholica:</em></strong></span> <span class='ocrx_word' id='word_1_152' title='bbox 1035 549 1065 575; x_wconf 82' lang='lat' dir='ltr'><strong><em>de</em></strong></span> <span class='ocrx_word' id='word_1_153' title='bbox 1088 548 1217 575; x_wconf 86' lang='lat' dir='ltr'><strong><em>Trinitate</em></strong></span> <span class='ocrx_word' id='word_1_154' title='bbox 1236 549 1299 583; x_wconf 73' lang='lat' dir='ltr'><strong><em>fidei</em></strong></span> <span class='ocrx_word' id='word_1_155' title='bbox 1315 549 1533 580; x_wconf 78' lang='lat' dir='ltr'><strong><em>adversabantur,</em></strong></span> <span class='ocrx_word' id='word_1_156' title='bbox 1547 548 1694 582; x_wconf 79' lang='lat' dir='ltr'><strong><em>sustulisse,</em></strong></span> 
     </span>
    </p>
   </div>
   <div class='ocr_carea' id='block_1_14' title="bbox 83 583 1694 618">
    <p class='ocr_par' dir='ltr' id='par_1_14' title="bbox 83 583 1694 618">
     <span class='ocr_line' id='line_1_15' title="bbox 83 583 1694 618; baseline 0 -8"><span class='ocrx_word' id='word_1_157' title='bbox 83 588 124 610; x_wconf 82' lang='lat' dir='ltr'><strong><em>aut</em></strong></span> <span class='ocrx_word' id='word_1_158' title='bbox 135 583 166 609; x_wconf 87' lang='lat' dir='ltr'><strong><em>ad</em></strong></span> <span class='ocrx_word' id='word_1_159' title='bbox 177 583 371 610; x_wconf 81' lang='lat' dir='ltr'><strong><em>clementiorem</em></strong></span> <span class='ocrx_word' id='word_1_160' title='bbox 384 591 489 618; x_wconf 70' lang='lat' dir='ltr'><strong><em>sensum</em></strong></span> <span class='ocrx_word' id='word_1_161' title='bbox 502 584 660 618; x_wconf 72' lang='lat' dir='ltr'><strong><em>quibusdam</em></strong></span> <span class='ocrx_word' id='word_1_162' title='bbox 672 584 786 618; x_wconf 81' lang='lat' dir='ltr'><strong><em>additis.</em></strong></span> <span class='ocrx_word' id='word_1_163' title='bbox 801 583 960 618; x_wconf 77' lang='lat' dir='ltr'><strong><em>quibusdam</em></strong></span> <span class='ocrx_word' id='word_1_164' title='bbox 975 584 1101 610; x_wconf 71' lang='lat' dir='ltr'><strong><em>detractis</em></strong></span> <span class='ocrx_word' id='word_1_165' title='bbox 1118 591 1259 610; x_wconf 75' lang='lat' dir='ltr'><strong><em>revocasse.</em></strong></span> <span class='ocrx_word' id='word_1_166' title='bbox 1274 583 1306 610; x_wconf 86' lang='lat' dir='ltr'><strong><em>In</em></strong></span> <span class='ocrx_word' id='word_1_167' title='bbox 1321 584 1467 618; x_wconf 76' lang='lat' dir='ltr'><strong><em>exemplum</em></strong></span> <span class='ocrx_word' id='word_1_168' title='bbox 1484 584 1592 610; x_wconf 85' lang='lat' dir='ltr'><strong><em>adducit</em></strong></span> <span class='ocrx_word' id='word_1_169' title='bbox 1606 584 1694 610; x_wconf 85' lang='lat' dir='ltr'><strong><em>locum</em></strong></span> 
     </span>
    </p>
   </div>
   <div class='ocr_carea' id='block_1_15' title="bbox 82 617 1695 652">
    <p class='ocr_par' dir='ltr' id='par_1_15' title="bbox 82 617 1695 652">
     <span class='ocr_line' id='line_1_16' title="bbox 82 617 1695 652; baseline 0.001 -8"><span class='ocrx_word' id='word_1_170' title='bbox 82 625 112 644; x_wconf 73' lang='lat' dir='ltr'><strong><em>es:</em></strong></span> <span class='ocrx_word' id='word_1_171' title='bbox 126 617 231 643; x_wconf 80' lang='lat' dir='ltr'><strong><em>humilia</em></strong></span> <span class='ocrx_word' id='word_1_172' title='bbox 247 618 346 652; x_wconf 69' lang='lat' dir='ltr'><strong><em>prima,</em></strong></span> <span class='ocrx_word' id='word_1_173' title='bbox 362 617 406 644; x_wconf 87' lang='lat' dir='ltr'><strong><em>ubi</em></strong></span> <span class='ocrx_word' id='word_1_174' title='bbox 423 622 563 652; x_wconf 85' lang='lat' dir='ltr'><strong><em>postquam</em></strong></span> <span class='ocrx_word' id='word_1_175' title='bbox 585 618 661 645; x_wconf 80' lang='lat' dir='ltr'><strong><em>vertit</em></strong></span> <span class='ocrx_word' id='word_1_176' title='bbox 682 617 860 652; x_wconf 80' lang='lat' dir='ltr'><strong><em>Hieronymus</em></strong></span> <span class='ocrx_word' id='word_1_177' title='bbox 871 627 880 645; x_wconf 90' lang='lat'><em>:</em></span> <span class='ocrx_word' id='word_1_178' title='bbox 900 627 909 643; x_wconf 82' lang='lat' dir='ltr'><strong><em>t</em></strong></span> <span class='ocrx_word' id='word_1_179' title='bbox 927 617 979 649; x_wconf 80' lang='lat' dir='ltr'><strong><em>Qui</em></strong></span> <span class='ocrx_word' id='word_1_180' title='bbox 1000 623 1060 644; x_wconf 87' lang='lat' dir='ltr'><strong><em>sunt</em></strong></span> <span class='ocrx_word' id='word_1_181' title='bbox 1084 618 1134 644; x_wconf 87' lang='lat' dir='ltr'><strong><em>ista</em></strong></span> <span class='ocrx_word' id='word_1_182' title='bbox 1154 619 1206 645; x_wconf 83' lang='lat' dir='ltr'><strong><em>duo</em></strong></span> <span class='ocrx_word' id='word_1_183' title='bbox 1223 618 1375 652; x_wconf 76' lang='lat' dir='ltr'><strong><em>serapltint?</em></strong></span> <span class='ocrx_word' id='word_1_184' title='bbox 1391 617 1518 645; x_wconf 85' lang='lat' dir='ltr'><strong><em>Dominus</em></strong></span> <span class='ocrx_word' id='word_1_185' title='bbox 1533 627 1603 645; x_wconf 84' lang='lat' dir='ltr'><strong><em>meus</em></strong></span> <span class='ocrx_word' id='word_1_186' title='bbox 1616 618 1695 646; x_wconf 78' lang='lat' dir='ltr'><strong><em>Iesus</em></strong></span> 
     </span>
    </p>
   </div>
   <div class='ocr_carea' id='block_1_16' title="bbox 84 626 1695 686">
    <p class='ocr_par' dir='ltr' id='par_1_16' title="bbox 84 626 1695 686">
     <span class='ocr_line' id='line_1_17' title="bbox 84 626 1695 652; baseline 0.001 -8"><span class='ocrx_word' id='word_1_187' title='bbox 84 626 112 644; x_wconf 78' lang='lat' dir='ltr'><strong><em>es:</em></strong></span> <span class='ocrx_word' id='word_1_188' title='bbox 126 626 231 643; x_wconf 80' lang='lat' dir='ltr'><strong><em>hamum</em></strong></span> <span class='ocrx_word' id='word_1_189' title='bbox 247 626 346 651; x_wconf 80' lang='lat' dir='ltr'><strong><em>prima,</em></strong></span> <span class='ocrx_word' id='word_1_190' title='bbox 362 626 406 644; x_wconf 81' lang='lat' dir='ltr'><strong><em>uot</em></strong></span> <span class='ocrx_word' id='word_1_191' title='bbox 423 626 563 652; x_wconf 85' lang='lat' dir='ltr'><strong><em>postquam</em></strong></span> <span class='ocrx_word' id='word_1_192' title='bbox 585 626 661 645; x_wconf 80' lang='lat' dir='ltr'><strong><em>verm</em></strong></span> <span class='ocrx_word' id='word_1_193' title='bbox 682 626 782 645; x_wconf 89' lang='lat' dir='ltr'><strong><em>meron</em></strong></span> <span class='ocrx_word' id='word_1_194' title='bbox 804 626 860 644; x_wconf 84' lang='lat' dir='ltr'><strong><em>mus</em></strong></span> <span class='ocrx_word' id='word_1_195' title='bbox 871 627 880 645; x_wconf 90' lang='lat'><em>:</em></span> <span class='ocrx_word' id='word_1_196' title='bbox 900 627 909 643; x_wconf 73' lang='grc' dir='ltr'><strong><em>ι</em></strong></span> <span class='ocrx_word' id='word_1_197' title='bbox 927 626 978 649; x_wconf 78' lang='lat' dir='ltr'><strong><em>uut</em></strong></span> <span class='ocrx_word' id='word_1_198' title='bbox 1000 626 1060 644; x_wconf 87' lang='lat' dir='ltr'><strong><em>sunt</em></strong></span> <span class='ocrx_word' id='word_1_199' title='bbox 1084 626 1134 644; x_wconf 80' lang='lat' dir='ltr'><strong><em>ma</em></strong></span> <span class='ocrx_word' id='word_1_200' title='bbox 1154 626 1206 645; x_wconf 88' lang='lat' dir='ltr'><strong><em>auo</em></strong></span> <span class='ocrx_word' id='word_1_201' title='bbox 1223 626 1375 652; x_wconf 75' lang='lat' dir='ltr'><strong><em>serapmm:</em></strong></span> <span class='ocrx_word' id='word_1_202' title='bbox 1391 626 1518 645; x_wconf 82' lang='lat' dir='ltr'><strong><em>uonunus</em></strong></span> <span class='ocrx_word' id='word_1_203' title='bbox 1533 627 1603 645; x_wconf 83' lang='lat' dir='ltr'><strong><em>meus</em></strong></span> <span class='ocrx_word' id='word_1_204' title='bbox 1616 626 1695 646; x_wconf 67' lang='lat' dir='ltr'><strong><em>testu</em></strong></span> 
     </span>
     <span class='ocr_line' id='line_1_18' title="bbox 84 626 1695 686; baseline 0 -7"><span class='ocrx_word' id='word_1_205' title='bbox 84 652 196 680; x_wconf 86' lang='lat' dir='ltr'><strong><em>Christus</em></strong></span> <span class='ocrx_word' id='word_1_206' title='bbox 219 657 245 678; x_wconf 87' lang='lat' dir='ltr'><strong><em>et</em></strong></span> <span class='ocrx_word' id='word_1_207' title='bbox 268 651 386 686; x_wconf 87' lang='lat' dir='ltr'><strong><em>Spiritus</em></strong></span> <span class='ocrx_word' id='word_1_208' title='bbox 409 657 526 684; x_wconf 75' lang='lat' dir='ltr'><strong><em>sanctus,</em></strong></span> <span class='ocrx_word' id='word_1_209' title='bbox 545 662 554 678; x_wconf 77' lang='grc' dir='ltr'><strong><em>ι</em></strong></span> <span class='ocrx_word' id='word_1_210' title='bbox 581 653 613 679; x_wconf 87' lang='lat' dir='ltr'><strong><em>de</em></strong></span> <span class='ocrx_word' id='word_1_211' title='bbox 639 660 686 679; x_wconf 86' lang='lat' dir='ltr'><strong><em>suo</em></strong></span> <span class='ocrx_word' id='word_1_212' title='bbox 709 626 813 680; x_wconf 61' lang='lat' dir='ltr'><strong><em>addidlit</em></strong></span> <span class='ocrx_word' id='word_1_213' title='bbox 836 660 872 679; x_wconf 75' lang='lat' dir='ltr'><strong><em>:t</em></strong></span> <span class='ocrx_word' id='word_1_214' title='bbox 892 652 933 679; x_wconf 83' lang='lat' dir='ltr'><strong><em>Ne</em></strong></span> <span class='ocrx_word' id='word_1_215' title='bbox 952 657 1027 686; x_wconf 75' lang='lat' dir='ltr'><strong><em>putes</em></strong></span> <span class='ocrx_word' id='word_1_216' title='bbox 1051 652 1190 680; x_wconf 72' lang='lat' dir='ltr'><strong><em>Trinitatis</em></strong></span> <span class='ocrx_word' id='word_1_217' title='bbox 1209 653 1337 679; x_wconf 73' lang='lat' dir='ltr'><strong><em>dissidere</em></strong></span> <span class='ocrx_word' id='word_1_218' title='bbox 1357 658 1491 685; x_wconf 85' lang='lat' dir='ltr'><strong><em>naturam,</em></strong></span> <span class='ocrx_word' id='word_1_219' title='bbox 1511 654 1533 679; x_wconf 85' lang='lat' dir='ltr'><strong><em>si</em></strong></span> <span class='ocrx_word' id='word_1_220' title='bbox 1560 654 1695 680; x_wconf 82' lang='lat' dir='ltr'><strong><em>nominum</em></strong></span> 
     </span>
    </p>
   </div>
   <div class='ocr_carea' id='block_1_17' title="bbox 84 686 1694 722">
    <p class='ocr_par' dir='ltr' id='par_1_17' title="bbox 84 686 1694 722">
     <span class='ocr_line' id='line_1_19' title="bbox 84 686 1694 722; baseline 0.001 -10"><span class='ocrx_word' id='word_1_221' title='bbox 84 687 322 722; x_wconf 21' lang='lat' dir='ltr'><strong><em>servanturroﬂieia.</em></strong></span> <span class='ocrx_word' id='word_1_222' title='bbox 338 696 347 712; x_wconf 70' lang='grc' dir='ltr'><strong><em>ι</em></strong></span> <span class='ocrx_word' id='word_1_223' title='bbox 365 686 398 713; x_wconf 85' lang='lat' dir='ltr'><strong><em>In</em></strong></span> <span class='ocrx_word' id='word_1_224' title='bbox 412 687 452 714; x_wconf 83' lang='lat' dir='ltr'><strong><em>his</em></strong></span> <span class='ocrx_word' id='word_1_225' title='bbox 465 687 580 714; x_wconf 85' lang='lat' dir='ltr'><strong><em>homiliis</em></strong></span> <span class='ocrx_word' id='word_1_226' title='bbox 592 695 622 713; x_wconf 87' lang='lat' dir='ltr'><strong><em>ac</em></strong></span> <span class='ocrx_word' id='word_1_227' title='bbox 634 688 778 721; x_wconf 78' lang='lat' dir='ltr'><strong><em>prwsertim</em></strong></span> <span class='ocrx_word' id='word_1_228' title='bbox 790 692 885 722; x_wconf 88' lang='lat' dir='ltr'><strong><em>quarta</em></strong></span> <span class='ocrx_word' id='word_1_229' title='bbox 899 692 923 714; x_wconf 79' lang='lat' dir='ltr'><strong><em>et</em></strong></span> <span class='ocrx_word' id='word_1_230' title='bbox 939 692 1012 714; x_wconf 70' lang='lat' dir='ltr'><strong><em>sexta</em></strong></span> <span class='ocrx_word' id='word_1_231' title='bbox 1032 695 1175 714; x_wconf 83' lang='lat' dir='ltr'><strong><em>sermonem</em></strong></span> <span class='ocrx_word' id='word_1_232' title='bbox 1192 687 1225 714; x_wconf 90' lang='lat' dir='ltr'><strong><em>ad</em></strong></span> <span class='ocrx_word' id='word_1_233' title='bbox 1240 688 1435 714; x_wconf 82' lang='lat' dir='ltr'><strong><em>catechumenos</em></strong></span> <span class='ocrx_word' id='word_1_234' title='bbox 1444 693 1467 714; x_wconf 91' lang='lat' dir='ltr'><strong><em>et</em></strong></span> <span class='ocrx_word' id='word_1_235' title='bbox 1479 689 1512 714; x_wconf 90' lang='lat' dir='ltr'><strong><em>ad</em></strong></span> <span class='ocrx_word' id='word_1_236' title='bbox 1520 688 1643 722; x_wconf 85' lang='lat' dir='ltr'><strong><em>populum</em></strong></span> <span class='ocrx_word' id='word_1_237' title='bbox 1651 688 1694 713; x_wconf 89' lang='lat' dir='ltr'><strong><em>di-</em></strong></span> 
     </span>
    </p>
   </div>
   <div class='ocr_carea' id='block_1_18' title="bbox 85 720 1695 756">
    <p class='ocr_par' dir='ltr' id='par_1_18' title="bbox 85 720 1695 756">
     <span class='ocr_line' id='line_1_20' title="bbox 85 720 1695 756; baseline 0.001 -9"><span class='ocrx_word' id='word_1_238' title='bbox 85 721 157 756; x_wconf 79' lang='lat' dir='ltr'><strong><em>rigit:</em></strong></span> <span class='ocrx_word' id='word_1_239' title='bbox 172 721 241 747; x_wconf 83' lang='lat' dir='ltr'><strong><em>unde</em></strong></span> <span class='ocrx_word' id='word_1_240' title='bbox 253 720 345 747; x_wconf 81' lang='lat' dir='ltr'><strong><em>nullus</em></strong></span> <span class='ocrx_word' id='word_1_241' title='bbox 360 722 499 748; x_wconf 83' lang='lat' dir='ltr'><strong><em>dubitandi</em></strong></span> <span class='ocrx_word' id='word_1_242' title='bbox 519 722 591 748; x_wconf 84' lang='lat' dir='ltr'><strong><em>locus</em></strong></span> <span class='ocrx_word' id='word_1_243' title='bbox 608 720 644 748; x_wconf 84' lang='lat' dir='ltr'><strong><em>est</em></strong></span> <span class='ocrx_word' id='word_1_244' title='bbox 658 722 721 756; x_wconf 89' lang='lat' dir='ltr'><strong><em>quin</em></strong></span> <span class='ocrx_word' id='word_1_245' title='bbox 738 720 805 749; x_wconf 62' lang='lat' dir='ltr'><strong><em>certe</em></strong></span> <span class='ocrx_word' id='word_1_246' title='bbox 826 722 943 748; x_wconf 77' lang='lat' dir='ltr'><strong><em>humilia:</em></strong></span> <span class='ocrx_word' id='word_1_247' title='bbox 961 723 1024 753; x_wconf 89' lang='lat' dir='ltr'><strong><em>sint,</em></strong></span> <span class='ocrx_word' id='word_1_248' title='bbox 1043 722 1104 748; x_wconf 83' lang='lat' dir='ltr'><strong><em>licet</em></strong></span> <span class='ocrx_word' id='word_1_249' title='bbox 1120 722 1297 749; x_wconf 86' lang='lat' dir='ltr'><strong><em>constrictiori</em></strong></span> <span class='ocrx_word' id='word_1_250' title='bbox 1317 728 1342 749; x_wconf 91' lang='lat' dir='ltr'><strong><em>et</em></strong></span> <span class='ocrx_word' id='word_1_251' title='bbox 1363 723 1507 749; x_wconf 74' lang='lat' dir='ltr'><strong><em>obscuriori</em></strong></span> <span class='ocrx_word' id='word_1_252' title='bbox 1520 720 1695 748; x_wconf 72' lang='lat' dir='ltr'><strong><em>enuntientur</em></strong></span> 
     </span>
    </p>
   </div>
   <div class='ocr_carea' id='block_1_19' title="bbox 86 756 1695 791">
    <p class='ocr_par' dir='ltr' id='par_1_19' title="bbox 86 756 1695 791">
     <span class='ocr_line' id='line_1_21' title="bbox 86 756 1695 791; baseline 0.001 -10"><span class='ocrx_word' id='word_1_253' title='bbox 86 756 158 791; x_wconf 74' lang='lat' dir='ltr'><strong><em>style,</em></strong></span> <span class='ocrx_word' id='word_1_254' title='bbox 168 763 247 790; x_wconf 79' lang='lat' dir='ltr'><strong><em>quam</em></strong></span> <span class='ocrx_word' id='word_1_255' title='bbox 261 757 540 791; x_wconf 66' lang='lat' dir='ltr'><strong><em>vulganprimuntar</em></strong></span> <span class='ocrx_word' id='word_1_256' title='bbox 552 756 614 783; x_wconf 80' lang='lat' dir='ltr'><strong><em>alite</em></strong></span> <span class='ocrx_word' id='word_1_257' title='bbox 629 756 750 791; x_wconf 86' lang='lat' dir='ltr'><strong><em>Origenis</em></strong></span> <span class='ocrx_word' id='word_1_258' title='bbox 762 757 888 784; x_wconf 78' lang='lat' dir='ltr'><strong><em>liomilite.</em></strong></span> <span class='ocrx_word' id='word_1_259' title='bbox 906 756 984 783; x_wconf 87' lang='lat' dir='ltr'><strong><em>Nona</em></strong></span> <span class='ocrx_word' id='word_1_260' title='bbox 997 757 1150 790; x_wconf 80' lang='lat' dir='ltr'><strong><em>imperfecta</em></strong></span> <span class='ocrx_word' id='word_1_261' title='bbox 1161 761 1210 788; x_wconf 82' lang='lat' dir='ltr'><strong><em>est.</em></strong></span> <span class='ocrx_word' id='word_1_262' title='bbox 1226 756 1300 791; x_wconf 78' lang='lat' dir='ltr'><strong><em>eique</em></strong></span> <span class='ocrx_word' id='word_1_263' title='bbox 1313 765 1447 791; x_wconf 85' lang='lat' dir='ltr'><strong><em>perperam</em></strong></span> <span class='ocrx_word' id='word_1_264' title='bbox 1460 758 1572 784; x_wconf 84' lang='lat' dir='ltr'><strong><em>insertus</em></strong></span> <span class='ocrx_word' id='word_1_265' title='bbox 1585 762 1623 783; x_wconf 84' lang='lat' dir='ltr'><strong><em>est</em></strong></span> <span class='ocrx_word' id='word_1_266' title='bbox 1633 757 1695 790; x_wconf 79' lang='lat' dir='ltr'><strong><em>ﬁnis</em></strong></span> 
     </span>
    </p>
   </div>
   <div class='ocr_carea' id='block_1_20' title="bbox 85 789 1695 826">
    <p class='ocr_par' dir='ltr' id='par_1_20' title="bbox 85 789 1695 826">
     <span class='ocr_line' id='line_1_22' title="bbox 85 789 1695 826; baseline 0.001 -10"><span class='ocrx_word' id='word_1_267' title='bbox 85 789 191 826; x_wconf 63' lang='lat' dir='ltr'><strong><em>humilia:</em></strong></span> <span class='ocrx_word' id='word_1_268' title='bbox 204 798 281 826; x_wconf 70' lang='lat' dir='ltr'><strong><em>none</em></strong></span> <span class='ocrx_word' id='word_1_269' title='bbox 291 789 321 826; x_wconf 81' lang='lat' dir='ltr'><strong><em>in</em></strong></span> <span class='ocrx_word' id='word_1_270' title='bbox 329 789 487 826; x_wconf 53' lang='grc' dir='ltr'><strong><em>ρᾳνέηιίαιη.</em></strong></span> <span class='ocrx_word' id='word_1_271' title='bbox 505 790 562 823; x_wconf 84' lang='lat' dir='ltr'><strong><em>Quo</em></strong></span> <span class='ocrx_word' id='word_1_272' title='bbox 575 789 688 826; x_wconf 74' lang='lat' dir='ltr'><strong><em>tempore</em></strong></span> <span class='ocrx_word' id='word_1_273' title='bbox 702 792 882 825; x_wconf 74' lang='lat' dir='ltr'><strong><em>pronuntiata:</em></strong></span> <span class='ocrx_word' id='word_1_274' title='bbox 897 791 1008 825; x_wconf 77' lang='lat' dir='ltr'><strong><em>fuerint.</em></strong></span> <span class='ocrx_word' id='word_1_275' title='bbox 1026 789 1153 818; x_wconf 82' lang='lat' dir='ltr'><strong><em>incertum</em></strong></span> <span class='ocrx_word' id='word_1_276' title='bbox 1168 796 1217 818; x_wconf 89' lang='lat' dir='ltr'><strong><em>est.</em></strong></span> <span class='ocrx_word' id='word_1_277' title='bbox 1231 789 1265 817; x_wconf 78' lang='lat' dir='ltr'><strong><em>1d</em></strong></span> <span class='ocrx_word' id='word_1_278' title='bbox 1280 789 1363 818; x_wconf 72' lang='lat' dir='ltr'><strong><em>unum</em></strong></span> <span class='ocrx_word' id='word_1_279' title='bbox 1375 792 1458 819; x_wconf 83' lang='lat' dir='ltr'><strong><em>statui</em></strong></span> <span class='ocrx_word' id='word_1_280' title='bbox 1475 796 1557 826; x_wconf 80' lang='lat' dir='ltr'><strong><em>potest</em></strong></span> <span class='ocrx_word' id='word_1_281' title='bbox 1579 799 1695 826; x_wconf 76' lang='lat' dir='ltr'><strong><em>proauit-</em></strong></span> 
     </span>
    </p>
   </div>
   <div class='ocr_carea' id='block_1_21' title="bbox 85 824 1195 861">
    <p class='ocr_par' dir='ltr' id='par_1_21' title="bbox 85 824 1195 861">
     <span class='ocr_line' id='line_1_23' title="bbox 85 824 1195 861; baseline 0.002 -11"><span class='ocrx_word' id='word_1_282' title='bbox 85 825 159 851; x_wconf 78' lang='lat' dir='ltr'><strong><em>tiatu</em></strong></span> <span class='ocrx_word' id='word_1_283' title='bbox 175 825 257 859; x_wconf 75' lang='lat' dir='ltr'><strong><em>fuisse</em></strong></span> <span class='ocrx_word' id='word_1_284' title='bbox 268 825 302 851; x_wconf 83' lang='lat' dir='ltr'><strong><em>ab</em></strong></span> <span class='ocrx_word' id='word_1_285' title='bbox 320 824 432 860; x_wconf 83' lang='lat' dir='ltr'><strong><em>Origene</em></strong></span> <span class='ocrx_word' id='word_1_286' title='bbox 445 826 605 860; x_wconf 78' lang='lat' dir='ltr'><strong><em>presbytero.</em></strong></span> <span class='ocrx_word' id='word_1_287' title='bbox 622 825 691 861; x_wconf 84' lang='lat' dir='ltr'><strong><em>Ergo</em></strong></span> <span class='ocrx_word' id='word_1_288' title='bbox 703 824 869 854; x_wconf 67' lang='lat' dir='ltr'><strong><em>collocandae</em></strong></span> <span class='ocrx_word' id='word_1_289' title='bbox 879 824 941 853; x_wconf 78' lang='lat' dir='ltr'><strong><em>sunt</em></strong></span> <span class='ocrx_word' id='word_1_290' title='bbox 951 830 1011 860; x_wconf 87' lang='lat' dir='ltr'><strong><em>post</em></strong></span> <span class='ocrx_word' id='word_1_291' title='bbox 1023 834 1120 853; x_wconf 88' lang='lat' dir='ltr'><strong><em>annum</em></strong></span> <span class='ocrx_word' id='word_1_292' title='bbox 1131 825 1195 854; x_wconf 66' lang='grc' dir='ltr'><strong><em>ειδ.</em></strong></span> 
     </span>
    </p>
   </div>
   <div class='ocr_carea' id='block_1_22' title="bbox 432 991 1338 1023">
    <p class='ocr_par' dir='ltr' id='par_1_22' title="bbox 432 991 1338 1023">
     <span class='ocr_line' id='line_1_24' title="bbox 432 991 1338 1023; baseline 0.001 -1"><span class='ocrx_word' id='word_1_293' title='bbox 432 993 490 1023; x_wconf 77' lang='lat' dir='ltr'><strong>EX</strong></span> <span class='ocrx_word' id='word_1_294' title='bbox 516 992 636 1022; x_wconf 76' lang='lat' dir='ltr'><strong><em>LIBBO</em></strong></span> <span class='ocrx_word' id='word_1_295' title='bbox 667 991 794 1022; x_wconf 73' lang='lat' dir='ltr'><strong>PRIMO</strong></span> <span class='ocrx_word' id='word_1_296' title='bbox 822 991 1014 1022; x_wconf 79' lang='lat' dir='ltr'><strong><em>ORIGENIS</em></strong></span> <span class='ocrx_word' id='word_1_297' title='bbox 1043 992 1167 1022; x_wconf 77' lang='lat' dir='ltr'><strong><em>SUPER</em></strong></span> <span class='ocrx_word' id='word_1_298' title='bbox 1185 991 1338 1023; x_wconf 81' lang='lat' dir='ltr'><strong><em>ISAIAM.</em></strong></span> 
     </span>
    </p>
   </div>
   <div class='ocr_carea' id='block_1_23' title="bbox 115 1145 1698 1184">
    <p class='ocr_par' dir='ltr' id='par_1_23' title="bbox 115 1145 1698 1184">
     <span class='ocr_line' id='line_1_25' title="bbox 115 1145 1698 1184; baseline 0.001 -9"><span class='ocrx_word' id='word_1_299' title='bbox 115 1147 338 1184; x_wconf 78' lang='lat' dir='ltr'><strong><em>105(78)Sicut</em></strong></span> <span class='ocrx_word' id='word_1_300' title='bbox 346 1147 864 1182; x_wconf 82' lang='lat' dir='ltr'><strong><em>dicitApostolusquoniama-mulatores</em></strong></span> <span class='ocrx_word' id='word_1_301' title='bbox 879 1149 900 1178; x_wconf 76' lang='grc' dir='ltr'>Α</span> <span class='ocrx_word' id='word_1_302' title='bbox 915 1146 957 1174; x_wconf 86' lang='lat' dir='ltr'><strong><em>bis</em></strong></span> <span class='ocrx_word' id='word_1_303' title='bbox 973 1153 1044 1174; x_wconf 90' lang='lat' dir='ltr'><strong><em>unus</em></strong></span> <span class='ocrx_word' id='word_1_304' title='bbox 1064 1150 1107 1174; x_wconf 90' lang='lat' dir='ltr'><strong><em>est</em></strong></span> <span class='ocrx_word' id='word_1_305' title='bbox 1129 1146 1199 1173; x_wconf 85' lang='lat' dir='ltr'><strong><em>Deus</em></strong></span> <span class='ocrx_word' id='word_1_306' title='bbox 1217 1145 1297 1173; x_wconf 81' lang='lat' dir='ltr'><strong><em>Pater</em></strong></span> <span class='ocrx_word' id='word_1_307' title='bbox 1312 1154 1345 1173; x_wconf 75' lang='lat' dir='ltr'><strong><em>cs</em></strong></span> <span class='ocrx_word' id='word_1_308' title='bbox 1368 1154 1423 1181; x_wconf 90' lang='lat' dir='ltr'><strong><em>quo</em></strong></span> <span class='ocrx_word' id='word_1_309' title='bbox 1439 1147 1529 1174; x_wconf 87' lang='lat' dir='ltr'><strong><em>omnia</em></strong></span> <span class='ocrx_word' id='word_1_310' title='bbox 1541 1167 1550 1180; x_wconf 86' lang='lat'><strong><em>,</em></strong></span> <span class='ocrx_word' id='word_1_311' title='bbox 1571 1155 1640 1175; x_wconf 91' lang='lat' dir='ltr'><strong><em>unus</em></strong></span> <span class='ocrx_word' id='word_1_312' title='bbox 1655 1153 1698 1176; x_wconf 85' lang='lat' dir='ltr'><strong><em>est</em></strong></span> 
     </span>
    </p>
   </div>
   <div class='ocr_carea' id='block_1_24' title="bbox 84 1193 858 1228">
    <p class='ocr_par' dir='ltr' id='par_1_24' title="bbox 84 1193 858 1228">
     <span class='ocr_line' id='line_1_26' title="bbox 84 1193 858 1228; baseline 0 -8"><span class='ocrx_word' id='word_1_313' title='bbox 84 1195 138 1221; x_wconf 79' lang='lat' dir='ltr'><strong><em>estis</em></strong></span> <span class='ocrx_word' id='word_1_314' title='bbox 150 1195 291 1228; x_wconf 82' lang='lat' dir='ltr'><strong><em>spirituum</em></strong></span> <span class='ocrx_word' id='word_1_315' title='bbox 304 1193 328 1210; x_wconf 79' lang='lat'><strong>&quot;</strong></span> <span class='ocrx_word' id='word_1_316' title='bbox 343 1202 353 1222; x_wconf 90' lang='lat'><em>:</em></span> <span class='ocrx_word' id='word_1_317' title='bbox 367 1194 438 1221; x_wconf 80' lang='lat' dir='ltr'><strong><em>sicut</em></strong></span> <span class='ocrx_word' id='word_1_318' title='bbox 451 1201 512 1221; x_wconf 89' lang='lat' dir='ltr'><strong><em>cum</em></strong></span> <span class='ocrx_word' id='word_1_319' title='bbox 529 1202 599 1220; x_wconf 93' lang='lat' dir='ltr'><strong><em>unus</em></strong></span> <span class='ocrx_word' id='word_1_320' title='bbox 614 1193 650 1220; x_wconf 86' lang='lat' dir='ltr'><strong><em>sit</em></strong></span> <span class='ocrx_word' id='word_1_321' title='bbox 665 1193 774 1228; x_wconf 83' lang='lat' dir='ltr'><strong><em>spiritus</em></strong></span> <span class='ocrx_word' id='word_1_322' title='bbox 791 1193 858 1220; x_wconf 82' lang='lat' dir='ltr'><strong><em>tanti</em></strong></span> 
     </span>
    </p>
   </div>
   <div class='ocr_carea' id='block_1_25' title="bbox 85 1238 859 1274">
    <p class='ocr_par' dir='ltr' id='par_1_25' title="bbox 85 1238 859 1274">
     <span class='ocr_line' id='line_1_27' title="bbox 85 1238 859 1274; baseline -0.001 -8"><span class='ocrx_word' id='word_1_323' title='bbox 85 1247 125 1273; x_wconf 83' lang='lat' dir='ltr'><strong><em>per</em></strong></span> <span class='ocrx_word' id='word_1_324' title='bbox 136 1239 256 1274; x_wconf 76' lang='lat' dir='ltr'><strong><em>singulos</em></strong></span> <span class='ocrx_word' id='word_1_325' title='bbox 272 1239 402 1266; x_wconf 86' lang='lat' dir='ltr'><strong><em>dicuntur</em></strong></span> <span class='ocrx_word' id='word_1_326' title='bbox 419 1238 537 1273; x_wconf 82' lang='lat' dir='ltr'><strong><em>Spiritus</em></strong></span> <span class='ocrx_word' id='word_1_327' title='bbox 563 1238 664 1270; x_wconf 80' lang='lat' dir='ltr'><strong><em>sancti,</em></strong></span> <span class='ocrx_word' id='word_1_328' title='bbox 681 1238 775 1273; x_wconf 78' lang='lat' dir='ltr'><strong><em>quanti</em></strong></span> <span class='ocrx_word' id='word_1_329' title='bbox 795 1241 859 1266; x_wconf 82' lang='lat' dir='ltr'><strong><em>sunt</em></strong></span> 
     </span>
    </p>
   </div>
   <div class='ocr_carea' id='block_1_26' title="bbox 85 1284 859 1320">
    <p class='ocr_par' dir='ltr' id='par_1_26' title="bbox 85 1284 859 1320">
     <span class='ocr_line' id='line_1_28' title="bbox 85 1284 859 1320; baseline 0.001 -10"><span class='ocrx_word' id='word_1_330' title='bbox 85 1284 107 1311; x_wconf 89' lang='lat' dir='ltr'><strong><em>hi</em></strong></span> <span class='ocrx_word' id='word_1_331' title='bbox 128 1284 171 1320; x_wconf 85' lang='lat' dir='ltr'><strong><em>qui</em></strong></span> <span class='ocrx_word' id='word_1_332' title='bbox 196 1285 300 1312; x_wconf 84' lang='lat' dir='ltr'><strong><em>habent</em></strong></span> <span class='ocrx_word' id='word_1_333' title='bbox 317 1284 343 1310; x_wconf 90' lang='lat' dir='ltr'><strong><em>in</em></strong></span> <span class='ocrx_word' id='word_1_334' title='bbox 365 1291 394 1312; x_wconf 87' lang='lat' dir='ltr'><strong><em>se</em></strong></span> <span class='ocrx_word' id='word_1_335' title='bbox 416 1284 546 1318; x_wconf 78' lang='lat' dir='ltr'><strong><em>Spiritum</em></strong></span> <span class='ocrx_word' id='word_1_336' title='bbox 564 1289 689 1311; x_wconf 87' lang='lat' dir='ltr'><strong><em>sanctum</em></strong></span> <span class='ocrx_word' id='word_1_337' title='bbox 706 1293 713 1311; x_wconf 88' lang='lat'><strong>:</strong></span> <span class='ocrx_word' id='word_1_338' title='bbox 728 1284 764 1311; x_wconf 88' lang='lat' dir='ltr'><strong><em>ita</em></strong></span> <span class='ocrx_word' id='word_1_339' title='bbox 783 1289 810 1311; x_wconf 87' lang='lat' dir='ltr'><strong><em>et</em></strong></span> <span class='ocrx_word' id='word_1_340' title='bbox 826 1284 859 1311; x_wconf 80' lang='lat' dir='ltr'><strong><em>de</em></strong></span> 
     </span>
    </p>
   </div>
   <div class='ocr_carea' id='block_1_27' title="bbox 83 1328 858 1357">
    <p class='ocr_par' dir='ltr' id='par_1_27' title="bbox 83 1328 858 1357">
     <span class='ocr_line' id='line_1_29' title="bbox 83 1328 858 1357; baseline 0 -2"><span class='ocrx_word' id='word_1_341' title='bbox 83 1329 183 1357; x_wconf 82' lang='lat' dir='ltr'><strong><em>Christo</em></strong></span> <span class='ocrx_word' id='word_1_342' title='bbox 197 1329 346 1357; x_wconf 88' lang='lat' dir='ltr'><strong><em>dicendum</em></strong></span> <span class='ocrx_word' id='word_1_343' title='bbox 362 1333 413 1356; x_wconf 84' lang='lat' dir='ltr'><strong><em>cst.</em></strong></span> <span class='ocrx_word' id='word_1_344' title='bbox 438 1329 479 1355; x_wconf 83' lang='lat' dir='ltr'><strong><em>Ah</em></strong></span> <span class='ocrx_word' id='word_1_345' title='bbox 496 1336 552 1355; x_wconf 92' lang='lat' dir='ltr'><strong><em>uno</em></strong></span> <span class='ocrx_word' id='word_1_346' title='bbox 568 1329 638 1355; x_wconf 83' lang='lat' dir='ltr'><strong><em>enim</em></strong></span> <span class='ocrx_word' id='word_1_347' title='bbox 654 1328 764 1356; x_wconf 86' lang='lat' dir='ltr'><strong><em>Christo</em></strong></span> <span class='ocrx_word' id='word_1_348' title='bbox 781 1329 858 1355; x_wconf 91' lang='lat' dir='ltr'><strong><em>multi</em></strong></span> 
     </span>
    </p>
   </div>
   <div class='ocr_carea' id='block_1_28' title="bbox 84 1374 862 1410">
    <p class='ocr_par' dir='ltr' id='par_1_28' title="bbox 84 1374 862 1410">
     <span class='ocr_line' id='line_1_30' title="bbox 84 1374 862 1410; baseline 0 -9"><span class='ocrx_word' id='word_1_349' title='bbox 84 1375 143 1402; x_wconf 81' lang='lat' dir='ltr'><strong><em>lium</em></strong></span> <span class='ocrx_word' id='word_1_350' title='bbox 163 1375 283 1407; x_wconf 82' lang='lat' dir='ltr'><strong><em>Christi,</em></strong></span> <span class='ocrx_word' id='word_1_351' title='bbox 310 1375 344 1402; x_wconf 87' lang='lat' dir='ltr'><strong><em>dc</em></strong></span> <span class='ocrx_word' id='word_1_352' title='bbox 370 1375 471 1410; x_wconf 88' lang='lat' dir='ltr'><strong><em>quibus</em></strong></span> <span class='ocrx_word' id='word_1_353' title='bbox 497 1374 634 1409; x_wconf 79' lang='lat' dir='ltr'><strong><em>Scriptura</em></strong></span> <span class='ocrx_word' id='word_1_354' title='bbox 660 1374 744 1402; x_wconf 82' lang='lat' dir='ltr'><strong><em>dicit:</em></strong></span> <span class='ocrx_word' id='word_1_355' title='bbox 775 1374 862 1402; x_wconf 81' lang='lat' dir='ltr'><strong><em>Nolite</em></strong></span> 
     </span>
    </p>
   </div>
   <div class='ocr_carea' id='block_1_29' title="bbox 84 1420 862 1455">
    <p class='ocr_par' dir='ltr' id='par_1_29' title="bbox 84 1420 862 1455">
     <span class='ocr_line' id='line_1_31' title="bbox 84 1420 862 1455; baseline 0.003 -9"><span class='ocrx_word' id='word_1_356' title='bbox 84 1425 178 1455; x_wconf 85' lang='lat' dir='ltr'><strong><em>tangere</em></strong></span> <span class='ocrx_word' id='word_1_357' title='bbox 198 1421 313 1448; x_wconf 84' lang='lat' dir='ltr'><strong><em>cltristos</em></strong></span> <span class='ocrx_word' id='word_1_358' title='bbox 338 1429 407 1447; x_wconf 87' lang='lat' dir='ltr'><strong><em>mens</em></strong></span> <span class='ocrx_word' id='word_1_359' title='bbox 420 1440 428 1453; x_wconf 85' lang='grc'><em>,</em></span> <span class='ocrx_word' id='word_1_360' title='bbox 452 1425 475 1448; x_wconf 88' lang='lat' dir='ltr'><strong><em>et</em></strong></span> <span class='ocrx_word' id='word_1_361' title='bbox 495 1421 521 1447; x_wconf 91' lang='lat' dir='ltr'><strong><em>in</em></strong></span> <span class='ocrx_word' id='word_1_362' title='bbox 541 1421 673 1455; x_wconf 77' lang='lat' dir='ltr'><strong><em>prop/retis</em></strong></span> <span class='ocrx_word' id='word_1_363' title='bbox 697 1421 759 1448; x_wconf 86' lang='lat' dir='ltr'><strong><em>meis</em></strong></span> <span class='ocrx_word' id='word_1_364' title='bbox 782 1420 862 1449; x_wconf 85' lang='lat' dir='ltr'><strong><em>nolite</em></strong></span> 
     </span>
    </p>
   </div>
   <div class='ocr_carea' id='block_1_30' title="bbox 83 1464 862 1500">
    <p class='ocr_par' dir='ltr' id='par_1_30' title="bbox 83 1464 862 1500">
     <span class='ocr_line' id='line_1_32' title="bbox 83 1464 862 1500; baseline 0.001 -9"><span class='ocrx_word' id='word_1_365' title='bbox 83 1466 256 1500; x_wconf 77' lang='lat' dir='ltr'><strong><em>malignari&quot;.</em></strong></span> <span class='ocrx_word' id='word_1_366' title='bbox 272 1465 320 1493; x_wconf 87' lang='lat' dir='ltr'><strong><em>Sic</em></strong></span> <span class='ocrx_word' id='word_1_367' title='bbox 334 1470 361 1492; x_wconf 87' lang='lat' dir='ltr'><strong><em>et</em></strong></span> <span class='ocrx_word' id='word_1_368' title='bbox 376 1465 410 1492; x_wconf 86' lang='lat' dir='ltr'><strong><em>ab</em></strong></span> <span class='ocrx_word' id='word_1_369' title='bbox 427 1473 481 1492; x_wconf 91' lang='lat' dir='ltr'><strong><em>uno</em></strong></span> <span class='ocrx_word' id='word_1_370' title='bbox 496 1465 551 1493; x_wconf 80' lang='lat' dir='ltr'><strong><em>Deo</em></strong></span> <span class='ocrx_word' id='word_1_371' title='bbox 573 1466 648 1492; x_wconf 86' lang='lat' dir='ltr'><strong><em>mulli</em></strong></span> <span class='ocrx_word' id='word_1_372' title='bbox 662 1465 699 1491; x_wconf 88' lang='lat' dir='ltr'><strong><em>dii</em></strong></span> <span class='ocrx_word' id='word_1_373' title='bbox 723 1464 862 1498; x_wconf 88' lang='lat' dir='ltr'><strong><em>dicuntur,</em></strong></span> 
     </span>
    </p>
   </div>
   <div class='ocr_carea' id='block_1_31' title="bbox 82 1510 865 1546">
    <p class='ocr_par' dir='ltr' id='par_1_31' title="bbox 82 1510 865 1546">
     <span class='ocr_line' id='line_1_33' title="bbox 82 1510 865 1546; baseline 0 -8"><span class='ocrx_word' id='word_1_374' title='bbox 82 1518 168 1539; x_wconf 84' lang='lat' dir='ltr'><strong><em>omnes</em></strong></span> <span class='ocrx_word' id='word_1_375' title='bbox 183 1511 288 1539; x_wconf 81' lang='lat' dir='ltr'><strong><em>scilicet</em></strong></span> <span class='ocrx_word' id='word_1_376' title='bbox 307 1510 336 1538; x_wconf 86' lang='lat' dir='ltr'><strong><em>hi</em></strong></span> <span class='ocrx_word' id='word_1_377' title='bbox 357 1511 383 1538; x_wconf 89' lang='lat' dir='ltr'><strong><em>in</em></strong></span> <span class='ocrx_word' id='word_1_378' title='bbox 401 1511 501 1546; x_wconf 84' lang='lat' dir='ltr'><strong><em>quibus</em></strong></span> <span class='ocrx_word' id='word_1_379' title='bbox 524 1511 628 1538; x_wconf 79' lang='lat' dir='ltr'><strong><em>habitat</em></strong></span> <span class='ocrx_word' id='word_1_380' title='bbox 644 1510 736 1544; x_wconf 80' lang='lat' dir='ltr'><strong><em>Deus;</em></strong></span> <span class='ocrx_word' id='word_1_381' title='bbox 759 1510 804 1538; x_wconf 84' lang='lat' dir='ltr'><strong><em>sed</em></strong></span> <span class='ocrx_word' id='word_1_382' title='bbox 820 1518 865 1538; x_wconf 93' lang='lat' dir='ltr'><strong><em>no-</em></strong></span> 
     </span>
    </p>
   </div>
   <div class='ocr_carea' id='block_1_32' title="bbox 911 1190 1697 1227">
    <p class='ocr_par' dir='ltr' id='par_1_32' title="bbox 911 1190 1697 1227">
     <span class='ocr_line' id='line_1_34' title="bbox 911 1190 1697 1227; baseline 0.001 -7"><span class='ocrx_word' id='word_1_383' title='bbox 911 1199 977 1227; x_wconf 75' lang='lat' dir='ltr'><strong><em>ergo</em></strong></span> <span class='ocrx_word' id='word_1_384' title='bbox 994 1199 1075 1219; x_wconf 71' lang='lat' dir='ltr'><strong><em>verus</em></strong></span> <span class='ocrx_word' id='word_1_385' title='bbox 1090 1190 1162 1219; x_wconf 84' lang='lat' dir='ltr'><strong><em>Deus</em></strong></span> <span class='ocrx_word' id='word_1_386' title='bbox 1175 1192 1238 1226; x_wconf 78' lang='lat' dir='ltr'><strong><em>qui,</em></strong></span> <span class='ocrx_word' id='word_1_387' title='bbox 1252 1196 1282 1218; x_wconf 92' lang='lat' dir='ltr'><strong><em>ut</em></strong></span> <span class='ocrx_word' id='word_1_388' title='bbox 1296 1193 1331 1218; x_wconf 85' lang='lat' dir='ltr'><strong><em>ita</em></strong></span> <span class='ocrx_word' id='word_1_389' title='bbox 1347 1191 1479 1224; x_wconf 80' lang='lat' dir='ltr'><strong><em>dixerim,</em></strong></span> <span class='ocrx_word' id='word_1_390' title='bbox 1502 1197 1643 1227; x_wconf 66' lang='lat' dir='ltr'><strong><em>prieslator</em></strong></span> <span class='ocrx_word' id='word_1_391' title='bbox 1655 1198 1697 1221; x_wconf 62' lang='lat' dir='ltr'><strong><em>est</em></strong></span> 
     </span>
    </p>
   </div>
   <div class='ocr_carea' id='block_1_33' title="bbox 912 1237 1696 1271">
    <p class='ocr_par' dir='ltr' id='par_1_33' title="bbox 912 1237 1696 1271">
     <span class='ocr_line' id='line_1_35' title="bbox 912 1237 1696 1271; baseline 0 -6"><span class='ocrx_word' id='word_1_392' title='bbox 912 1237 1021 1265; x_wconf 85' lang='lat' dir='ltr'><strong><em>dcitatis</em></strong></span> <span class='ocrx_word' id='word_1_393' title='bbox 1035 1257 1043 1269; x_wconf 78' lang='lat'><strong><em>,</em></strong></span> <span class='ocrx_word' id='word_1_394' title='bbox 1066 1241 1093 1264; x_wconf 89' lang='lat' dir='ltr'><strong><em>et</em></strong></span> <span class='ocrx_word' id='word_1_395' title='bbox 1116 1245 1187 1264; x_wconf 84' lang='lat' dir='ltr'><strong><em>unus</em></strong></span> <span class='ocrx_word' id='word_1_396' title='bbox 1207 1237 1335 1264; x_wconf 76' lang='lat' dir='ltr'><strong><em>Christus</em></strong></span> <span class='ocrx_word' id='word_1_397' title='bbox 1360 1237 1447 1264; x_wconf 82' lang='lat' dir='ltr'><strong><em>factor</em></strong></span> <span class='ocrx_word' id='word_1_398' title='bbox 1470 1237 1650 1271; x_wconf 78' lang='lat' dir='ltr'><strong><em>rhristorum,</em></strong></span> <span class='ocrx_word' id='word_1_399' title='bbox 1669 1243 1696 1265; x_wconf 90' lang='lat' dir='ltr'><strong><em>ct</em></strong></span> 
     </span>
    </p>
   </div>
   <div class='ocr_carea' id='block_1_34' title="bbox 912 1282 1697 1318">
    <p class='ocr_par' dir='ltr' id='par_1_34' title="bbox 912 1282 1697 1318">
     <span class='ocr_line' id='line_1_36' title="bbox 912 1282 1697 1318; baseline -0.001 -6"><span class='ocrx_word' id='word_1_400' title='bbox 912 1292 984 1312; x_wconf 86' lang='lat' dir='ltr'><strong><em>unus</em></strong></span> <span class='ocrx_word' id='word_1_401' title='bbox 1010 1282 1129 1317; x_wconf 85' lang='lat' dir='ltr'><strong><em>Spiritus</em></strong></span> <span class='ocrx_word' id='word_1_402' title='bbox 1160 1288 1270 1310; x_wconf 85' lang='lat' dir='ltr'><strong><em>sanctus</em></strong></span> <span class='ocrx_word' id='word_1_403' title='bbox 1293 1282 1340 1318; x_wconf 88' lang='lat' dir='ltr'><strong><em>qui</em></strong></span> <span class='ocrx_word' id='word_1_404' title='bbox 1370 1290 1419 1317; x_wconf 77' lang='lat' dir='ltr'><strong><em>per</em></strong></span> <span class='ocrx_word' id='word_1_405' title='bbox 1444 1283 1565 1317; x_wconf 82' lang='lat' dir='ltr'><strong><em>singulas</em></strong></span> <span class='ocrx_word' id='word_1_406' title='bbox 1591 1284 1697 1311; x_wconf 73' lang='lat' dir='ltr'><strong><em>animas</em></strong></span> 
     </span>
    </p>
   </div>
   <div class='ocr_carea' id='block_1_35' title="bbox 912 1327 1696 1361">
    <p class='ocr_par' dir='ltr' id='par_1_35' title="bbox 912 1327 1696 1361">
     <span class='ocr_line' id='line_1_37' title="bbox 912 1327 1696 1361; baseline 0 -6"><span class='ocrx_word' id='word_1_407' title='bbox 912 1332 1067 1356; x_wconf 85' lang='lat' dir='ltr'><strong><em>sanctorum</em></strong></span> <span class='ocrx_word' id='word_1_408' title='bbox 1088 1327 1154 1354; x_wconf 77' lang='lat' dir='ltr'><strong><em>facit</em></strong></span> <span class='ocrx_word' id='word_1_409' title='bbox 1169 1327 1299 1361; x_wconf 86' lang='lat' dir='ltr'><strong><em>Spiritum</em></strong></span> <span class='ocrx_word' id='word_1_410' title='bbox 1323 1331 1460 1354; x_wconf 88' lang='lat' dir='ltr'><strong><em>sanctum.</em></strong></span> <span class='ocrx_word' id='word_1_411' title='bbox 1487 1327 1611 1356; x_wconf 87' lang='lat' dir='ltr'><strong><em>Christus</em></strong></span> <span class='ocrx_word' id='word_1_412' title='bbox 1633 1337 1696 1356; x_wconf 78' lang='lat' dir='ltr'><strong><em>vero</em></strong></span> 
     </span>
    </p>
   </div>
   <div class='ocr_carea' id='block_1_36' title="bbox 913 1372 1696 1408">
    <p class='ocr_par' dir='ltr' id='par_1_36' title="bbox 913 1372 1696 1408">
     <span class='ocr_line' id='line_1_38' title="bbox 913 1372 1696 1408; baseline -0.001 -8"><span class='ocrx_word' id='word_1_413' title='bbox 913 1374 984 1401; x_wconf 83' lang='lat' dir='ltr'><strong><em>sicut</em></strong></span> <span class='ocrx_word' id='word_1_414' title='bbox 1007 1381 1054 1408; x_wconf 82' lang='lat' dir='ltr'><strong><em>per</em></strong></span> <span class='ocrx_word' id='word_1_415' title='bbox 1078 1373 1130 1400; x_wconf 82' lang='lat' dir='ltr'><strong><em>hoc</em></strong></span> <span class='ocrx_word' id='word_1_416' title='bbox 1148 1374 1220 1406; x_wconf 90' lang='lat' dir='ltr'><strong><em>quod</em></strong></span> <span class='ocrx_word' id='word_1_417' title='bbox 1234 1372 1361 1400; x_wconf 81' lang='lat' dir='ltr'><strong><em>Christus</em></strong></span> <span class='ocrx_word' id='word_1_418' title='bbox 1375 1378 1416 1400; x_wconf 83' lang='lat' dir='ltr'><strong><em>cst</em></strong></span> <span class='ocrx_word' id='word_1_419' title='bbox 1440 1372 1504 1400; x_wconf 81' lang='lat' dir='ltr'><strong><em>facit</em></strong></span> <span class='ocrx_word' id='word_1_420' title='bbox 1516 1373 1643 1405; x_wconf 84' lang='lat' dir='ltr'><strong><em>christos,</em></strong></span> <span class='ocrx_word' id='word_1_421' title='bbox 1660 1374 1696 1399; x_wconf 80' lang='lat' dir='ltr'><strong><em>ita</em></strong></span> 
     </span>
    </p>
   </div>
   <div class='ocr_carea' id='block_1_37' title="bbox 913 1417 1697 1453">
    <p class='ocr_par' dir='ltr' id='par_1_37' title="bbox 913 1417 1697 1453">
     <span class='ocr_line' id='line_1_39' title="bbox 913 1417 1697 1453; baseline 0 -8"><span class='ocrx_word' id='word_1_422' title='bbox 913 1423 940 1446; x_wconf 83' lang='lat' dir='ltr'><strong><em>et</em></strong></span> <span class='ocrx_word' id='word_1_423' title='bbox 961 1426 1007 1453; x_wconf 75' lang='lat' dir='ltr'><strong><em>per</em></strong></span> <span class='ocrx_word' id='word_1_424' title='bbox 1032 1418 1082 1446; x_wconf 89' lang='lat' dir='ltr'><strong><em>hoc</em></strong></span> <span class='ocrx_word' id='word_1_425' title='bbox 1098 1419 1171 1453; x_wconf 92' lang='lat' dir='ltr'><strong><em>quod</em></strong></span> <span class='ocrx_word' id='word_1_426' title='bbox 1189 1423 1230 1445; x_wconf 87' lang='lat' dir='ltr'><strong><em>est</em></strong></span> <span class='ocrx_word' id='word_1_427' title='bbox 1255 1417 1339 1445; x_wconf 84' lang='lat' dir='ltr'><strong><em>Filius</em></strong></span> <span class='ocrx_word' id='word_1_428' title='bbox 1366 1418 1411 1445; x_wconf 68' lang='lat' dir='ltr'><strong><em>Dei</em></strong></span> <span class='ocrx_word' id='word_1_429' title='bbox 1432 1423 1458 1445; x_wconf 91' lang='lat' dir='ltr'><strong><em>et</em></strong></span> <span class='ocrx_word' id='word_1_430' title='bbox 1478 1418 1548 1445; x_wconf 83' lang='lat' dir='ltr'><strong><em>ﬁlius</em></strong></span> <span class='ocrx_word' id='word_1_431' title='bbox 1571 1419 1697 1453; x_wconf 77' lang='lat' dir='ltr'><strong><em>proprius</em></strong></span> 
     </span>
    </p>
   </div>
   <div class='ocr_carea' id='block_1_38' title="bbox 914 1463 1698 1499">
    <p class='ocr_par' dir='ltr' id='par_1_38' title="bbox 914 1463 1698 1499">
     <span class='ocr_line' id='line_1_40' title="bbox 914 1463 1698 1499; baseline -0.003 -7"><span class='ocrx_word' id='word_1_432' title='bbox 914 1469 941 1492; x_wconf 90' lang='lat' dir='ltr'><strong><em>ct</em></strong></span> <span class='ocrx_word' id='word_1_433' title='bbox 957 1464 1130 1499; x_wconf 74' lang='lat' dir='ltr'><strong><em>unigenilus,</em></strong></span> <span class='ocrx_word' id='word_1_434' title='bbox 1145 1471 1240 1491; x_wconf 86' lang='lat' dir='ltr'><strong><em>omnes</em></strong></span> <span class='ocrx_word' id='word_1_435' title='bbox 1256 1472 1302 1490; x_wconf 78' lang='lat' dir='ltr'><strong><em>cos</em></strong></span> <span class='ocrx_word' id='word_1_436' title='bbox 1319 1463 1365 1498; x_wconf 91' lang='lat' dir='ltr'><strong><em>qui</em></strong></span> <span class='ocrx_word' id='word_1_437' title='bbox 1380 1463 1532 1499; x_wconf 80' lang='lat' dir='ltr'><strong><em>percipiunt</em></strong></span> <span class='ocrx_word' id='word_1_438' title='bbox 1550 1464 1584 1492; x_wconf 84' lang='lat' dir='ltr'><strong><em>ab</em></strong></span> <span class='ocrx_word' id='word_1_439' title='bbox 1595 1472 1627 1492; x_wconf 82' lang='lat' dir='ltr'><strong><em>eo</em></strong></span> <span class='ocrx_word' id='word_1_440' title='bbox 1643 1464 1698 1498; x_wconf 84' lang='lat' dir='ltr'><strong><em>spi-</em></strong></span> 
     </span>
    </p>
   </div>
   <div class='ocr_carea' id='block_1_39' title="bbox 916 1510 1414 1545">
    <p class='ocr_par' dir='ltr' id='par_1_39' title="bbox 916 1510 1414 1545">
     <span class='ocr_line' id='line_1_41' title="bbox 916 1510 1414 1545; baseline -0.004 -7"><span class='ocrx_word' id='word_1_441' title='bbox 916 1512 997 1538; x_wconf 90' lang='lat' dir='ltr'><strong><em>ritum</em></strong></span> <span class='ocrx_word' id='word_1_442' title='bbox 1011 1510 1176 1545; x_wconf 85' lang='lat' dir='ltr'><strong><em>adoptionis,</em></strong></span> <span class='ocrx_word' id='word_1_443' title='bbox 1194 1510 1262 1538; x_wconf 87' lang='lat' dir='ltr'><strong><em>lilios</em></strong></span> <span class='ocrx_word' id='word_1_444' title='bbox 1276 1510 1323 1538; x_wconf 85' lang='lat' dir='ltr'><strong><em>Dei</em></strong></span> <span class='ocrx_word' id='word_1_445' title='bbox 1338 1510 1414 1538; x_wconf 82' lang='lat' dir='ltr'><strong><em>iacit.</em></strong></span> 
     </span>
    </p>
   </div>
   <div class='ocr_carea' id='block_1_40' title="bbox 359 1689 1407 1722">
    <p class='ocr_par' dir='ltr' id='par_1_40' title="bbox 359 1689 1407 1722">
     <span class='ocr_line' id='line_1_42' title="bbox 359 1689 1407 1722; baseline -0.002 0"><span class='ocrx_word' id='word_1_446' title='bbox 359 1692 384 1722; x_wconf 89' lang='lat' dir='ltr'><strong>E</strong></span> <span class='ocrx_word' id='word_1_447' title='bbox 407 1691 597 1722; x_wconf 81' lang='lat' dir='ltr'><strong><em>VICESIMO</em></strong></span> <span class='ocrx_word' id='word_1_448' title='bbox 616 1690 783 1721; x_wconf 79' lang='lat' dir='ltr'><strong><em>OCTAVO</em></strong></span> <span class='ocrx_word' id='word_1_449' title='bbox 815 1689 934 1720; x_wconf 74' lang='lat' dir='ltr'><strong>LIBRO</strong></span> <span class='ocrx_word' id='word_1_450' title='bbox 965 1690 1150 1720; x_wconf 77' lang='lat' dir='ltr'><strong><em>ORIGENIS</em></strong></span> <span class='ocrx_word' id='word_1_451' title='bbox 1180 1691 1220 1720; x_wconf 80' lang='lat' dir='ltr'><strong><em>IN</em></strong></span> <span class='ocrx_word' id='word_1_452' title='bbox 1253 1690 1407 1720; x_wconf 85' lang='lat' dir='ltr'><strong><em>lSAlAM.</em></strong></span> 
     </span>
    </p>
   </div>
   <div class='ocr_carea' id='block_1_41' title="bbox 127 1753 1649 1791">
    <p class='ocr_par' dir='ltr' id='par_1_41' title="bbox 127 1753 1649 1791">
     <span class='ocr_line' id='line_1_43' title="bbox 127 1753 1649 1791; baseline -0.003 -7"><span class='ocrx_word' id='word_1_453' title='bbox 127 1756 161 1784; x_wconf 81' lang='lat' dir='ltr'><strong><em>De</em></strong></span> <span class='ocrx_word' id='word_1_454' title='bbox 180 1756 226 1784; x_wconf 88' lang='lat' dir='ltr'><strong><em>illo</em></strong></span> <span class='ocrx_word' id='word_1_455' title='bbox 247 1755 371 1791; x_wconf 84' lang='lat' dir='ltr'><strong><em>capitulo</em></strong></span> <span class='ocrx_word' id='word_1_456' title='bbox 398 1755 424 1782; x_wconf 92' lang='lat' dir='ltr'><strong><em>in</em></strong></span> <span class='ocrx_word' id='word_1_457' title='bbox 447 1762 504 1790; x_wconf 90' lang='lat' dir='ltr'><strong><em>quo</em></strong></span> <span class='ocrx_word' id='word_1_458' title='bbox 528 1754 627 1782; x_wconf 86' lang='lat' dir='ltr'><strong><em>dicitur</em></strong></span> <span class='ocrx_word' id='word_1_459' title='bbox 643 1762 649 1779; x_wconf 90' lang='lat'>:</span> <span class='ocrx_word' id='word_1_460' title='bbox 674 1753 910 1781; x_wconf 83' lang='lat' dir='ltr'><strong><em>Resuscitabuntur</em></strong></span> <span class='ocrx_word' id='word_1_461' title='bbox 929 1754 1044 1784; x_wconf 87' lang='lat' dir='ltr'><strong><em>mortui,</em></strong></span> <span class='ocrx_word' id='word_1_462' title='bbox 1060 1758 1084 1780; x_wconf 85' lang='lat' dir='ltr'><strong><em>et</em></strong></span> <span class='ocrx_word' id='word_1_463' title='bbox 1104 1758 1237 1788; x_wconf 81' lang='lat' dir='ltr'><strong><em>resurgeat</em></strong></span> <span class='ocrx_word' id='word_1_464' title='bbox 1257 1753 1283 1780; x_wconf 77' lang='lat' dir='ltr'><strong><em>lii</em></strong></span> <span class='ocrx_word' id='word_1_465' title='bbox 1301 1753 1346 1788; x_wconf 88' lang='lat' dir='ltr'><strong><em>qui</em></strong></span> <span class='ocrx_word' id='word_1_466' title='bbox 1366 1753 1393 1780; x_wconf 86' lang='lat' dir='ltr'><strong><em>in</em></strong></span> <span class='ocrx_word' id='word_1_467' title='bbox 1408 1753 1534 1787; x_wconf 79' lang='lat' dir='ltr'><strong><em>sepulcris</em></strong></span> <span class='ocrx_word' id='word_1_468' title='bbox 1547 1754 1649 1780; x_wconf 82' lang='lat' dir='ltr'><strong><em>sunt&quot;.</em></strong></span> 
     </span>
    </p>
   </div>
   <div class='ocr_carea' id='block_1_42' title="bbox 115 1864 1697 1904">
    <p class='ocr_par' dir='ltr' id='par_1_42' title="bbox 115 1864 1697 1904">
     <span class='ocr_line' id='line_1_44' title="bbox 115 1864 1697 1904; baseline -0.003 -9"><span class='ocrx_word' id='word_1_469' title='bbox 115 1869 167 1904; x_wconf 83' lang='lat'><strong><em>(79)</em></strong></span> <span class='ocrx_word' id='word_1_470' title='bbox 185 1868 283 1897; x_wconf 80' lang='lat' dir='ltr'><strong><em>Melius</em></strong></span> <span class='ocrx_word' id='word_1_471' title='bbox 304 1876 370 1904; x_wconf 80' lang='lat' dir='ltr'><strong><em>ergo</em></strong></span> <span class='ocrx_word' id='word_1_472' title='bbox 385 1874 426 1896; x_wconf 86' lang='lat' dir='ltr'><strong><em>est</em></strong></span> <span class='ocrx_word' id='word_1_473' title='bbox 439 1868 529 1895; x_wconf 84' lang='lat' dir='ltr'><strong><em>dicere</em></strong></span> <span class='ocrx_word' id='word_1_474' title='bbox 549 1867 621 1903; x_wconf 90' lang='lat' dir='ltr'><strong><em>quod</em></strong></span> <span class='ocrx_word' id='word_1_475' title='bbox 642 1875 738 1895; x_wconf 90' lang='lat' dir='ltr'><strong><em>omnes</em></strong></span> <span class='ocrx_word' id='word_1_476' title='bbox 752 1869 859 1903; x_wconf 81' lang='lat' dir='ltr'><strong><em>quidem</em></strong></span> <span class='ocrx_word' id='word_1_477' title='bbox 876 1876 897 1903; x_wconf 76' lang='grc' dir='ltr'><strong><em>Β</em></strong></span> <span class='ocrx_word' id='word_1_478' title='bbox 911 1873 1004 1904; x_wconf 87' lang='lat' dir='ltr'><strong><em>partes</em></strong></span> <span class='ocrx_word' id='word_1_479' title='bbox 1021 1867 1124 1902; x_wconf 85' lang='lat' dir='ltr'><strong><em>possit,</em></strong></span> <span class='ocrx_word' id='word_1_480' title='bbox 1141 1866 1167 1892; x_wconf 90' lang='lat' dir='ltr'><strong><em>id</em></strong></span> <span class='ocrx_word' id='word_1_481' title='bbox 1183 1870 1242 1898; x_wconf 87' lang='lat' dir='ltr'><strong><em>cst,</em></strong></span> <span class='ocrx_word' id='word_1_482' title='bbox 1267 1865 1293 1891; x_wconf 92' lang='lat' dir='ltr'><strong><em>in</em></strong></span> <span class='ocrx_word' id='word_1_483' title='bbox 1307 1872 1355 1892; x_wconf 86' lang='lat' dir='ltr'><strong><em>eos</em></strong></span> <span class='ocrx_word' id='word_1_484' title='bbox 1371 1864 1418 1899; x_wconf 91' lang='lat' dir='ltr'><strong><em>qui</em></strong></span> <span class='ocrx_word' id='word_1_485' title='bbox 1440 1864 1561 1891; x_wconf 84' lang='lat' dir='ltr'><strong><em>salvamli</em></strong></span> <span class='ocrx_word' id='word_1_486' title='bbox 1576 1868 1640 1891; x_wconf 83' lang='lat' dir='ltr'><strong><em>sunt</em></strong></span> <span class='ocrx_word' id='word_1_487' title='bbox 1651 1865 1697 1899; x_wconf 72' lang='lat' dir='ltr'><strong><em>ju»</em></strong></span> 
     </span>
    </p>
   </div>
   <div class='ocr_carea' id='block_1_43' title="bbox 85 1913 860 1950">
    <p class='ocr_par' dir='ltr' id='par_1_43' title="bbox 85 1913 860 1950">
     <span class='ocr_line' id='line_1_45' title="bbox 85 1913 860 1950; baseline 0.003 -10"><span class='ocrx_word' id='word_1_488' title='bbox 85 1921 258 1950; x_wconf 81' lang='lat' dir='ltr'><strong><em>rcsurgemus,</em></strong></span> <span class='ocrx_word' id='word_1_489' title='bbox 271 1919 302 1941; x_wconf 87' lang='lat' dir='ltr'><strong><em>ut</em></strong></span> <span class='ocrx_word' id='word_1_490' title='bbox 317 1918 346 1941; x_wconf 89' lang='lat' dir='ltr'><strong><em>et</em></strong></span> <span class='ocrx_word' id='word_1_491' title='bbox 358 1914 433 1949; x_wconf 88' lang='lat' dir='ltr'><strong><em>impii</em></strong></span> <span class='ocrx_word' id='word_1_492' title='bbox 450 1914 559 1941; x_wconf 84' lang='lat' dir='ltr'><strong><em>veniant</em></strong></span> <span class='ocrx_word' id='word_1_493' title='bbox 574 1913 600 1940; x_wconf 90' lang='lat' dir='ltr'><strong><em>in</em></strong></span> <span class='ocrx_word' id='word_1_494' title='bbox 617 1914 692 1940; x_wconf 76' lang='lat' dir='ltr'><strong><em>illiilli</em></strong></span> <span class='ocrx_word' id='word_1_495' title='bbox 710 1914 798 1941; x_wconf 91' lang='lat' dir='ltr'><strong><em>locum</em></strong></span> <span class='ocrx_word' id='word_1_496' title='bbox 814 1915 860 1942; x_wconf 84' lang='lat' dir='ltr'><strong><em>ubi</em></strong></span> 
     </span>
    </p>
   </div>
   <div class='ocr_carea' id='block_1_44' title="bbox 85 1959 862 1995">
    <p class='ocr_par' dir='ltr' id='par_1_44' title="bbox 85 1959 862 1995">
     <span class='ocr_line' id='line_1_46' title="bbox 85 1959 862 1995; baseline 0.001 -9"><span class='ocrx_word' id='word_1_497' title='bbox 85 1959 154 1987; x_wconf 80' lang='lat' dir='ltr'><strong><em>ﬂetus</em></strong></span> <span class='ocrx_word' id='word_1_498' title='bbox 168 1965 209 1988; x_wconf 82' lang='lat' dir='ltr'><strong><em>est</em></strong></span> <span class='ocrx_word' id='word_1_499' title='bbox 223 1966 250 1988; x_wconf 88' lang='lat' dir='ltr'><strong><em>et</em></strong></span> <span class='ocrx_word' id='word_1_500' title='bbox 266 1960 372 1988; x_wconf 80' lang='lat' dir='ltr'><strong><em>stridor</em></strong></span> <span class='ocrx_word' id='word_1_501' title='bbox 383 1960 504 1987; x_wconf 79' lang='lat' dir='ltr'><strong><em>dentium</em></strong></span> <span class='ocrx_word' id='word_1_502' title='bbox 516 1979 523 1991; x_wconf 89' lang='lat'><strong><em>,</em></strong></span> <span class='ocrx_word' id='word_1_503' title='bbox 540 1963 567 1986; x_wconf 87' lang='lat' dir='ltr'><strong><em>ct</em></strong></span> <span class='ocrx_word' id='word_1_504' title='bbox 581 1959 626 1986; x_wconf 88' lang='lat' dir='ltr'><strong><em>ubi</em></strong></span> <span class='ocrx_word' id='word_1_505' title='bbox 648 1959 715 1994; x_wconf 89' lang='lat' dir='ltr'><strong><em>justi</em></strong></span> <span class='ocrx_word' id='word_1_506' title='bbox 732 1960 862 1995; x_wconf 86' lang='lat' dir='ltr'><strong><em>recipient</em></strong></span> 
     </span>
    </p>
   </div>
   <div class='ocr_carea' id='block_1_45' title="bbox 86 2005 862 2041">
    <p class='ocr_par' dir='ltr' id='par_1_45' title="bbox 86 2005 862 2041">
     <span class='ocr_line' id='line_1_47' title="bbox 86 2005 862 2041; baseline 0.004 -11"><span class='ocrx_word' id='word_1_507' title='bbox 86 2007 264 2041; x_wconf 85' lang='lat' dir='ltr'><strong><em>unusquisque</em></strong></span> <span class='ocrx_word' id='word_1_508' title='bbox 279 2006 307 2033; x_wconf 90' lang='lat' dir='ltr'><strong><em>in</em></strong></span> <span class='ocrx_word' id='word_1_509' title='bbox 324 2013 375 2033; x_wconf 89' lang='lat' dir='ltr'><strong><em>suo</em></strong></span> <span class='ocrx_word' id='word_1_510' title='bbox 391 2005 486 2033; x_wconf 85' lang='lat' dir='ltr'><strong><em>ordine</em></strong></span> <span class='ocrx_word' id='word_1_511' title='bbox 502 2005 652 2033; x_wconf 85' lang='lat' dir='ltr'><strong><em>secundum</em></strong></span> <span class='ocrx_word' id='word_1_512' title='bbox 669 2005 794 2032; x_wconf 83' lang='lat' dir='ltr'><strong><em>meritum</em></strong></span> <span class='ocrx_word' id='word_1_513' title='bbox 817 2005 862 2033; x_wconf 92' lang='lat' dir='ltr'><strong><em>bo-</em></strong></span> 
     </span>
    </p>
   </div>
   <div class='ocr_carea' id='block_1_46' title="bbox 86 2050 862 2087">
    <p class='ocr_par' dir='ltr' id='par_1_46' title="bbox 86 2050 862 2087">
     <span class='ocr_line' id='line_1_48' title="bbox 86 2050 862 2087; baseline 0.001 -10"><span class='ocrx_word' id='word_1_514' title='bbox 86 2058 172 2078; x_wconf 90' lang='lat' dir='ltr'><strong><em>norum</em></strong></span> <span class='ocrx_word' id='word_1_515' title='bbox 197 2057 340 2087; x_wconf 79' lang='lat' dir='ltr'><strong><em>gestorum</em></strong></span> <span class='ocrx_word' id='word_1_516' title='bbox 368 2059 504 2084; x_wconf 81' lang='lat' dir='ltr'><strong><em>suorum,</em></strong></span> <span class='ocrx_word' id='word_1_517' title='bbox 526 2059 587 2078; x_wconf 91' lang='lat' dir='ltr'><strong><em>cum</em></strong></span> <span class='ocrx_word' id='word_1_518' title='bbox 622 2050 862 2079; x_wconf 80' lang='lat' dir='ltr'><strong><em>transformabitur</em></strong></span> 
     </span>
    </p>
   </div>
   <div class='ocr_carea' id='block_1_47' title="bbox 85 2096 863 2131">
    <p class='ocr_par' dir='ltr' id='par_1_47' title="bbox 85 2096 863 2131">
     <span class='ocr_line' id='line_1_49' title="bbox 85 2096 863 2131; baseline 0.001 -9"><span class='ocrx_word' id='word_1_519' title='bbox 85 2103 175 2130; x_wconf 83' lang='lat' dir='ltr'><strong><em>corpus</em></strong></span> <span class='ocrx_word' id='word_1_520' title='bbox 187 2097 352 2124; x_wconf 86' lang='lat' dir='ltr'><strong><em>humilitatis</em></strong></span> <span class='ocrx_word' id='word_1_521' title='bbox 365 2104 470 2128; x_wconf 82' lang='lat' dir='ltr'><strong><em>eorum.</em></strong></span> <span class='ocrx_word' id='word_1_522' title='bbox 490 2101 519 2122; x_wconf 93' lang='lat' dir='ltr'><strong><em>ut</em></strong></span> <span class='ocrx_word' id='word_1_523' title='bbox 534 2097 569 2124; x_wconf 90' lang='lat' dir='ltr'><strong><em>sit</em></strong></span> <span class='ocrx_word' id='word_1_524' title='bbox 583 2096 725 2124; x_wconf 88' lang='lat' dir='ltr'><strong><em>conl&#39;orme</em></strong></span> <span class='ocrx_word' id='word_1_525' title='bbox 740 2097 863 2131; x_wconf 85' lang='lat' dir='ltr'><strong><em>corporis</em></strong></span> 
     </span>
    </p>
   </div>
   <div class='ocr_carea' id='block_1_48' title="bbox 85 2141 862 2177">
    <p class='ocr_par' dir='ltr' id='par_1_48' title="bbox 85 2141 862 2177">
     <span class='ocr_line' id='line_1_50' title="bbox 85 2141 862 2177; baseline 0.001 -9"><span class='ocrx_word' id='word_1_526' title='bbox 85 2141 167 2175; x_wconf 77' lang='lat' dir='ltr'><strong><em>gloria:</em></strong></span> <span class='ocrx_word' id='word_1_527' title='bbox 191 2142 313 2176; x_wconf 80' lang='lat' dir='ltr'><strong><em>Christi;</em></strong></span> <span class='ocrx_word' id='word_1_528' title='bbox 341 2143 413 2177; x_wconf 87' lang='lat' dir='ltr'><strong><em>quod</em></strong></span> <span class='ocrx_word' id='word_1_529' title='bbox 439 2142 602 2169; x_wconf 88' lang='lat' dir='ltr'><strong><em>seminatum</em></strong></span> <span class='ocrx_word' id='word_1_530' title='bbox 626 2142 736 2177; x_wconf 79' lang='lat' dir='ltr'><strong><em>quidem</em></strong></span> <span class='ocrx_word' id='word_1_531' title='bbox 759 2149 801 2169; x_wconf 82' lang='lat' dir='ltr'><strong><em>est</em></strong></span> <span class='ocrx_word' id='word_1_532' title='bbox 835 2142 862 2169; x_wconf 90' lang='lat' dir='ltr'><strong><em>in</em></strong></span> 
     </span>
    </p>
   </div>
   <div class='ocr_carea' id='block_1_49' title="bbox 86 2188 863 2223">
    <p class='ocr_par' dir='ltr' id='par_1_49' title="bbox 86 2188 863 2223">
     <span class='ocr_line' id='line_1_51' title="bbox 86 2188 863 2223; baseline 0.004 -11"><span class='ocrx_word' id='word_1_533' title='bbox 86 2188 265 2222; x_wconf 81' lang='lat' dir='ltr'><strong><em>corruptione,</em></strong></span> <span class='ocrx_word' id='word_1_534' title='bbox 293 2193 388 2223; x_wconf 73' lang='lat' dir='ltr'><strong><em>surget</em></strong></span> <span class='ocrx_word' id='word_1_535' title='bbox 406 2195 469 2215; x_wconf 81' lang='lat' dir='ltr'><strong><em>vero</em></strong></span> <span class='ocrx_word' id='word_1_536' title='bbox 493 2188 520 2214; x_wconf 89' lang='lat' dir='ltr'><strong><em>in</em></strong></span> <span class='ocrx_word' id='word_1_537' title='bbox 544 2188 766 2223; x_wconf 78' lang='lat' dir='ltr'><strong><em>incorruptione;</em></strong></span> <span class='ocrx_word' id='word_1_538' title='bbox 790 2188 863 2223; x_wconf 90' lang='lat' dir='ltr'><strong><em>quod</em></strong></span> 
     </span>
    </p>
   </div>
   <div class='ocr_carea' id='block_1_50' title="bbox 86 2232 863 2268">
    <p class='ocr_par' dir='ltr' id='par_1_50' title="bbox 86 2232 863 2268">
     <span class='ocr_line' id='line_1_52' title="bbox 86 2232 863 2268; baseline 0.005 -11"><span class='ocrx_word' id='word_1_539' title='bbox 86 2232 239 2260; x_wconf 82' lang='lat' dir='ltr'><strong><em>seminatum</em></strong></span> <span class='ocrx_word' id='word_1_540' title='bbox 254 2238 299 2261; x_wconf 84' lang='lat' dir='ltr'><strong><em>est</em></strong></span> <span class='ocrx_word' id='word_1_541' title='bbox 311 2234 339 2260; x_wconf 93' lang='lat' dir='ltr'><strong><em>in</em></strong></span> <span class='ocrx_word' id='word_1_542' title='bbox 355 2233 514 2268; x_wconf 81' lang='lat' dir='ltr'><strong><em>ignominia,</em></strong></span> <span class='ocrx_word' id='word_1_543' title='bbox 525 2239 617 2268; x_wconf 81' lang='lat' dir='ltr'><strong><em>surget</em></strong></span> <span class='ocrx_word' id='word_1_544' title='bbox 629 2233 655 2260; x_wconf 94' lang='lat' dir='ltr'><strong><em>in</em></strong></span> <span class='ocrx_word' id='word_1_545' title='bbox 672 2234 774 2267; x_wconf 81' lang='lat' dir='ltr'><strong><em>gloria;</em></strong></span> <span class='ocrx_word' id='word_1_546' title='bbox 791 2234 863 2268; x_wconf 79' lang='lat' dir='ltr'><strong><em>quod</em></strong></span> 
     </span>
    </p>
   </div>
   <div class='ocr_carea' id='block_1_51' title="bbox 86 2278 865 2314">
    <p class='ocr_par' dir='ltr' id='par_1_51' title="bbox 86 2278 865 2314">
     <span class='ocr_line' id='line_1_53' title="bbox 86 2278 865 2314; baseline 0.006 -11"><span class='ocrx_word' id='word_1_547' title='bbox 86 2278 237 2306; x_wconf 79' lang='lat' dir='ltr'><strong><em>scminatum</em></strong></span> <span class='ocrx_word' id='word_1_548' title='bbox 254 2285 297 2307; x_wconf 88' lang='lat' dir='ltr'><strong><em>est</em></strong></span> <span class='ocrx_word' id='word_1_549' title='bbox 313 2280 341 2306; x_wconf 92' lang='lat' dir='ltr'><strong><em>in</em></strong></span> <span class='ocrx_word' id='word_1_550' title='bbox 358 2279 524 2312; x_wconf 79' lang='lat' dir='ltr'><strong><em>infirmitate,</em></strong></span> <span class='ocrx_word' id='word_1_551' title='bbox 542 2283 634 2314; x_wconf 78' lang='lat' dir='ltr'><strong><em>surget</em></strong></span> <span class='ocrx_word' id='word_1_552' title='bbox 651 2279 677 2306; x_wconf 90' lang='lat' dir='ltr'><strong><em>in</em></strong></span> <span class='ocrx_word' id='word_1_553' title='bbox 696 2279 805 2312; x_wconf 78' lang='lat' dir='ltr'><strong><em>virtute,</em></strong></span> <span class='ocrx_word' id='word_1_554' title='bbox 822 2288 865 2308; x_wconf 82' lang='lat' dir='ltr'><strong><em>re-</em></strong></span> 
     </span>
    </p>
   </div>
   <div class='ocr_carea' id='block_1_52' title="bbox 87 2324 862 2363">
    <p class='ocr_par' dir='ltr' id='par_1_52' title="bbox 87 2324 862 2363">
     <span class='ocr_line' id='line_1_54' title="bbox 87 2324 862 2363; baseline 0.005 -16"><span class='ocrx_word' id='word_1_555' title='bbox 87 2324 253 2363; x_wconf 77' lang='lat' dir='ltr'><strong><em>surrectionis</em></strong></span> <span class='ocrx_word' id='word_1_556' title='bbox 270 2324 378 2352; x_wconf 85' lang='lat' dir='ltr'><strong><em>scilicet</em></strong></span> <span class='ocrx_word' id='word_1_557' title='bbox 401 2329 538 2358; x_wconf 82' lang='lat' dir='ltr'><strong><em>tempore;</em></strong></span> <span class='ocrx_word' id='word_1_558' title='bbox 562 2329 589 2351; x_wconf 80' lang='lat' dir='ltr'><strong><em>et</em></strong></span> <span class='ocrx_word' id='word_1_559' title='bbox 607 2324 680 2359; x_wconf 88' lang='lat' dir='ltr'><strong><em>quod</em></strong></span> <span class='ocrx_word' id='word_1_560' title='bbox 698 2324 862 2351; x_wconf 81' lang='lat' dir='ltr'><strong><em>seminatum</em></strong></span> 
     </span>
    </p>
   </div>
   <div class='ocr_carea' id='block_1_53' title="bbox 87 2369 862 2404">
    <p class='ocr_par' dir='ltr' id='par_1_53' title="bbox 87 2369 862 2404">
     <span class='ocr_line' id='line_1_55' title="bbox 87 2369 862 2404; baseline 0.003 -10"><span class='ocrx_word' id='word_1_561' title='bbox 87 2371 124 2394; x_wconf 81' lang='lat' dir='ltr'><strong><em>est</em></strong></span> <span class='ocrx_word' id='word_1_562' title='bbox 134 2376 229 2404; x_wconf 79' lang='lat' dir='ltr'><strong><em>corpus</em></strong></span> <span class='ocrx_word' id='word_1_563' title='bbox 243 2369 374 2400; x_wconf 85' lang='lat' dir='ltr'><strong><em>animale.</em></strong></span> <span class='ocrx_word' id='word_1_564' title='bbox 383 2374 474 2404; x_wconf 73' lang='lat' dir='ltr'><strong><em>surget</em></strong></span> <span class='ocrx_word' id='word_1_565' title='bbox 488 2375 578 2396; x_wconf 84' lang='lat' dir='ltr'><strong><em>autem</em></strong></span> <span class='ocrx_word' id='word_1_566' title='bbox 592 2377 691 2404; x_wconf 91' lang='lat' dir='ltr'><strong><em>corpus</em></strong></span> <span class='ocrx_word' id='word_1_567' title='bbox 701 2369 862 2404; x_wconf 81' lang='lat' dir='ltr'><strong><em>spiritale&quot;.</em></strong></span> 
     </span>
    </p>
   </div>
   <div class='ocr_carea' id='block_1_54' title="bbox 88 2410 864 2449">
    <p class='ocr_par' dir='ltr' id='par_1_54' title="bbox 88 2410 864 2449">
     <span class='ocr_line' id='line_1_56' title="bbox 88 2410 864 2449; baseline 0.004 -11"><span class='ocrx_word' id='word_1_568' title='bbox 88 2410 154 2439; x_wconf 84' lang='lat' dir='ltr'><strong><em>Licet</em></strong></span> <span class='ocrx_word' id='word_1_569' title='bbox 164 2422 227 2449; x_wconf 75' lang='lat' dir='ltr'><strong><em>ergo</em></strong></span> <span class='ocrx_word' id='word_1_570' title='bbox 242 2422 342 2442; x_wconf 85' lang='lat' dir='ltr'><strong><em>omnes</em></strong></span> <span class='ocrx_word' id='word_1_571' title='bbox 358 2420 509 2449; x_wconf 76' lang='lat' dir='ltr'><strong><em>resurgant,</em></strong></span> <span class='ocrx_word' id='word_1_572' title='bbox 527 2419 553 2442; x_wconf 89' lang='lat' dir='ltr'><strong><em>et</em></strong></span> <span class='ocrx_word' id='word_1_573' title='bbox 571 2416 760 2449; x_wconf 85' lang='lat' dir='ltr'><strong><em>unusquisque</em></strong></span> <span class='ocrx_word' id='word_1_574' title='bbox 774 2415 800 2441; x_wconf 85' lang='lat' dir='ltr'><strong><em>in</em></strong></span> <span class='ocrx_word' id='word_1_575' title='bbox 813 2422 864 2442; x_wconf 87' lang='lat' dir='ltr'><strong><em>suo</em></strong></span> 
     </span>
    </p>
   </div>
   <div class='ocr_carea' id='block_1_55' title="bbox 87 2457 865 2495">
    <p class='ocr_par' dir='ltr' id='par_1_55' title="bbox 87 2457 865 2495">
     <span class='ocr_line' id='line_1_57' title="bbox 87 2457 865 2495; baseline 0.006 -12"><span class='ocrx_word' id='word_1_576' title='bbox 87 2457 172 2486; x_wconf 84' lang='lat' dir='ltr'><strong><em>ordine</em></strong></span> <span class='ocrx_word' id='word_1_577' title='bbox 186 2464 323 2495; x_wconf 77' lang='lat' dir='ltr'><strong><em>resurgat.</em></strong></span> <span class='ocrx_word' id='word_1_578' title='bbox 340 2461 566 2487; x_wconf 75' lang='lat' dir='ltr'><strong><em>considerandum</em></strong></span> <span class='ocrx_word' id='word_1_579' title='bbox 587 2465 629 2487; x_wconf 88' lang='lat' dir='ltr'><strong><em>cst</em></strong></span> <span class='ocrx_word' id='word_1_580' title='bbox 650 2465 739 2487; x_wconf 86' lang='lat' dir='ltr'><strong><em>tamen</em></strong></span> <span class='ocrx_word' id='word_1_581' title='bbox 755 2465 865 2495; x_wconf 84' lang='lat' dir='ltr'><strong><em>propter</em></strong></span> 
     </span>
    </p>
   </div>
   <div class='ocr_carea' id='block_1_56' title="bbox 87 2502 863 2541">
    <p class='ocr_par' dir='ltr' id='par_1_56' title="bbox 87 2502 863 2541">
     <span class='ocr_line' id='line_1_58' title="bbox 87 2502 863 2541; baseline 0.006 -13"><span class='ocrx_word' id='word_1_582' title='bbox 87 2502 154 2531; x_wconf 88' lang='lat' dir='ltr'><strong><em>illum</em></strong></span> <span class='ocrx_word' id='word_1_583' title='bbox 168 2513 323 2534; x_wconf 85' lang='lat' dir='ltr'><strong><em>sermonem</em></strong></span> <span class='ocrx_word' id='word_1_584' title='bbox 337 2506 450 2534; x_wconf 85' lang='lat' dir='ltr'><strong><em>Joannis</em></strong></span> <span class='ocrx_word' id='word_1_585' title='bbox 461 2528 469 2539; x_wconf 88' lang='lat'><strong><em>,</em></strong></span> <span class='ocrx_word' id='word_1_586' title='bbox 484 2514 564 2541; x_wconf 83' lang='lat' dir='ltr'><strong><em>quem</em></strong></span> <span class='ocrx_word' id='word_1_587' title='bbox 583 2507 608 2533; x_wconf 89' lang='lat' dir='ltr'><strong><em>in</em></strong></span> <span class='ocrx_word' id='word_1_588' title='bbox 627 2505 800 2533; x_wconf 78' lang='lat' dir='ltr'><strong><em>Rcvelatione</em></strong></span> <span class='ocrx_word' id='word_1_589' title='bbox 815 2514 863 2533; x_wconf 88' lang='lat' dir='ltr'><strong><em>sua</em></strong></span> 
     </span>
    </p>
   </div>
   <div class='ocr_carea' id='block_1_57' title="bbox 913 1910 1699 1946">
    <p class='ocr_par' dir='ltr' id='par_1_57' title="bbox 913 1910 1699 1946">
     <span class='ocr_line' id='line_1_59' title="bbox 913 1910 1699 1946; baseline -0.008 -4"><span class='ocrx_word' id='word_1_590' title='bbox 913 1919 970 1942; x_wconf 88' lang='lat' dir='ltr'><strong><em>stos</em></strong></span> <span class='ocrx_word' id='word_1_591' title='bbox 982 1933 990 1946; x_wconf 82' lang='lat'><strong><em>,</em></strong></span> <span class='ocrx_word' id='word_1_592' title='bbox 1016 1919 1042 1940; x_wconf 86' lang='lat' dir='ltr'><strong><em>et</em></strong></span> <span class='ocrx_word' id='word_1_593' title='bbox 1063 1920 1110 1939; x_wconf 85' lang='lat' dir='ltr'><strong><em>eos</em></strong></span> <span class='ocrx_word' id='word_1_594' title='bbox 1129 1912 1174 1946; x_wconf 88' lang='lat' dir='ltr'><strong><em>qui</em></strong></span> <span class='ocrx_word' id='word_1_595' title='bbox 1191 1910 1331 1938; x_wconf 83' lang='lat' dir='ltr'><strong><em>cruciandi</em></strong></span> <span class='ocrx_word' id='word_1_596' title='bbox 1347 1913 1409 1936; x_wconf 88' lang='lat' dir='ltr'><strong><em>sunt</em></strong></span> <span class='ocrx_word' id='word_1_597' title='bbox 1425 1914 1597 1943; x_wconf 79' lang='lat' dir='ltr'><strong><em>peccatores;</em></strong></span> <span class='ocrx_word' id='word_1_598' title='bbox 1616 1914 1645 1936; x_wconf 89' lang='lat' dir='ltr'><strong><em>ut</em></strong></span> <span class='ocrx_word' id='word_1_599' title='bbox 1664 1910 1699 1936; x_wconf 87' lang='lat' dir='ltr'><strong><em>sit</em></strong></span> 
     </span>
    </p>
   </div>
   <div class='ocr_carea' id='block_1_58' title="bbox 914 1955 1698 1994">
    <p class='ocr_par' dir='ltr' id='par_1_58' title="bbox 914 1955 1698 1994">
     <span class='ocr_line' id='line_1_60' title="bbox 914 1955 1698 1994; baseline -0.01 -6"><span class='ocrx_word' id='word_1_600' title='bbox 914 1968 967 1988; x_wconf 85' lang='lat' dir='ltr'><strong><em>una</em></strong></span> <span class='ocrx_word' id='word_1_601' title='bbox 980 1959 1088 1994; x_wconf 77' lang='lat' dir='ltr'><strong><em>quidem</em></strong></span> <span class='ocrx_word' id='word_1_602' title='bbox 1103 1959 1249 1989; x_wconf 85' lang='lat' dir='ltr'><strong><em>bonorum,</em></strong></span> <span class='ocrx_word' id='word_1_603' title='bbox 1264 1963 1324 1990; x_wconf 74' lang='lat' dir='ltr'><strong><em>qua:</em></strong></span> <span class='ocrx_word' id='word_1_604' title='bbox 1338 1955 1438 1982; x_wconf 76' lang='lat' dir='ltr'><strong><em>dicitur</em></strong></span> <span class='ocrx_word' id='word_1_605' title='bbox 1456 1956 1560 1989; x_wconf 77' lang='lat' dir='ltr'><strong><em>prima;</em></strong></span> <span class='ocrx_word' id='word_1_606' title='bbox 1574 1955 1618 1981; x_wconf 81' lang='lat' dir='ltr'><strong><em>illa</em></strong></span> <span class='ocrx_word' id='word_1_607' title='bbox 1634 1963 1698 1982; x_wconf 80' lang='lat' dir='ltr'><strong><em>vero</em></strong></span> 
     </span>
    </p>
   </div>
   <div class='ocr_carea' id='block_1_59' title="bbox 913 1999 1698 2040">
    <p class='ocr_par' dir='ltr' id='par_1_59' title="bbox 913 1999 1698 2040">
     <span class='ocr_line' id='line_1_61' title="bbox 913 1999 1698 2040; baseline -0.009 -8"><span class='ocrx_word' id='word_1_608' title='bbox 913 2012 974 2040; x_wconf 66' lang='lat' dir='ltr'><strong><em>qua:</em></strong></span> <span class='ocrx_word' id='word_1_609' title='bbox 987 2009 1030 2031; x_wconf 85' lang='lat' dir='ltr'><strong><em>cst</em></strong></span> <span class='ocrx_word' id='word_1_610' title='bbox 1042 2003 1216 2034; x_wconf 85' lang='lat' dir='ltr'><strong><em>miserorum,</em></strong></span> <span class='ocrx_word' id='word_1_611' title='bbox 1232 1999 1350 2027; x_wconf 80' lang='lat' dir='ltr'><strong><em>secunda</em></strong></span> <span class='ocrx_word' id='word_1_612' title='bbox 1368 1999 1491 2032; x_wconf 88' lang='lat' dir='ltr'><strong><em>dicatur;</em></strong></span> <span class='ocrx_word' id='word_1_613' title='bbox 1506 2003 1531 2026; x_wconf 81' lang='lat' dir='ltr'><strong><em>cl</em></strong></span> <span class='ocrx_word' id='word_1_614' title='bbox 1550 1999 1622 2026; x_wconf 80' lang='lat' dir='ltr'><strong><em>illam</em></strong></span> <span class='ocrx_word' id='word_1_615' title='bbox 1637 2000 1698 2033; x_wconf 71' lang='lat' dir='ltr'><strong><em>quil</em></strong></span> 
     </span>
    </p>
   </div>
   <div class='ocr_carea' id='block_1_60' title="bbox 913 2045 1698 2080">
    <p class='ocr_par' dir='ltr' id='par_1_60' title="bbox 913 2045 1698 2080">
     <span class='ocr_line' id='line_1_62' title="bbox 913 2045 1698 2080; baseline -0.009 -3"><span class='ocrx_word' id='word_1_616' title='bbox 913 2051 974 2078; x_wconf 85' lang='lat' dir='ltr'><strong><em>dem</em></strong></span> <span class='ocrx_word' id='word_1_617' title='bbox 1000 2050 1026 2076; x_wconf 88' lang='lat' dir='ltr'><strong><em>in</em></strong></span> <span class='ocrx_word' id='word_1_618' title='bbox 1044 2048 1170 2075; x_wconf 85' lang='lat' dir='ltr'><strong><em>omnibus</em></strong></span> <span class='ocrx_word' id='word_1_619' title='bbox 1191 2054 1251 2074; x_wconf 78' lang='lat' dir='ltr'><strong><em>csse</em></strong></span> <span class='ocrx_word' id='word_1_620' title='bbox 1266 2052 1362 2080; x_wconf 84' lang='lat' dir='ltr'><strong><em>puram</em></strong></span> <span class='ocrx_word' id='word_1_621' title='bbox 1373 2065 1381 2078; x_wconf 87' lang='lat'><strong><em>,</em></strong></span> <span class='ocrx_word' id='word_1_622' title='bbox 1395 2045 1526 2077; x_wconf 82' lang='lat' dir='ltr'><strong><em>hilarem,</em></strong></span> <span class='ocrx_word' id='word_1_623' title='bbox 1545 2046 1627 2072; x_wconf 83' lang='lat' dir='ltr'><strong><em>totius</em></strong></span> <span class='ocrx_word' id='word_1_624' title='bbox 1640 2045 1698 2079; x_wconf 84' lang='lat' dir='ltr'><strong><em>plc-</em></strong></span> 
     </span>
    </p>
   </div>
   <div class='ocr_carea' id='block_1_61' title="bbox 914 2091 1698 2128">
    <p class='ocr_par' dir='ltr' id='par_1_61' title="bbox 914 2091 1698 2128">
     <span class='ocr_line' id='line_1_63' title="bbox 914 2091 1698 2128; baseline -0.005 -6"><span class='ocrx_word' id='word_1_625' title='bbox 914 2103 976 2123; x_wconf 84' lang='lat' dir='ltr'><strong><em>nam</em></strong></span> <span class='ocrx_word' id='word_1_626' title='bbox 988 2094 1105 2128; x_wconf 69' lang='lat' dir='ltr'><strong><em>hntit&#39;ne;</em></strong></span> <span class='ocrx_word' id='word_1_627' title='bbox 1122 2093 1195 2119; x_wconf 86' lang='lat' dir='ltr'><strong><em>illam</em></strong></span> <span class='ocrx_word' id='word_1_628' title='bbox 1210 2099 1273 2118; x_wconf 71' lang='lat' dir='ltr'><strong><em>vero</em></strong></span> <span class='ocrx_word' id='word_1_629' title='bbox 1289 2091 1400 2118; x_wconf 84' lang='lat' dir='ltr'><strong><em>alteram</em></strong></span> <span class='ocrx_word' id='word_1_630' title='bbox 1416 2095 1497 2117; x_wconf 84' lang='lat' dir='ltr'><strong><em>totam</em></strong></span> <span class='ocrx_word' id='word_1_631' title='bbox 1513 2091 1616 2117; x_wconf 81' lang='lat' dir='ltr'><strong><em>tristem</em></strong></span> <span class='ocrx_word' id='word_1_632' title='bbox 1630 2111 1637 2122; x_wconf 83' lang='lat'><strong><em>,</em></strong></span> <span class='ocrx_word' id='word_1_633' title='bbox 1656 2095 1698 2118; x_wconf 89' lang='lat' dir='ltr'><strong><em>lo-</em></strong></span> 
     </span>
    </p>
   </div>
   <div class='ocr_carea' id='block_1_62' title="bbox 914 2135 1701 2173">
    <p class='ocr_par' dir='ltr' id='par_1_62' title="bbox 914 2135 1701 2173">
     <span class='ocr_line' id='line_1_64' title="bbox 914 2135 1701 2173; baseline -0.009 -5"><span class='ocrx_word' id='word_1_634' title='bbox 914 2145 969 2168; x_wconf 83' lang='lat' dir='ltr'><strong><em>tam</em></strong></span> <span class='ocrx_word' id='word_1_635' title='bbox 988 2140 1114 2167; x_wconf 72' lang='lat' dir='ltr'><strong><em>mmroris</em></strong></span> <span class='ocrx_word' id='word_1_636' title='bbox 1131 2139 1248 2173; x_wconf 75' lang='lat' dir='ltr'><strong><em>plenam,</em></strong></span> <span class='ocrx_word' id='word_1_637' title='bbox 1269 2142 1295 2164; x_wconf 87' lang='lat' dir='ltr'><strong><em>ct</em></strong></span> <span class='ocrx_word' id='word_1_638' title='bbox 1311 2137 1417 2164; x_wconf 83' lang='lat' dir='ltr'><strong><em>actibus</em></strong></span> <span class='ocrx_word' id='word_1_639' title='bbox 1430 2145 1462 2163; x_wconf 86' lang='lat' dir='ltr'><strong><em>ac</em></strong></span> <span class='ocrx_word' id='word_1_640' title='bbox 1475 2136 1528 2162; x_wconf 88' lang='lat' dir='ltr'><strong><em>vita</em></strong></span> <span class='ocrx_word' id='word_1_641' title='bbox 1541 2143 1636 2162; x_wconf 85' lang='lat' dir='ltr'><strong><em>corum</em></strong></span> <span class='ocrx_word' id='word_1_642' title='bbox 1658 2135 1701 2161; x_wconf 90' lang='lat' dir='ltr'><strong><em>di-</em></strong></span> 
     </span>
    </p>
   </div>
   <div class='ocr_carea' id='block_1_63' title="bbox 914 2182 1700 2221">
    <p class='ocr_par' dir='ltr' id='par_1_63' title="bbox 914 2182 1700 2221">
     <span class='ocr_line' id='line_1_65' title="bbox 914 2182 1700 2221; baseline -0.006 -9"><span class='ocrx_word' id='word_1_643' title='bbox 914 2194 993 2221; x_wconf 72' lang='lat' dir='ltr'><strong><em>gnam</em></strong></span> <span class='ocrx_word' id='word_1_644' title='bbox 1010 2185 1055 2220; x_wconf 93' lang='lat' dir='ltr'><strong><em>qui</em></strong></span> <span class='ocrx_word' id='word_1_645' title='bbox 1070 2185 1096 2211; x_wconf 87' lang='lat' dir='ltr'><strong><em>in</em></strong></span> <span class='ocrx_word' id='word_1_646' title='bbox 1114 2184 1240 2218; x_wconf 64' lang='lat' dir='ltr'><strong><em>prmscnti</em></strong></span> <span class='ocrx_word' id='word_1_647' title='bbox 1255 2183 1310 2210; x_wconf 80' lang='lat' dir='ltr'><strong><em>vita</em></strong></span> <span class='ocrx_word' id='word_1_648' title='bbox 1327 2183 1375 2210; x_wconf 80' lang='lat' dir='ltr'><strong><em>Dci</em></strong></span> <span class='ocrx_word' id='word_1_649' title='bbox 1391 2182 1519 2210; x_wconf 81' lang='lat' dir='ltr'><strong><em>mandatu</em></strong></span> <span class='ocrx_word' id='word_1_650' title='bbox 1532 2186 1700 2215; x_wconf 78' lang='lat' dir='ltr'><strong><em>contempse-</em></strong></span> 
     </span>
    </p>
   </div>
   <div class='ocr_carea' id='block_1_64' title="bbox 915 2227 1702 2265">
    <p class='ocr_par' dir='ltr' id='par_1_64' title="bbox 915 2227 1702 2265">
     <span class='ocr_line' id='line_1_66' title="bbox 915 2227 1702 2265; baseline -0.008 -7"><span class='ocrx_word' id='word_1_651' title='bbox 915 2235 995 2263; x_wconf 85' lang='lat' dir='ltr'><strong><em>runt,</em></strong></span> <span class='ocrx_word' id='word_1_652' title='bbox 1020 2235 1047 2258; x_wconf 86' lang='lat' dir='ltr'><strong><em>et</em></strong></span> <span class='ocrx_word' id='word_1_653' title='bbox 1068 2229 1163 2265; x_wconf 83' lang='lat' dir='ltr'><strong><em>judicii</em></strong></span> <span class='ocrx_word' id='word_1_654' title='bbox 1189 2229 1249 2263; x_wconf 66' lang='lat' dir='ltr'><strong><em>ejus</em></strong></span> <span class='ocrx_word' id='word_1_655' title='bbox 1273 2229 1369 2256; x_wconf 80' lang='lat' dir='ltr'><strong><em>timore</em></strong></span> <span class='ocrx_word' id='word_1_656' title='bbox 1396 2228 1516 2262; x_wconf 77' lang='lat' dir='ltr'><strong><em>neglecto</em></strong></span> <span class='ocrx_word' id='word_1_657' title='bbox 1539 2227 1702 2260; x_wconf 73' lang='lat' dir='ltr'><strong><em>semetipsos</em></strong></span> 
     </span>
    </p>
   </div>
   <div class='ocr_carea' id='block_1_65' title="bbox 915 2273 1701 2311">
    <p class='ocr_par' dir='ltr' id='par_1_65' title="bbox 915 2273 1701 2311">
     <span class='ocr_line' id='line_1_67' title="bbox 915 2273 1701 2311; baseline -0.009 -6"><span class='ocrx_word' id='word_1_658' title='bbox 915 2278 1084 2305; x_wconf 83' lang='lat' dir='ltr'><strong><em>tradiderunt</em></strong></span> <span class='ocrx_word' id='word_1_659' title='bbox 1106 2277 1132 2304; x_wconf 90' lang='lat' dir='ltr'><strong><em>in</em></strong></span> <span class='ocrx_word' id='word_1_660' title='bbox 1156 2276 1340 2311; x_wconf 82' lang='lat' dir='ltr'><strong><em>operationem</em></strong></span> <span class='ocrx_word' id='word_1_661' title='bbox 1365 2275 1447 2302; x_wconf 88' lang='lat' dir='ltr'><strong><em>totius</em></strong></span> <span class='ocrx_word' id='word_1_662' title='bbox 1471 2273 1649 2300; x_wconf 78' lang='lat' dir='ltr'><strong><em>innmlnditia:</em></strong></span> <span class='ocrx_word' id='word_1_663' title='bbox 1673 2277 1701 2299; x_wconf 82' lang='lat' dir='ltr'><strong><em>et.</em></strong></span> 
     </span>
    </p>
   </div>
   <div class='ocr_carea' id='block_1_66' title="bbox 915 2318 1701 2356">
    <p class='ocr_par' dir='ltr' id='par_1_66' title="bbox 915 2318 1701 2356">
     <span class='ocr_line' id='line_1_68' title="bbox 915 2318 1701 2356; baseline -0.009 -6"><span class='ocrx_word' id='word_1_664' title='bbox 915 2323 1045 2355; x_wconf 65' lang='lat' dir='ltr'><strong><em>avaritiae,</em></strong></span> <span class='ocrx_word' id='word_1_665' title='bbox 1061 2330 1110 2349; x_wconf 86' lang='lat' dir='ltr'><strong><em>nec</em></strong></span> <span class='ocrx_word' id='word_1_666' title='bbox 1125 2330 1154 2349; x_wconf 87' lang='lat' dir='ltr'><strong><em>sc</em></strong></span> <span class='ocrx_word' id='word_1_667' title='bbox 1171 2328 1322 2356; x_wconf 76' lang='lat' dir='ltr'><strong><em>pra-parare</em></strong></span> <span class='ocrx_word' id='word_1_668' title='bbox 1339 2321 1428 2347; x_wconf 85' lang='lat' dir='ltr'><strong><em>conati</em></strong></span> <span class='ocrx_word' id='word_1_669' title='bbox 1443 2324 1517 2351; x_wconf 86' lang='lat' dir='ltr'><strong><em>sunt,</em></strong></span> <span class='ocrx_word' id='word_1_670' title='bbox 1534 2323 1563 2345; x_wconf 90' lang='lat' dir='ltr'><strong><em>ut</em></strong></span> <span class='ocrx_word' id='word_1_671' title='bbox 1575 2318 1701 2344; x_wconf 77' lang='lat' dir='ltr'><strong><em>resistere</em></strong></span> 
     </span>
    </p>
   </div>
   <div class='ocr_carea' id='block_1_67' title="bbox 915 2363 1702 2402">
    <p class='ocr_par' dir='ltr' id='par_1_67' title="bbox 915 2363 1702 2402">
     <span class='ocr_line' id='line_1_69' title="bbox 915 2363 1702 2402; baseline -0.009 -6"><span class='ocrx_word' id='word_1_672' title='bbox 915 2367 1072 2396; x_wconf 80' lang='lat' dir='ltr'><strong><em>adversario</em></strong></span> <span class='ocrx_word' id='word_1_673' title='bbox 1086 2372 1196 2402; x_wconf 69' lang='lat' dir='ltr'><strong><em>possunt</em></strong></span> <span class='ocrx_word' id='word_1_674' title='bbox 1209 2366 1341 2393; x_wconf 78' lang='lat' dir='ltr'><strong><em>adversus</em></strong></span> <span class='ocrx_word' id='word_1_675' title='bbox 1355 2366 1506 2392; x_wconf 83' lang='lat' dir='ltr'><strong><em>contrarias</em></strong></span> <span class='ocrx_word' id='word_1_676' title='bbox 1519 2369 1599 2398; x_wconf 79' lang='lat' dir='ltr'><strong><em>atque</em></strong></span> <span class='ocrx_word' id='word_1_677' title='bbox 1613 2363 1702 2390; x_wconf 81' lang='lat' dir='ltr'><strong><em>inimi-</em></strong></span> 
     </span>
    </p>
   </div>
   <div class='ocr_carea' id='block_1_68' title="bbox 915 2410 1700 2448">
    <p class='ocr_par' dir='ltr' id='par_1_68' title="bbox 915 2410 1700 2448">
     <span class='ocr_line' id='line_1_70' title="bbox 915 2410 1700 2448; baseline -0.009 -6"><span class='ocrx_word' id='word_1_678' title='bbox 915 2422 962 2442; x_wconf 83' lang='lat' dir='ltr'><strong><em>cas</em></strong></span> <span class='ocrx_word' id='word_1_679' title='bbox 987 2415 1107 2441; x_wconf 88' lang='lat' dir='ltr'><strong><em>humano</em></strong></span> <span class='ocrx_word' id='word_1_680' title='bbox 1139 2412 1231 2448; x_wconf 58' lang='lat' dir='ltr'><strong><em>generi</em></strong></span> <span class='ocrx_word' id='word_1_681' title='bbox 1259 2416 1415 2446; x_wconf 81' lang='lat' dir='ltr'><strong><em>potestates.</em></strong></span> <span class='ocrx_word' id='word_1_682' title='bbox 1447 2410 1575 2444; x_wconf 66' lang='lat' dir='ltr'><strong><em>Su-pulcra</em></strong></span> <span class='ocrx_word' id='word_1_683' title='bbox 1608 2413 1700 2436; x_wconf 63' lang='lat' dir='ltr'><strong><em>autem</em></strong></span> 
     </span>
    </p>
   </div>
   <div class='ocr_carea' id='block_1_69' title="bbox 916 2455 1700 2488">
    <p class='ocr_par' dir='ltr' id='par_1_69' title="bbox 916 2455 1700 2488">
     <span class='ocr_line' id='line_1_71' title="bbox 916 2455 1700 2488; baseline -0.01 0"><span class='ocrx_word' id='word_1_684' title='bbox 916 2465 1086 2488; x_wconf 90' lang='lat' dir='ltr'><strong><em>mortuorum</em></strong></span> <span class='ocrx_word' id='word_1_685' title='bbox 1104 2460 1129 2486; x_wconf 90' lang='lat' dir='ltr'><strong><em>in</em></strong></span> <span class='ocrx_word' id='word_1_686' title='bbox 1144 2459 1195 2485; x_wconf 88' lang='lat' dir='ltr'><strong><em>hoc</em></strong></span> <span class='ocrx_word' id='word_1_687' title='bbox 1209 2458 1270 2485; x_wconf 90' lang='lat' dir='ltr'><strong><em>loco</em></strong></span> <span class='ocrx_word' id='word_1_688' title='bbox 1286 2458 1356 2485; x_wconf 88' lang='lat' dir='ltr'><strong><em>sicut</em></strong></span> <span class='ocrx_word' id='word_1_689' title='bbox 1375 2462 1401 2484; x_wconf 86' lang='lat' dir='ltr'><strong><em>ct</em></strong></span> <span class='ocrx_word' id='word_1_690' title='bbox 1417 2457 1442 2483; x_wconf 89' lang='lat' dir='ltr'><strong><em>in</em></strong></span> <span class='ocrx_word' id='word_1_691' title='bbox 1465 2456 1557 2482; x_wconf 79' lang='lat' dir='ltr'><strong><em>multis</em></strong></span> <span class='ocrx_word' id='word_1_692' title='bbox 1581 2455 1640 2482; x_wconf 85' lang='lat' dir='ltr'><strong><em>aliis</em></strong></span> <span class='ocrx_word' id='word_1_693' title='bbox 1656 2462 1700 2481; x_wconf 61' lang='lat' dir='ltr'><strong><em>se»-</em></strong></span> 
     </span>
    </p>
   </div>
   <div class='ocr_carea' id='block_1_70' title="bbox 916 2500 1701 2537">
    <p class='ocr_par' dir='ltr' id='par_1_70' title="bbox 916 2500 1701 2537">
     <span class='ocr_line' id='line_1_72' title="bbox 916 2500 1701 2537; baseline -0.01 -4"><span class='ocrx_word' id='word_1_694' title='bbox 916 2506 1034 2533; x_wconf 86' lang='lat' dir='ltr'><strong><em>cundum</em></strong></span> <span class='ocrx_word' id='word_1_695' title='bbox 1062 2504 1207 2532; x_wconf 76' lang='lat' dir='ltr'><strong><em>certiorem</em></strong></span> <span class='ocrx_word' id='word_1_696' title='bbox 1236 2503 1383 2537; x_wconf 69' lang='lat' dir='ltr'><strong><em>Scriptura:</em></strong></span> <span class='ocrx_word' id='word_1_697' title='bbox 1412 2509 1522 2528; x_wconf 81' lang='lat' dir='ltr'><strong><em>sensum</em></strong></span> <span class='ocrx_word' id='word_1_698' title='bbox 1546 2500 1701 2533; x_wconf 70' lang='lat' dir='ltr'><strong><em>act‘i[i0llli‘.l</em></strong></span> 
     </span>
    </p>
   </div>
   <div class='ocr_carea' id='block_1_71' title="bbox 86 2537 1700 2587">
    <p class='ocr_par' dir='ltr' id='par_1_71' title="bbox 86 2537 1700 2587">
     <span class='ocr_line' id='line_1_73' title="bbox 86 2537 1700 2587; baseline -0.003 -12"><span class='ocrx_word' id='word_1_699' title='bbox 86 2548 145 2576; x_wconf 86' lang='lat' dir='ltr'><strong><em>dicit</em></strong></span> <span class='ocrx_word' id='word_1_700' title='bbox 164 2559 170 2576; x_wconf 83' lang='lat'><strong>:</strong></span> <span class='ocrx_word' id='word_1_701' title='bbox 194 2551 294 2578; x_wconf 82' lang='lat' dir='ltr'><strong><em>Beatus</em></strong></span> <span class='ocrx_word' id='word_1_702' title='bbox 319 2553 364 2587; x_wconf 88' lang='lat' dir='ltr'><strong><em>qui</em></strong></span> <span class='ocrx_word' id='word_1_703' title='bbox 392 2552 468 2578; x_wconf 85' lang='lat' dir='ltr'><strong><em>habet</em></strong></span> <span class='ocrx_word' id='word_1_704' title='bbox 497 2557 598 2586; x_wconf 86' lang='lat' dir='ltr'><strong><em>partem</em></strong></span> <span class='ocrx_word' id='word_1_705' title='bbox 623 2552 649 2578; x_wconf 92' lang='lat' dir='ltr'><strong><em>in</em></strong></span> <span class='ocrx_word' id='word_1_706' title='bbox 676 2552 863 2578; x_wconf 81' lang='lat' dir='ltr'><strong><em>resurrectione</em></strong></span> <span class='ocrx_word' id='word_1_707' title='bbox 878 2537 899 2566; x_wconf 71' lang='grc' dir='ltr'><strong>ο</strong></span> <span class='ocrx_word' id='word_1_708' title='bbox 916 2554 999 2581; x_wconf 88' lang='lat' dir='ltr'><strong><em>sunt,</em></strong></span> <span class='ocrx_word' id='word_1_709' title='bbox 1016 2557 1070 2576; x_wconf 91' lang='lat' dir='ltr'><strong><em>non</em></strong></span> <span class='ocrx_word' id='word_1_710' title='bbox 1087 2548 1174 2576; x_wconf 84' lang='lat' dir='ltr'><strong><em>solum</em></strong></span> <span class='ocrx_word' id='word_1_711' title='bbox 1191 2555 1221 2574; x_wconf 79' lang='lat' dir='ltr'><strong><em>ea</em></strong></span> <span class='ocrx_word' id='word_1_712' title='bbox 1236 2555 1297 2581; x_wconf 75' lang='lat' dir='ltr'><strong><em>qua:</em></strong></span> <span class='ocrx_word' id='word_1_713' title='bbox 1309 2546 1342 2572; x_wconf 86' lang='lat' dir='ltr'><strong><em>ad</em></strong></span> <span class='ocrx_word' id='word_1_714' title='bbox 1358 2545 1552 2580; x_wconf 66' lang='lat' dir='ltr'><strong><em>depositione!&quot;</em></strong></span> <span class='ocrx_word' id='word_1_715' title='bbox 1568 2544 1700 2570; x_wconf 56' lang='lat' dir='ltr'><strong><em>lmmanw</em></strong></span> 
     </span>
    </p>
   </div>
   <div class='ocr_carea' id='block_1_72' title="bbox 87 2596 862 2632">
    <p class='ocr_par' dir='ltr' id='par_1_72' title="bbox 87 2596 862 2632">
     <span class='ocr_line' id='line_1_74' title="bbox 87 2596 862 2632; baseline 0.004 -12"><span class='ocrx_word' id='word_1_716' title='bbox 87 2596 174 2629; x_wconf 86' lang='lat' dir='ltr'><strong><em>prima,</em></strong></span> <span class='ocrx_word' id='word_1_717' title='bbox 187 2598 213 2624; x_wconf 89' lang='lat' dir='ltr'><strong><em>in</em></strong></span> <span class='ocrx_word' id='word_1_718' title='bbox 226 2598 274 2624; x_wconf 86' lang='lat' dir='ltr'><strong><em>hoc</em></strong></span> <span class='ocrx_word' id='word_1_719' title='bbox 291 2598 407 2625; x_wconf 78' lang='lat' dir='ltr'><strong><em>secunda</em></strong></span> <span class='ocrx_word' id='word_1_720' title='bbox 426 2606 495 2624; x_wconf 82' lang='lat' dir='ltr'><strong><em>mors</em></strong></span> <span class='ocrx_word' id='word_1_721' title='bbox 508 2606 558 2624; x_wconf 83' lang='lat' dir='ltr'><strong><em>non</em></strong></span> <span class='ocrx_word' id='word_1_722' title='bbox 578 2597 654 2624; x_wconf 83' lang='lat' dir='ltr'><strong><em>habet</em></strong></span> <span class='ocrx_word' id='word_1_723' title='bbox 667 2602 820 2632; x_wconf 86' lang='lat' dir='ltr'><strong><em>potestatem</em></strong></span> <span class='ocrx_word' id='word_1_724' title='bbox 830 2597 862 2629; x_wconf 80' lang='lat'><strong><em>“;</em></strong></span> 
     </span>
    </p>
   </div>
   <div class='ocr_carea' id='block_1_73' title="bbox 88 2642 864 2671">
    <p class='ocr_par' dir='ltr' id='par_1_73' title="bbox 88 2642 864 2671">
     <span class='ocr_line' id='line_1_75' title="bbox 88 2642 864 2671; baseline 0.003 -3"><span class='ocrx_word' id='word_1_725' title='bbox 88 2647 117 2668; x_wconf 75' lang='lat' dir='ltr'><strong><em>ne</em></strong></span> <span class='ocrx_word' id='word_1_726' title='bbox 129 2642 193 2670; x_wconf 76' lang='lat' dir='ltr'><strong><em>forte</em></strong></span> <span class='ocrx_word' id='word_1_727' title='bbox 208 2643 294 2670; x_wconf 90' lang='lat' dir='ltr'><strong><em>dividi</em></strong></span> <span class='ocrx_word' id='word_1_728' title='bbox 319 2643 411 2671; x_wconf 86' lang='lat' dir='ltr'><strong><em>omnis</em></strong></span> <span class='ocrx_word' id='word_1_729' title='bbox 437 2643 645 2670; x_wconf 78' lang='lat' dir='ltr'><strong><em>resurrectionis</em></strong></span> <span class='ocrx_word' id='word_1_730' title='bbox 667 2643 735 2670; x_wconf 88' lang='lat' dir='ltr'><strong><em>ratio</em></strong></span> <span class='ocrx_word' id='word_1_731' title='bbox 752 2643 778 2669; x_wconf 92' lang='lat' dir='ltr'><strong><em>in</em></strong></span> <span class='ocrx_word' id='word_1_732' title='bbox 795 2643 864 2670; x_wconf 84' lang='lat' dir='ltr'><strong><em>duas</em></strong></span> 
     </span>
    </p>
   </div>
   <div class='ocr_carea' id='block_1_74' title="bbox 918 2589 1700 2629">
    <p class='ocr_par' dir='ltr' id='par_1_74' title="bbox 918 2589 1700 2629">
     <span class='ocr_line' id='line_1_76' title="bbox 918 2589 1700 2629; baseline -0.01 -7"><span class='ocrx_word' id='word_1_733' title='bbox 918 2603 977 2623; x_wconf 92' lang='lat' dir='ltr'><strong><em>rum</em></strong></span> <span class='ocrx_word' id='word_1_734' title='bbox 1004 2602 1149 2629; x_wconf 85' lang='lat' dir='ltr'><strong><em>corporum</em></strong></span> <span class='ocrx_word' id='word_1_735' title='bbox 1173 2594 1298 2620; x_wconf 69' lang='lat' dir='ltr'><strong><em>videntur</em></strong></span> <span class='ocrx_word' id='word_1_736' title='bbox 1323 2600 1383 2619; x_wconf 83' lang='lat' dir='ltr'><strong><em>esse</em></strong></span> <span class='ocrx_word' id='word_1_737' title='bbox 1407 2595 1580 2622; x_wconf 78' lang='lat' dir='ltr'><strong><em>construcm,</em></strong></span> <span class='ocrx_word' id='word_1_738' title='bbox 1609 2589 1649 2615; x_wconf 77' lang='lat' dir='ltr'><strong><em>vel</em></strong></span> <span class='ocrx_word' id='word_1_739' title='bbox 1673 2589 1700 2615; x_wconf 88' lang='lat' dir='ltr'><strong><em>in</em></strong></span> 
     </span>
    </p>
   </div>
   <div class='ocr_carea' id='block_1_75' title="bbox 918 2635 1703 2673">
    <p class='ocr_par' dir='ltr' id='par_1_75' title="bbox 918 2635 1703 2673">
     <span class='ocr_line' id='line_1_77' title="bbox 918 2635 1703 2673; baseline -0.01 -3"><span class='ocrx_word' id='word_1_740' title='bbox 918 2643 992 2669; x_wconf 84' lang='lat' dir='ltr'><strong><em>saxis</em></strong></span> <span class='ocrx_word' id='word_1_741' title='bbox 1005 2642 1108 2673; x_wconf 81' lang='lat' dir='ltr'><strong><em>excisa,</em></strong></span> <span class='ocrx_word' id='word_1_742' title='bbox 1133 2645 1179 2666; x_wconf 82' lang='lat' dir='ltr'><strong><em>aut</em></strong></span> <span class='ocrx_word' id='word_1_743' title='bbox 1196 2640 1222 2666; x_wconf 88' lang='lat' dir='ltr'><strong><em>in</em></strong></span> <span class='ocrx_word' id='word_1_744' title='bbox 1238 2645 1308 2666; x_wconf 82' lang='lat' dir='ltr'><strong><em>terra</em></strong></span> <span class='ocrx_word' id='word_1_745' title='bbox 1326 2638 1446 2670; x_wconf 76' lang='lat' dir='ltr'><strong><em>defossa,</em></strong></span> <span class='ocrx_word' id='word_1_746' title='bbox 1463 2637 1509 2664; x_wconf 73' lang='lat' dir='ltr'><strong><em>sed</em></strong></span> <span class='ocrx_word' id='word_1_747' title='bbox 1523 2636 1612 2663; x_wconf 78' lang='lat' dir='ltr'><strong><em>munis</em></strong></span> <span class='ocrx_word' id='word_1_748' title='bbox 1626 2635 1703 2662; x_wconf 67' lang='lat' dir='ltr'><strong><em>locus</em></strong></span> 
     </span>
    </p>
   </div>
   <div class='ocr_carea' id='block_1_76' title="bbox 118 2695 862 2737">
    <p class='ocr_par' dir='ltr' id='par_1_76' title="bbox 118 2701 862 2737">
     <span class='ocr_line' id='line_1_78' title="bbox 118 2701 862 2737; baseline 0 -9"><span class='ocrx_word' id='word_1_749' title='bbox 118 2701 139 2716; x_wconf 86' lang='lat'>&quot;</span> <span class='ocrx_word' id='word_1_750' title='bbox 153 2701 160 2728; x_wconf 98' lang='grc' dir='ltr'><strong>Ι</strong></span> <span class='ocrx_word' id='word_1_751' title='bbox 172 2702 235 2728; x_wconf 90' lang='lat' dir='ltr'><strong><em>Cor.</em></strong></span> <span class='ocrx_word' id='word_1_752' title='bbox 253 2711 310 2735; x_wconf 77' lang='lat' dir='ltr'><strong><em>xtv,</em></strong></span> <span class='ocrx_word' id='word_1_753' title='bbox 329 2703 370 2730; x_wconf 76' lang='grc'><strong><em>12.</em></strong></span> <span class='ocrx_word' id='word_1_754' title='bbox 409 2704 429 2719; x_wconf 83' lang='grc'><strong><em>²¹</em></strong></span> <span class='ocrx_word' id='word_1_755' title='bbox 443 2703 515 2731; x_wconf 81' lang='lat' dir='ltr'><strong><em>Psal.</em></strong></span> <span class='ocrx_word' id='word_1_756' title='bbox 531 2703 642 2737; x_wconf 75' lang='lat' dir='ltr'><strong><em>ctv,15.</em></strong></span> <span class='ocrx_word' id='word_1_757' title='bbox 680 2703 702 2719; x_wconf 77' lang='grc'>²²</span> <span class='ocrx_word' id='word_1_758' title='bbox 723 2702 774 2730; x_wconf 67' lang='lat' dir='ltr'><strong><em>lsa.</em></strong></span> <span class='ocrx_word' id='word_1_759' title='bbox 791 2710 862 2735; x_wconf 69' lang='lat' dir='ltr'><strong><em>XXVI,</em></strong></span> 
     </span>
    </p>
   </div>
   <div class='ocr_carea' id='block_1_77' title="bbox 955 2695 1554 2737">
    <p class='ocr_par' dir='ltr' id='par_1_77' title="bbox 966 2695 1554 2732">
     <span class='ocr_line' id='line_1_79' title="bbox 966 2695 1554 2732; baseline -0.014 -4"><span class='ocrx_word' id='word_1_760' title='bbox 966 2702 988 2717; x_wconf 84' lang='grc'><strong><em>¹³</em></strong></span> <span class='ocrx_word' id='word_1_761' title='bbox 1009 2701 1018 2727; x_wconf 96' lang='grc'><strong><em>1</em></strong></span> <span class='ocrx_word' id='word_1_762' title='bbox 1032 2701 1094 2728; x_wconf 89' lang='lat' dir='ltr'><strong><em>Cor.</em></strong></span> <span class='ocrx_word' id='word_1_763' title='bbox 1115 2708 1148 2727; x_wconf 75' lang='lat' dir='ltr'><strong><em>xv</em></strong></span> <span class='ocrx_word' id='word_1_764' title='bbox 1161 2720 1168 2732; x_wconf 87' lang='lat'><strong><em>,</em></strong></span> <span class='ocrx_word' id='word_1_765' title='bbox 1187 2698 1222 2725; x_wconf 71' lang='grc'><strong><em>42</em></strong></span> <span class='ocrx_word' id='word_1_766' title='bbox 1236 2699 1280 2725; x_wconf 73' lang='grc' dir='ltr'>Η.</span> <span class='ocrx_word' id='word_1_767' title='bbox 1319 2698 1340 2713; x_wconf 67' lang='grc'><strong><em>’³</em></strong></span> <span class='ocrx_word' id='word_1_768' title='bbox 1355 2697 1440 2732; x_wconf 63' lang='lat' dir='ltr'><strong><em>Apoc.</em></strong></span> <span class='ocrx_word' id='word_1_769' title='bbox 1462 2704 1493 2722; x_wconf 74' lang='lat' dir='ltr'><strong>xx</strong></span> <span class='ocrx_word' id='word_1_770' title='bbox 1507 2715 1513 2727; x_wconf 85' lang='lat'><strong><em>,</em></strong></span> <span class='ocrx_word' id='word_1_771' title='bbox 1528 2695 1554 2720; x_wconf 78' lang='lat' dir='ltr'><strong><em>li.</em></strong></span> 
     </span>
    </p>
   </div>
   <div class='ocr_carea' id='block_1_78' title="bbox 118 2790 864 2828">
    <p class='ocr_par' dir='ltr' id='par_1_78' title="bbox 118 2790 864 2828">
     <span class='ocr_line' id='line_1_80' title="bbox 118 2790 864 2828; baseline 0.004 -11"><span class='ocrx_word' id='word_1_772' title='bbox 118 2790 170 2828; x_wconf 16' lang='lat'><strong>(7’8)</strong></span> <span class='ocrx_word' id='word_1_773' title='bbox 190 2791 285 2828; x_wconf 78' lang='lat' dir='ltr'><strong><em>Exstat</em></strong></span> <span class='ocrx_word' id='word_1_774' title='bbox 309 2792 392 2828; x_wconf 57' lang='lat' dir='ltr'><strong><em>hocce</em></strong></span> <span class='ocrx_word' id='word_1_775' title='bbox 408 2792 587 2826; x_wconf 80' lang='lat' dir='ltr'><strong><em>fragmentum</em></strong></span> <span class='ocrx_word' id='word_1_776' title='bbox 603 2794 628 2821; x_wconf 88' lang='lat' dir='ltr'><strong><em>in</em></strong></span> <span class='ocrx_word' id='word_1_777' title='bbox 646 2792 770 2828; x_wconf 72' lang='lat' dir='ltr'><strong><em>Apologia</em></strong></span> <span class='ocrx_word' id='word_1_778' title='bbox 786 2792 864 2820; x_wconf 83' lang='lat' dir='ltr'><strong><em>Pam-</em></strong></span> 
     </span>
    </p>
   </div>
   <div class='ocr_carea' id='block_1_79' title="bbox 89 2824 495 2864">
    <p class='ocr_par' dir='ltr' id='par_1_79' title="bbox 89 2824 495 2864">
     <span class='ocr_line' id='line_1_81' title="bbox 89 2824 495 2864; baseline 0.01 -13"><span class='ocrx_word' id='word_1_779' title='bbox 89 2824 147 2859; x_wconf 75' lang='lat' dir='ltr'><strong><em>phili</em></strong></span> <span class='ocrx_word' id='word_1_780' title='bbox 166 2827 294 2864; x_wconf 73' lang='lat' dir='ltr'><strong><em>martyris</em></strong></span> <span class='ocrx_word' id='word_1_781' title='bbox 310 2835 357 2862; x_wconf 87' lang='lat' dir='ltr'><strong><em>pro</em></strong></span> <span class='ocrx_word' id='word_1_782' title='bbox 374 2824 495 2863; x_wconf 72' lang='lat' dir='ltr'><strong><em>Origene.</em></strong></span> 
     </span>
    </p>
   </div>
   <div class='ocr_carea' id='block_1_80' title="bbox 955 2784 1704 2822">
    <p class='ocr_par' dir='ltr' id='par_1_80' title="bbox 955 2784 1704 2822">
     <span class='ocr_line' id='line_1_82' title="bbox 955 2784 1704 2822; baseline -0.009 -5"><span class='ocrx_word' id='word_1_783' title='bbox 955 2791 1012 2822; x_wconf 74' lang='lat'><strong><em>(79)</em></strong></span> <span class='ocrx_word' id='word_1_784' title='bbox 1033 2790 1151 2816; x_wconf 73' lang='lat' dir='ltr'><strong><em>IIuIn-tur</em></strong></span> <span class='ocrx_word' id='word_1_785' title='bbox 1170 2789 1253 2814; x_wconf 81' lang='lat' dir='ltr'><strong><em>hocce</em></strong></span> <span class='ocrx_word' id='word_1_786' title='bbox 1281 2787 1460 2820; x_wconf 71' lang='lat' dir='ltr'><strong><em>fragmentum</em></strong></span> <span class='ocrx_word' id='word_1_787' title='bbox 1475 2787 1500 2812; x_wconf 86' lang='lat' dir='ltr'><strong><em>in</em></strong></span> <span class='ocrx_word' id='word_1_788' title='bbox 1517 2784 1609 2812; x_wconf 68' lang='lat' dir='ltr'><strong><em>eadem</em></strong></span> <span class='ocrx_word' id='word_1_789' title='bbox 1636 2784 1704 2819; x_wconf 57' lang='lat' dir='ltr'><strong><em>dpe-</em></strong></span> 
     </span>
    </p>
   </div>
   <div class='ocr_carea' id='block_1_81' title="bbox 918 2821 1474 2861">
    <p class='ocr_par' dir='ltr' id='par_1_81' title="bbox 918 2821 1474 2861">
     <span class='ocr_line' id='line_1_83' title="bbox 918 2821 1474 2861; baseline -0.014 -8"><span class='ocrx_word' id='word_1_790' title='bbox 918 2826 986 2861; x_wconf 76' lang='lat' dir='ltr'><strong><em>logia</em></strong></span> <span class='ocrx_word' id='word_1_791' title='bbox 1004 2825 1137 2860; x_wconf 75' lang='lat' dir='ltr'><strong><em>Pamphili</em></strong></span> <span class='ocrx_word' id='word_1_792' title='bbox 1151 2822 1276 2858; x_wconf 82' lang='lat' dir='ltr'><strong><em>inartyris</em></strong></span> <span class='ocrx_word' id='word_1_793' title='bbox 1290 2830 1336 2857; x_wconf 84' lang='lat' dir='ltr'><strong><em>pro</em></strong></span> <span class='ocrx_word' id='word_1_794' title='bbox 1355 2821 1474 2855; x_wconf 57' lang='lat' dir='ltr'><strong><em>Origene.</em></strong></span> 
     </span>
    </p>
   </div>
  </div>
