1879 3046
186 148 239 177 Ι219

925 142 1088 172 οιιισῖλιις

1762 140 1809 167 εειο

185 208 216 235 in
238 213 403 242 quocunque
415 205 458 232 vel
472 206 607 241 integrum
623 205 774 232 humanum
797 210 897 237 corpus
909 222 916 233 ,
930 203 974 229 vel
988 207 1010 234 Α
1024 208 1076 230 est.
1099 202 1132 229 Et
1159 203 1307 237 interjectis
1328 201 1508 236 quibusdam:
1522 198 1592 226 Cum
1621 205 1689 234 ergo
1716 198 1810 226 Paulus

188 262 220 279 rx
237 257 312 288 parte
327 252 417 286 aliqua
434 252 517 286 jacet,
531 251 638 278 etiamsi
655 250 759 277 accidat
774 253 802 275 ιιι
819 257 902 275 unum
917 255 976 274 θοι--

189 307 240 333 pus
258 306 305 332 per
319 299 378 325 loca
394 298 478 325 multa
495 297 649 330 dispersum
670 296 722 327 sit,
744 295 893 322 absurdum
920 302 975 321 non

187 345 242 372 erit
258 345 350 371 omnia
366 352 396 370 ea
413 344 471 370 loca
488 344 514 369 in
529 343 628 376 quibus
650 349 714 376 pars
736 341 828 375 aliqua
851 339 975 373 corporis

186 392 269 425 jacet,
290 391 413 425 sepulcra
431 390 553 424 corporis
569 389 628 423 ejus
643 387 707 414 dici.
724 386 753 413 Si
765 387 838 412 enim
861 394 914 412 non
936 385 974 412 ita

187 437 356 471 accipiamus
379 444 518 470 resurgere
549 435 582 462 de
605 433 739 467 sepulcris
765 432 823 459 suis
853 436 976 458 mortuos

187 482 278 508 divina
305 483 418 511 virtute.
451 481 498 515 qui
532 487 702 514 nequaquam
732 483 795 506 sunt
830 478 976 512 sepulturae

189 526 319 559 mandati,
334 534 420 560 neque
437 525 462 552 in
479 525 612 559 sepulcris
627 523 761 558 depositi,
779 523 826 550 sed
839 523 895 549 sive
910 530 976 548 nau-

187 573 298 606 fragiis,
314 572 371 599 sive
387 572 413 599 in
426 572 540 597 desertis
557 571 695 605 aliquibus
713 569 833 596 defuncti
849 573 914 595 suttt
935 568 974 595 lo-

186 619 242 649 cis,
268 619 302 644 ita
321 623 349 644 ut
364 618 510 651 sepultura:
526 616 651 643 mandari
667 624 720 643 non
734 615 889 650 potuerint,
907 622 974 641 num

187 664 350 690 titlebuntur
373 662 546 689 annumerari
571 663 641 688 inter
659 669 707 688 eos
729 661 775 695 qui
791 661 824 686 de
842 659 974 694 sepulcris

187 708 366 737 resuscitaudi
381 709 521 735 dicuntur?
532 708 609 741 Quod
622 707 716 741 utique
733 706 810 733 valJe
825 705 974 734 absurdum

1028 249 1132 280 scribit.
1147 249 1220 283 quod
1237 248 1306 274 sicut
1321 247 1398 274 stella
1415 255 1431 272 α
1448 245 1525 272 stella
1550 244 1640 279 iii/fert
1668 245 1695 270 in
1716 243 1803 278 gforiu.

1027 295 1065 320 ita
1087 295 1137 322 erit
1159 299 1184 321 et
1208 293 1363 321 resurrectio
1387 296 1567 322 mortuorum;
1582 294 1610 316 et
1634 288 1709 324 quod
1726 289 1809 315 dicit:

1028 339 1183 367 Seminalur
1198 341 1225 365 in
1243 339 1420 372 corruptione,
1434 342 1520 371 surget
1535 336 1562 362 in
1575 334 1772 368 incorruptione
1780 334 1809 362 ν,

1027 390 1053 412 ct
1070 390 1166 412 extera
1182 384 1338 421 hujusmodi
1357 382 1500 410 manifeste
1513 381 1570 407 haec
1586 380 1619 407 de
1632 379 1692 406 solo
1703 386 1810 413 corpore

1028 430 1132 458 scribit.
1143 429 1200 456 Non
1211 429 1283 456 enim
1293 428 1383 456 anima
1393 427 1524 454 seminata
1535 430 1577 453 est
1591 426 1618 452 itt
1629 424 1809 459 corruptione,

1028 478 1075 500 aut
1090 474 1116 500 in
1137 473 1311 504 inﬁrmitate,
1327 476 1375 498 aut
1389 471 1416 497 in
1432 470 1590 504 ignominia.
1615 469 1739 502 Denique
1758 468 1806 495 evi-

1027 519 1122 545 denter
1146 518 1269 552 adjungit
1289 517 1333 544 his
1355 516 1483 543 omnibus
1508 519 1535 542 ct
1557 514 1644 541 dicit:
1664 513 1811 556 Sequimur

1028 571 1121 597 corpus
1139 563 1254 590 animale
1265 563 1287 577 ’⁸
1301 570 1309 588 ;
1325 566 1354 589 ιιι
1370 569 1403 588 ne
1420 561 1481 595 quis
1499 564 1606 594 putaret
1619 559 1740 585 animatn
1755 565 1810 584 esse.

1027 617 1088 643 qua:
1114 610 1265 637 seminatur
1279 609 1306 636 in
1323 607 1513 642 corruptione.
1529 606 1571 633 vel
1599 606 1627 632 in
1649 604 1808 640 ignominia.

1027 655 1068 682 vel
1085 655 1110 682 in
1127 655 1292 682 inﬁrmitate.

840 876 1177 934 ORIGENIS

498 995 781 1040 HOMlleE
822 995 882 1038 IN
918 992 1199 1039 VISIONES
1228 982 1498 1035 lSXle‘s‘".

431 1164 511 1200 106
531 1163 670 1191 llOMlLlA
690 1164 709 1191 Ι.

389 1219 488 1253 factum
513 1226 551 1246 est
576 1221 602 1246 in
623 1229 692 1246 amm
715 1227 767 1254 qua
791 1224 910 1246 mortuus
937 1223 975 1245 est

222 1254 303 1314 Oziqs
319 1262 377 1285 rex,
399 1255 452 1281 vidi
469 1254 611 1281 Dominum
634 1255 765 1281 sedentem
788 1262 865 1288 super
881 1254 975 1280 solium

222 1297 282 1314 erce
293 1297 362 1314 sum.

221 1297 362 1316 accitum.

186 1218 264 1247 Vtsm
285 1219 310 1247 ι.
333 1219 367 1245 Et

226 1342 252 1369 1.
261 1342 386 1374 Quandiu
395 1343 478 1369 Ozias
493 1350 538 1369 rex
551 1343 627 1375 vixit,
637 1351 690 1369 non
703 1344 789 1378 potuit
798 1344 927 1371 visionem
938 1344 977 1370 vi-

187 1386 251 1412 dere
266 1387 351 1413 Isaias
370 1387 510 1421 propheta.
533 1386 597 1413 Erat
611 1389 683 1414 enim
705 1387 787 1415 Ozias
803 1394 937 1422 pem-ator.
951 1394 977 1416 et

187 1430 292 1458 faciens
320 1432 467 1465 malignum
499 1436 560 1459 ante
587 1437 763 1466 conspectum
791 1432 915 1465 Domini,
950 1438 976 1460 et

188 1482 272 1508 agens
287 1477 417 1502 adversus
434 1476 599 1503 voluntatem
617 1477 716 1504 divina:
735 1477 811 1511 lt-gis.
837 1478 976 1511 Ingressus

187 1525 230 1547 est
246 1521 373 1555 templum
391 1526 416 1548 et
432 1521 530 1548 Sancta
558 1528 715 1550 sanctorum
727 1545 733 1554 ,
750 1529 775 1549 et
790 1525 824 1549 ob
837 1523 887 1550 hoc
903 1525 975 1558 lepra

186 1565 314 1600 perfusus
337 1567 363 1592 in
386 1566 476 1593 fronte
494 1572 550 1599 est,
568 1568 604 1594 ita
622 1572 651 1594 ut
677 1568 749 1594 foras
767 1569 822 1601 (8|)
839 1570 975 1596 civitatem

188 1611 290 1638 vadens
314 1612 382 1638 inter
408 1613 564 1638 immundos
582 1618 796 1647 computaretur.
816 1613 908 1641 Talem
926 1615 975 1649 igi—

189 1659 232 1680 tur
260 1655 408 1689 principem
434 1657 532 1683 anima:
556 1662 661 1690 oportet
687 1658 771 1689 mori,
798 1664 827 1685 ut
845 1659 975 1686 visionem

190 1699 237 1726 Dei
255 1700 346 1725 videre
363 1701 509 1734 possintus.
527 1701 618 1736 Neque
634 1703 705 1729 cuitu
726 1703 826 1730 frustra
845 1705 974 1739 scriptum

187 1749 230 1771 est
253 1746 330 1778 (cap.
345 1753 385 1777 vt,
402 1754 474 1773 vers.
492 1747 521 1779 1)
542 1755 549 1773 :
571 1747 602 1773 Et
624 1748 724 1782 factum
745 1753 784 1774 est
796 1749 823 1774 in
838 1758 906 1775 anno
925 1759 977 1784 quo

189 1796 308 1817 mortuus
327 1797 365 1817 est
389 1791 470 1819 Ozias
493 1801 556 1824 rex,
582 1793 635 1819 ridi
656 1793 807 1821 Dominum.
825 1793 977 1830 Unicuique

189 1841 312 1862 nostrqu
326 1837 390 1862 vivit
405 1836 485 1863 Ozias
499 1838 556 1864 sive
566 1837 682 1870 Pharao,
696 1842 722 1864 ct
738 1845 790 1864 non
806 1840 976 1873 suspiramns

190 1880 314 1916 Aigyptia
334 1889 414 1915 opera
433 1881 573 1909 facientes.
597 1881 624 1908 Si
649 1887 741 1908 autem
770 1882 894 1915 nwtitur,
913 1889 978 1910 tunc

187 1927 366 1960 susplramus,
385 1931 414 1954 ut
430 1927 456 1953 in
474 1927 566 1954 Exodo
580 1928 710 1962 scriptutn
725 1931 777 1954 est.
799 1926 827 1954 Si
844 1927 924 1955 Ozias
938 1929 978 1955 vi-

188 1973 244 2003 vit,
260 1980 313 1999 non
340 1973 462 2000 \i-Jemus
479 1973 591 2008 gloriam
611 1973 655 1999 Dei
670 1983 676 2005 ;
693 1973 715 2000 si
733 1978 822 2000 autent
849 1976 976 2006 moritur,

187 2021 252 2044 tunc
269 2018 391 2044 videmus
404 2018 494 2044 statim
510 2023 540 2044 ut
554 2018 669 2044 moritur
688 2019 769 2045 Ozias
786 2019 899 2053 gloriam
917 2019 975 2049 Dei,

188 2068 292 2090 tantva
314 2063 367 2090 hoc
389 2065 424 2090 sit
439 2069 468 2090 ut
488 2069 582 2098 regnet
605 2065 632 2090 in
651 2064 729 2090 nobis
745 2073 835 2092 sertno
856 2065 916 2099 ejus
930 2066 976 2100 qui

187 2108 277 2134 dixit:
298 2107 353 2142 Ego
372 2114 460 2134 autem
482 2109 641 2134 constitutus
658 2116 718 2134 sunt
741 2116 787 2134 rex
809 2109 841 2135 ab
864 2111 935 2142 eo",
953 2115 979 2136 et

188 2160 242 2179 non
261 2158 354 2187 regnet
368 2154 418 2180 ira.
438 2153 485 2179 Est
508 2153 618 2184 quidem
642 2159 668 2180 et
693 2155 796 2189 peccati
822 2162 879 2181 rex.
905 2155 978 2188 Apo-

189 2198 276 2224 stolus
291 2198 327 2224 ita
343 2198 444 2230 sciens,
461 2198 519 2224 ait:
543 2197 604 2224 Non
618 2207 679 2232 ergo
698 2205 784 2232 regnet
802 2204 935 2232 percolunt
951 2199 978 2224 in

190 2243 297 2269 mortali
319 2250 404 2270 testro
427 2243 576 2277 corpore".
594 2243 756 2271 Miserabilis
776 2244 819 2270 ille
837 2244 918 2270 homo
934 2245 978 2271 cui

189 2294 330 2323 peccatum
348 2295 454 2324 regnat,
470 2291 517 2324 qui
533 2289 578 2316 tali
595 2297 625 2316 se
645 2290 727 2316 tradit
743 2290 809 2324 regi,
825 2289 978 2324 despiciens

190 2342 303 2368 regnum
324 2335 384 2366 Dei,
407 2339 434 2361 et
455 2335 603 2370 subjiciens
623 2344 652 2363 sc
675 2335 816 2369 voluptati.
833 2334 978 2370 Propterea

189 2379 337 2414 \‘uluplnlis
352 2385 468 2411 amator.
489 2389 542 2408 non
559 2386 601 2408 est
615 2387 722 2409 amator
742 2381 798 2408 Dei.
826 2381 858 2408 Et
881 2389 979 2408 secun-

189 2425 255 2451 dum
279 2426 438 2458 Apostolum
455 2426 489 2453 de
508 2427 671 2462 quibusdam
695 2428 795 2455 dicitur
820 2437 826 2455 :
852 2427 977 2454 Amantes

190 2471 348 2504 uoluptatem
361 2473 443 2506 magis
455 2481 532 2506 quam
548 2473 670 2500 Deum".
687 2473 718 2501 Et
732 2474 840 2509 quidem
858 2475 976 2509 idipsum

189 2524 244 2543 non
259 2516 292 2543 de
307 2517 350 2544 Itis
364 2517 466 2544 dictum
484 2523 523 2545 est
535 2539 543 2550 ,
559 2519 604 2552 qui
622 2519 742 2551 omnino,
760 2523 825 2546 sunt
844 2519 976 2552 inﬁdeles,

188 2563 236 2590 sed
259 2563 293 2590 de
318 2563 360 2590 his
376 2571 421 2598 qm
439 2564 603 2591 intrinsecus
626 2569 841 2597 commorantur,
858 2564 979 2598 volupta-

226 2640 249 2655 "
268 2639 277 2666 1
299 2640 363 2667 Cor.
389 2648 434 2673 xv,
458 2641 501 2667 41.

190 2673 209 2687 ³¹
231 2673 297 2700 Dan.
315 2683 364 2707 vn,
381 2676 406 2703 9.

553 2641 575 2657 "
593 2641 658 2667 ibid.
684 2640 728 2667 Μ.

446 2676 466 2691 ³¹
486 2675 525 2703 δυσ
536 2676 553 2702 1.
571 2684 611 2708 ιιι,
623 2676 651 2709 2,
666 2675 709 2701 l2.

783 2641 804 2655 “
821 2639 892 2666 Psal.
908 2648 938 2671 ιι,
955 2639 982 2666 6.

757 2675 778 2690 ³³
794 2674 874 2702 Mich.
891 2683 916 2706 ι,
935 2675 962 2702 5.

214 2733 286 2771 ,εξ-0)
298 2734 408 2771 Collatae
423 2740 485 2771 sunt
501 2736 542 2761 lue
556 2736 674 2771 humilia:
688 2743 750 2771 cum
767 2738 885 2771 quatuor
898 2742 976 2771 mss.I

193 2769 322 2806 nimirum
335 2777 341 2794 2
355 2770 366 2794 Ι
385 2770 548 2806 ςειιΙιιῊι-ιιιίδ
563 2770 684 2797 ecclesia:
699 2769 884 2806 I'Iln-oiccnsis.
899 2769 908 2794 l
922 2769 977 2795 Ma-

193 2804 270 2838 νῆις.
285 2805 438 2838 tnonastt-rii
457 2804 641 2834 Turonensis,
674 2805 684 2830 Ι
708 2804 871 2830 ratlu-dtalis
893 2804 975 2829 cccle-

195 2836 241 2862 sia:
263 2835 450 2865 Ιιίιιιιιιιιιυιιδιδ
463 2860 470 2870 ,
491 2840 499 2864 I
519 2839 639 2865 ιιΙιΙέιιιίλιν·
652 2839 679 2865 ὃ.
695 2838 764 2865 Ιί·ιιί
781 2839 814 2864 de
830 2838 979 2865 Scitin-alte

994 1165 1017 1192 B
1031 1168 1080 1190 tem
1092 1163 1175 1198 magis
1184 1169 1262 1197 quant
1273 1160 1354 1187 Deum
1368 1162 1498 1188 (tutantes,
1509 1156 1553 1191 qui
1569 1154 1664 1181 habent
1679 1154 1810 1189 ﬁguratio-

1027 1218 1082 1236 nem
1091 1210 1209 1244 pictatis,
1217 1208 1338 1234 rirtntem
1349 1210 1435 1231 autent
1444 1203 1500 1237 ejus
1507 1206 1629 1236 negantes
1640 1202 1674 1228 ³⁸.
1682 1201 1741 1227 lla'c
1750 1207 1808 1234 pro-

1027 1260 1086 1289 pter
1102 1259 1216 1280 mortem
1241 1252 1312 1286 regis
1327 1251 1417 1281 Ozia2,
1438 1253 1498 1283 post
1512 1248 1591 1282 cujus
1613 1247 1750 1273 interitum
1771 1244 1809 1271 vi—

1027 1299 1099 1326 disse
1116 1307 1145 1326 se
1161 1299 1199 1325 ait
1216 1298 1346 1324 visionem
1367 1298 1507 1330 propheta.
1524 1293 1591 1326 Quae
1606 1298 1647 1319 est
1667 1297 1756 1318 autem
1771 1290 1807 1316 t'i-

1027 1345 1088 1372 sio?
1118 1344 1178 1370 Vidi
1200 1343 1339 1369 Dominum
1362 1342 1491 1368 sedentem
1517 1347 1594 1374 super
1617 1339 1739 1364 tltronum
1766 1343 1808 1362 ιτ-

1027 1390 1123 1416 celsum
1135 1395 1159 1416 et
1174 1389 1313 1419 elei-alum,
1327 1392 1379 1414 etc.
1398 1386 1457 1413 Non
1470 1385 1560 1412 omnis
1574 1385 1620 1419 qui
1635 1383 1707 1410 videt
1719 1382 1807 1411 Deum,

1027 1435 1099 1462 videt
1122 1443 1183 1462 enm
1206 1435 1344 1461 sedentem
1368 1440 1450 1466 super
1474 1432 1603 1457 thronum
1625 1428 1760 1455 excelsum
1781 1431 1808 1452 et

1026 1481 1159 1508 clevatnm
1169 1500 1176 1506 .
1195 1479 1257 1506 Scio
1274 1479 1356 1505 aliutu
1371 1477 1530 1512 prophetam
1545 1475 1646 1501 vidisse
1658 1473 1807 1500 Dominum.

1026 1532 1053 1554 et
1078 1527 1177 1553 vidisse
1193 1534 1255 1553 etim
1272 1532 1353 1559 super
1368 1524 1496 1550 thronum
1515 1522 1654 1549 sedentem
1669 1540 1676 1551 .
1694 1519 1739 1546 sed
1757 1525 1807 1544 non

1026 1573 1180 1603 excelsum,
1205 1579 1290 1606 neque
1311 1571 1455 1597 clevatum.
1485 1569 1626 1596 Dissercns
1650 1566 1807 1599 scripturam

1027 1617 1132 1649 Daniel,
1148 1617 1213 1644 dicit
1229 1625 1235 1642 :
1257 1615 1356 1642 Throni
1372 1615 1452 1649 positi
1464 1618 1523 1639 sunt
1536 1613 1570 1643 ",
1588 1616 1615 1638 ct
1631 1619 1686 1637 non
1702 1614 1757 1636 erat
1770 1616 1809 1634 cx-

1027 1663 1116 1690 cdsus
1130 1663 1174 1690 ille
1189 1663 1314 1690 thronus.
1336 1660 1368 1688 Et
1383 1670 1390 1687 :
1414 1659 1519 1686 Veniam
1533 1679 1541 1691 ,
1558 1663 1585 1684 ut
1600 1658 1705 1684 sedeam
1721 1656 1754 1681 ad
1766 1654 1808 1688 jn-

1027 1709 1169 1735 dicandum
1183 1707 1309 1742 populum
1329 1707 1355 1732 in
1368 1706 1436 1732 valle
1452 1704 1581 1737 Josap/mt
1595 1703 1628 1729 ³¹.
1646 1701 1716 1736 Ergo
1730 1701 1770 1727 hic
1786 1700 1809 1726 in

1026 1755 1096 1782 valle
1111 1755 1196 1785 sedit,
1219 1759 1246 1780 et
1273 1753 1300 1779 in
1312 1752 1382 1779 valle
1397 1759 1459 1778 eum
1473 1750 1646 1784 jutlicaturus
1661 1751 1701 1774 est
1711 1767 1719 1777 ,
1734 1754 1808 1780 quem

1028 1804 1070 1827 cst
1092 1799 1332 1827 condemnaturus.
1358 1796 1438 1823 Aliud
1461 1799 1551 1822 autent
1577 1799 1619 1820 est
1637 1793 1728 1819 videre
1752 1798 1809 1817 eum

1029 1845 1167 1871 sedentem
1185 1850 1266 1877 super
1284 1842 1411 1868 thronum
1427 1840 1564 1867 excelsum
1583 1842 1610 1864 ct
1624 1837 1768 1864 elcvatnm.
1783 1834 1812 1860 Et

1028 1890 1054 1916 in
1072 1888 1183 1916 Michaea
1194 1887 1331 1922 egreditur
1345 1885 1417 1921 (82),
1439 1890 1466 1912 et
1486 1883 1627 1911 descendit
1651 1882 1722 1908 Deus
1732 1881 1763 1906 ³³.
1784 1879 1811 1905 Et

1029 1940 1058 1961 ut
1079 1934 1170 1960 videat
1195 1933 1359 1963 Sodomam,
1382 1930 1533 1958 descendit.
1560 1928 1742 1957 Descendens,
1762 1926 1811 1955 ait.

1028 1980 1117 2007 ridebo
1139 1979 1163 2005 si
1184 1978 1325 2005 secundum
1349 1977 1490 2003 clamorem
1509 1983 1599 2001 eorum
1621 1974 1762 2000 venientem
1781 1972 1812 1997 ad

1029 2033 1069 2051 me
1083 2023 1366 2051 consunnnaverunt“.
1385 2021 1468 2056 Igitur
1493 2020 1563 2047 Deus
1588 2018 1738 2053 aliquando
1756 2025 1814 2044 sur-

1029 2079 1088 2097 sum
1102 2091 1109 2102 ,
1124 2069 1270 2104 aliquando
1286 2069 1411 2096 deorsnnt
1434 2067 1513 2101 juxta
1535 2065 1696 2100 dignitatem
1710 2063 1814 2090 videtur

1029 2115 1211 2150 negotiorum.
1230 2114 1289 2140 Vidi
1304 2122 1364 2149 ergo
1379 2113 1530 2142 Dominum,
1547 2111 1631 2137 Isaias
1648 2111 1706 2141 ait,
1726 2109 1815 2136 seden~

1030 2162 1081 2183 tem
1093 2157 1305 2191 superlhronum
1322 2157 1454 2183 excelsum
1475 2160 1499 2181 et
1522 2154 1662 2181 demtum.
1687 2153 1717 2180 Si
1739 2152 1814 2179 video

1029 2201 1113 2228 Deum
1130 2203 1156 2229 in
1174 2203 1216 2229 his
1237 2202 1282 2236 qui
1299 2202 1343 2228 hic
1358 2206 1421 2228 sunt
1439 2205 1595 2235 regnantem
1606 2219 1614 2230 ,
1630 2207 1686 2226 non
1699 2206 1762 2226 eum
1778 2197 1815 2223 vi-
1832 2198 1836 2202 ”

1029 2247 1080 2274 deo
1095 2255 1177 2282 super
1195 2248 1323 2274 thronum
1343 2247 1481 2274 excelsum
1507 2251 1533 2273 et
1558 2246 1707 2272 elevatnm.
1734 2243 1762 2270 Si
1777 2243 1815 2269 vi-

1029 2293 1079 2320 deo
1104 2301 1166 2320 eum
1189 2298 1346 2328 regnantem
1367 2292 1524 2320 etrlestibus
1549 2291 1715 2322 virtutibus,
1740 2289 1815 2316 video

1028 2345 1091 2364 eum
1112 2338 1249 2366 sedentem
1275 2346 1358 2373 super
1377 2338 1504 2365 thronum
1525 2336 1665 2364 excelsum
1688 2341 1715 2363 et
1729 2335 1814 2362 eleva-

1030 2389 1097 2410 tnm.
1123 2383 1192 2416 Quid
1213 2387 1254 2410 est
1277 2384 1350 2418 quod
1376 2383 1442 2410 dicit
1465 2382 1622 2409 crelestibus
1646 2380 1816 2409 virtutibus?

1029 2427 1131 2456 Throni
1142 2449 1149 2460 .
1166 2429 1377 2461 dominationes,
1395 2428 1574 2462 principatus,
1588 2431 1748 2461 potestates,
1764 2425 1815 2451 vir-

1030 2477 1102 2500 tutes
1114 2473 1238 2501 ctelestes
1253 2478 1328 2500 sunt.
1354 2472 1387 2500 Et
1403 2473 1425 2500 si
1439 2472 1517 2500 rideo
1530 2479 1605 2505 eum,
1620 2471 1762 2506 quomodo
1778 2468 1818 2496 eis

1031 2525 1125 2554 regnet
1139 2520 1165 2546 in
1182 2519 1275 2551 verbo,
1290 2519 1344 2546 vidi
1359 2519 1499 2545 Dominum
1511 2518 1643 2544 sedentem
1655 2525 1736 2551 super
1746 2517 1815 2542 thro-

1033 2572 1094 2590 num
1111 2564 1242 2590 excelsnm
1257 2569 1281 2590 et
1298 2566 1435 2590 demtum.
1450 2563 1483 2589 Et
1501 2563 1576 2597 plena
1587 2567 1645 2589 erat
1658 2563 1752 2589 domus
1763 2561 1816 2597 glas

1031 2641 1053 2656 "‘
1064 2640 1143 2668 Rom.
1160 2649 1197 2672 vt,
1214 2641 1256 2667 η.

1001 2675 1023 2690 ³⁵
1044 2675 1112 2702 Cen.
1129 2684 1205 2708 xvttt,
1221 2676 1266 2702 21.

1309 2641 1332 2657 ιο
1349 2641 1368 2667 ιι
1381 2639 1450 2667 Tim.
1469 2648 1509 2673 ιιι,
1522 2641 1548 2666 ι.
1598 2639 1622 2657 ³ο
1642 2639 1710 2667 ibid.
1742 2645 1815 2674 seqq.

1028 2737 1132 2764 ordinis
1143 2736 1420 2763 Przumonstratt-nsis.

1067 2772 1123 2805 (8|)
1144 2772 1219 2801 M-s..
1240 2772 1321 2805 foras.
1340 2771 1415 2797 Lilili.
1432 2770 1508 2801 edit.,
1522 2773 1607 2795 extra.

1069 2803 1124 2833 (82’)
1146 2806 1220 2838 Mss,
1238 2803 1379 2841 i-gn'ditur.
1395 2805 1470 2832 Lilih.
1486 2805 1562 2837 edit.,
1579 2803 1712 2838 egredere.
