1879 3046
208 114 263 141 2‘23

940 112 1101 141 OBICENIS
1782 108 1824 134 2‘26

209 182 289 202 meus
304 173 386 202 Iesus
399 174 525 202 Christus
539 178 592 204 est,
607 175 653 209 qui
671 173 703 202 ad
720 173 868 201 auferenda
886 179 996 208 peccata
1012 175 1033 203 Α
1049 173 1239 208 prophetarum
1267 176 1430 199 convertens
1456 179 1500 202 se,
1527 178 1594 205 oga.
1626 168 1734 203 inquit.
1762 175 1824 195 eram

210 225 305 246 nostra
332 228 348 247 a
372 220 450 248 Patre
473 222 575 249 missus
596 227 647 252 est.
662 226 688 248 et
701 221 765 248 dicit
784 229 791 246 :
809 220 877 247 Ecce
898 221 997 247 abstuli

211 265 371 300 iniquitates
399 271 514 298 tuas,et
540 272 650 301 peccata
678 271 723 293 tua
751 266 996 293 circummumlavi.

211 307 265 335 Nec
286 315 364 343 putes
388 316 492 337 natura;
506 311 709 342 contumeliam,
727 311 749 337 si
773 311 857 338 Filius
880 319 894 337 ιι
920 310 999 337 Patre

211 354 338 382 mittitur.
361 355 481 390 Denique
498 361 527 382 ut
549 356 677 382 unitatem
696 356 804 383 deitatis
820 356 847 382 in
865 356 998 384 Trinitate

212 407 375 435 cognoscas,
385 401 460 428 solus
472 401 601 428 Christus
616 402 642 427 in
657 402 781 436 pra-senti
795 402 910 429 lectione
927 411 999 430 nunc

213 451 323 479 peccata
338 446 460 477 dimittit,
473 452 499 473 et
526 451 616 473 tanten
639 451 744 473 certum
758 451 800 473 est
825 455 840 472 a
864 447 998 475 Trinitate

211 496 323 526 peccata
337 491 448 518 dimitti.
466 491 517 524 Qui
534 492 606 519 ettim
626 492 654 518 in
671 499 726 518 uno
742 492 896 524 crediderit,
911 493 997 520 credit

212 536 240 563 in
254 536 393 564 omnibus.
407 536 548 563 Deferatur
559 545 625 572 ergo
640 537 706 563 tnilti
725 538 758 564 de
777 538 875 565 altario
893 539 996 566 cmlesti

211 580 319 615 forceps
339 585 369 607 ut
385 585 477 616 tangat
490 581 562 608 labia
577 589 647 608 utea.
664 582 780 616 Forceps
795 582 902 609 Domini
919 583 942 610 si
957 588 996 610 te-

210 626 270 660 tigit
286 625 356 652 labia
369 634 440 658 mea,
457 627 571 653 mundat
582 635 625 654 ea.
641 627 673 654 Et
689 627 711 654 si
727 628 898 655 ntundaverit
913 636 956 661 ea,
969 633 996 655 et

209 672 411 699 circumciderit
433 680 448 699 a
476 673 559 705 vitiis,
575 677 606 699 ut
630 680 716 706 nuper
730 673 860 706 diximus,
875 674 994 708 aperiam

209 716 292 743 verbo
308 716 354 743 Dei
367 725 400 744 os
417 725 519 750 meum,
536 725 586 744 nec
602 718 718 745 ulterius
735 727 825 746 sermo
840 719 996 748 immundus

207 762 280 788 cxiet
291 770 323 788 ex
337 770 386 789 ore
400 771 461 790 meo
476 772 483 790 :
497 764 560 798 quia
575 772 634 790 cum
649 764 699 791 sim
720 764 807 796 homo,
819 769 844 791 et
860 765 996 792 immunda

208 808 282 834 labia
294 808 415 841 habeam,
433 809 460 835 in
479 810 565 836 medio
579 818 681 845 quoque
698 810 788 844 populi
803 811 939 837 immunda
953 811 994 837 la—

209 852 254 878 bia
279 853 399 880 habentia
423 854 522 880 habito.
540 855 682 889 Seraphim
705 856 778 890 quod
800 855 912 883 missum
934 856 994 888 fuit,

211 899 351 925 mundavit
374 899 446 926 labia
462 900 610 934 prophetat,
626 909 679 928 non
695 901 835 928 mundavit
848 908 938 929 autem
956 903 995 930 la-

212 944 255 971 bia
271 945 371 978 mpuli.
384 945 533 973 Confessus
547 951 589 974 est
603 947 676 973 enim
693 947 751 982 ipse
765 948 904 975 immunda
925 949 994 976 labia

209 997 239 1016 se
257 989 337 1024 108
350 990 458 1022 habere,
471 995 496 1018 ct
514 991 540 1017 in
556 991 645 1018 medio
661 992 752 1026 populi
770 992 908 1020 immunda
924 994 994 1022 labia

211 1035 336 1061 habentis
355 1035 486 1062 habitare.
511 1036 562 1062 Sed
579 1036 630 1063 hoc
647 1036 719 1071 qltod
736 1037 849 1064 missum
867 1043 909 1065 est
920 1046 994 1066 sera-

210 1080 295 1111 phint,
313 1088 366 1106 non
380 1080 514 1114 judicavit
532 1081 629 1116 dignos
655 1089 716 1109 esse
738 1083 772 1109 de
789 1084 900 1118 popttlo,
918 1089 947 1110 ut
968 1089 995 1111 et

208 1124 317 1152 illorutn
338 1125 408 1153 labia
429 1127 601 1158 emendaret,
623 1131 650 1154 ct
674 1128 776 1156 idcirco
798 1129 887 1157 adhuc
912 1130 995 1164 impie

206 1177 301 1206 agunt,
319 1171 420 1199 idcirco
435 1172 525 1200 adhuc
540 1172 655 1200 Domino
672 1181 733 1201 meo
746 1173 810 1201 Jesu
825 1174 936 1202 Christo
951 1183 995 1202 re-

206 1221 336 1251 pugnant,
365 1217 455 1245 adhuc
477 1219 503 1246 ei
531 1219 697 1246 maledicunt
724 1220 873 1248 immundis
901 1221 991 1249 labiis.

206 1260 263 1296 Ego
279 1267 369 1289 autem
385 1271 493 1298 precor,
516 1269 547 1291 ut
569 1265 682 1292 venietts
705 1266 841 1300 seraphim
865 1267 994 1295 cmundet

205 1308 278 1334 labia
295 1317 365 1336 mea.

241 1354 269 1382 5.
290 1354 324 1380 Et
340 1363 424 1389 regem
443 1355 584 1382 Dominum
599 1356 716 1383 Sabaoth
739 1357 793 1384 ridi
815 1358 899 1384 oculis
917 1359 991 1386 meis.

205 1398 263 1426 Cur
276 1407 329 1426 non
343 1400 467 1427 dicamus
479 1401 504 1427 in
518 1402 643 1435 prtescnti
659 1402 830 1429 traditionem
844 1404 990 1437 quamdam

206 1442 361 1471 Judawrum
378 1446 554 1473 verisimilem
569 1447 691 1481 quidem,
708 1457 758 1475 nec
780 1454 870 1476 tamen
888 1458 991 1482 veram,

1050 219 1187 250 Christus,
1204 219 1249 253 qui
1271 217 1402 252 loquebar
1419 224 1465 250 per
1488 216 1644 250 prophetas.
1661 213 1732 244 Dixi,
1751 221 1824 248 neque

1051 269 1078 291 lu
1104 263 1212 295 timeas,
1232 267 1258 289 et
1283 270 1356 289 nunc
1378 261 1494 288 mittitur
1518 260 1598 287 Iesus
1623 259 1762 286 Christus.
1776 257 1822 284 Non

1051 310 1191 337 mentitur.
1215 309 1354 336 Vobiscum
1375 317 1444 339 sum,
1462 309 1499 335 ait
1518 308 1658 339 Dominus,
1673 315 1765 334 omnes
1780 306 1824 332 dict

1051 364 1131 390 usque
1147 355 1182 382 ad
1200 355 1449 382 consummationem
1466 353 1558 380 stt-culi
1573 354 1605 380 “.
1620 353 1680 380 Non
1695 352 1823 379 mentitur.

1053 400 1104 427 L'bi
1120 401 1174 428 duo
1190 401 1228 426 rel
1247 406 1300 426 tres
1313 399 1415 426 collecti
1435 404 1495 425 sunt
1511 399 1535 424 in
1548 398 1654 425 nomine
1670 406 1739 429 meo,
1752 402 1775 423 et
1787 405 1825 432 ego

1049 455 1106 472 sum
1126 446 1153 472 in
1167 447 1252 472 medio
1264 453 1355 472 eorum
1373 445 1407 470 “.
1424 444 1559 476 Quoniam
1576 443 1659 478 igitur
1672 448 1773 478 praesto
1782 448 1824 474 est,

1049 499 1076 521 ct
1092 493 1197 520 assistit
1213 492 1293 519 Jesus
1310 491 1448 522 Christus,
1463 496 1490 518 ct
1504 495 1616 526 paratus
1629 495 1672 517 est
1683 495 1711 517 et
1724 489 1826 524 praecin-

1049 545 1110 567 ctus
1126 547 1249 567 summus
1263 538 1391 566 sacerdos
1405 538 1504 565 offerre
1514 537 1588 564 Patri
1602 536 1826 571 interpellationes

1049 590 1170 618 nostras,
1189 589 1332 620 surgentes
1354 592 1401 619 per
1418 585 1506 619 ipsum
1524 583 1658 611 sacriﬁcia
1675 581 1750 609 l’atri
1772 581 1826 608 olle-

1050 639 1155 658 ramus.
1176 631 1236 666 Ipse
1257 630 1330 658 enim
1353 630 1510 664 propitiatio
1524 635 1567 656 est
1582 637 1632 663 pro
1648 627 1768 663 peccatis
1786 635 1826 653 no-

1048 675 1125 708 stris,
1136 675 1180 702 cui
1199 679 1242 702 est
1257 674 1343 710 gloria
1360 679 1387 702 et
1401 674 1543 708 imperium
1562 674 1589 700 itt
1604 673 1705 700 saecula
1722 673 1826 700 saculo-

1047 730 1120 749 rum.
1135 723 1233 750 Amen.

1343 765 1485 793 ιιοιιιιιιι
1505 764 1536 793 ll.

1048 823 1085 851 De
1096 831 1130 851 eo
1146 823 1218 858 quod
1233 823 1364 857 scriptum
1378 827 1420 849 est
1437 831 1444 849 :
1464 822 1529 849 Ετοε
1543 823 1616 856 rit-go
1633 823 1660 849 in
1679 827 1754 849 utero
1772 829 1826 848 cott-

1281 858 1369 891 cipiel,
1382 862 1434 884 ctc.
1457 857 1527 892 (cap.
1545 859 1605 892 vn).

1082 904 1106 931 Ι.
1126 904 1262 937 Quantum
1289 903 1323 929 ad
1354 902 1456 929 dictum
1471 902 1576 934 attinet,
1601 902 1756 928 verecunde
1772 901 1827 929 fecit

1045 949 1136 976 Acha:
1149 958 1212 977 cum
1224 949 1249 976 ei
1267 947 1366 976 fuisset
1379 948 1553 982 imperatum,
1564 952 1594 974 ut
1607 952 1710 981 peteret
1725 947 1827 981 signum

1046 995 1072 1021 itt
1088 995 1253 1029 profundum
1269 999 1316 1022 aut
1337 994 1363 1021 in
1380 993 1532 1024 excelsum,
1549 996 1577 1019 et
1590 993 1725 1020 rationem
1744 993 1828 1020 reddi-

1045 1040 1084 1068 dit
1112 1049 1161 1068 cur
1186 1045 1278 1076 petere
1304 1039 1432 1067 noluerit.
1461 1038 1506 1065 Ait
1534 1039 1635 1073 quippe
1660 1038 1743 1073 (cap.
1776 1046 1827 1069 vu,

1045 1096 1117 1115 vers.
1135 1087 1179 1122 12)
1191 1096 1198 1114 :
1214 1087 1273 1114 Non
1286 1091 1383 1122 petam,
1396 1090 1421 1112 et
1432 1093 1485 1112 non
1499 1085 1605 1112 tentabo
1621 1084 1775 1112 Dominum.
1787 1084 1828 1110 Est

1044 1139 1135 1161 tamen
1150 1141 1232 1168 super
1241 1133 1292 1160 hoc
1303 1133 1386 1160 verbo
1400 1131 1535 1165 culpatus,
1559 1135 1587 1157 et
1606 1131 1709 1157 dicitur
1721 1131 1755 1157 ad
1769 1139 1824 1157 eum

1047 1180 1129 1211 (vers.
1142 1179 1183 1212 l3)
1196 1187 1203 1205 :
1219 1178 1315 1205 Audite
1329 1186 1407 1209 nunc,
1422 1178 1517 1204 domus
1526 1176 1623 1203 David.
1640 1176 1770 1211 Nunquid
1779 1184 1827 1201 πιο-

1046 1225 1134 1250 dicum
1144 1223 1213 1250 vobis
1226 1231 1352 1258 praestare
1361 1228 1492 1249 certamen
1500 1221 1660 1254 hominibus,
1669 1227 1693 1248 et
1703 1222 1827 1256 quomodo

1047 1269 1159 1296 Domino
1173 1268 1307 1303 praestatis
1321 1267 1473 1295 certamen?
1488 1266 1591 1294 Deinde
1598 1267 1700 1294 dicitur
1716 1267 1774 1293 hare
1790 1273 1827 1292 tc-

1044 1315 1191 1350 promissio
1208 1315 1294 1349 (vers.
1308 1314 1353 1349 M)
1373 1323 1379 1340 :
1395 1313 1458 1340 Ideo
1478 1314 1607 1341 Dominus
1631 1314 1684 1346 ipse
1699 1313 1774 1339 dabit
1788 1320 1827 1338 νου

1045 1361 1084 1387 bis
1098 1361 1212 1395 signum.
1234 1359 1300 1386 Ecce
1320 1361 1392 1394 virgo
1406 1360 1434 1386 in
1453 1365 1529 1386 utero
1551 1360 1675 1394 accipiet,
1698 1364 1724 1385 et
1747 1358 1826 1393 pariet

1044 1406 1141 1440 ﬁlium,
1157 1410 1181 1432 et
1201 1405 1303 1431 vocabis
1326 1411 1419 1430 nomen
1438 1403 1495 1435 eius
1517 1402 1687 1429 Emmanuel.
1707 1401 1770 1428 Haec
1787 1408 1826 1427 cx-

1044 1455 1191 1485 ponantur,
1208 1455 1235 1477 et
1257 1451 1291 1477 de
1315 1449 1427 1484 reliquis
1448 1448 1614 1481 videbimus,
1637 1448 1790 1482 indigentes
1805 1451 1827 1472 et

205 1494 234 1517 ct
254 1491 418 1519 solutionem
443 1493 503 1527 cjus
517 1501 601 1527 quare
623 1501 678 1521 non
704 1494 897 1523 inveniamus?
910 1497 1026 1527 AiuntC
1044 1497 1071 1524 itt
1095 1496 1149 1524 illis
1175 1495 1261 1530 gratia
1288 1495 1334 1522 Dei
1360 1499 1390 1522 ut
1418 1493 1640 1522 manifestcntur.
1665 1493 1780 1520 Jubrtur
1802 1497 1827 1518 ut

206 1537 268 1564 ideo
290 1536 388 1565 Isaiam
413 1546 474 1565 esse
501 1544 606 1566 sectum
633 1548 648 1566 a
676 1541 786 1576 populo,
800 1542 878 1576 quasi
903 1543 988 1578 legem

205 1584 438 1617 pravaricantem,
455 1588 481 1610 ct
494 1588 570 1610 extra
593 1584 748 1619 Scripturas
772 1587 990 1616 annuntiantem.

206 1629 348 1663 Scriptura
363 1629 436 1656 enim
451 1629 517 1656 dicit
534 1639 541 1656 :
565 1629 650 1657 Nemo
670 1631 766 1658 ridebit
786 1633 880 1666 [aciem
896 1641 991 1665 nteant,

1044 1547 1116 1576 petat
1139 1541 1258 1575 signum,
1273 1548 1326 1567 non
1340 1540 1510 1574 simpliciter,
1525 1539 1572 1566 sed
1587 1539 1639 1566 sibi
1658 1539 1721 1573 ipsi.
1736 1537 1828 1565 Sermo

1045 1587 1146 1621 quippe
1167 1586 1204 1612 ait
1224 1586 1307 1621 (vers.
1329 1585 1373 1619 ll)
1388 1595 1394 1612 :
1410 1584 1473 1611 Pete
1488 1584 1536 1611 tibi
1551 1586 1659 1619 signum
1680 1593 1696 1610 α
1719 1583 1827 1609 Domino

1043 1632 1098 1658 Deo
1113 1637 1159 1658 tuo
1174 1632 1201 1657 in
1223 1631 1384 1665 profundum
1397 1636 1445 1658 aut
1460 1632 1486 1658 in
1500 1631 1641 1658 excelsum.
1657 1629 1826 1663 Propositum

205 1676 356 1703 clvioet“.
373 1675 425 1703 Iste
447 1684 509 1703 vero
530 1676 591 1703 ait:
622 1676 682 1703 Vidi
699 1677 839 1704 Dominum
862 1678 990 1706 Sabaoth.
1042 1683 1085 1705 cst
1105 1678 1212 1712 signum
1239 1677 1371 1704 Dominus
1401 1685 1479 1704 metis
1505 1676 1587 1703 Jcsus
1613 1676 1754 1703 Christus.
1778 1674 1827 1700 Hoc

206 1719 323 1756 Moyses,
348 1722 435 1753 aiunt,
463 1728 516 1748 non
538 1721 614 1753 vidit,
627 1727 653 1748 et
671 1727 698 1748 ιιι
720 1723 822 1750 vidisti.
838 1723 869 1750 Et
884 1729 992 1758 propter
1042 1724 1115 1751 enim
1137 1728 1179 1750 est
1203 1723 1310 1756 signum
1338 1723 1410 1757 quod
1432 1722 1587 1757 jubeturut
1603 1723 1655 1749 sibi
1672 1722 1791 1757 postulet
1805 1722 1827 1747 itt

207 1767 259 1793 hoc
271 1774 333 1794 eum
350 1772 508 1799 secuerunt,
523 1773 550 1794 et
564 1768 813 1795 condemnavcrunt
826 1776 888 1795 eum
905 1775 933 1796 ut
945 1770 992 1796 im-
1042 1767 1207 1803 profundum
1221 1772 1268 1794 aut
1283 1767 1309 1793 in
1323 1767 1473 1794 excelsum.
1486 1766 1514 1793 ln
1528 1766 1697 1801 profundunt
1711 1766 1827 1800 quidem,

206 1813 292 1847 pittm.
307 1812 366 1840 Non
383 1813 454 1840 enim
470 1814 593 1840 sciebant
609 1814 672 1849 quia
691 1814 797 1842 duabus
815 1815 866 1842 alis
884 1816 991 1843 velavc-
1042 1813 1106 1847 quia
1130 1812 1178 1846 qui
1204 1811 1354 1843 descendit,
1377 1811 1434 1846 ipse
1458 1816 1510 1838 est.
1537 1811 1566 1837 ln
1591 1811 1732 1838 excelsum
1760 1818 1828 1841 vero,

205 1863 271 1887 runt
293 1858 390 1885 faciem
409 1858 454 1885 Dei
472 1859 618 1893 scraphim.
644 1859 703 1886 Vidi
719 1859 870 1890 Dominum,
887 1861 934 1888 sed
951 1861 992 1888 la-
1042 1858 1106 1892 quia
1132 1857 1179 1891 qui
1207 1855 1331 1883 ascendit
1356 1863 1438 1890 super
1467 1863 1564 1882 omnes
1584 1855 1682 1886 οωιοε.
1697 1855 1757 1889 ipse
1783 1859 1828 1881 θεί-

203 1905 273 1932 ciem
290 1911 343 1930 non
359 1904 425 1930 vidit
441 1903 535 1937 Isaias,
552 1912 602 1932 nec
619 1904 725 1939 Moyses
740 1905 816 1932 vidit.
835 1905 991 1933 Posteriora
1042 1903 1107 1929 Mihi
1126 1907 1216 1929 autem
1234 1902 1285 1929 hoc
1296 1902 1402 1936 signum
1419 1901 1590 1935 propositum
1604 1900 1740 1928 Dominus
1753 1908 1828 1927 meus

204 1950 281 1980 vidit,
298 1953 327 1976 ut
347 1949 479 1984 scriptum
497 1953 549 1982 est,
567 1949 684 1984 Moyses.
713 1949 905 1977 Verumtamen
924 1951 992 1978 vidit
1041 1948 1122 1975 .lcsus
1139 1947 1265 1975 Christus
1284 1946 1311 1973 in
1328 1945 1494 1981 profundum
1507 1946 1576 1972 etin
1593 1945 1748 1978 excelsum,
1768 1944 1831 1971 nihil

205 1995 362 2024 Dominum.
383 1995 434 2022 etsi
452 1995 548 2022 faciem
567 1995 627 2028 ejus
643 2002 697 2021 non
718 1995 794 2022 vidit.
811 1995 843 2021 Et
861 1996 906 2022 hic
927 2003 992 2030 ergo
1042 1992 1163 2027 prodest,
1181 1992 1204 2019 si
1221 2000 1273 2018 non
1292 1991 1358 2018 mihi
1383 1991 1429 2017 fiat
1451 1991 1613 2025 mysterium
1636 1990 1672 2017 de
1696 1990 1832 2024 profundo

204 2040 282 2071 vidit,
300 2040 363 2066 licet
380 2039 475 2066 facient
490 2047 543 2066 non
555 2039 663 2066 viderit.
684 2039 752 2066 Maio
784 2040 868 2075 igitur
892 2042 991 2068 conde-

205 2083 546 2118 mnaveruntprophetam.
558 2085 640 2116 (vers.
654 2084 677 2115 5,
693 2085 720 2119 ti)
742 2084 773 2110 Et
798 2093 882 2118 regem
899 2084 991 2111 Domi-

206 2136 269 2154 num
286 2128 403 2155 Sabaoth
424 2128 477 2154 vidi
496 2128 580 2154 oculis
600 2129 674 2159 meis,
689 2134 713 2154 et
735 2129 830 2155 missus
845 2134 883 2156 est
902 2129 936 2156 ad
951 2139 991 2157 me

1040 2044 1066 2064 et
1080 2038 1186 2066 excelso
1200 2038 1270 2072 ejus.
1288 2037 1356 2064 Cum
1371 2037 1443 2063 enim
1457 2044 1507 2070 ego
1523 2044 1656 2071 recepero
1671 2037 1831 2072 mysterium

1041 2084 1074 2111 de
1089 2083 1199 2110 Christo
1210 2083 1286 2114 Jcsu,
1302 2083 1335 2109 tle
1351 2082 1485 2117 profundo
1496 2087 1524 2108 et.
1539 2082 1661 2113 excelso,
1677 2087 1746 2110 tunc
1762 2083 1832 2110 arci-

1042 2129 1112 2163 piam
1125 2130 1230 2164 signum
1245 2128 1395 2155 secundum
1409 2133 1573 2162 prtcccptum
1588 2127 1713 2160 Dotnini,
1727 2133 1756 2156 et
1766 2129 1833 2156 dice-

206 2181 274 2199 unus
289 2173 321 2199 de
333 2173 473 2206 semp/tim.
490 2172 548 2199 Non
567 2178 610 2200 est
629 2181 699 2200 unus
724 2174 780 2207 (86)
808 2174 913 2201 Domini
937 2175 989 2202 mei
1006 2161 1029 2189 υ
1043 2161 1086 2201 tur
1098 2161 1162 2201 mihi
1180 2174 1256 2208 quasi
1271 2173 1381 2200 habenti
1398 2173 1424 2199 in
1440 2173 1602 2207 memetipso
1617 2174 1793 2207 profundum
1808 2178 1832 2200 ct

205 2217 270 2245 Jesu
290 2217 392 2245 Christi
418 2219 549 2244 adventus
567 2226 622 2251 quo
638 2219 777 2245 descendit
796 2219 828 2246 ad
843 2224 929 2247 terras
944 2229 950 2247 :
963 2225 990 2247 ct

203 2264 238 2291 ad
250 2263 346 2291 Isaiam
361 2264 444 2294 venit,
458 2268 484 2289 et
494 2264 527 2290 ad
541 2263 650 2298 Moysen
666 2265 750 2296 venit,
765 2270 792 2291 et
807 2266 840 2292 ad
858 2267 987 2300 populutn

204 2309 289 2340 venit.
309 2313 337 2336 et
359 2309 394 2335 ad
422 2317 644 2344 unumquemque
672 2310 865 2344 prophetarum
895 2311 986 2344 venit;

205 2363 294 2390 neque
307 2360 336 2382 tu
351 2355 448 2382 timeas
462 2365 468 2381 :
482 2355 564 2381 etiam
582 2355 604 2383 si
620 2355 675 2390 jam
700 2357 771 2383 caelo
795 2361 921 2391 receptus
935 2362 987 2390 est,

205 2400 303 2427 iterum
317 2401 416 2428 veniet.
430 2401 497 2434 Quia
518 2406 607 2428 autem
625 2407 651 2429 et
670 2407 733 2429 ante
747 2403 916 2437 praesentiam
931 2411 991 2430 car-

205 2447 294 2473 nalem
312 2446 345 2474 ad
373 2447 497 2476 homines
515 2449 630 2481 venerit,
655 2449 745 2484 ipsum
773 2451 864 2485 accipe
892 2455 989 2477 testem

201 2492 408 2520 denuntiantem
422 2498 503 2528 atque
518 2495 651 2522 dicentem
667 2505 674 2523 z
693 2495 872 2529 Hierusalem,
890 2495 989 2522 Hieru-

202 2537 296 2570 salem,
321 2545 380 2572 qua!
404 2539 501 2565 occidis
523 2539 680 2574 prop/tetas,
702 2545 727 2567 et
749 2540 854 2574 (opido;
878 2548 921 2566 eos
944 2540 989 2574 qui

203 2583 277 2610 missi
287 2587 348 2610 sunt
364 2584 399 2610 ad
416 2589 448 2614 te,
464 2586 564 2619 quatiet
577 2585 647 2612 volui
662 2585 785 2619 colligere
797 2585 868 2619 ﬁlios
884 2590 943 2611 tuos
954 2585 988 2612 “.

202 2628 316 2659 Quoties
331 2629 415 2656 volui.
434 2629 490 2657 Non
505 2631 581 2662 dicit,
600 2638 652 2657 non
676 2630 729 2656 vidi
753 2635 778 2656 te
799 2630 851 2656 nisi
874 2629 926 2656 isto
940 2629 987 2655 ad-

204 2677 286 2699 ventu
311 2682 317 2700 :
342 2674 390 2701 sed
409 2675 491 2707 dicit,
515 2676 622 2709 quoties
643 2675 727 2702 volui.
746 2674 778 2701 Et
801 2682 849 2708 per
868 2674 989 2709 singulos

226 2728 261 2787 7"
278 2727 363 2755 Exod.
380 2737 476 2762 xum,
493 2730 538 2756 20.
576 2729 598 2745 ι’
613 2729 707 2756 Matth.
726 2736 803 2761 xxut,
819 2728 862 2755 57.

917 2727 940 2742 ⁸³
960 2727 1056 2754 Matth.
1072 2734 1168 2758 xxvm,
1184 2725 1228 2752 20.

1041 2220 1177 2246 excelsum
1195 2229 1201 2246 :
1221 2218 1311 2252 Neque
1323 2217 1424 2243 dixeris
1439 2218 1466 2244 in
1478 2217 1557 2244 corde
1568 2223 1614 2244 luo
1627 2225 1636 2244 :
1656 2218 1726 2250 Qui;
1741 2227 1833 2245 ascen-

1040 2265 1080 2291 dit
1095 2265 1121 2290 in
1136 2264 1249 2290 calum?
1271 2262 1328 2288 Hoc
1341 2267 1379 2289 est
1396 2262 1531 2289 Christum
1547 2263 1689 2290 deducere.
1706 2264 1763 2290 Aut
1778 2264 1833 2299 quis

1039 2310 1173 2337 descendit
1193 2310 1218 2335 in
1233 2309 1376 2344 abyssum?
1394 2308 1449 2335 Hoc
1461 2314 1499 2335 est
1514 2308 1655 2336 Christum
1674 2317 1709 2336 ex
1724 2311 1833 2336 mortuis

1041 2356 1163 2382 reducere
1189 2354 1273 2381 Juxta
1292 2360 1330 2381 est
1344 2355 1449 2381 uerbum
1471 2358 1549 2381 tuum
1573 2355 1728 2383 vehemens
1750 2357 1779 2382 in
1794 2364 1833 2381 ore

1044 2405 1101 2433 tuo,
1117 2405 1141 2426 et
1153 2400 1180 2426 in
1193 2399 1271 2426 corde
1282 2404 1326 2426 tuo
1341 2400 1373 2426 “.
1387 2399 1547 2433 Pratcipitur
1560 2407 1628 2434 ergo
1644 2401 1728 2428 nobis
1745 2401 1834 2427 omni-

1042 2443 1104 2476 bus,
1123 2447 1152 2470 ut
1171 2447 1296 2478 petamus
1311 2443 1390 2470 nobis
1405 2443 1455 2470 hoc
1477 2443 1599 2477 signum,
1617 2448 1648 2470 ut
1673 2445 1758 2472 nobis
1775 2445 1836 2471 utile

1041 2488 1088 2515 ﬁat
1113 2489 1219 2522 signum
1235 2488 1308 2523 quod
1322 2488 1368 2515 dat
1384 2487 1516 2515 Dominus
1530 2487 1603 2516 Deus
1618 2489 1646 2516 in
1665 2490 1835 2524 profundunt

1042 2538 1070 2560 et
1085 2533 1111 2560 in
1133 2533 1281 2560 excelsum.
1296 2533 1324 2560 Si
1342 2534 1402 2568 quis
1419 2538 1510 2561 autem
1527 2539 1570 2561 est
1586 2535 1634 2569 qui
1652 2535 1737 2568 sciat,
1753 2541 1783 2562 et
1796 2543 1835 2560 ra-

1043 2579 1165 2606 tionabili
1199 2579 1426 2613 contemplatione
1448 2584 1596 2613 cognoscat
1619 2580 1672 2607 hoc
1697 2580 1776 2614 quod
1798 2580 1836 2606 di-

1042 2630 1115 2652 ctum
1132 2630 1184 2656 est,
1202 2625 1229 2651 in
1247 2625 1406 2659 profundum
1421 2632 1444 2652 et
1459 2626 1486 2652 in
1500 2626 1645 2658 excelsum,
1660 2634 1717 2653 non
1735 2627 1836 2660 disjun-

1043 2673 1112 2699 clivo
1127 2678 1187 2698 esse
1199 2671 1312 2703 dictum,
1327 2671 1461 2705 signiﬁcat
1472 2672 1545 2699 enim
1565 2673 1620 2699 hoc
1637 2673 1712 2706 quod
1732 2679 1836 2699 utrum-

1280 2725 1302 2741 5"
1317 2725 1411 2752 Matth.
1431 2735 1508 2758 xvnt,
1527 2727 1568 2753 l9.
1624 2728 1646 2743 ³³
1665 2727 1749 2754 Ιιοιιι.
1767 2735 1794 2757 ι.
1810 2726 1834 2758 6,

244 2806 300 2842 (813)
319 2807 378 2834 Non
400 2813 438 2834 est
454 2817 520 2836 unus
537 2809 641 2837 Domini
663 2810 711 2836 mei
733 2808 795 2837 Iesu
816 2809 916 2836 Christi
941 2807 1077 2841 adcentus,
1093 2811 1144 2835 etc.
1158 2806 1223 2835 vide
1235 2806 1464 2841 lib.tt0rigcniatt
1481 2827 1488 2841 ,
1501 2811 1600 2842 quaest.
1613 2808 1642 2842 5,
1653 2809 1774 2836 num}.
