1879 3046
52 113 96 140 295

661 113 693 140 IN
714 111 830 139 lSAIAM
852 110 993 138 HOMIHA
1016 111 1047 138 ll.

1616 117 1669 146 226

52 179 97 204 quc.
114 170 207 205 possit.
226 169 288 197 Pete
304 171 352 198 tibi
369 173 472 207 signum
493 181 509 199 a
532 172 644 199 Domino
669 174 696 198 in
715 171 822 206 profun-
845 174 866 200 Λ
882 171 996 203 Sllouis;
1016 178 1062 198 aut
1077 175 1150 198 certe
1166 179 1274 198 rursum
1291 172 1376 206 gratia
1393 172 1439 200 Dei
1453 181 1500 208 per
1514 182 1595 209 quem
1609 177 1667 204 vult

52 217 105 242 dum
121 220 145 242 et
165 216 192 242 in
210 217 352 244 excelsum.
369 217 401 245 Et
418 219 444 245 in
459 219 639 252 promissione
651 223 741 244 autem
759 217 828 243 dixit

51 261 210 294 Apostolus:
236 263 267 289 (lt
294 270 489 297 cognoscamus
518 263 580 297 quid
607 263 641 288 sit
669 263 828 297 profundum

51 312 71 331 rt
93 307 235 337 excelsum.
264 313 286 334 et
308 308 458 344 longitudo,
482 313 507 336 et
531 309 643 335 latitudo
663 309 695 336 ".
714 309 746 336 Et
763 309 830 336 dixit

51 352 126 378 Acltaz
137 361 145 378 :
155 352 214 379 Non
228 358 324 382 petam.
339 354 497 381 incredulus
508 354 566 381 fuit.
577 354 648 381 Dixit
660 354 733 381 enini
746 364 752 381 :
765 354 831 382 Pete

54 395 93 420 tibi
110 395 166 428 ipsi.
188 394 310 429 Populus
324 401 414 424 autem
438 404 524 431 usque
540 397 620 424 hodie
637 405 692 424 non
709 399 775 432 petit
789 399 827 426 si-

53 448 135 474 gnum,
144 444 286 474 propterea
294 449 347 468 non
354 442 435 470 habet
455 443 543 475 illum,
558 447 584 469 et
594 443 694 478 praebet
711 443 827 471 Domino

54 489 177 511 certamen
195 485 313 520 populus
324 486 371 520 qui
391 495 446 513 non
461 487 556 522 recipit
571 487 716 514 Dominum
735 496 825 516 meum

53 530 134 557 Jesum
146 530 297 558 Christum.
313 531 415 559 Deinde
431 532 482 559 alia
496 533 619 567 sequitur
629 535 754 568 qutestio.
772 535 826 562 isto

54 575 115 600 enim
129 575 233 601 dicente
252 584 258 602 :
275 574 335 601 Non
352 581 449 610 petam,
461 585 542 611 neque
554 579 657 604 tentttbo
671 578 824 612 Dominum;

55 619 491 653 109etarstitnanteteutationem
498 629 559 648 esse
567 622 590 649 si
599 628 699 657 peteret
705 624 824 659 signum,

55 665 85 690 ait
99 673 104 689 :
119 664 211 691 Audite
227 673 306 696 nunc,
325 666 416 691 domus
433 665 528 693 David.
542 666 668 702 Nunquid
684 669 754 696 vobis
769 678 824 697 mo-

53 709 129 734 dicum
146 714 182 735 est
200 714 328 743 praestare
341 715 470 737 certamen
485 712 644 746 hominibus,
658 718 682 740 et
696 715 824 748 quomodo

55 756 152 782 Domino
173 758 307 790 praestatis
333 759 485 785 certamen?
518 758 576 786 Non
599 765 710 795 praestat
733 766 822 789 autem

53 807 174 829 certamen
193 802 326 837 Domino,
351 811 438 838 neque
451 805 609 834 hominibus
624 814 684 833 cum
705 808 823 835 arbitror

54 850 167 879 pnestare
182 852 321 875 certamen
344 848 390 882 qui
413 848 479 882 petit
495 849 602 883 signum
617 850 643 876 in
656 850 819 884 profundum

54 896 91 918 aut
106 891 130 918 in
145 892 292 919 excelsum.
312 892 454 920 Certamen
469 894 568 928 quippe
583 894 629 921 Dei
643 900 695 928 est,
706 903 820 930 quomo—

53 937 81 963 do
100 937 178 964 salvct
199 938 350 965 hominem.
377 938 435 965 Non
451 944 561 973 praestat
585 940 666 975 igitur
682 946 818 968 certamen

55 982 151 1010 ltomino
161 983 205 1017 qui
219 983 342 1018 confligit
356 985 389 1011 ad
406 986 530 1012 salutctn.
555 985 606 1018 Qui
627 994 689 1013 vero
706 986 820 1014 Domino

53 1030 154 1053 certante
171 1031 200 1053 ut
217 1027 305 1054 salvet
319 1027 468 1060 hominem,
493 1028 562 1063 fugit
577 1038 591 1056 ιι
607 1030 703 1063 salute,
719 1036 745 1057 et
756 1038 820 1065 pro-

54 1071 87 1097 eul
98 1072 189 1099 recedit
213 1080 228 1099 a
254 1072 388 1106 Domino,
414 1080 523 1108 praestat
540 1075 655 1103 Domino
671 1081 819 1105 certamen.

55 1117 105 1144 ideo
123 1118 192 1145 dabit
216 1119 345 1146 Dominus
366 1120 420 1154 ipse
442 1121 513 1147 vobis
526 1122 639 1156 signum.
670 1122 737 1149 Ecce
748 1123 819 1158 virgo

54 1164 74 1189 ia
86 1169 149 1191 utero
162 1166 287 1197 accipiet,
307 1170 332 1192 et
346 1167 430 1200 pariet
444 1167 529 1201 ﬁlium
540 1187 547 1199 ,
569 1172 593 1194 et
609 1169 712 1194 vacabis
727 1177 820 1195 nomen

53 1209 97 1242 ejus
124 1209 286 1237 Emmanuel.
328 1210 434 1239 Veritas
465 1213 660 1246 exemplarium
684 1213 820 1248 prophetae

54 1255 119 1288 hujus
133 1256 203 1287 dicit,
228 1257 344 1283 vocabis.
366 1257 393 1283 In
411 1257 536 1285 Mattheeo
561 1266 642 1292 porro
667 1259 769 1286 scimus
782 1260 820 1286 le-

53 1300 124 1326 uitari
138 1309 144 1326 :
160 1300 192 1327 Et
209 1302 347 1328 vocabitur
364 1303 418 1337 (8'1)
435 1311 526 1330 nomen
539 1304 596 1338 ejus
611 1303 767 1331 Emmanuel
784 1305 818 1334 ⁸⁷.

53 1343 98 1371 Non
110 1353 248 1379 possumus
260 1347 352 1374 dicere
364 1367 371 1379 ,
387 1349 450 1382 qttia
467 1352 591 1383 oporteat
610 1349 700 1376 minus
716 1350 819 1385 aliquid

53 1389 126 1416 facere
147 1391 178 1418 de
200 1392 343 1426 propheta.
382 1392 526 1426 Quomodo
555 1401 619 1420 vero
643 1393 818 1429 Evangelium

53 1435 108 1462 hanc
122 1436 196 1463 habet
216 1437 400 1472 scripturam?
427 1437 524 1465 Utrum
542 1438 576 1465 ab
591 1439 683 1473 aliquo
701 1447 755 1466 non
777 1441 818 1466 in-

52 1481 181 1515 telligente,
201 1488 227 1509 et
242 1483 274 1509 ad
294 1483 416 1510 facilior-:1
434 1488 575 1515 currente.
599 1485 735 1518 quomodo
748 1489 775 1512 et
790 1485 816 1512 in

52 1526 100 1553 aliis
114 1528 199 1555 multis
211 1529 313 1556 factum
329 1534 388 1562 est;
405 1537 439 1556 an
456 1530 496 1556 sic
511 1537 525 1556 a
541 1530 683 1564 principio,
700 1535 727 1557 ut
742 1531 816 1558 dicat

52 1570 146 1599 forsitan
169 1573 266 1608 aliquis
289 1574 391 1601 editum
406 1581 466 1601 esse
488 1573 678 1609 Evangeliunt;
695 1575 741 1610 qui
758 1576 816 1602 vult

53 1617 170 1645 deliberet.
189 1619 324 1654 Propheta
343 1620 451 1654 quidem
467 1620 611 1648 manifeste
625 1621 713 1654 habet,
727 1627 751 1648 et
768 1630 814 1648 vo—

53 1664 109 1690 tabis
129 1673 215 1692 nomen
237 1666 295 1700 ejus
324 1665 490 1693 Emmanuel.
521 1666 587 1694 Novi
614 1667 759 1701 quemdam
786 1668 814 1695 in

52 1710 143 1737 exordio
165 1711 361 1746 scripturarntn
385 1711 524 1747 Evangelii
546 1712 677 1747 legentem
693 1722 700 1740 :
717 1713 751 1740 Et
767 1722 813 1741 uo—

51 1754 108 1782 cubis
118 1764 201 1784 nomen
215 1758 270 1788 eius
288 1757 455 1790 Emmanuel,
471 1757 574 1786 dixisse
586 1758 655 1785 intra
671 1759 790 1793 scipsum
805 1770 812 1788 :

52 1799 107 1832 Quid
127 1807 183 1836 est,
206 1803 335 1831 vocabis?
354 1803 421 1837 Quis
436 1804 561 1831 vocabit?
577 1804 678 1832 Achaz.
699 1804 731 1832 Et
745 1813 814 1839 quo-

53 1847 117 1873 modo
141 1849 224 1882 potuit
248 1849 342 1876 Acltaz
357 1849 391 1877 de
405 1849 544 1877 Salvatore
558 1850 604 1884 qui
620 1855 680 1884 post
702 1858 813 1885 genera-

53 1891 122 1919 tiones
143 1894 236 1922 mullas
256 1895 348 1927 venit,
372 1896 488 1922 audire:
511 1895 621 1922 Vocabis
643 1904 734 1923 nomen
755 1896 812 1931 ejus

54 1937 202 1972 Emmanuel;
231 1946 313 1976 atque
341 1941 376 1968 ita
403 1949 452 1976 pro
473 1948 506 1968 eo
528 1941 600 1976 quod
620 1946 671 1974 est,
697 1943 811 1975 vocabis,

53 1983 187 2018 scripsisse,
204 1987 350 2013 vocabitur.
382 1986 434 2013 Sed
449 1987 509 2013 vide
521 1987 585 2021 quia
599 1994 651 2014 non
665 1987 755 2015 Acltaz
769 1988 812 2015 di-

52 2027 125 2055 citur:
145 2029 175 2057 Et
193 2032 293 2058 vocabis
315 2039 406 2058 nomen
421 2032 478 2066 ejus
495 2031 652 2058 Emmanuel
663 2052 671 2064 ,
688 2033 735 2060 sed
759 2033 811 2061 do-

53 2074 97 2101 mui
116 2075 191 2103 David
211 2078 271 2105 vide
299 2077 444 2106 manifeste
463 2078 565 2106 dictum
585 2088 591 2106 :
612 2079 708 2106 Audite
729 2088 809 2114 nunc,

52 2118 126 2147 domus
139 2121 217 2149 David
232 2131 242 2150 :
259 2124 387 2159 Nunquid
401 2124 534 2151 modicum
552 2125 624 2152 vobis
635 2129 673 2152 est
683 2131 810 2160 praestare

53 2170 158 2194 certamen
171 2168 317 2197 hominibus
328 2190 335 2202 ,
356 2175 380 2197 et
400 2173 529 2205 quomodo
546 2171 657 2198 Domino
675 2172 809 2206 prwstatis

907 2166 940 2193 de
961 2165 1040 2192 melle
1066 2164 1206 2190 comedere
1231 2170 1282 2189 non
1306 2164 1407 2196 possim
1431 2170 1437 2188 :

53 2214 177 2240 certamen!
204 2214 266 2242 Ideo
288 2215 364 2242 dabit
384 2215 512 2243 Dominus
528 2216 583 2251 ipse
603 2217 673 2243 vobis
693 2217 808 2252 signum.

55 2253 106 2283 Ecce
115 2259 177 2294 virgo
190 2260 217 2286 in
231 2266 305 2287 utero
322 2261 459 2296 concipiet,
476 2265 500 2288 et
516 2262 600 2296 pariet
613 2261 711 2296 ﬁlium,
726 2267 749 2288 et
766 2270 809 2288 t‘O-

53 2302 110 2329 tabis
126 2312 209 2332 nomen
227 2307 283 2341 ejus
301 2306 469 2334 Emmanuel.
501 2307 553 2334 Sed
580 2307 690 2342 quando
717 2307 809 2342 itaque

54 2352 95 2373 non
107 2347 267 2385 intelligimus
285 2352 337 2378 hoc
353 2351 425 2386 quod
440 2352 542 2379 dictum
559 2356 611 2383 est,
628 2351 695 2378 nihil
717 2359 750 2378 ex
775 2358 809 2378 eo

53 2391 125 2420 minus
139 2394 271 2429 iaciamus,
294 2403 382 2430 neque
399 2396 431 2423 ad
448 2395 569 2423 faciliora
583 2402 736 2427 curramus,
759 2395 806 2422 sed

54 2441 211 2470 exspectemus
234 2440 322 2467 donec
348 2441 432 2475 gratia
452 2439 497 2467 Dei
513 2439 639 2474 subjiciat
662 2439 742 2466 nobis
758 2446 806 2474 per

55 2479 247 2512 illuminationcm
275 2485 396 2513 scientiae
420 2485 636 2520 explanationem
655 2484 711 2520 (88)
728 2491 804 2519 qua:-

44 2543 46 2545 '
79 2537 195 2572 “Ephes.
216 2549 256 2574 ιιι,
275 2542 319 2569 18.
372 2542 395 2558 ⁸⁷
413 2541 508 2569 Matth.
529 2550 549 2574 t,
563 2541 608 2568 23.

55 2577 112 2605 utr,
122 2574 160 2602 Β.

80 2617 126 2653 (8⁷)
144 2619 172 2646 In
185 2620 307 2657 lfatthwo
322 2618 639 2657 porroscimus‘leetitari
653 2625 661 2644 :
681 2616 715 2643 Et
726 2624 803 2657 voca.

55 2650 175 2694 bitur,'et_c.
194 2656 286 2694 blatth.
300 2665 307 2683 ι
319 2650 327 2688 ξ
342 2657 388 2694 ἰᾷ,
400 2655 498 2694 legitur
511 2653 538 2680 in
552 2652 655 2694 graecis,
664 2651 801 2686 exempla-

54 2686 113 2715 ribus
124 2690 160 2716 vel
171 2686 325 2723 naiéaouet,
332 2691 372 2717 vel
381 2686 521 2726 uiuiﬁcae,
536 2688 578 2726 vel
592 2686 728 2726 nailque,
742 2693 803 2726 trus-

54 2727 118 2752 ‘luam
127 2731 187 2761 vero
196 2720 368 2761 κληθήσεὲαι,
389 2724 456 2761 Hinc
467 2723 592 2761 suspicor
598 2723 654 2761 hoc
667 2722 726 2761 loeti
740 2720 803 2761 Hie-

56 2761 172 2791 ron.Vmum
182 2755 348 2795 interpretem
359 2760 485 2787 habuisse
492 2755 615 2785 vocabitis
623 2765 634 2795 ί
643 2755 802 2795 quodpost-

55 2794 77 2814 ea
89 2790 276 2823 amanuensiuin
297 2794 439 2823 oscitantia
466 2797 598 2821 mutatum
622 2790 703 2819 fuerit
716 2791 742 2817 in
757 2798 804 2817 υο-

655 2540 677 2556 “
696 2537 775 2568 Joan.
790 2548 818 2573 v,
833 2540 878 2569 59.

880 216 1014 242 illtttninet
1030 225 1090 247 nos,
1105 220 1133 242 ιιι
1146 224 1198 242 non
1215 217 1285 243 ultra
1302 225 1471 251 qun‘rumus,
1489 220 1534 246 sed
1550 221 1666 254 quatstio

880 265 973 287 nostra
989 261 1120 288 solvatur.
1150 260 1177 286 Si
1194 265 1283 286 autent
1304 265 1404 287 temere
1416 261 1449 287 ad
1464 269 1517 288 non
1531 261 1664 290 intellecta

879 307 1096 340 prorumpimus,
1110 314 1160 333 nos
1174 306 1246 340 ipsos
1261 306 1446 333 causabimur.
1469 306 1535 339 Quae
1550 312 1666 343 estergo

878 351 976 378 domus
991 351 1094 378 David?
1114 351 1142 378 Si
1166 351 1248 378 David
1263 351 1389 378 Christus
1403 357 1455 383 est,
1469 356 1497 378 ut
1511 352 1665 387 frequenter

878 396 989 430 probavi
1001 417 1008 429 ,
1026 397 1124 423 domus
1140 395 1223 423 David
1245 404 1294 423 nos
1309 403 1405 423 sumus
1420 395 1540 424 Ecclesia
1557 397 1621 430 Dei;
1638 403 1664 425 et

877 442 975 468 dicitur
989 441 1067 468 nobis
1082 441 1128 476 qui
1142 440 1261 468 Ecclesia
1277 449 1382 471 suntus.
1396 446 1424 468 ut
1437 449 1489 469 non
1505 447 1664 476 praestemus

877 492 1013 514 certamen
1034 487 1088 514 Deo
1104 495 1184 521 supra
1200 487 1318 518 dictum,
1335 487 1380 514 sed
1393 487 1475 514 dante
1489 487 1603 515 Domino
1621 488 1662 515 si-

877 540 959 566 gnum
981 532 1163 566 suscipiamus
1178 531 1255 558 illud.
1288 530 1382 564 Nobis,
1402 540 1456 558 non
1469 533 1561 560 domui
1578 533 1661 560 David

876 576 927 603 ista
942 577 1081 604 dicuntur.
1116 576 1149 604 Et
1163 577 1349 612 prophetatur,
1363 577 1426 611 quia
1443 578 1465 604 si
1481 578 1543 612 quis
1557 584 1598 606 est
1612 579 1656 606 do-

876 628 937 647 mus
953 620 1046 652 David,
1062 621 1170 648 vocabit
1189 629 1286 648 nomen
1299 622 1360 656 ejus
1376 621 1546 650 Emmanuel.
1569 623 1597 650 in
1612 624 1661 651 ad-

874 672 956 693 ventu
982 667 1052 694 enim
1067 666 1168 694 Christi
1190 667 1247 694 sola
1264 667 1384 694 Ecclesia
1400 672 1492 694 nostra
1506 668 1540 694 de
1552 668 1661 697 Christo

874 711 940 738 dicit
955 721 961 735 :
981 711 1124 738 Nobiscum
1142 712 1222 739 Deus.
1256 711 1304 739 His
1318 719 1346 739 ιιι
1360 712 1433 739 dedit
1445 713 1530 747 gratia
1547 712 1593 740 Dei
1609 722 1658 740 ex-

875 757 1002 791 planatis,
1021 757 1073 783 alia
1088 757 1145 792 jam
1162 764 1316 791 qua-ramus
1330 756 1482 792 aenigmata.

909 802 935 829 2.
957 802 1034 830 Vers.
1050 802 1093 830 15.
1124 803 1255 838 Butyrum
1273 809 1297 830 et
1313 804 1364 830 mel
1376 804 1553 831 manducubit.
1585 805 1658 838 Quo-

875 849 955 876 modo
976 848 1101 876 Christus
1118 849 1295 883 propltetatur
1315 850 1441 885 butyrum
1463 855 1490 877 et
1506 851 1556 877 mel
1581 860 1653 879 com-

874 895 1002 922 esturus?
1019 895 1046 921 Si
1060 896 1111 922 hoc
1124 895 1205 922 fuerit
1219 895 1369 930 expositum
1385 895 1499 923 Domino
1513 897 1657 928 tribuente.

874 948 969 967 rursus
979 948 1011 967 ea
1024 948 1083 974 quae
1097 946 1258 975 sequuntur,
1269 941 1348 968 aliam
1361 941 1440 968 nobis
1452 942 1574 976 ingerent
1587 951 1659 977 qna:-

872 987 1001 1013 stioncm.
1032 984 1196 1020 Utinamque
1216 993 1312 1013 omnes
1330 986 1480 1013 faceremus
1496 988 1560 1014 illud
1583 988 1656 1022 quod

871 1030 1001 1065 scriptum
1028 1035 1069 1057 est
1087 1039 1093 1056 :
1113 1028 1277 1056 Scrutantim'
1297 1029 1449 1064 Scripturas
1466 1029 1498 1056 "‘.
1526 1030 1607 1058 Plura
1624 1038 1656 1057 ex

871 1073 1059 1108 corporalibus
1081 1074 1149 1101 cibis
1173 1073 1310 1101 nominata
1326 1079 1390 1101 sunt
1405 1075 1430 1101 in
1445 1074 1591 1109 Scripturis
1609 1084 1657 1110 pro

870 1119 940 1146 escis
954 1120 1132 1154 spiritalibus.
1156 1119 1240 1152 Quasi
1256 1120 1331 1147 modo
1346 1121 1402 1147 nali
1418 1122 1523 1155 parvuli
1539 1123 1655 1148 rationa-

871 1164 920 1191 bile
936 1168 961 1192 et
972 1165 1026 1191 sine
1042 1165 1102 1192 dolo
1116 1165 1157 1191 lac
1172 1165 1318 1192 desiderate
1334 1166 1367 1193 ".
1390 1166 1460 1201 Ergo
1475 1171 1516 1194 est
1531 1167 1590 1194 sine
1605 1168 1656 1194 du-

871 1209 916 1236 bio
931 1209 973 1236 lac
989 1209 1163 1241 rationabile,
1180 1215 1206 1236 et
1223 1215 1327 1244 oportet
1351 1211 1428 1237 nobis
1444 1212 1596 1238 istiusmodi
1614 1212 1656 1239 lac

870 1261 999 1288 quaerere.
1021 1253 1139 1282 Rursum
1158 1255 1185 1282 in
1198 1255 1351 1283 Proverbiis
1365 1257 1397 1283 de
1413 1256 1490 1284 tnellc
1504 1258 1632 1291 scriptum
1646 1267 1654 1286 :

871 1298 924 1326 Mel
943 1299 1074 1326 inveniens
1093 1300 1197 1326 comede
1220 1302 1288 1335 quod
1303 1302 1411 1335 suﬁicit,
1436 1310 1466 1328 ne
1481 1302 1550 1336 forte
1562 1304 1654 1338 plenus

869 1353 971 1371 evomas
987 1345 1020 1372 ".
1050 1344 1120 1372 Num
1134 1346 1238 1372 curavit
1256 1346 1373 1380 Spiritus
1398 1351 1511 1375 sanctus
1526 1348 1559 1375 de
1575 1349 1655 1376 melle

869 1389 922 1416 isto
932 1390 1003 1424 quod
1017 1394 1111 1416 notum
1124 1395 1175 1421 est,
1186 1398 1220 1417 ne
1237 1391 1306 1417 forte
1318 1391 1377 1425 plus
1392 1393 1587 1420 comedamus?
1601 1393 1653 1421 Sed

869 1436 990 1462 sentiens
1006 1435 1100 1470 utique
1113 1435 1231 1470 Spiritus
1249 1441 1359 1464 sanctus
1383 1438 1434 1464 tnel
1453 1438 1575 1472 spiritale
1590 1439 1628 1466 ait
1645 1449 1651 1466 :

871 1480 924 1507 Mel
940 1481 1070 1508 inveniens
1086 1481 1189 1508 comede
1202 1481 1270 1515 quod
1282 1482 1385 1516 stt/ficit.
1407 1483 1475 1516 Quid
1487 1488 1575 1510 autem
1591 1492 1653 1511 sett-

870 1527 939 1555 tiens
957 1527 1075 1563 Spiritus
1089 1531 1199 1554 sanctus
1217 1527 1342 1562 praecepit
1357 1528 1446 1559 nobis.
1465 1533 1494 1555 ut
1506 1529 1527 1556 si
1547 1529 1653 1556 inveni-

868 1581 960 1602 remus
974 1574 1043 1607 mel,
1062 1573 1207 1601 invenibile
1221 1579 1262 1601 est
1275 1575 1297 1602 si
1313 1575 1421 1610 quidem
1439 1575 1507 1608 mel,
1525 1577 1653 1603 comeda-

867 1628 928 1648 mns
941 1620 1013 1655 quod
1030 1619 1148 1647 sullicit?
1165 1618 1246 1651 Vade,
1261 1619 1308 1652 ait,
1324 1620 1359 1646 ad
1374 1628 1458 1655 apem,
1470 1626 1493 1647 et
1505 1621 1575 1648 disce
1587 1629 1651 1656 quo-

865 1666 942 1692 modo
967 1667 1100 1701 operatrix
1116 1673 1166 1695 est.
1196 1666 1229 1694 Et
1241 1666 1416 1693 inveniuntur
1433 1666 1571 1701 propheta).
1586 1675 1650 1701 apes

865 1718 935 1740 esse.
957 1710 1075 1746 Fingunt
1094 1712 1227 1746 siquidem
1244 1719 1338 1742 ceras.
1356 1715 1383 1738 ct
1400 1711 1478 1738 mella
1492 1711 1649 1744 coniiciunt,

863 1759 891 1782 et.
908 1755 931 1782 si
947 1756 1069 1783 audienti
1088 1756 1154 1783 milzi
1169 1755 1277 1790 expedit
1289 1756 1389 1785 dicere.
1405 1754 1459 1782 favi
1476 1762 1569 1782 eorum
1582 1756 1649 1783 scri-

864 1805 950 1835 pturae
971 1806 1036 1828 sunt
1059 1809 1128 1836 quas
1150 1802 1328 1836 reliquerunt.
1363 1800 1395 1827 Et
1421 1800 1513 1827 volens
1537 1801 1596 1826 veni
1616 1801 1648 1827 ad

865 1846 1040 1882 Scripturas,
1067 1854 1094 1875 et
1113 1847 1203 1874 inveni
1219 1847 1282 1874 mel.
1302 1846 1354 1873 Sed
1371 1846 1475 1872 comede
1492 1846 1551 1873 mel.
1572 1846 1605 1872 Et
1621 1847 1647 1873 in

862 1892 1018 1921 Praverbiis
1033 1900 1128 1920 rursus
1140 1893 1239 1920 dicitur
1253 1902 1259 1919 ε
1275 1892 1363 1918 Battus
1379 1897 1416 1918 est
1432 1891 1500 1918 enim
1516 1891 1602 1926 favus,
1619 1897 1647 1917 ut

862 1939 1031 1966 indulceutur
1047 1939 1135 1973 fauces
1149 1943 1202 1965 tute
1213 1939 1247 1964 ⁸⁸.
1272 1937 1391 1964 Putasne
1412 1936 1463 1963 hoc
1478 1936 1545 1963 dicit
1559 1936 1646 1970 Spiri-

862 1989 906 2011 tus
924 1987 1051 2015 sauctus,
1077 1983 1189 2010 comede
1206 1982 1258 2009 mel
1274 1982 1346 2016 quod
1364 1981 1391 2007 in
1404 1988 1454 2008 usu
1472 1985 1528 2014 est,
1544 1981 1646 2008 bonum

861 2030 934 2057 enim
953 2030 1013 2056 est?
1032 2028 1088 2063 Ego
1100 2036 1153 2055 non
1166 2028 1253 2055 audeo
1267 2028 1357 2054 dicere
1370 2027 1433 2061 quia
1447 2026 1480 2053 de
1492 2027 1571 2053 melle
1585 2034 1647 2054 cor-

860 2084 945 2111 poreo
962 2075 1026 2102 mihi
1040 2074 1179 2109 praecipiat
1195 2073 1314 2108 Spiritus
1327 2076 1450 2105 sanctus,
1467 2072 1572 2098 comede
1585 2072 1644 2099 mel.

860 2121 930 2148 Ecce
941 2127 993 2147 non
1010 2119 1096 2146 habeo
1108 2139 1115 2151 ,
1131 2122 1178 2145 aut
1197 2123 1270 2145 certe
1284 2122 1387 2143 naturae
1402 2117 1555 2151 huiusmodi
1572 2124 1643 2148 sum.

1431 2170 1437 2188 :
1462 2169 1515 2196 qua
1542 2162 1645 2189 ratione

860 2210 927 2238 mihi
949 2210 1030 2242 dicit,
1046 2210 1158 2236 comede
1173 2208 1225 2235 mel
1236 2228 1243 2241 ,
1258 2212 1283 2234 et
1297 2207 1350 2234 noli
1376 2207 1518 2234 comedere
1535 2215 1643 2240 carnes,

860 2255 906 2283 sed
924 2255 1046 2288 comede,
1074 2254 1122 2285 lili,
1142 2253 1206 2285 mel,
1228 2253 1328 2280 bonum
1342 2253 1477 2280 esteuim.
1506 2252 1534 2279 Si
1552 2253 1643 2280 videas

859 2310 923 2337 apes
946 2301 1108 2336 prophetas,
1135 2303 1162 2327 et
1184 2307 1252 2334 opus
1272 2307 1366 2326 corutn
1391 2299 1470 2326 mella
1496 2299 1536 2326 vel
1555 2299 1641 2332 favos,

859 2352 924 2375 tunc
940 2346 1044 2374 videbis
1060 2345 1198 2380 quomodo
1213 2352 1261 2379 pro
1276 2345 1407 2379 dignitate
1422 2344 1509 2372 sancti
1524 2344 1642 2379 Spiritus

859 2392 1004 2427 intelligas,
1021 2390 1125 2418 comede
1137 2389 1198 2422 mel,
1212 2390 1262 2423 fili,
1277 2389 1372 2416 bonum
1383 2393 1421 2416 est
1435 2389 1514 2417 enim.
1537 2389 1565 2416 Si
1581 2390 1642 2424 quis

858 2437 1004 2465 meditatur
1026 2436 1134 2471 eloquia
1156 2435 1263 2468 divina,
1287 2438 1315 2462 et
1334 2435 1454 2461 nutritur
1468 2435 1641 2462 sermonibus

858 2483 1073 2518 Scripturarum,
1089 2481 1206 2516 complet
1219 2481 1376 2508 mandatum
1391 2480 1513 2508 divinum
1529 2480 1640 2515 jubens,

929 2539 952 2556 "
972 2539 1070 2567 lPetr.
1089 2546 1118 2571 tt,
1138 2538 1165 2565 2.
1215 2538 1238 2555 ⁸ο
1252 2537 1332 2565 Prov.
1347 2545 1410 2571 xxv,
1423 2537 1466 2564 l6.
1518 2537 1540 2553 "
1559 2537 1638 2564 Prov.

1215 2538 1238 2555 ⁸⁸
1252 2537 1332 2565 Prov.
1347 2545 1410 2571 xxv,
1423 2537 1466 2564 l6.

856 2617 970 2646 cabitur.
993 2617 1036 2646 Uti
1049 2617 1163 2651 Vulgata
1175 2618 1268 2645 Latina
1284 2618 1365 2645 habet
1374 2617 1450 2645 Isaiae
1463 2625 1512 2650 vn,
1525 2617 1568 2644 l4.
1580 2616 1639 2644 Cae-

856 2658 944 2692 terum
966 2653 1042 2692 juxta
1060 2654 1158 2692 linguae
1178 2653 1316 2692 Hebraicae
1330 2653 1508 2692 idiotismum,
1521 2653 1577 2679 sive
1589 2660 1638 2692 κατ

855 2687 981 2723 Momm,
1007 2689 1065 2715 sive
1085 2687 1211 2719 κξιλέσεις
1221 2707 1229 2719 ,
1251 2688 1372 2723 legatur,
1390 2687 1502 2722 perinde
1515 2691 1556 2715 est
1569 2694 1602 2714 ac
1615 2687 1638 2713 si

855 2722 987 2758 legeretur
999 2723 1174 2758 κληθήσεται.

892 2757 948 2794 (88)
967 2757 1049 2792 Mss,
1062 2757 1298 2793 explanationem,
1311 2757 1389 2790 edit.,
1406 2757 1632 2785 illuminationrnt.
