1879 3046
83 139 130 168 217
783 137 814 164 IN
838 138 861 166 ιε

957 159 965 166 .
1641 140 1693 167 218

86 197 110 224 ιι
122 203 176 230 cap:
187 202 214 222 Vi
227 193 311 230 Isaiee
322 194 389 220 citat
403 193 489 230 locum
502 201 516 221 e
529 198 600 221 tomo
615 198 704 221 octauo
726 195 769 221 ubi
784 195 887 222 dicebat
902 195 1039 230 Origenes.
1060 195 1084 222 si
1100 194 1298 229 Scripturarum
1322 203 1457 222 sacrarum
1475 199 1560 222 textus
1581 195 1694 224 Hebrui.

85 229 260 265 “salutatis
273 229 388 265 Lalsatus
398 229 507 265 fuisset,
516 237 646 265 nunquam
665 230 785 264 futurum
799 231 892 264 fuisse,
911 236 939 257 ut
953 229 962 255 ἆ
980 229 1107 256 Dominus
1121 235 1145 256 et
1161 230 1273 263 apostoli
1286 230 1331 264 qui
1344 234 1438 256 cwtera
1451 230 1563 265 erimina
1581 239 1693 265 arguunt

87 267 110 292 iss
125 264 219 299 Scribis
233 268 257 290 et
276 263 431 299 Pharisitis,
447 263 479 290 de
498 263 546 290 hoc
564 264 673 290 crimine
691 265 759 298 quod
775 270 831 291 erat
846 265 990 291 maximum
1011 265 1184 291 reticuissem.
1199 273 1210 299 ι
1229 264 1353 291 Obsereat
1368 269 1493 299 prieterea
1520 263 1693 299 Hieronymus

87 301 127 328 tib.
140 307 147 326 ι
160 299 186 325 in
204 297 331 325 Rulinum
348 298 507 326 tricesimum
528 303 626 325 tomum
641 297 749 326 desiisse
764 300 937 334 explicatione
951 307 1030 334 quam
1045 300 1173 326 didicerat
1187 298 1312 334 Origenes
1326 299 1358 325 ab
1380 298 1463 325 lluilo
1478 297 1633 326 ludseorum
1645 309 1694 334 pa-

88 335 204 364 trinrcha.

118 368 211 395 Prteter
224 369 301 395 hoste
316 372 409 400 tomos,
425 367 577 401 ferebantur
597 373 674 394 aetate
696 367 861 402 Hieronymi,
887 373 915 395 ut
937 368 991 402 ipse
1010 368 1047 394 ait
1062 368 1168 401 prtefat.
1187 373 1332 395 comment.
1350 368 1378 395 in
1395 368 1506 399 Isaiam,
1526 377 1535 394 ι
1548 373 1572 395 et
1587 369 1634 395 alii
1646 370 1693 395 sub

87 404 179 430 nomine
192 403 249 436 ejus
265 403 298 428 de
315 403 412 428 uisione
432 402 630 437 quadrupedum
648 402 700 428 duo
715 402 748 428 ad
763 403 874 429 (iratam
897 402 958 428 libri
974 403 1230 438 quirpseudograplii
1244 403 1417 437 putabantur,
1430 407 1454 429 et
1477 403 1568 437 viginti
1582 406 1695 438 quinque

87 438 201 469 homilite,
215 442 238 463 et
257 437 452 472 adnotationes,
465 445 530 471 quas
542 442 664 470 excerpta
682 445 821 471 possumus
836 437 979 472 appellare.
997 447 1005 462 ι
1023 437 1095 472 Libri
1109 439 1143 464 ad
1157 437 1269 464 Gratum
1285 438 1428 471 perierunt,
1452 445 1498 464 nec
1512 446 1560 464 non
1572 437 1694 472 excerpta

85 481 125 500 seu
137 472 244 499 scholia.
263 471 396 507 EAviginti
411 473 523 507 quinque
545 472 662 498 homiliis
684 477 824 507 supersunt
842 471 1025 499 tantummodo
1048 471 1141 499 Latine
1154 480 1242 498 novem
1259 480 1323 506 quas
1345 473 1531 507 interpretatus
1545 478 1582 500 est
1603 471 1694 499 beatus

86 507 264 541 Hieronymus.
283 505 409 542 Obserrat
422 505 606 542 Ru/i'nusrtlib.
628 515 646 533 ιι
668 506 693 533 ili
715 506 922 542 Hieronymum)
938 507 1106 542 interpretem
1127 507 1210 533 nimia
1232 505 1353 534 libertate
1367 505 1442 533 uston
1457 507 1548 541 fuisse,
1566 512 1645 542 atque
1662 515 1695 534 ea;

86 541 195 568 omnibus
210 541 344 567 erroribus
356 541 449 576 quibus
459 541 606 573 scatebunt,
621 549 664 568 eos
680 541 866 576 duntaxat'qui
879 541 1016 568 cat/tollere
1033 541 1064 568 de
1087 541 1216 568 Trinitate
1235 541 1298 576 ﬁdei
1314 542 1531 573 adversabantur,
1545 541 1693 575 sustulisse,

85 580 125 603 aut
136 576 167 601 ad
177 576 370 602 clementiorem
383 583 488 611 sensum
501 576 658 610 quibusdam
671 576 784 611 additis.
799 576 959 611 quibusdam
974 576 1100 603 detractis
1117 584 1258 603 revocasse.
1272 575 1305 602 In
1319 576 1466 610 exemplum
1483 576 1591 603 adducit
1605 577 1692 603 locum

85 619 113 637 es
128 610 231 637 homilia
246 610 345 645 prima,
361 610 405 636 ubi
421 615 562 645 postquam
584 611 660 637 uertit
681 610 879 645 Hieronymus.-
899 620 908 636 ι
926 610 978 642 Qui
999 615 1059 637 sunt
1082 611 1133 637 ista
1153 612 1204 637 duo
1222 611 1374 645 sernpliim?
1390 611 1516 637 Dominus
1531 619 1602 638 meus
1615 611 1694 638 Jesus

87 619 113 637 es:
128 619 231 637 nonuua
246 619 345 644 prima,
361 619 404 636 ιιυι
421 619 562 645 postquam
584 619 660 637 uertit
681 619 781 637 Hieron
803 619 879 638 mus.-
899 620 908 636 ι
926 619 977 642 um
999 619 1059 637 sunt
1082 619 1133 637 ista
1153 619 1204 637 auo
1222 619 1374 645 serapmmz'
1390 619 1516 637 uominus
1531 619 1602 638 meus
1615 619 1694 638 sesua

87 645 196 685 Christus
219 643 384 685 et_Spiritu_s
408 650 567 685 sanctast)“
580 646 612 672 de
637 653 685 671 suo
708 619 811 685 additiit
835 653 844 672 :
861 655 870 671 ι
891 645 932 671 Ne
951 650 1025 679 putes
1050 645 1188 673 Trinitatis
1208 645 1336 685 dissidere
1356 651 1490 678 naturam,
1507 646 1532 685 si
1559 646 1694 685 nominum

86 678 321 715 serranturpﬂieia.
337 688 346 704 ι
364 678 396 705 In
411 679 452 707 his
463 680 579 707 homiliis
591 688 621 706 ac
633 681 777 714 praesertim
789 685 884 714 quarta
898 685 922 706 et
937 678 1011 706 sexta
1031 688 1174 707 sermonem
1191 680 1224 706 ad
1239 681 1434 707 catechumenos
1443 685 1466 707 et
1478 681 1512 706 ad
1519 680 1642 715 populum
1650 681 1693 706 di-

86 714 158 749 rigit:
173 713 240 740 unde
254 713 344 740 nullus
359 715 498 740 dubitandi
518 714 590 741 locus
606 713 643 741 est
657 715 720 749 quin
737 713 804 742 certe
824 715 942 741 humilia:
960 715 1023 746 sint,
1042 715 1102 741 licet
1118 715 1296 741 constrictiori
1316 721 1340 742 et
1361 715 1507 742 obscuriori
1519 713 1695 742 enuntientur

88 748 158 784 style,
169 756 247 783 quam
262 750 538 784 uulgo_exprimuntur
551 749 612 776 alia:
627 749 749 784 Origenis
761 749 887 776 homilite.
905 749 983 775 Nona
995 750 1148 783 imperfecta
1160 754 1209 781 est,
1225 749 1298 784 eique
1312 758 1446 784 perperam
1460 751 1571 776 insertus
1584 755 1622 776 est
1632 750 1694 782 ﬁnis

87 782 191 819 humilia:
204 790 280 819 nona:
290 783 320 819 in
328 782 486 819 _lefémiam.
503 783 561 815 Quo
574 782 687 819 tempore
701 784 881 818 pronuntiata:
896 784 1007 818 fuerint,
1024 785 1152 810 incertum
1166 789 1216 811 est.
1230 782 1263 810 Μ
1279 782 1362 811 unum
1374 784 1457 812 statui
1474 788 1556 819 potest
1577 792 1694 818 pronun-

88 817 159 844 tiatu
175 817 258 852 fuisse
268 817 301 844 ab
319 817 430 853 Origene
444 818 604 853 presbytero.
621 818 690 853 Ergo
702 817 867 846 collocanda:
878 824 939 845 sunt
950 823 1010 853 post
1021 827 1119 846 anitum
1129 818 1194 846 218.

431 985 488 1015 EX
514 985 635 1015 ΜΒΒο
666 983 793 1015 PRIMO
821 984 1012 1015 ORIGENIS
1042 984 1166 1015 SUPER
1184 984 1336 1015 ISAIAM.

117 1140 188 1176 105
197 1140 251 1177 (78)
259 1139 690 1175 SicutdicitApostolusquoniam
697 1140 862 1167 wntulatores
878 1141 899 1171 Α
914 1139 956 1167 bis
971 1146 1042 1167 unus
1063 1143 1105 1167 est
1127 1139 1198 1166 Deus
1216 1137 1295 1166 Pater
1311 1146 1344 1166 es
1367 1147 1422 1174 quo
1437 1140 1528 1166 omnia
1541 1160 1548 1173 ,
1570 1148 1639 1168 unus
1654 1145 1697 1169 est

86 1188 140 1214 estis
151 1187 291 1222 spirituum
303 1186 326 1202 ²⁰
342 1194 352 1215 .'
366 1186 437 1214 sicut
449 1194 511 1213 cum
528 1194 598 1213 unus
614 1186 648 1213 sit
664 1186 773 1221 spiritus
790 1186 858 1213 tanti

87 1239 126 1266 per
138 1232 256 1267 singulos
273 1231 401 1258 dicuntur
418 1231 536 1266 Spiritus
562 1231 664 1262 sancti,
680 1230 774 1265 quanti
794 1234 858 1258 sunt

87 1277 110 1304 hi
130 1277 172 1312 qui
197 1277 299 1305 habent
315 1277 343 1303 in
364 1284 393 1304 se
415 1276 545 1311 Spiritum
563 1282 688 1304 sanctum
705 1285 712 1303 :
727 1277 763 1304 ita
782 1281 809 1304 et
825 1276 858 1304 de

86 1321 184 1350 Christo
197 1322 344 1350 dicendum
361 1326 412 1349 est.
437 1322 478 1348 Ab
495 1329 550 1348 uno
567 1322 637 1348 enim
653 1321 763 1349 Christo
781 1321 857 1348 multi

87 1367 144 1395 liunt
164 1368 283 1400 Christi,
309 1368 343 1395 dc
369 1367 469 1402 quibus
495 1367 633 1402 Scriptura
659 1367 743 1394 dicit:
773 1367 861 1394 Nolite

87 1417 180 1448 tangere
199 1414 311 1440 christos
336 1421 427 1446 meos,
451 1418 474 1440 et
494 1413 519 1439 in
540 1413 671 1448 prop/ictis
696 1414 758 1440 meis
781 1413 861 1442 nolite

86 1458 256 1493 malignari".
273 1458 319 1485 Sic
333 1462 361 1485 et
375 1458 409 1485 ab
426 1465 480 1485 uno
495 1458 550 1485 Dco
572 1458 647 1485 mulli
661 1457 698 1484 dii
722 1457 861 1490 dicuntur,

85 1511 170 1531 omnes
185 1504 288 1532 scilicet
307 1503 335 1530 hi
355 1504 382 1530 in
400 1503 500 1539 quibus
523 1503 627 1531 habitat
644 1503 734 1537 Deus;
758 1503 804 1531 scd
819 1511 864 1530 no-

358 1685 383 1714 E
406 1683 596 1714 VICESIMO
615 1683 781 1713 OCTAVO
814 1681 933 1712 [ΑΒΒο
964 1682 1149 1712 ORIGENIS
1178 1683 1219 1712 ΙΝ

910 1192 976 1220 ergo
993 1191 1074 1212 verus
1089 1183 1161 1212 Deus
1174 1185 1236 1218 qui,
1251 1189 1280 1211 ut
1295 1186 1330 1211 ita
1346 1184 1478 1217 dixerim,
1500 1190 1642 1219 pneslator
1653 1191 1696 1213 Cal

911 1230 1020 1258 deitatis
1034 1250 1042 1262 ,
1065 1234 1092 1256 et
1115 1237 1186 1257 unus
1206 1229 1334 1257 Christus
1359 1229 1446 1256 iactor
1469 1230 1649 1264 christorum,
1668 1236 1695 1258 ct

912 1284 983 1304 unus
1009 1275 1128 1310 Spiritus
1159 1281 1269 1303 sanctus
1293 1275 1339 1310 qui
1368 1283 1417 1310 per
1443 1275 1564 1310 singulas
1589 1277 1696 1304 animas

911 1325 1066 1349 sanctorum
1087 1320 1153 1347 facit
1168 1319 1298 1354 Spiritum
1322 1324 1459 1347 sanctum.
1485 1320 1610 1348 Christus
1632 1329 1695 1348 vero

912 1367 983 1393 sicut
1006 1373 1053 1401 per
1077 1366 1129 1393 hoc
1147 1367 1219 1399 quod
1233 1365 1359 1392 Christus
1374 1371 1415 1392 est
1439 1364 1503 1392 facit
1515 1366 1642 1397 chi-istos,
1658 1366 1695 1392 ita

912 1416 939 1438 et
960 1419 1006 1446 per
1031 1411 1081 1439 hoc
1097 1411 1170 1446 quod
1188 1416 1229 1438 est
1254 1410 1338 1438 Filius
1365 1411 1409 1437 Dei
1431 1416 1457 1438 et
1477 1411 1547 1438 [ilius
1570 1411 1696 1445 proprius

913 1461 940 1485 et
956 1457 1129 1492 unigenitus,
1143 1464 1239 1483 omnes
1254 1464 1301 1483 eos
1318 1456 1364 1490 qui
1379 1456 1531 1492 percipiunt
1549 1456 1583 1484 ab
1593 1464 1626 1484 eo
1641 1457 1696 1491 spi-

914 1504 996 1530 ritum
1010 1502 1175 1537 adoptionis,
1192 1502 1261 1531 lilios
1275 1503 1322 1531 Dei
1338 1503 1413 1530 facit.

1253 1683 1406 1713 ISAIAM.

128 1749 163 1777 De
181 1749 226 1777 illo
247 1748 370 1783 capitulo
397 1748 423 1775 in
446 1755 502 1782 quo
527 1746 648 1774 dicitur:
673 1746 908 1774 Resuscitabuntur
928 1746 1043 1777 mortui,
1059 1751 1082 1772 et
1103 1751 1236 1781 resurgent
1256 1746 1283 1772 lii
1300 1746 1346 1780 qui
1365 1746 1391 1772 in
1407 1746 1534 1780 sepulcris
1546 1746 1648 1773 sunt".

117 1861 168 1896 (79)
187 1861 284 1890 Melius
305 1869 369 1896 ergo
384 1866 425 1889 cst
438 1861 528 1888 dicere
548 1860 621 1896 quod
641 1868 737 1888 omnes
750 1862 858 1896 quidem
875 1868 895 1895 Β
911 1865 1003 1897 partes
1019 1859 1123 1895 pOSsit,
1140 1858 1166 1885 id
1182 1862 1241 1891 est,
1265 1858 1292 1884 in
1306 1864 1354 1884 cos
1370 1857 1417 1892 qui
1439 1856 1559 1884 salvandi
1575 1861 1639 1883 sunt
1650 1857 1696 1891 ju-

88 1914 258 1943 rcsurgemus,
271 1911 302 1934 ut
317 1911 344 1934 et
357 1907 432 1942 impii
449 1907 558 1933 veniant
573 1907 599 1933 in
616 1906 691 1933 illum
709 1907 797 1934 locum
813 1908 859 1935 ubi

87 1951 156 1979 ﬂetils
170 1958 210 1980 est
224 1958 250 1980 et
266 1953 371 1980 stridor
382 1953 504 1980 dentium
515 1972 522 1984 ,
539 1956 565 1979 ct
580 1953 625 1979 ubi
647 1952 714 1987 justi
730 1953 861 1987 recipient

88 1999 264 2034 unusquisque
279 1999 308 2026 in
323 2006 374 2026 suo
390 1998 486 2026 ordine
501 1998 651 2025 secundum
668 1998 792 2025 meritum
816 1999 861 2026 bo-

88 2051 174 2070 norum
199 2049 339 2079 gestorum
366 2052 479 2072 suorum
495 2064 503 2077 ,
525 2051 586 2071 cum
621 2043 861 2071 traiisl'orlnahitur

88 2095 176 2123 corpus
188 2089 351 2117 humilitatis
364 2097 469 2121 eorum,
490 2094 518 2115 ut
533 2089 568 2116 sit
583 2089 724 2117 coniorme
739 2090 861 2124 corporis

88 2133 168 2167 gloria:
192 2135 313 2168 Christi;
341 2135 412 2170 quod
439 2135 601 2162 seminatum
625 2135 735 2170 quidem
758 2142 800 2162 est
834 2135 861 2161 in

89 2181 265 2215 corruptione,
293 2186 387 2216 surget
405 2189 468 2208 vero
493 2181 519 2207 in
543 2181 765 2215 incorruptione;
789 2181 862 2215 quod

89 2224 240 2253 semiustum
255 2231 298 2254 est
311 2226 338 2253 in
354 2226 513 2261 ignominia,
524 2231 616 2261 surget
627 2226 654 2253 ili
671 2227 773 2261 gloria;
789 2227 862 2261 quod

90 2270 238 2298 scminatum
255 2277 297 2299 est
313 2273 340 2298 in
357 2272 522 2304 infirmitate,
541 2276 633 2306 surget
650 2273 676 2298 in
694 2273 804 2304 virtute,
821 2281 864 2300 re-

90 2317 254 2356 surrectionis
270 2317 377 2344 scilicet
400 2321 537 2351 tempore;
562 2321 588 2344 et
606 2317 679 2352 quod
697 2317 862 2344 scminatum

91 2364 126 2386 est
136 2368 229 2396 corpus
243 2362 372 2394 animale,
382 2367 473 2397 surget
487 2367 577 2389 autem
591 2370 690 2397 corpus
701 2363 821 2397 spiritale
828 2363 860 2389 ".

91 2402 156 2431 Licet
166 2414 228 2441 ergo
243 2415 341 2435 omnes
357 2412 509 2442 resurgant,
526 2411 553 2434 et
569 2408 759 2441 unusquisque
773 2407 799 2434 in
812 2414 863 2435 suo

90 2449 174 2478 ordine
188 2457 322 2488 resurgat,
339 2453 565 2480 considerandum
586 2457 628 2480 cst
649 2457 738 2480 tamen
754 2457 864 2488 prOptcr

90 2494 156 2524 illum
169 2506 323 2526 sermonem
336 2499 449 2527 Joannis
461 2520 468 2531 ,
483 2507 563 2533 quem
582 2500 608 2525 in
626 2498 799 2526 Rcvclatione
814 2506 863 2526 sua

90 2540 172 2569 dicit:
196 2543 295 2571 Beatus
319 2545 364 2580 qui
391 2545 467 2571 liabet
496 2549 596 2579 portent
621 2544 648 2570 in
675 2544 862 2571 resurrectione

91 2588 176 2621 prima,
189 2590 214 2616 in
227 2591 275 2617 hoc
292 2591 406 2617 secunda
425 2599 494 2617 mors
507 2599 558 2616 non
577 2590 653 2617 habet
667 2595 820 2625 potestatem
828 2590 861 2622 ’λς

91 2639 119 2660 ne
131 2634 195 2662 forte
209 2636 294 2663 dividi
320 2636 410 2664 omnis
436 2636 644 2663 resurrectionis
666 2636 734 2663 ratio
751 2636 777 2662 in
794 2636 863 2662 duas

912 1912 988 1938 stos,
1015 1911 1041 1932 cl.
1062 1913 1109 1932 cos
1128 1904 1173 1938 qui
1190 1902 1330 1930 cruciandi
1345 1906 1408 1929 sunt
1424 1906 1596 1936 peccatores;
1615 1907 1644 1929 ut
1663 1903 1698 1929 sit

913 1961 966 1981 una
979 1952 1087 1987 quidem
1103 1951 1248 1982 bonorum,
1263 1955 1323 1983 qua:
1337 1947 1437 1974 dicitur
1454 1948 1559 1982 prima;
1573 1948 1616 1974 illa
1634 1956 1697 1974 vero

912 2005 973 2033 qua:
986 2001 1029 2024 est
1041 1996 1215 2026 miserorum,
1231 1992 1349 2020 secunda
1367 1991 1489 2024 dicatur;
1505 1995 1530 2018 el
1549 1991 1621 2018 illam
1636 1992 1698 2026 quil

912 2044 973 2071 deni
999 2043 1025 2069 in
1043 2040 1169 2067 omnibus
1191 2047 1250 2066 esse
1265 2045 1361 2073 puram
1372 2058 1380 2070 ,
1395 2037 1525 2069 hilarem,
1544 2038 1626 2064 totius
1639 2037 1696 2072 plc-

912 2096 974 2116 uain
987 2087 1104 2121 lmtitiac;
1121 2086 1194 2112 illam
1209 2091 1273 2111 vero
1288 2083 1399 2110 alteram
1414 2087 1496 2110 totam
1512 2083 1615 2110 tristem
1629 2103 1636 2115 ,
1655 2088 1697 2110 l0-

913 2138 968 2161 tam
987 2133 1113 2160 lllCt‘l'Ol‘iS
1130 2131 1247 2166 plenam,
1268 2134 1294 2157 ct
1310 2130 1416 2157 actibus
1429 2137 1461 2156 ac
1474 2129 1527 2155 vita
1541 2135 1635 2155 eorum
1657 2127 1700 2154 di-

913 2187 992 2213 gnam
1009 2178 1055 2213 qui
1069 2178 1095 2204 in
1113 2177 1240 2211 pra‘scnti
1254 2176 1309 2202 vita
1327 2175 1374 2202 ι)ρὶ
1390 2175 1518 2202 mandata
1531 2179 1699 2207 contempse-

914 2228 994 2256 runt,
1019 2227 1046 2250 ct
1067 2222 1162 2257 judicii
1188 2222 1248 2255 ojus
1273 2222 1368 2248 timore
1395 2221 1515 2255 neglecto
1538 2219 1701 2253 semctipsos

914 2271 1083 2298 tradiderunt
1105 2270 1131 2296 in
1155 2269 1339 2304 operationem
1363 2267 1447 2294 totius
1470 2266 1648 2293 immtmditiic
1672 2270 1700 2291 ct

914 2316 1044 2348 avaritia},
1060 2323 1108 2342 nec
1123 2323 1152 2342 sc
1169 2321 1321 2348 pra'parare
1338 2313 1427 2340 conati
1441 2317 1516 2343 sunt,
1533 2316 1562 2338 ut
1574 2311 1700 2337 resistere

914 2360 1071 2389 adversario
1085 2364 1195 2395 possent
1208 2359 1339 2386 adversus
1354 2359 1505 2385 contrarias
1518 2362 1598 2391 atquc
1612 2356 1700 2383 inimi-

914 2415 961 2435 cas
986 2407 1106 2434 humano
1138 2405 1230 2440 generi
1258 2408 1414 2439 polcstatcs.
1446 2403 1574 2438 Si-pulcra
1607 2405 1700 2428 autem

915 2458 1085 2481 mortuorum
1103 2453 1128 2478 in
1143 2452 1194 2478 hoc
1208 2451 1269 2478 loco
1285 2451 1356 2478 sicut
1374 2455 1400 2477 ct
1416 2450 1441 2476 ili
1463 2449 1556 2475 multis
1580 2448 1639 2474 aliis
1654 2455 1699 2473 δρα

915 2498 1033 2526 culidqu
1061 2497 1205 2524 certiorem
1235 2495 1382 2529 Scriptura:
1411 2502 1520 2521 sensum
1544 2493 1700 2526 accipienda

877 2529 898 2559 ϐ
915 2546 979 2570 sunt.
990 2561 998 2574 ,
1015 2549 1070 2569 non
1086 2541 1174 2568 solum
1190 2548 1220 2567 ca
1235 2547 1295 2574 quac
1309 2539 1341 2565 ad
1357 2538 1551 2573 depositione-ni
1567 2537 1699 2563 huniano~

917 2596 977 2616 rum
1003 2595 1148 2622 corporum
1172 2587 1298 2613 videntur
1322 2593 1382 2612 esse
1407 2589 1579 2615 constructa,
1608 2582 1648 2608 vcl
1673 2582 1699 2608 in

917 2636 991 2662 saxis
1005 2634 1107 2666 excisa,
1132 2637 1178 2659 aut
1195 2633 1221 2658 in
1237 2638 1307 2658 terra
1325 2631 1445 2663 defossa,
1462 2630 1508 2657 sed
1522 2629 1611 2656 oninis
1625 2628 1702 2655 locus

121 2693 141 2708 ¹⁶
155 2693 236 2721 lCor.
254 2703 310 2727 xiv,
330 2695 370 2722 12.
409 2696 429 2711 ἰ
442 2695 514 2724 Psal.
530 2696 641 2730 ctv,15.
680 2696 701 2711 “
722 2695 773 2722 lsa.
790 2703 861 2728 ιικγι1

965 2695 987 2710 ¹³
1008 2693 1017 2720 l
1031 2693 1093 2721 Cor.
1114 2701 1147 2719 xv
1161 2712 1167 2724 ,
1187 2691 1221 2718 42
1235 2691 1279 2718 Η.
1318 2691 1340 2706 ’⁵
1354 2689 1439 2724 Apoc.
1461 2697 1492 2715 xx
1505 2708 1512 2720 ,
1527 2688 1553 2713 6.

121 2782 172 2821 (7.8)
192 2783 286 2821 Exstat
309 2785 391 2821 hocet:
407 2785 586 2819 fragmentum
602 2786 628 2814 in
645 2785 769 2821 Apologia
786 2785 863 2812 Pam—

91 2816 149 2851 phili
168 2819 294 2856 martyris
310 2827 357 2854 pro
374 2816 494 2856 Origene.

954 2783 1011 2816 (79)
1032 2782 1150 2809 Ilalu-tur
1169 2781 1252 2807 hocce
1280 2780 1459 2816 fragmentum
1473 2779 1498 2804 in
1516 2777 1608 2805 eadem
1635 2777 1703 2811 dpe-

917 2819 985 2854 logia
1003 2814 1135 2852 Pamphili
1150 2816 1275 2850 martyris
1289 2822 1335 2849 pro
1354 2814 1473 2848 Origine.
