1879 3046
175 154 228 183 219

914 142 1077 172 ORIGENIS

1746 136 1794 163 εδξο

175 215 204 241 in
227 218 391 248 quocunque
404 210 446 237 vel
461 210 596 244 integrum
613 207 763 235 humanum
787 212 887 239 corpus
898 223 905 234 ,
920 203 963 230 vel
977 207 1000 234 Α
1013 207 1065 231 est.
1088 202 1122 229 Et
1149 201 1296 236 interfectis
1318 198 1497 235 quibusdam:
1512 195 1580 224 Cum
1610 202 1676 230 ergo
1702 195 1794 222 Paulus

177 268 209 286 ex
226 262 302 294 parte
316 257 406 291 aliqua
423 256 506 291 jacet.
521 255 628 283 etiamsi
645 253 748 280 accidat
764 255 792 278 ut
809 258 891 277 unum
907 256 965 275 cor-

179 313 229 339 pus
247 311 295 338 per
308 304 367 330 loca
384 302 468 330 multa
485 301 638 334 dispersum
660 299 711 330 sit,
734 296 882 324 absurdum
911 303 964 322 non

176 351 232 377 erit
248 350 340 376 omnia
356 357 386 375 ea
403 349 462 374 loca
478 347 503 373 in
519 346 618 380 quibus
640 352 703 378 pars
726 343 818 377 aliqua
841 340 965 374 corporis

176 398 259 432 jacet.
281 397 403 430 sepulcra
421 393 543 428 corporis
559 393 618 426 ejus
633 390 697 418 dici.
714 388 743 415 Si
756 389 828 414 enim
851 395 904 414 non
927 386 965 416 ita

178 443 346 477 accipiamus
369 447 509 474 resurgere
541 439 573 466 de
596 435 729 470 sepulcris
756 434 814 462 suis
844 437 966 459 mortuos

177 488 269 515 divina
295 488 409 516 virtute,
443 485 488 519 qui
524 490 694 517 nequaquam
723 485 787 508 sunt
821 479 967 513 sepultura:

180 531 310 564 mandati,
324 539 411 565 neque
429 529 454 556 in
471 528 603 563 sepulcris
618 526 733 562 depositi
744 547 752 558 ,
771 525 817 552 sed
830 524 887 551 sive
901 531 967 550 nau-

179 578 288 612 fragiis.
305 577 362 605 sive
378 577 404 604 in
418 575 532 602 desertis
549 573 687 608 aliquibus
705 571 825 598 defuncti
841 574 906 596 sunt
927 569 966 596 lo-

178 624 234 655 cis,
259 625 294 650 ita
312 627 341 650 ut
356 622 502 656 sepultura)
519 619 643 647 mandari
658 627 712 646 non
726 617 882 652 potuerint,
899 623 966 642 mtm

179 670 341 699 videbuntur
365 666 539 694 annumerari
563 666 633 692 inter
652 672 699 691 cos
721 663 767 697 qui
784 663 816 689 de
835 660 966 695 sepulcris

180 713 358 745 rtrsttscilatldi
373 713 514 741 dicuntur?
525 711 602 744 Quod
615 710 709 744 utique
725 708 802 735 valde
818 706 967 736 absurdum

1017 248 1122 280 scribit,
1137 248 1209 283 quod
1227 247 1295 273 sicut
1310 245 1388 272 stella
1405 253 1421 270 a
1437 242 1514 269 stella
1539 241 1629 276 diﬁ'ert
1656 241 1684 266 in
1703 240 1787 274 gloria.

1017 295 1055 321 ita
1078 294 1127 325 erit
1149 298 1174 321 et
1197 291 1353 320 resurrectio
1377 294 1557 319 mortuorum;
1572 291 1599 314 et
1624 285 1697 320 quod
1713 285 1793 311 dicit:

1018 339 1173 367 Seminatur
1188 339 1216 364 in
1233 337 1410 371 corruptione,
1424 339 1510 368 surget
1525 333 1551 359 in
1565 330 1794 364 incorruptione",

1018 389 1044 412 et
1061 389 1156 412 cmtera
1172 382 1328 421 huiusmodi
1347 379 1490 408 manifeste
1504 379 1561 405 lucc
1576 377 1609 404 de
1622 376 1681 403 solo
1692 382 1796 409 corpore.

1019 430 1123 458 scribit.
1134 428 1190 455 Non
1202 428 1274 455 enim
1283 426 1373 454 anima
1383 424 1515 453 seminata
1527 427 1568 450 est
1582 420 1796 454 incorruptione.

1019 478 1066 500 aut
1081 474 1107 500 in
1129 471 1302 503 infirmitate,
1319 474 1366 497 aut
1381 469 1406 496 in
1423 467 1580 502 ignominia.
1605 465 1728 498 Denique
1748 464 1794 491 evio

1018 519 1113 545 denter
1137 517 1260 551 adjungit
1281 515 1324 542 his
1347 514 1474 541 omnibus
1500 516 1526 539 et
1549 511 1634 538 dicit:
1654 509 1800 552 Seminatur

1020 571 1113 597 corpus
1131 562 1246 589 animale
1257 561 1279 576 “
1292 569 1301 587 :
1317 564 1346 587 ut
1362 567 1395 586 nc
1412 558 1473 593 quis
1491 560 1597 591 putaret
1610 555 1730 581 animam
1746 561 1800 580 esse

1019 617 1080 643 quae
1106 609 1257 636 seminatur
1272 607 1298 634 in
1315 605 1505 639 corruptione,
1521 603 1563 630 vel
1591 602 1618 629 in
1640 600 1799 636 ignominia.

1019 655 1060 682 vel
1077 655 1102 682 in
1119 654 1284 681 infirmitate.

834 875 1171 935 ORIGENIS

492 998 776 1044 HOMILI/E
817 996 876 1040 IN
913 992 1193 1040 VISIONES
1223 979 1492 1034 [SM/El“).

427 1168 507 1204 ιοθ
526 1166 665 1194 HOMILIA
685 1166 705 1193 1.

385 1224 485 1258 factum
510 1229 547 1250 est
571 1224 598 1250 in
620 1231 689 1249 anno
711 1230 762 1257 quo
786 1225 915 1258 mortuus
933 1224 970 1246 est

218 1259 299 1320 Ozials
315 1267 374 1291 rem,
385 1255 448 1286 'vitli
465 1258 608 1284 Dominum
630 1255 762 1284 sedent-em
784 1263 861 1291 super
877 1255 971 1282 saliunt

218 1303 278 1320 erce
290 1302 359 1320 sum.

217 1302 359 1322 excelsum.

182 1224 260 1252 Vtsxo
281 1225 306 1252 1.
330 1223 363 1250 Et

223 1347 384 1380 LQuandiu
393 1347 474 1374 Ozias
490 1354 535 1373 rex
548 1346 624 1378 vixit,
634 1354 687 1372 non
699 1346 785 1380 potttit
795 1346 924 1372 visionem
934 1345 973 1371 vi-

184 1392 248 1419 dere
263 1392 348 1418 lsaias
367 1392 507 1427 propheta.
530 1390 594 1417 Erat
608 1391 680 1417 enim
703 1390 783 1417 Ozias
800 1395 934 1424 peccator.
948 1394 974 1417 et

184 1436 289 1463 faciens
317 1437 465 1470 malignum
497 1440 558 1462 attte
585 1440 760 1470 conspectum
788 1434 913 1466 Domini,
947 1438 974 1460 ct

186 1488 270 1514 agens
285 1482 415 1507 adversus
432 1480 596 1507 voluntatem
615 1480 714 1506 divinm
732 1479 808 1514 legis.
834 1480 974 1513 Ingressus

186 1531 228 1553 est
244 1526 371 1560 templum
390 1530 415 1552 et
430 1525 529 1552 Sancta
556 1530 731 1558 sanctorum,
747 1531 773 1551 et
787 1527 822 1552 ob
835 1525 885 1552 hoc
901 1526 973 1559 lepra

185 1571 312 1606 perfusus
335 1572 362 1597 in
385 1571 474 1597 fronte
492 1576 549 1603 est,
567 1571 602 1597 ita
620 1575 650 1597 ιιι
675 1570 747 1597 foras
764 1570 820 1604 (8i)
837 1571 973 1597 civitatem

187 1617 289 1644 vadens
313 1617 382 1643 inter
406 1617 564 1643 immundos
581 1620 794 1650 computarctur.
815 1615 907 1642 Talem
924 1616 974 1650 igi-

188 1665 231 1686 tur
259 1660 407 1694 principem
433 1660 531 1686 animre
555 1664 660 1693 oportet
686 1661 770 1692 mori,
796 1665 826 1687 ut
844 1661 975 1687 visionem

188 1705 237 1731 Dei
255 1705 346 1731 videre
362 1705 508 1739 possimus.
525 1705 617 1739 Neque
634 1705 704 1731 enim
725 1705 825 1732 frustra
844 1706 974 1740 scriptum

187 1754 230 1777 cst
253 1750 330 1785 (cap.
344 1758 385 1783 vr,
402 1758 473 1777 vers.
491 1751 521 1784 1)
541 1758 549 1777 :
570 1750 600 1776 Et
624 1751 723 1784 factum
745 1755 782 1776 est
796 1751 823 1776 iu
838 1759 906 1777 anno
925 1759 976 1786 quo

189 1801 308 1822 mortuus
327 1801 365 1822 est
389 1796 470 1823 Ozias
492 1804 555 1828 rex,
582 1795 635 1822 vidi
655 1795 807 1823 Demittunt.
825 1795 977 1830 Unicuique

189 1845 312 1868 nostrum
326 1841 390 1868 vivit
405 1841 485 1868 Ozias
500 1842 556 1868 sive
566 1841 683 1872 l’harao,
696 1844 723 1866 et
738 1847 790 1866 non
806 1841 976 1874 suspiramus

190 1885 314 1921 Algyptia
334 1894 415 1920 opera
434 1886 574 1912 facientes.
598 1884 625 1911 Si
650 1888 742 1911 autem
771 1883 895 1916 moritur,
914 1889 978 1911 tunc

188 1933 368 1966 susplvamus,
386 1935 415 1958 ιιι
431 1931 457 1958 in
474 1931 567 1958 Exodo
581 1930 711 1964 scriptum
726 1933 777 1956 est.
800 1928 828 1955 Si
845 1929 924 1956 Ozias
938 1930 978 1956 vi-

189 1978 245 2009 vit,
261 1985 315 2004 non
341 1978 463 2004 videmus
480 1977 592 2012 gloriam
612 1976 656 2002 [)ci
671 1985 678 2008 ;
695 1976 716 2003 si
734 1979 823 2002 autetn
850 1977 977 2007 moritur,

188 2027 254 2050 tunc
270 2023 392 2049 videmus
405 2022 496 2049 statim
511 2026 541 2048 ut
555 2021 670 2047 moritur
690 2021 769 2047 Uzias
787 2020 900 2055 gloriam
917 2020 976 2051 Dei,

190 2073 294 2096 tantum
315 2069 368 2095 hoc
391 2069 470 2095 situt
490 2072 583 2102 regnet
607 2068 633 2093 in
652 2067 731 2093 nobis
747 2075 837 2094 sermo
857 2067 918 2101 ejus
932 2067 978 2101 qui

189 2113 279 2140 dixit:
299 2113 355 2147 Ego
375 2118 462 2138 autent
484 2112 642 2138 constitutus
660 2118 720 2137 sum
742 2118 788 2136 rex
811 2110 842 2137 ab
866 2112 936 2143 eo",
954 2115 981 2137 et

190 2166 244 2185 non
264 2162 357 2192 regnet
370 2159 420 2187 ira.
440 2157 487 2184 Est
511 2157 619 2188 quidem
643 2162 670 2183 et
694 2157 798 2191 peccati
823 2164 881 2182 rex.
906 2155 980 2189 Apo-

191 2203 278 2230 stolus
294 2203 330 2229 ita
346 2203 446 2235 sciens,
464 2202 520 2228 ait:
545 2201 606 2228 Non
621 2210 681 2236 ergo
700 2207 786 2235 regnet
803 2205 937 2234 peccaturi:
953 2199 981 2225 in

192 2248 300 2274 mortali
322 2254 406 2274 vestro
430 2256 537 2282 corpore
545 2247 578 2272 ³⁸.
596 2247 758 2274 Miserabilis
778 2246 821 2273 ille
839 2247 920 2272 homo
937 2246 980 2272 etti

192 2299 334 2328 peccatum
351 2299 456 2328 regnat,
473 2295 518 2327 qui
535 2293 581 2320 tali
598 2300 627 2319 se
647 2293 730 2319 tradit
745 2292 811 2327 regi,
828 2291 982 2328 despiciens

193 2348 306 2374 regnum
328 2339 388 2371 Dei,
411 2344 437 2366 et
458 2339 606 2373 subiiciens
626 2347 655 2366 se
677 2337 818 2371 voluptati.
836 2337 982 2371 Propterea

193 2385 341 2419 voluptatis
356 2390 472 2415 amator,
493 2392 546 2412 non
563 2389 604 2411 est
619 2389 725 2412 amator
746 2383 802 2411 Dei.
828 2383 862 2410 Et
884 2390 982 2410 secun-

193 2430 259 2457 dum
283 2430 442 2463 Apostolum
460 2430 493 2457 de
513 2431 675 2465 quibusdam
699 2430 798 2457 dicitur
824 2439 830 2457 :
856 2429 981 2456 Amantes

194 2476 353 2510 voluptatem
366 2476 448 2510 magis
460 2484 538 2509 quam
553 2476 674 2503 Deum”.
691 2476 722 2503 Et
737 2476 844 2511 quidem
862 2476 980 2510 itlipsutn

194 2530 249 2549 non
264 2521 296 2548 de
313 2521 355 2548 his
370 2521 471 2548 dictum
490 2525 529 2548 cst
541 2542 548 2553 ,
565 2522 610 2555 qui
627 2522 747 2553 omnino,
765 2525 829 2548 sunt
849 2520 980 2553 infideles,

194 2569 241 2596 sed
265 2568 299 2596 de
323 2568 365 2595 his
381 2576 427 2602 qui
445 2567 609 2594 tntrinsecus
632 2571 846 2598 commorantur,
862 2565 983 2599 volupta—

231 2645 254 2661 ιε
274 2645 283 2672 ι
305 2644 369 2672 Cor.
396 2652 440 2676 xv,
465 2624 521 2670 n'
560 2643 582 2659 η
600 2643 664 2669 ibid.
690 2643 733 2669 tt.

195 2679 215 2694 ⁸¹
236 2679 303 2706 Dan.
322 2688 370 2712 vn,
387 2680 413 2707 9.
452 2679 473 2694 ³¹
493 2678 560 2706 Jotl.
578 2686 618 2710 ιιι,
630 2678 715 2711 2,12.
762 2677 783 2692 ³³
799 2676 880 2703 Mieh.
897 2684 922 2707 ι,
940 2676 967 2702 5.

220 2773 224 2776 .
236 2738 292 2778 (9.0)
304 2739 414 2778 Collatm
430 2743 492 2778 sunt
508 2739 548 2778 ha:
562 2738 680 2778 humilia:
694 2746 755 2778 cum
773 2740 891 2776 quatuor
904 2743 982 2778 tit-5.5.,

200 2769 328 2811 nin'tirum
341 2782 347 2799 ς
361 2774 373 2799 1
391 2774 554 2811 cathedralis
570 2773 690 2811 ecclesia:
706 2769 890 2811 lihroicensis,
904 2770 914 2796 1
928 2769 984 2796 Ma-

200 2806 276 2844 jot'is_
292 2809 444 2844 Inonaslt‘rii
464 2808 648 2844 'l‘uronettsis,
680 2807 690 2832 1
714 2806 877 2832 t'atltt-tlt'alis
899 2805 982 2830 (“(·‹·1‹ι‹

202 2841 248 2867 sise
270 2841 457 2869 Ltultltlltt‘ltsis
471 2863 477 2874 ,
497 2843 506 2868 1
526 2842 646 2868 ιιὶιιιιιιιιιξ-
659 2842 685 2868 S.
701 2841 771 2867 l‘ctri
788 2841 820 2866 de
837 2840 986 2866 Selint-avlc

788 2643 809 2658 ’⁷
826 2641 897 2668 Psal.
914 2649 943 2672 ll,
960 2640 987 2667 6.

990 1166 1012 1193 B
1026 1169 1076 1190 tem
1087 1162 1171 1198 magis
1180 1168 1258 1196 quant
1270 1159 1350 1186 Deum
1364 1160 1494 1186 amantes,
1505 1153 1549 1188 qui
1565 1151 1659 1178 habent
1675 1149 1807 1185 ﬁguratio-

1023 1218 1078 1236 nem
1087 1197 1204 1244 pietatis,
1213 1207 1335 1233 virtutem
1346 1207 1431 1229 autent
1441 1201 1625 1235 ejusnegantes
1635 1197 1737 1224 ".lla-c
1745 1203 1806 1230 pro-

1024 1260 1082 1290 pter
1098 1259 1212 1280 mortem
1238 1251 1309 1285 regis
1325 1249 1413 1279 Ozim,
1434 1250 1493 1281 post
1509 1245 1587 1279 cujus
1608 1243 1746 1270 interitum
1769 1240 1807 1266 vi—

1023 1299 1095 1326 disse
1113 1306 1142 1325 se
1158 1298 1196 1324 ait
1212 1297 1343 1323 visionem
1364 1295 1503 1328 propheta.
1521 1290 1587 1322 Qua:
1602 1294 1644 1316 est
1663 1293 1753 1314 autem
1770 1286 1806 1312 νίς

1023 1345 1085 1372 sio?
1114 1343 1174 1370 Vidi
1197 1342 1336 1368 Dominum
1360 1340 1488 1365 sulentettt
1514 1344 1591 1371 super
1614 1335 1736 1361 tltronunt
1765 1339 1806 1358 ea:-

1024 1390 1121 1417 celsum
1132 1394 1157 1416 et
1172 1388 1310 1418 elet'atum,
1325 1390 1376 1413 etc.
1396 1384 1454 1410 Non
1468 1382 1557 1410 omnis
1571 1381 1617 1416 qui
1632 1380 1704 1406 videt
1716 1378 1806 1406 Deum,

1024 1435 1097 1462 videt
1120 1442 1181 1461 eum
1203 1434 1342 1460 sedentem
1366 1437 1447 1464 super
1472 1429 1600 1455 thronum
1621 1425 1759 1452 excelsum
1783 1427 1806 1448 et

1024 1481 1156 1508 clevatnm
1167 1500 1173 1506 .
1193 1479 1255 1505 Scio
1272 1478 1354 1504 alimn
1369 1475 1527 1510 prophetam
1543 1471 1642 1498 vidisse
1655 1469 1806 1496 Dominum.

1024 1531 1051 1554 ct
1076 1526 1175 1553 vidisse
1191 1533 1254 1552 etttn
1271 1530 1352 1557 super
1366 1522 1495 1549 thronum
1513 1519 1650 1546 sedentem
1666 1537 1673 1547 ,
1691 1515 1739 1541 scd
1758 1522 1806 1540 non

1024 1573 1178 1603 excelsum,
1203 1578 1289 1605 neque
1310 1570 1454 1596 clevatum.
1483 1566 1623 1592 Disserens
1647 1562 1806 1595 scripturam

1026 1617 1130 1649 Daniel,
1146 1616 1211 1643 dicit
1227 1624 1234 1641 :
1256 1614 1354 1641 T/troni
1371 1612 1451 1647 positi
1462 1615 1521 1637 sunt
1535 1609 1568 1641 ",
1586 1612 1612 1635 et
1629 1615 1683 1633 non
1700 1610 1758 1632 erat
1772 1611 1810 1630 cv—

1026 1664 1115 1690 cclsus
1129 1662 1173 1690 ille
1188 1663 1313 1689 thronus.
1336 1658 1368 1686 Et
1382 1668 1388 1685 :
1413 1657 1518 1683 Veniam
1533 1676 1540 1688 ,
1556 1659 1583 1680 ut
1598 1654 1705 1680 sedeam
1721 1651 1754 1677 ad
1767 1650 1808 1684 ja-

1026 1709 1168 1736 dicattdum
1182 1706 1308 1741 populum
1328 1705 1355 1731 in
1367 1703 1434 1730 valle
1451 1701 1579 1734 Josapltat
1593 1700 1626 1725 ³⁸.
1644 1697 1715 1732 Ergo
1730 1697 1771 1723 hic
1786 1696 1809 1722 in

1026 1755 1096 1781 valle
1111 1755 1195 1784 sedit,
1219 1757 1246 1780 et
1272 1752 1300 1778 in
1312 1751 1382 1777 valle
1396 1756 1458 1776 eum
1473 1747 1644 1781 iudicaturus
1660 1748 1699 1770 est
1711 1763 1718 1772 ,
1734 1750 1810 1776 quem

1028 1804 1069 1827 est
1093 1799 1332 1826 condemnaturus.
1358 1793 1438 1821 Aliud
1461 1796 1551 1819 autem
1577 1795 1617 1816 est
1635 1789 1729 1815 videre
1753 1795 1811 1813 eum

991 1831 1010 1858 C
1029 1845 1168 1872 sedentem
1185 1849 1266 1877 super
1284 1841 1412 1866 tln'onum
1427 1837 1564 1865 excelsum
1582 1839 1609 1860 et
1623 1833 1769 1859 elevatum.
1785 1829 1814 1856 Et

1029 1891 1055 1916 in
1072 1888 1183 1915 Miclnea
1195 1875 1332 1921 egreditur
1346 1884 1418 1919 (82),
1440 1887 1466 1910 et
1487 1879 1626 1908 descendit
1651 1878 1722 1904 Deus
1733 1877 1764 1903 ³³.
1787 1875 1813 1901 Et

1029 1940 1059 1962 ut
1080 1933 1172 1961 videat
1196 1932 1360 1962 Sodomam,
1383 1927 1534 1955 descendit.
1560 1924 1743 1953 Descendens,
1764 1923 1813 1951 ait.

1029 1980 1118 2007 ridebo
1141 1979 1164 2005 si
1186 1976 1327 2004 secundum
1351 1975 1491 2001 clamorem
1510 1979 1600 1998 eorum
1621 1970 1763 1996 venientem
1784 1968 1814 1992 tul

1029 2033 1069 2052 me
1085 2021 1367 2051 consummaverunt“.
1387 2019 1469 2054 Igitur
1494 2018 1564 2044 Deus
1589 2014 1739 2049 aliquando
1757 2021 1816 2039 sur-

1030 2078 1090 2097 sum
1104 2091 1110 2102 ,
1126 2068 1271 2104 aliquando
1288 2067 1413 2094 deorsum
1436 2065 1514 2099 juxta
1537 2062 1696 2097 dignitatem
1711 2059 1817 2086 videtur

1031 2115 1213 2149 negotiorum.
1231 2113 1291 2139 Vidi
1306 2121 1366 2147 ergo
1382 2111 1532 2140 Dominum,
1549 2107 1632 2134 lsaias
1649 2107 1707 2137 ait,
1728 2105 1818 2131 sedea-

1032 2162 1083 2183 tem
1096 2165 1174 2191 super
1186 2157 1307 2183 thronum
1325 2155 1456 2182 ea'celsum
1477 2157 1501 2178 et
1524 2151 1663 2178 eleuatum.
1688 2149 1718 2176 Si
1741 2149 1818 2175 Vitit’O

1033 2201 1115 2228 Deum
1133 2203 1159 2228 in
1176 2202 1218 2229 his
1240 2201 1285 2235 qui
1302 2201 1346 2227 hic
1360 2204 1424 2226 sunt
1441 2202 1597 2232 regnantem
1609 2216 1616 2226 ,
1632 2203 1688 2222 non
1702 2202 1765 2221 eum
1781 2194 1818 2219 vi-
1835 2194 1839 2197 '

1032 2247 1083 2274 deo
1097 2255 1180 2282 super
1199 2247 1325 2273 thronum
1345 2244 1484 2272 excelsum
1510 2248 1536 2270 et
1561 2243 1709 2269 elevatum.
1737 2239 1764 2266 Si
1781 2239 1819 2265 vi-

1032 2293 1082 2320 deo
1107 2300 1169 2320 eum
1193 2296 1349 2326 regnantem
1370 2290 1527 2318 coelestibus
1552 2287 1717 2318 virtutibus,
1743 2285 1819 2312 video

1032 2346 1094 2365 eum
1116 2338 1252 2365 sedentem
1279 2344 1361 2371 super
1381 2336 1508 2363 thronum
1529 2333 1666 2361 excelsum
1691 2337 1718 2358 et
1732 2331 1819 2358 eleva-

1034 2389 1100 2410 tutn.
1127 2383 1196 2416 Quid
1217 2387 1258 2409 est
1281 2382 1354 2416 quod
1380 2381 1446 2407 dicit
1469 2379 1626 2407 ctelestibus
1648 2376 1821 2405 virtutibus?

1033 2428 1135 2456 Throni
1146 2449 1153 2460 ,
1171 2428 1381 2459 dominationes,
1399 2426 1578 2460 principatus,
1592 2428 1753 2458 potestates,
1769 2422 1820 2448 vir—

1035 2477 1106 2500 tutes
1119 2472 1243 2500 caelestes
1258 2476 1332 2499 sunt.
1358 2470 1391 2498 Et
1407 2470 1430 2498 si
1444 2470 1522 2497 video
1536 2476 1609 2503 eum,
1624 2467 1768 2502 quomodo
1785 2465 1823 2493 eis

1036 2524 1130 2554 regnet
1144 2519 1170 2545 in
1187 2518 1280 2549 verbo,
1295 2518 1348 2544 vidi
1363 2517 1504 2543 Dominum
1517 2515 1647 2541 sedentem
1660 2521 1740 2547 super
1752 2514 1820 2539 thro-

1038 2572 1100 2590 num
1116 2564 1247 2590 excelsum
1263 2568 1286 2589 et
1303 2565 1440 2589 eleuatum.
1454 2561 1488 2587 Et
1506 2560 1581 2594 plena
1593 2563 1649 2586 erat
1662 2559 1759 2585 domus
1771 2558 1821 2593 glo~

1037 2641 1058 2656 “
1070 2640 1149 2667 Rom.
1166 2648 1203 2672 Vl,
1219 2641 1262 2666 lii.
1315 2639 1337 2656 ²⁹
1354 2639 1374 2665 ll
1387 2637 1456 2665 Tim.
1475 2645 1515 2671 tn,
1528 2638 1554 2664 4.
1603 2636 1626 2652 ³⁸
1646 2636 1716 2663 ibid.

1315 2639 1337 2656 ²⁹
1354 2639 1374 2665 ll
1387 2637 1456 2665 Tim.
1475 2645 1515 2671 ttt,
1528 2638 1554 2664 4.

1007 2675 1029 2691 ³³
1050 2675 1118 2702 Gen.
1135 2683 1211 2707 xun,
1226 2675 1271 2701 2i.

1749 2642 1821 2670 seqq.

1035 2736 1138 2763 ordinis
1151 2734 1426 2762 Pt'mntonslratensis.

1074 2771 1129 2805 (81)
1151 2771 1225 2800 Mss“
1246 2771 1328 2804 foras.
1346 2769 1422 2805 Lihl}.
1439 2768 1613 2805 cdit.,>_¢u.'lt‘a.

1076 2800 1131 2840 ζεῖ)
1153 2805 1227 2838 Mss,
1245 2800 1386 2839 rat-(ditur.
1402 2803 1477 2830 Libb.
1492 2802 1569 2834 cdit.,
1586 2800 1721 2835 egredere.
