  <div class='ocr_page' id='page_1' title='image "/cluster/home/n/w/nwhite01/storage/ocr_20150623/13/njp.32101077772430/159.png"; bbox 0 0 1879 3046; ppageno 0'>
   <div class='ocr_carea' id='block_1_1' title="bbox 199 152 253 180">
    <p class='ocr_par' dir='ltr' id='par_1_1' title="bbox 199 152 253 180">
     <span class='ocr_line' id='line_1_1' title="bbox 199 152 253 180; baseline -0.019 0"><span class='ocrx_word' id='word_1_1' title='bbox 199 152 253 180; x_wconf 66' lang='lat'><strong>2&#39;23</strong></span> 
     </span>
    </p>
   </div>
   <div class='ocr_carea' id='block_1_2' title="bbox 931 140 1090 170">
    <p class='ocr_par' dir='ltr' id='par_1_2' title="bbox 931 140 1090 170">
     <span class='ocr_line' id='line_1_2' title="bbox 931 140 1090 170; baseline -0.013 0"><span class='ocrx_word' id='word_1_2' title='bbox 931 140 1090 170; x_wconf 76' lang='lat' dir='ltr'><strong>ORIGENIS</strong></span> 
     </span>
    </p>
   </div>
   <div class='ocr_carea' id='block_1_3' title="bbox 1774 130 1822 157">
    <p class='ocr_par' dir='ltr' id='par_1_3' title="bbox 1774 130 1822 157">
     <span class='ocr_line' id='line_1_3' title="bbox 1774 130 1822 157; baseline 0 0"><span class='ocrx_word' id='word_1_3' title='bbox 1774 130 1822 157; x_wconf 63' lang='grc' dir='ltr'><strong>εει</strong></span> 
     </span>
    </p>
   </div>
   <div class='ocr_carea' id='block_1_4' title="bbox 202 192 1821 243">
    <p class='ocr_par' dir='ltr' id='par_1_4' title="bbox 202 192 1821 243">
     <span class='ocr_line' id='line_1_4' title="bbox 202 192 1821 243; baseline -0.015 -3"><span class='ocrx_word' id='word_1_4' title='bbox 202 220 281 240; x_wconf 85' lang='lat' dir='ltr'><strong>meus</strong></span> <span class='ocrx_word' id='word_1_5' title='bbox 296 211 377 239; x_wconf 73' lang='lat' dir='ltr'><strong>Iesus</strong></span> <span class='ocrx_word' id='word_1_6' title='bbox 390 209 516 238; x_wconf 79' lang='lat' dir='ltr'><strong>Christus</strong></span> <span class='ocrx_word' id='word_1_7' title='bbox 531 212 583 239; x_wconf 81' lang='lat' dir='ltr'><strong>est.</strong></span> <span class='ocrx_word' id='word_1_8' title='bbox 599 208 644 243; x_wconf 91' lang='lat' dir='ltr'><strong>qni</strong></span> <span class='ocrx_word' id='word_1_9' title='bbox 662 206 695 235; x_wconf 90' lang='lat' dir='ltr'><strong>ad</strong></span> <span class='ocrx_word' id='word_1_10' title='bbox 712 205 858 234; x_wconf 86' lang='lat' dir='ltr'><strong>auferenda</strong></span> <span class='ocrx_word' id='word_1_11' title='bbox 877 208 986 239; x_wconf 81' lang='lat' dir='ltr'><strong>peccata</strong></span> <span class='ocrx_word' id='word_1_12' title='bbox 1003 205 1023 232; x_wconf 82' lang='grc' dir='ltr'><strong>Α</strong></span> <span class='ocrx_word' id='word_1_13' title='bbox 1040 201 1230 237; x_wconf 87' lang='lat' dir='ltr'><strong>prophetarum</strong></span> <span class='ocrx_word' id='word_1_14' title='bbox 1258 201 1421 226; x_wconf 84' lang='lat' dir='ltr'><strong>convertens</strong></span> <span class='ocrx_word' id='word_1_15' title='bbox 1447 203 1491 228; x_wconf 83' lang='lat' dir='ltr'><strong>se,</strong></span> <span class='ocrx_word' id='word_1_16' title='bbox 1519 202 1585 229; x_wconf 74' lang='lat' dir='ltr'><strong>ego.</strong></span> <span class='ocrx_word' id='word_1_17' title='bbox 1618 192 1723 227; x_wconf 92' lang='lat' dir='ltr'><strong>inquit,</strong></span> <span class='ocrx_word' id='word_1_18' title='bbox 1751 199 1821 218; x_wconf 81' lang='lat' dir='ltr'><strong>eram</strong></span> 
     </span>
    </p>
   </div>
   <div class='ocr_carea' id='block_1_5' title="bbox 204 251 988 286">
    <p class='ocr_par' dir='ltr' id='par_1_5' title="bbox 204 251 988 286">
     <span class='ocr_line' id='line_1_5' title="bbox 204 251 988 286; baseline -0.011 -1"><span class='ocrx_word' id='word_1_19' title='bbox 204 263 298 285; x_wconf 85' lang='lat' dir='ltr'><strong>nostra</strong></span> <span class='ocrx_word' id='word_1_20' title='bbox 326 266 341 284; x_wconf 88' lang='lat' dir='ltr'><strong>a</strong></span> <span class='ocrx_word' id='word_1_21' title='bbox 365 257 443 285; x_wconf 77' lang='lat' dir='ltr'><strong>Patre</strong></span> <span class='ocrx_word' id='word_1_22' title='bbox 465 257 568 284; x_wconf 89' lang='lat' dir='ltr'><strong>missus</strong></span> <span class='ocrx_word' id='word_1_23' title='bbox 589 260 640 286; x_wconf 83' lang='lat' dir='ltr'><strong>est,</strong></span> <span class='ocrx_word' id='word_1_24' title='bbox 654 259 680 281; x_wconf 86' lang='lat' dir='ltr'><strong>et</strong></span> <span class='ocrx_word' id='word_1_25' title='bbox 694 254 757 280; x_wconf 90' lang='lat' dir='ltr'><strong>dicit</strong></span> <span class='ocrx_word' id='word_1_26' title='bbox 776 261 782 278; x_wconf 93' lang='lat'>:</span> <span class='ocrx_word' id='word_1_27' title='bbox 801 251 869 278; x_wconf 80' lang='lat' dir='ltr'><strong>Ecee</strong></span> <span class='ocrx_word' id='word_1_28' title='bbox 889 251 988 278; x_wconf 82' lang='lat' dir='ltr'><strong>abstuli</strong></span> 
     </span>
    </p>
   </div>
   <div class='ocr_carea' id='block_1_6' title="bbox 206 296 988 338">
    <p class='ocr_par' dir='ltr' id='par_1_6' title="bbox 206 296 988 338">
     <span class='ocr_line' id='line_1_6' title="bbox 206 296 988 338; baseline -0.01 -8"><span class='ocrx_word' id='word_1_29' title='bbox 206 303 365 338; x_wconf 82' lang='lat' dir='ltr'><strong>iniquitates</strong></span> <span class='ocrx_word' id='word_1_30' title='bbox 394 307 466 335; x_wconf 89' lang='lat' dir='ltr'><strong>tuas,</strong></span> <span class='ocrx_word' id='word_1_31' title='bbox 480 307 508 329; x_wconf 89' lang='lat' dir='ltr'><strong>et</strong></span> <span class='ocrx_word' id='word_1_32' title='bbox 534 305 643 336; x_wconf 84' lang='lat' dir='ltr'><strong>peccata</strong></span> <span class='ocrx_word' id='word_1_33' title='bbox 671 304 715 326; x_wconf 84' lang='lat' dir='ltr'><strong>tua</strong></span> <span class='ocrx_word' id='word_1_34' title='bbox 744 296 988 325; x_wconf 84' lang='lat' dir='ltr'><strong>circunnnnmlavi.</strong></span> 
     </span>
    </p>
   </div>
   <div class='ocr_carea' id='block_1_7' title="bbox 206 341 991 382">
    <p class='ocr_par' dir='ltr' id='par_1_7' title="bbox 206 341 991 382">
     <span class='ocr_line' id='line_1_7' title="bbox 206 341 991 382; baseline -0.009 -8"><span class='ocrx_word' id='word_1_35' title='bbox 206 345 261 374; x_wconf 80' lang='lat' dir='ltr'><strong>Nec</strong></span> <span class='ocrx_word' id='word_1_36' title='bbox 282 351 358 382; x_wconf 98' lang='lat' dir='ltr'><strong>putes</strong></span> <span class='ocrx_word' id='word_1_37' title='bbox 383 352 486 373; x_wconf 76' lang='lat' dir='ltr'><strong>natura:</strong></span> <span class='ocrx_word' id='word_1_38' title='bbox 500 345 702 375; x_wconf 87' lang='lat' dir='ltr'><strong>contumeliam,</strong></span> <span class='ocrx_word' id='word_1_39' title='bbox 720 344 741 370; x_wconf 92' lang='lat' dir='ltr'><strong>si</strong></span> <span class='ocrx_word' id='word_1_40' title='bbox 765 342 849 369; x_wconf 82' lang='lat' dir='ltr'><strong>Filius</strong></span> <span class='ocrx_word' id='word_1_41' title='bbox 872 350 886 368; x_wconf 90' lang='lat' dir='ltr'><strong>a</strong></span> <span class='ocrx_word' id='word_1_42' title='bbox 912 341 991 367; x_wconf 84' lang='lat' dir='ltr'><strong>Patre</strong></span> 
     </span>
    </p>
   </div>
   <div class='ocr_carea' id='block_1_8' title="bbox 208 387 990 426">
    <p class='ocr_par' dir='ltr' id='par_1_8' title="bbox 208 387 990 426">
     <span class='ocr_line' id='line_1_8' title="bbox 208 387 990 426; baseline -0.01 -6"><span class='ocrx_word' id='word_1_43' title='bbox 208 393 333 420; x_wconf 74' lang='lat' dir='ltr'><strong>mittitur.</strong></span> <span class='ocrx_word' id='word_1_44' title='bbox 357 392 476 426; x_wconf 82' lang='lat' dir='ltr'><strong>Denique</strong></span> <span class='ocrx_word' id='word_1_45' title='bbox 493 397 522 418; x_wconf 91' lang='lat' dir='ltr'><strong>ut</strong></span> <span class='ocrx_word' id='word_1_46' title='bbox 544 390 671 417; x_wconf 83' lang='lat' dir='ltr'><strong>unitatem</strong></span> <span class='ocrx_word' id='word_1_47' title='bbox 690 389 797 415; x_wconf 85' lang='lat' dir='ltr'><strong>deitatis</strong></span> <span class='ocrx_word' id='word_1_48' title='bbox 813 387 840 414; x_wconf 92' lang='lat' dir='ltr'><strong>in</strong></span> <span class='ocrx_word' id='word_1_49' title='bbox 858 387 990 413; x_wconf 84' lang='lat' dir='ltr'><strong>Trinitate</strong></span> 
     </span>
    </p>
   </div>
   <div class='ocr_carea' id='block_1_9' title="bbox 208 433 992 473">
    <p class='ocr_par' dir='ltr' id='par_1_9' title="bbox 208 433 992 473">
     <span class='ocr_line' id='line_1_9' title="bbox 208 433 992 473; baseline -0.006 -8"><span class='ocrx_word' id='word_1_50' title='bbox 208 446 370 473; x_wconf 77' lang='lat' dir='ltr'><strong>cognoscas,</strong></span> <span class='ocrx_word' id='word_1_51' title='bbox 380 438 454 465; x_wconf 89' lang='lat' dir='ltr'><strong>solus</strong></span> <span class='ocrx_word' id='word_1_52' title='bbox 467 437 595 463; x_wconf 81' lang='lat' dir='ltr'><strong>Christus</strong></span> <span class='ocrx_word' id='word_1_53' title='bbox 611 435 636 461; x_wconf 89' lang='lat' dir='ltr'><strong>in</strong></span> <span class='ocrx_word' id='word_1_54' title='bbox 651 434 775 469; x_wconf 67' lang='lat' dir='ltr'><strong>praesenti</strong></span> <span class='ocrx_word' id='word_1_55' title='bbox 789 433 903 460; x_wconf 89' lang='lat' dir='ltr'><strong>lectione</strong></span> <span class='ocrx_word' id='word_1_56' title='bbox 920 440 992 460; x_wconf 88' lang='lat' dir='ltr'><strong>nunc</strong></span> 
     </span>
    </p>
   </div>
   <div class='ocr_carea' id='block_1_10' title="bbox 209 478 991 518">
    <p class='ocr_par' dir='ltr' id='par_1_10' title="bbox 209 478 991 518">
     <span class='ocr_line' id='line_1_10' title="bbox 209 478 991 518; baseline -0.008 -7"><span class='ocrx_word' id='word_1_57' title='bbox 209 488 318 518; x_wconf 85' lang='lat' dir='ltr'><strong>peccata</strong></span> <span class='ocrx_word' id='word_1_58' title='bbox 333 483 454 513; x_wconf 80' lang='lat' dir='ltr'><strong>dimittit,</strong></span> <span class='ocrx_word' id='word_1_59' title='bbox 468 488 494 509; x_wconf 87' lang='lat' dir='ltr'><strong>et</strong></span> <span class='ocrx_word' id='word_1_60' title='bbox 521 486 610 507; x_wconf 88' lang='lat' dir='ltr'><strong>tamen</strong></span> <span class='ocrx_word' id='word_1_61' title='bbox 634 483 794 506; x_wconf 87' lang='lat' dir='ltr'><strong>certumcst</strong></span> <span class='ocrx_word' id='word_1_62' title='bbox 819 486 834 504; x_wconf 89' lang='lat' dir='ltr'><strong>a</strong></span> <span class='ocrx_word' id='word_1_63' title='bbox 859 478 991 505; x_wconf 85' lang='lat' dir='ltr'><strong>Trinitate</strong></span> 
     </span>
    </p>
   </div>
   <div class='ocr_carea' id='block_1_11' title="bbox 207 523 991 565">
    <p class='ocr_par' dir='ltr' id='par_1_11' title="bbox 207 523 991 565">
     <span class='ocr_line' id='line_1_11' title="bbox 207 523 991 565; baseline -0.009 -9"><span class='ocrx_word' id='word_1_64' title='bbox 207 533 318 565; x_wconf 87' lang='lat' dir='ltr'><strong>peccata</strong></span> <span class='ocrx_word' id='word_1_65' title='bbox 333 529 443 555; x_wconf 86' lang='lat' dir='ltr'><strong>dimitti.</strong></span> <span class='ocrx_word' id='word_1_66' title='bbox 461 526 512 560; x_wconf 86' lang='lat' dir='ltr'><strong>Qui</strong></span> <span class='ocrx_word' id='word_1_67' title='bbox 529 527 601 554; x_wconf 86' lang='lat' dir='ltr'><strong>enim</strong></span> <span class='ocrx_word' id='word_1_68' title='bbox 621 526 648 552; x_wconf 90' lang='lat' dir='ltr'><strong>in</strong></span> <span class='ocrx_word' id='word_1_69' title='bbox 666 532 720 552; x_wconf 92' lang='lat' dir='ltr'><strong>uno</strong></span> <span class='ocrx_word' id='word_1_70' title='bbox 737 523 890 555; x_wconf 83' lang='lat' dir='ltr'><strong>crediderit,</strong></span> <span class='ocrx_word' id='word_1_71' title='bbox 906 523 991 550; x_wconf 81' lang='lat' dir='ltr'><strong>credit</strong></span> 
     </span>
    </p>
   </div>
   <div class='ocr_carea' id='block_1_12' title="bbox 208 568 991 606">
    <p class='ocr_par' dir='ltr' id='par_1_12' title="bbox 208 568 991 606">
     <span class='ocr_line' id='line_1_12' title="bbox 208 568 991 606; baseline -0.009 -4"><span class='ocrx_word' id='word_1_72' title='bbox 208 575 236 602; x_wconf 89' lang='lat' dir='ltr'><strong>in</strong></span> <span class='ocrx_word' id='word_1_73' title='bbox 250 574 388 602; x_wconf 88' lang='lat' dir='ltr'><strong>omnibus.</strong></span> <span class='ocrx_word' id='word_1_74' title='bbox 403 572 543 599; x_wconf 87' lang='lat' dir='ltr'><strong>Deferatur</strong></span> <span class='ocrx_word' id='word_1_75' title='bbox 555 579 620 606; x_wconf 72' lang='lat' dir='ltr'><strong>ergo</strong></span> <span class='ocrx_word' id='word_1_76' title='bbox 635 570 701 597; x_wconf 92' lang='lat' dir='ltr'><strong>mihi</strong></span> <span class='ocrx_word' id='word_1_77' title='bbox 720 570 753 597; x_wconf 88' lang='lat' dir='ltr'><strong>de</strong></span> <span class='ocrx_word' id='word_1_78' title='bbox 772 570 870 596; x_wconf 89' lang='lat' dir='ltr'><strong>altario</strong></span> <span class='ocrx_word' id='word_1_79' title='bbox 888 568 991 596; x_wconf 70' lang='lat' dir='ltr'><strong>etulein</strong></span> 
     </span>
    </p>
   </div>
   <div class='ocr_carea' id='block_1_13' title="bbox 208 613 991 653">
    <p class='ocr_par' dir='ltr' id='par_1_13' title="bbox 208 613 991 653">
     <span class='ocr_line' id='line_1_13' title="bbox 208 613 991 653; baseline -0.006 -8"><span class='ocrx_word' id='word_1_80' title='bbox 208 618 315 653; x_wconf 76' lang='lat' dir='ltr'><strong>forceps</strong></span> <span class='ocrx_word' id='word_1_81' title='bbox 336 622 365 645; x_wconf 92' lang='lat' dir='ltr'><strong>ut</strong></span> <span class='ocrx_word' id='word_1_82' title='bbox 381 621 473 651; x_wconf 79' lang='lat' dir='ltr'><strong>tangat</strong></span> <span class='ocrx_word' id='word_1_83' title='bbox 486 616 557 643; x_wconf 89' lang='lat' dir='ltr'><strong>labia</strong></span> <span class='ocrx_word' id='word_1_84' title='bbox 571 623 642 642; x_wconf 83' lang='lat' dir='ltr'><strong>mea.</strong></span> <span class='ocrx_word' id='word_1_85' title='bbox 660 615 776 649; x_wconf 82' lang='lat' dir='ltr'><strong>Forceps</strong></span> <span class='ocrx_word' id='word_1_86' title='bbox 791 613 897 641; x_wconf 89' lang='lat' dir='ltr'><strong>Domini</strong></span> <span class='ocrx_word' id='word_1_87' title='bbox 915 613 937 641; x_wconf 91' lang='lat' dir='ltr'><strong>si</strong></span> <span class='ocrx_word' id='word_1_88' title='bbox 952 618 991 640; x_wconf 84' lang='lat' dir='ltr'><strong>te-</strong></span> 
     </span>
    </p>
   </div>
   <div class='ocr_carea' id='block_1_14' title="bbox 207 659 992 698">
    <p class='ocr_par' dir='ltr' id='par_1_14' title="bbox 207 659 992 698">
     <span class='ocr_line' id='line_1_14' title="bbox 207 659 992 698; baseline -0.006 -8"><span class='ocrx_word' id='word_1_89' title='bbox 207 664 268 698; x_wconf 76' lang='lat' dir='ltr'><strong>tigit</strong></span> <span class='ocrx_word' id='word_1_90' title='bbox 283 663 353 690; x_wconf 85' lang='lat' dir='ltr'><strong>labia</strong></span> <span class='ocrx_word' id='word_1_91' title='bbox 366 670 436 694; x_wconf 86' lang='lat' dir='ltr'><strong>mea,</strong></span> <span class='ocrx_word' id='word_1_92' title='bbox 453 662 566 688; x_wconf 88' lang='lat' dir='ltr'><strong>mundat</strong></span> <span class='ocrx_word' id='word_1_93' title='bbox 578 669 621 688; x_wconf 86' lang='lat' dir='ltr'><strong>ea.</strong></span> <span class='ocrx_word' id='word_1_94' title='bbox 637 660 669 688; x_wconf 84' lang='lat' dir='ltr'><strong>Et</strong></span> <span class='ocrx_word' id='word_1_95' title='bbox 685 661 707 687; x_wconf 85' lang='lat' dir='ltr'><strong>si</strong></span> <span class='ocrx_word' id='word_1_96' title='bbox 723 659 894 687; x_wconf 85' lang='lat' dir='ltr'><strong>mundavcrit</strong></span> <span class='ocrx_word' id='word_1_97' title='bbox 909 667 952 691; x_wconf 84' lang='lat' dir='ltr'><strong>ea,</strong></span> <span class='ocrx_word' id='word_1_98' title='bbox 965 663 992 686; x_wconf 85' lang='lat' dir='ltr'><strong>et</strong></span> 
     </span>
    </p>
   </div>
   <div class='ocr_carea' id='block_1_15' title="bbox 207 705 991 740">
    <p class='ocr_par' dir='ltr' id='par_1_15' title="bbox 207 705 991 740">
     <span class='ocr_line' id='line_1_15' title="bbox 207 705 991 740; baseline -0.006 -5"><span class='ocrx_word' id='word_1_99' title='bbox 207 708 407 736; x_wconf 87' lang='lat' dir='ltr'><strong>circumciderit</strong></span> <span class='ocrx_word' id='word_1_100' title='bbox 430 716 445 735; x_wconf 88' lang='lat' dir='ltr'><strong>a</strong></span> <span class='ocrx_word' id='word_1_101' title='bbox 472 707 556 740; x_wconf 80' lang='lat' dir='ltr'><strong>vitiis,</strong></span> <span class='ocrx_word' id='word_1_102' title='bbox 571 712 602 733; x_wconf 89' lang='lat' dir='ltr'><strong>ut</strong></span> <span class='ocrx_word' id='word_1_103' title='bbox 627 713 712 740; x_wconf 88' lang='lat' dir='ltr'><strong>nuper</strong></span> <span class='ocrx_word' id='word_1_104' title='bbox 727 705 856 737; x_wconf 78' lang='lat' dir='ltr'><strong>diximus,</strong></span> <span class='ocrx_word' id='word_1_105' title='bbox 871 705 991 739; x_wconf 84' lang='lat' dir='ltr'><strong>aperiam</strong></span> 
     </span>
    </p>
   </div>
   <div class='ocr_carea' id='block_1_16' title="bbox 207 750 992 786">
    <p class='ocr_par' dir='ltr' id='par_1_16' title="bbox 207 750 992 786">
     <span class='ocr_line' id='line_1_16' title="bbox 207 750 992 786; baseline -0.003 -6"><span class='ocrx_word' id='word_1_106' title='bbox 207 754 290 781; x_wconf 86' lang='lat' dir='ltr'><strong>verbo</strong></span> <span class='ocrx_word' id='word_1_107' title='bbox 306 753 352 780; x_wconf 79' lang='lat' dir='ltr'><strong>Dei</strong></span> <span class='ocrx_word' id='word_1_108' title='bbox 365 761 397 781; x_wconf 87' lang='lat' dir='ltr'><strong>os</strong></span> <span class='ocrx_word' id='word_1_109' title='bbox 414 761 516 786; x_wconf 89' lang='lat' dir='ltr'><strong>meum,</strong></span> <span class='ocrx_word' id='word_1_110' title='bbox 534 759 583 779; x_wconf 87' lang='lat' dir='ltr'><strong>nec</strong></span> <span class='ocrx_word' id='word_1_111' title='bbox 600 751 714 779; x_wconf 85' lang='lat' dir='ltr'><strong>ulterius</strong></span> <span class='ocrx_word' id='word_1_112' title='bbox 732 758 822 778; x_wconf 84' lang='lat' dir='ltr'><strong>sermo</strong></span> <span class='ocrx_word' id='word_1_113' title='bbox 836 750 992 778; x_wconf 89' lang='lat' dir='ltr'><strong>immundus</strong></span> 
     </span>
    </p>
   </div>
   <div class='ocr_carea' id='block_1_17' title="bbox 206 796 993 833">
    <p class='ocr_par' dir='ltr' id='par_1_17' title="bbox 206 796 993 833">
     <span class='ocr_line' id='line_1_17' title="bbox 206 796 993 833; baseline -0.006 -7"><span class='ocrx_word' id='word_1_114' title='bbox 206 799 278 826; x_wconf 75' lang='lat' dir='ltr'><strong>cxiet</strong></span> <span class='ocrx_word' id='word_1_115' title='bbox 290 807 321 826; x_wconf 80' lang='lat' dir='ltr'><strong>ex</strong></span> <span class='ocrx_word' id='word_1_116' title='bbox 336 807 384 826; x_wconf 88' lang='lat' dir='ltr'><strong>ore</strong></span> <span class='ocrx_word' id='word_1_117' title='bbox 398 807 458 826; x_wconf 90' lang='lat' dir='ltr'><strong>meo</strong></span> <span class='ocrx_word' id='word_1_118' title='bbox 474 808 481 826; x_wconf 89' lang='lat'>:</span> <span class='ocrx_word' id='word_1_119' title='bbox 495 799 558 833; x_wconf 84' lang='lat' dir='ltr'><strong>quia</strong></span> <span class='ocrx_word' id='word_1_120' title='bbox 572 806 632 824; x_wconf 87' lang='lat' dir='ltr'><strong>cum</strong></span> <span class='ocrx_word' id='word_1_121' title='bbox 647 798 697 824; x_wconf 79' lang='lat' dir='ltr'><strong>sim</strong></span> <span class='ocrx_word' id='word_1_122' title='bbox 717 797 804 829; x_wconf 88' lang='lat' dir='ltr'><strong>homo,</strong></span> <span class='ocrx_word' id='word_1_123' title='bbox 817 801 841 823; x_wconf 85' lang='lat' dir='ltr'><strong>et</strong></span> <span class='ocrx_word' id='word_1_124' title='bbox 857 796 993 822; x_wconf 88' lang='lat' dir='ltr'><strong>immunda</strong></span> 
     </span>
    </p>
   </div>
   <div class='ocr_carea' id='block_1_18' title="bbox 208 841 992 879">
    <p class='ocr_par' dir='ltr' id='par_1_18' title="bbox 208 841 992 879">
     <span class='ocr_line' id='line_1_18' title="bbox 208 841 992 879; baseline -0.006 -7"><span class='ocrx_word' id='word_1_125' title='bbox 208 846 280 872; x_wconf 86' lang='lat' dir='ltr'><strong>labia</strong></span> <span class='ocrx_word' id='word_1_126' title='bbox 293 846 414 878; x_wconf 80' lang='lat' dir='ltr'><strong>habeant,</strong></span> <span class='ocrx_word' id='word_1_127' title='bbox 432 845 459 871; x_wconf 86' lang='lat' dir='ltr'><strong>in</strong></span> <span class='ocrx_word' id='word_1_128' title='bbox 478 845 563 871; x_wconf 83' lang='lat' dir='ltr'><strong>medio</strong></span> <span class='ocrx_word' id='word_1_129' title='bbox 578 852 678 879; x_wconf 88' lang='lat' dir='ltr'><strong>quoque</strong></span> <span class='ocrx_word' id='word_1_130' title='bbox 697 842 785 877; x_wconf 79' lang='lat' dir='ltr'><strong>populi</strong></span> <span class='ocrx_word' id='word_1_131' title='bbox 801 841 936 868; x_wconf 89' lang='lat' dir='ltr'><strong>immunda</strong></span> <span class='ocrx_word' id='word_1_132' title='bbox 950 841 992 868; x_wconf 87' lang='lat' dir='ltr'><strong>la-</strong></span> 
     </span>
    </p>
   </div>
   <div class='ocr_carea' id='block_1_19' title="bbox 209 887 992 924">
    <p class='ocr_par' dir='ltr' id='par_1_19' title="bbox 209 887 992 924">
     <span class='ocr_line' id='line_1_19' title="bbox 209 887 992 924; baseline -0.004 -8"><span class='ocrx_word' id='word_1_133' title='bbox 209 890 253 916; x_wconf 82' lang='lat' dir='ltr'><strong>bia</strong></span> <span class='ocrx_word' id='word_1_134' title='bbox 279 890 398 916; x_wconf 75' lang='lat' dir='ltr'><strong>[tabentis</strong></span> <span class='ocrx_word' id='word_1_135' title='bbox 422 890 522 916; x_wconf 86' lang='lat' dir='ltr'><strong>habito.</strong></span> <span class='ocrx_word' id='word_1_136' title='bbox 539 889 681 924; x_wconf 73' lang='lat' dir='ltr'><strong>Seraphin:</strong></span> <span class='ocrx_word' id='word_1_137' title='bbox 704 888 776 923; x_wconf 89' lang='lat' dir='ltr'><strong>quod</strong></span> <span class='ocrx_word' id='word_1_138' title='bbox 798 887 911 914; x_wconf 82' lang='lat' dir='ltr'><strong>missum</strong></span> <span class='ocrx_word' id='word_1_139' title='bbox 932 887 992 919; x_wconf 85' lang='lat' dir='ltr'><strong>fuit,</strong></span> 
     </span>
    </p>
   </div>
   <div class='ocr_carea' id='block_1_20' title="bbox 211 934 994 970">
    <p class='ocr_par' dir='ltr' id='par_1_20' title="bbox 211 934 994 970">
     <span class='ocr_line' id='line_1_20' title="bbox 211 934 994 970; baseline -0.004 -7"><span class='ocrx_word' id='word_1_140' title='bbox 211 936 351 963; x_wconf 81' lang='lat' dir='ltr'><strong>mundavit</strong></span> <span class='ocrx_word' id='word_1_141' title='bbox 374 936 445 962; x_wconf 80' lang='lat' dir='ltr'><strong>labia</strong></span> <span class='ocrx_word' id='word_1_142' title='bbox 461 935 610 970; x_wconf 60' lang='lat' dir='ltr'><strong>prophetae,</strong></span> <span class='ocrx_word' id='word_1_143' title='bbox 625 943 678 962; x_wconf 87' lang='lat' dir='ltr'><strong>non</strong></span> <span class='ocrx_word' id='word_1_144' title='bbox 695 934 834 961; x_wconf 84' lang='lat' dir='ltr'><strong>muudavit</strong></span> <span class='ocrx_word' id='word_1_145' title='bbox 848 939 936 960; x_wconf 66' lang='lat' dir='ltr'><strong>autem</strong></span> <span class='ocrx_word' id='word_1_146' title='bbox 955 934 994 960; x_wconf 87' lang='lat' dir='ltr'><strong>la-</strong></span> 
     </span>
    </p>
   </div>
   <div class='ocr_carea' id='block_1_21' title="bbox 213 979 993 1016">
    <p class='ocr_par' dir='ltr' id='par_1_21' title="bbox 213 979 993 1016">
     <span class='ocr_line' id='line_1_21' title="bbox 213 979 993 1016; baseline -0.004 -8"><span class='ocrx_word' id='word_1_147' title='bbox 213 982 255 1009; x_wconf 86' lang='lat' dir='ltr'><strong>hia</strong></span> <span class='ocrx_word' id='word_1_148' title='bbox 271 982 371 1016; x_wconf 81' lang='lat' dir='ltr'><strong>populi.</strong></span> <span class='ocrx_word' id='word_1_149' title='bbox 385 981 533 1009; x_wconf 79' lang='lat' dir='ltr'><strong>Confessus</strong></span> <span class='ocrx_word' id='word_1_150' title='bbox 547 986 588 1008; x_wconf 88' lang='lat' dir='ltr'><strong>est</strong></span> <span class='ocrx_word' id='word_1_151' title='bbox 603 981 675 1007; x_wconf 85' lang='lat' dir='ltr'><strong>enim</strong></span> <span class='ocrx_word' id='word_1_152' title='bbox 693 981 750 1015; x_wconf 89' lang='lat' dir='ltr'><strong>ipse</strong></span> <span class='ocrx_word' id='word_1_153' title='bbox 765 980 903 1006; x_wconf 84' lang='lat' dir='ltr'><strong>immunda</strong></span> <span class='ocrx_word' id='word_1_154' title='bbox 924 979 993 1006; x_wconf 81' lang='lat' dir='ltr'><strong>labia</strong></span> 
     </span>
    </p>
   </div>
   <div class='ocr_carea' id='block_1_22' title="bbox 210 1024 993 1061">
    <p class='ocr_par' dir='ltr' id='par_1_22' title="bbox 210 1024 993 1061">
     <span class='ocr_line' id='line_1_22' title="bbox 210 1024 993 1061; baseline -0.004 -7"><span class='ocrx_word' id='word_1_155' title='bbox 210 1035 241 1056; x_wconf 84' lang='lat' dir='ltr'><strong>se</strong></span> <span class='ocrx_word' id='word_1_156' title='bbox 258 1027 338 1061; x_wconf 81' lang='lat'><strong>108</strong></span> <span class='ocrx_word' id='word_1_157' title='bbox 351 1027 459 1058; x_wconf 88' lang='lat' dir='ltr'><strong>habere,</strong></span> <span class='ocrx_word' id='word_1_158' title='bbox 472 1032 497 1053; x_wconf 87' lang='lat' dir='ltr'><strong>et</strong></span> <span class='ocrx_word' id='word_1_159' title='bbox 515 1026 541 1052; x_wconf 90' lang='lat' dir='ltr'><strong>in</strong></span> <span class='ocrx_word' id='word_1_160' title='bbox 557 1025 645 1052; x_wconf 86' lang='lat' dir='ltr'><strong>medio</strong></span> <span class='ocrx_word' id='word_1_161' title='bbox 661 1025 752 1060; x_wconf 84' lang='lat' dir='ltr'><strong>populi</strong></span> <span class='ocrx_word' id='word_1_162' title='bbox 770 1025 907 1051; x_wconf 86' lang='lat' dir='ltr'><strong>immunda</strong></span> <span class='ocrx_word' id='word_1_163' title='bbox 923 1024 993 1052; x_wconf 80' lang='lat' dir='ltr'><strong>labia</strong></span> 
     </span>
    </p>
   </div>
   <div class='ocr_carea' id='block_1_23' title="bbox 213 1069 993 1105">
    <p class='ocr_par' dir='ltr' id='par_1_23' title="bbox 213 1069 993 1105">
     <span class='ocr_line' id='line_1_23' title="bbox 213 1069 993 1105; baseline -0.004 -6"><span class='ocrx_word' id='word_1_164' title='bbox 213 1073 338 1099; x_wconf 75' lang='lat' dir='ltr'><strong>habentis</strong></span> <span class='ocrx_word' id='word_1_165' title='bbox 356 1072 488 1099; x_wconf 77' lang='lat' dir='ltr'><strong>habitare.</strong></span> <span class='ocrx_word' id='word_1_166' title='bbox 513 1071 563 1098; x_wconf 84' lang='lat' dir='ltr'><strong>Sed</strong></span> <span class='ocrx_word' id='word_1_167' title='bbox 580 1071 630 1098; x_wconf 88' lang='lat' dir='ltr'><strong>hoc</strong></span> <span class='ocrx_word' id='word_1_168' title='bbox 648 1069 720 1105; x_wconf 91' lang='lat' dir='ltr'><strong>quod</strong></span> <span class='ocrx_word' id='word_1_169' title='bbox 736 1070 849 1096; x_wconf 88' lang='lat' dir='ltr'><strong>missum</strong></span> <span class='ocrx_word' id='word_1_170' title='bbox 867 1074 909 1096; x_wconf 85' lang='lat' dir='ltr'><strong>est</strong></span> <span class='ocrx_word' id='word_1_171' title='bbox 920 1077 993 1096; x_wconf 80' lang='lat' dir='ltr'><strong>sera-</strong></span> 
     </span>
    </p>
   </div>
   <div class='ocr_carea' id='block_1_24' title="bbox 213 1115 995 1151">
    <p class='ocr_par' dir='ltr' id='par_1_24' title="bbox 213 1115 995 1151">
     <span class='ocr_line' id='line_1_24' title="bbox 213 1115 995 1151; baseline -0.004 -7"><span class='ocrx_word' id='word_1_172' title='bbox 213 1118 297 1149; x_wconf 86' lang='lat' dir='ltr'><strong>phim,</strong></span> <span class='ocrx_word' id='word_1_173' title='bbox 315 1125 368 1144; x_wconf 92' lang='lat' dir='ltr'><strong>non</strong></span> <span class='ocrx_word' id='word_1_174' title='bbox 383 1116 516 1151; x_wconf 85' lang='lat' dir='ltr'><strong>judicavit</strong></span> <span class='ocrx_word' id='word_1_175' title='bbox 533 1116 630 1151; x_wconf 78' lang='lat' dir='ltr'><strong>dignos</strong></span> <span class='ocrx_word' id='word_1_176' title='bbox 656 1123 717 1143; x_wconf 89' lang='lat' dir='ltr'><strong>esse</strong></span> <span class='ocrx_word' id='word_1_177' title='bbox 739 1115 772 1142; x_wconf 88' lang='lat' dir='ltr'><strong>de</strong></span> <span class='ocrx_word' id='word_1_178' title='bbox 789 1115 901 1150; x_wconf 87' lang='lat' dir='ltr'><strong>populo,</strong></span> <span class='ocrx_word' id='word_1_179' title='bbox 919 1119 947 1141; x_wconf 93' lang='lat' dir='ltr'><strong>ut</strong></span> <span class='ocrx_word' id='word_1_180' title='bbox 968 1119 995 1142; x_wconf 91' lang='lat' dir='ltr'><strong>et</strong></span> 
     </span>
    </p>
   </div>
   <div class='ocr_carea' id='block_1_25' title="bbox 211 1160 995 1195">
    <p class='ocr_par' dir='ltr' id='par_1_25' title="bbox 211 1160 995 1195">
     <span class='ocr_line' id='line_1_25' title="bbox 211 1160 995 1195; baseline -0.003 -6"><span class='ocrx_word' id='word_1_181' title='bbox 211 1163 319 1190; x_wconf 90' lang='lat' dir='ltr'><strong>illorum</strong></span> <span class='ocrx_word' id='word_1_182' title='bbox 341 1162 410 1190; x_wconf 87' lang='lat' dir='ltr'><strong>labia</strong></span> <span class='ocrx_word' id='word_1_183' title='bbox 432 1162 602 1193; x_wconf 87' lang='lat' dir='ltr'><strong>emundaret,</strong></span> <span class='ocrx_word' id='word_1_184' title='bbox 625 1165 652 1188; x_wconf 87' lang='lat' dir='ltr'><strong>et</strong></span> <span class='ocrx_word' id='word_1_185' title='bbox 675 1161 777 1189; x_wconf 85' lang='lat' dir='ltr'><strong>idcirco</strong></span> <span class='ocrx_word' id='word_1_186' title='bbox 799 1161 888 1188; x_wconf 89' lang='lat' dir='ltr'><strong>adhuc</strong></span> <span class='ocrx_word' id='word_1_187' title='bbox 913 1160 995 1195; x_wconf 86' lang='lat' dir='ltr'><strong>impie</strong></span> 
     </span>
    </p>
   </div>
   <div class='ocr_carea' id='block_1_26' title="bbox 210 1206 995 1244">
    <p class='ocr_par' dir='ltr' id='par_1_26' title="bbox 210 1206 995 1244">
     <span class='ocr_line' id='line_1_26' title="bbox 210 1206 995 1244; baseline -0.004 -8"><span class='ocrx_word' id='word_1_188' title='bbox 210 1214 304 1244; x_wconf 79' lang='lat' dir='ltr'><strong>agunt,</strong></span> <span class='ocrx_word' id='word_1_189' title='bbox 321 1208 423 1236; x_wconf 89' lang='lat' dir='ltr'><strong>idcirco</strong></span> <span class='ocrx_word' id='word_1_190' title='bbox 437 1208 527 1236; x_wconf 86' lang='lat' dir='ltr'><strong>adhuc</strong></span> <span class='ocrx_word' id='word_1_191' title='bbox 543 1207 657 1234; x_wconf 84' lang='lat' dir='ltr'><strong>Domino</strong></span> <span class='ocrx_word' id='word_1_192' title='bbox 674 1215 735 1234; x_wconf 89' lang='lat' dir='ltr'><strong>meo</strong></span> <span class='ocrx_word' id='word_1_193' title='bbox 748 1206 812 1234; x_wconf 83' lang='lat' dir='ltr'><strong>Jesu</strong></span> <span class='ocrx_word' id='word_1_194' title='bbox 827 1206 938 1234; x_wconf 82' lang='lat' dir='ltr'><strong>Christo</strong></span> <span class='ocrx_word' id='word_1_195' title='bbox 952 1214 995 1232; x_wconf 86' lang='lat' dir='ltr'><strong>re-</strong></span> 
     </span>
    </p>
   </div>
   <div class='ocr_carea' id='block_1_27' title="bbox 210 1253 993 1289">
    <p class='ocr_par' dir='ltr' id='par_1_27' title="bbox 210 1253 993 1289">
     <span class='ocr_line' id='line_1_27' title="bbox 210 1253 993 1289; baseline 0 -9"><span class='ocrx_word' id='word_1_196' title='bbox 210 1259 340 1289; x_wconf 76' lang='lat' dir='ltr'><strong>pugnant,</strong></span> <span class='ocrx_word' id='word_1_197' title='bbox 369 1254 458 1281; x_wconf 89' lang='lat' dir='ltr'><strong>adhuc</strong></span> <span class='ocrx_word' id='word_1_198' title='bbox 481 1254 506 1281; x_wconf 90' lang='lat' dir='ltr'><strong>ei</strong></span> <span class='ocrx_word' id='word_1_199' title='bbox 534 1253 700 1280; x_wconf 88' lang='lat' dir='ltr'><strong>maledicunt</strong></span> <span class='ocrx_word' id='word_1_200' title='bbox 726 1253 875 1280; x_wconf 87' lang='lat' dir='ltr'><strong>immundis</strong></span> <span class='ocrx_word' id='word_1_201' title='bbox 903 1253 993 1280; x_wconf 87' lang='lat' dir='ltr'><strong>labiis.</strong></span> 
     </span>
    </p>
   </div>
   <div class='ocr_carea' id='block_1_28' title="bbox 211 1298 997 1334">
    <p class='ocr_par' dir='ltr' id='par_1_28' title="bbox 211 1298 997 1334">
     <span class='ocr_line' id='line_1_28' title="bbox 211 1298 997 1334; baseline 0 -9"><span class='ocrx_word' id='word_1_202' title='bbox 211 1299 267 1334; x_wconf 74' lang='lat' dir='ltr'><strong>Ego</strong></span> <span class='ocrx_word' id='word_1_203' title='bbox 284 1305 373 1327; x_wconf 84' lang='lat' dir='ltr'><strong>autent</strong></span> <span class='ocrx_word' id='word_1_204' title='bbox 390 1307 496 1334; x_wconf 85' lang='lat' dir='ltr'><strong>precor,</strong></span> <span class='ocrx_word' id='word_1_205' title='bbox 520 1305 550 1327; x_wconf 92' lang='lat' dir='ltr'><strong>ut</strong></span> <span class='ocrx_word' id='word_1_206' title='bbox 572 1299 684 1326; x_wconf 87' lang='lat' dir='ltr'><strong>veniens</strong></span> <span class='ocrx_word' id='word_1_207' title='bbox 707 1299 843 1333; x_wconf 86' lang='lat' dir='ltr'><strong>serapbim</strong></span> <span class='ocrx_word' id='word_1_208' title='bbox 868 1298 997 1325; x_wconf 91' lang='lat' dir='ltr'><strong>cmundet</strong></span> 
     </span>
    </p>
   </div>
   <div class='ocr_carea' id='block_1_29' title="bbox 211 1346 369 1373">
    <p class='ocr_par' dir='ltr' id='par_1_29' title="bbox 211 1346 369 1373">
     <span class='ocr_line' id='line_1_29' title="bbox 211 1346 369 1373; baseline -0.006 0"><span class='ocrx_word' id='word_1_209' title='bbox 211 1346 282 1373; x_wconf 85' lang='lat' dir='ltr'><strong>labia</strong></span> <span class='ocrx_word' id='word_1_210' title='bbox 299 1354 369 1373; x_wconf 87' lang='lat' dir='ltr'><strong>mea.</strong></span> 
     </span>
    </p>
   </div>
   <div class='ocr_carea' id='block_1_30' title="bbox 247 1389 994 1426">
    <p class='ocr_par' dir='ltr' id='par_1_30' title="bbox 247 1389 994 1426">
     <span class='ocr_line' id='line_1_30' title="bbox 247 1389 994 1426; baseline -0.003 -7"><span class='ocrx_word' id='word_1_211' title='bbox 247 1392 274 1419; x_wconf 81' lang='grc'><strong>5.</strong></span> <span class='ocrx_word' id='word_1_212' title='bbox 294 1391 328 1418; x_wconf 82' lang='lat' dir='ltr'><strong>Et</strong></span> <span class='ocrx_word' id='word_1_213' title='bbox 345 1399 429 1426; x_wconf 80' lang='lat' dir='ltr'><strong>regem</strong></span> <span class='ocrx_word' id='word_1_214' title='bbox 447 1391 589 1419; x_wconf 85' lang='lat' dir='ltr'><strong>Dominum</strong></span> <span class='ocrx_word' id='word_1_215' title='bbox 603 1390 719 1418; x_wconf 82' lang='lat' dir='ltr'><strong>Sabaoth</strong></span> <span class='ocrx_word' id='word_1_216' title='bbox 743 1389 796 1417; x_wconf 75' lang='lat' dir='ltr'><strong>vidi</strong></span> <span class='ocrx_word' id='word_1_217' title='bbox 819 1390 902 1416; x_wconf 81' lang='lat' dir='ltr'><strong>oculis</strong></span> <span class='ocrx_word' id='word_1_218' title='bbox 921 1390 994 1417; x_wconf 83' lang='lat' dir='ltr'><strong>meis.</strong></span> 
     </span>
    </p>
   </div>
   <div class='ocr_carea' id='block_1_31' title="bbox 211 1435 993 1471">
    <p class='ocr_par' dir='ltr' id='par_1_31' title="bbox 211 1435 993 1471">
     <span class='ocr_line' id='line_1_31' title="bbox 211 1435 993 1471; baseline -0.003 -7"><span class='ocrx_word' id='word_1_219' title='bbox 211 1437 268 1464; x_wconf 93' lang='lat' dir='ltr'><strong>Cur</strong></span> <span class='ocrx_word' id='word_1_220' title='bbox 282 1445 335 1463; x_wconf 90' lang='lat' dir='ltr'><strong>non</strong></span> <span class='ocrx_word' id='word_1_221' title='bbox 348 1437 472 1464; x_wconf 87' lang='lat' dir='ltr'><strong>dicamus</strong></span> <span class='ocrx_word' id='word_1_222' title='bbox 484 1437 509 1463; x_wconf 90' lang='lat' dir='ltr'><strong>in</strong></span> <span class='ocrx_word' id='word_1_223' title='bbox 523 1437 647 1471; x_wconf 69' lang='lat' dir='ltr'><strong>praesenti</strong></span> <span class='ocrx_word' id='word_1_224' title='bbox 663 1435 834 1463; x_wconf 91' lang='lat' dir='ltr'><strong>traditionem</strong></span> <span class='ocrx_word' id='word_1_225' title='bbox 848 1436 993 1470; x_wconf 88' lang='lat' dir='ltr'><strong>quamdam</strong></span> 
     </span>
    </p>
   </div>
   <div class='ocr_carea' id='block_1_32' title="bbox 213 1481 996 1516">
    <p class='ocr_par' dir='ltr' id='par_1_32' title="bbox 213 1481 996 1516">
     <span class='ocr_line' id='line_1_32' title="bbox 213 1481 996 1516; baseline 0 -8"><span class='ocrx_word' id='word_1_226' title='bbox 213 1481 367 1508; x_wconf 61' lang='lat' dir='ltr'><strong>Iudaeorum</strong></span> <span class='ocrx_word' id='word_1_227' title='bbox 384 1482 559 1509; x_wconf 88' lang='lat' dir='ltr'><strong>verisimilem</strong></span> <span class='ocrx_word' id='word_1_228' title='bbox 574 1481 695 1516; x_wconf 87' lang='lat' dir='ltr'><strong>quidem,</strong></span> <span class='ocrx_word' id='word_1_229' title='bbox 712 1490 762 1509; x_wconf 89' lang='lat' dir='ltr'><strong>nec</strong></span> <span class='ocrx_word' id='word_1_230' title='bbox 785 1487 874 1509; x_wconf 84' lang='lat' dir='ltr'><strong>tamen</strong></span> <span class='ocrx_word' id='word_1_231' title='bbox 893 1489 996 1513; x_wconf 84' lang='lat' dir='ltr'><strong>veram,</strong></span> 
     </span>
    </p>
   </div>
   <div class='ocr_carea' id='block_1_33' title="bbox 1042 237 1822 280">
    <p class='ocr_par' dir='ltr' id='par_1_33' title="bbox 1042 237 1822 280">
     <span class='ocr_line' id='line_1_33' title="bbox 1042 237 1822 280; baseline -0.017 -6"><span class='ocrx_word' id='word_1_232' title='bbox 1042 248 1178 278; x_wconf 78' lang='lat' dir='ltr'><strong>Christus,</strong></span> <span class='ocrx_word' id='word_1_233' title='bbox 1195 245 1240 280; x_wconf 87' lang='lat' dir='ltr'><strong>qui</strong></span> <span class='ocrx_word' id='word_1_234' title='bbox 1262 243 1393 278; x_wconf 86' lang='lat' dir='ltr'><strong>loquebar</strong></span> <span class='ocrx_word' id='word_1_235' title='bbox 1410 249 1457 276; x_wconf 91' lang='lat' dir='ltr'><strong>per</strong></span> <span class='ocrx_word' id='word_1_236' title='bbox 1480 240 1635 275; x_wconf 80' lang='lat' dir='ltr'><strong>prophetas.</strong></span> <span class='ocrx_word' id='word_1_237' title='bbox 1652 237 1721 267; x_wconf 81' lang='lat' dir='ltr'><strong>Dixi,</strong></span> <span class='ocrx_word' id='word_1_238' title='bbox 1739 243 1822 270; x_wconf 79' lang='lat' dir='ltr'><strong>neque</strong></span> 
     </span>
    </p>
   </div>
   <div class='ocr_carea' id='block_1_34' title="bbox 1042 280 1820 323">
    <p class='ocr_par' dir='ltr' id='par_1_34' title="bbox 1042 280 1820 323">
     <span class='ocr_line' id='line_1_34' title="bbox 1042 280 1820 323; baseline -0.017 -4"><span class='ocrx_word' id='word_1_239' title='bbox 1042 297 1069 320; x_wconf 91' lang='lat' dir='ltr'><strong>tu</strong></span> <span class='ocrx_word' id='word_1_240' title='bbox 1095 292 1204 323; x_wconf 83' lang='lat' dir='ltr'><strong>timeas,</strong></span> <span class='ocrx_word' id='word_1_241' title='bbox 1223 294 1250 316; x_wconf 89' lang='lat' dir='ltr'><strong>ct</strong></span> <span class='ocrx_word' id='word_1_242' title='bbox 1275 296 1348 315; x_wconf 90' lang='lat' dir='ltr'><strong>nunc</strong></span> <span class='ocrx_word' id='word_1_243' title='bbox 1371 286 1486 314; x_wconf 84' lang='lat' dir='ltr'><strong>mittitur</strong></span> <span class='ocrx_word' id='word_1_244' title='bbox 1511 284 1590 311; x_wconf 80' lang='lat' dir='ltr'><strong>Jesns</strong></span> <span class='ocrx_word' id='word_1_245' title='bbox 1615 282 1751 309; x_wconf 84' lang='lat' dir='ltr'><strong>Christus.</strong></span> <span class='ocrx_word' id='word_1_246' title='bbox 1767 280 1820 307; x_wconf 78' lang='lat' dir='ltr'><strong>Non</strong></span> 
     </span>
    </p>
   </div>
   <div class='ocr_carea' id='block_1_35' title="bbox 1043 329 1822 366">
    <p class='ocr_par' dir='ltr' id='par_1_35' title="bbox 1043 329 1822 366">
     <span class='ocr_line' id='line_1_35' title="bbox 1043 329 1822 366; baseline -0.015 0"><span class='ocrx_word' id='word_1_247' title='bbox 1043 338 1183 366; x_wconf 86' lang='lat' dir='ltr'><strong>mentitur.</strong></span> <span class='ocrx_word' id='word_1_248' title='bbox 1208 336 1346 363; x_wconf 78' lang='lat' dir='ltr'><strong>Vobiscum</strong></span> <span class='ocrx_word' id='word_1_249' title='bbox 1368 343 1436 365; x_wconf 79' lang='lat' dir='ltr'><strong>sum,</strong></span> <span class='ocrx_word' id='word_1_250' title='bbox 1455 334 1491 360; x_wconf 87' lang='lat' dir='ltr'><strong>ait</strong></span> <span class='ocrx_word' id='word_1_251' title='bbox 1511 332 1649 363; x_wconf 87' lang='lat' dir='ltr'><strong>Dontinus,</strong></span> <span class='ocrx_word' id='word_1_252' title='bbox 1666 338 1754 357; x_wconf 74' lang='lat' dir='ltr'><strong>omnes</strong></span> <span class='ocrx_word' id='word_1_253' title='bbox 1771 329 1822 354; x_wconf 68' lang='lat' dir='ltr'><strong>dies</strong></span> 
     </span>
    </p>
   </div>
   <div class='ocr_carea' id='block_1_36' title="bbox 1043 375 1821 419">
    <p class='ocr_par' dir='ltr' id='par_1_36' title="bbox 1043 375 1821 419">
     <span class='ocr_line' id='line_1_36' title="bbox 1043 375 1821 419; baseline -0.014 -8"><span class='ocrx_word' id='word_1_254' title='bbox 1043 392 1124 419; x_wconf 80' lang='lat' dir='ltr'><strong>usque</strong></span> <span class='ocrx_word' id='word_1_255' title='bbox 1140 383 1175 410; x_wconf 85' lang='lat' dir='ltr'><strong>ad</strong></span> <span class='ocrx_word' id='word_1_256' title='bbox 1193 380 1441 409; x_wconf 75' lang='lat' dir='ltr'><strong>consummationem</strong></span> <span class='ocrx_word' id='word_1_257' title='bbox 1460 377 1551 405; x_wconf 78' lang='lat' dir='ltr'><strong>sa&#39;culi</strong></span> <span class='ocrx_word' id='word_1_258' title='bbox 1566 378 1598 404; x_wconf 79' lang='lat'><strong>“.</strong></span> <span class='ocrx_word' id='word_1_259' title='bbox 1613 376 1671 403; x_wconf 81' lang='lat' dir='ltr'><strong>Non</strong></span> <span class='ocrx_word' id='word_1_260' title='bbox 1686 375 1821 402; x_wconf 83' lang='lat' dir='ltr'><strong>mentitur.</strong></span> 
     </span>
    </p>
   </div>
   <div class='ocr_carea' id='block_1_37' title="bbox 1047 422 1823 456">
    <p class='ocr_par' dir='ltr' id='par_1_37' title="bbox 1047 422 1823 456">
     <span class='ocr_line' id='line_1_37' title="bbox 1047 422 1823 456; baseline -0.013 0"><span class='ocrx_word' id='word_1_261' title='bbox 1047 429 1096 456; x_wconf 85' lang='lat' dir='ltr'><strong>Ubi</strong></span> <span class='ocrx_word' id='word_1_262' title='bbox 1114 429 1167 455; x_wconf 88' lang='lat' dir='ltr'><strong>duo</strong></span> <span class='ocrx_word' id='word_1_263' title='bbox 1183 428 1221 454; x_wconf 80' lang='lat' dir='ltr'><strong>vel</strong></span> <span class='ocrx_word' id='word_1_264' title='bbox 1241 433 1293 454; x_wconf 73' lang='lat' dir='ltr'><strong>tres</strong></span> <span class='ocrx_word' id='word_1_265' title='bbox 1306 425 1408 453; x_wconf 80' lang='lat' dir='ltr'><strong>collecti</strong></span> <span class='ocrx_word' id='word_1_266' title='bbox 1429 429 1489 451; x_wconf 89' lang='lat' dir='ltr'><strong>sunt</strong></span> <span class='ocrx_word' id='word_1_267' title='bbox 1504 423 1530 449; x_wconf 86' lang='lat' dir='ltr'><strong>in</strong></span> <span class='ocrx_word' id='word_1_268' title='bbox 1542 422 1647 449; x_wconf 85' lang='lat' dir='ltr'><strong>nomine</strong></span> <span class='ocrx_word' id='word_1_269' title='bbox 1662 429 1730 452; x_wconf 79' lang='lat' dir='ltr'><strong>meo,</strong></span> <span class='ocrx_word' id='word_1_270' title='bbox 1744 424 1768 446; x_wconf 85' lang='lat' dir='ltr'><strong>et</strong></span> <span class='ocrx_word' id='word_1_271' title='bbox 1781 427 1823 454; x_wconf 74' lang='lat' dir='ltr'><strong>ego</strong></span> 
     </span>
    </p>
   </div>
   <div class='ocr_carea' id='block_1_38' title="bbox 1043 467 1823 502">
    <p class='ocr_par' dir='ltr' id='par_1_38' title="bbox 1043 467 1823 502">
     <span class='ocr_line' id='line_1_38' title="bbox 1043 467 1823 502; baseline -0.013 0"><span class='ocrx_word' id='word_1_272' title='bbox 1043 483 1100 502; x_wconf 78' lang='lat' dir='ltr'><strong>sum</strong></span> <span class='ocrx_word' id='word_1_273' title='bbox 1119 474 1146 500; x_wconf 87' lang='lat' dir='ltr'><strong>in</strong></span> <span class='ocrx_word' id='word_1_274' title='bbox 1160 474 1246 500; x_wconf 86' lang='lat' dir='ltr'><strong>medio</strong></span> <span class='ocrx_word' id='word_1_275' title='bbox 1259 479 1349 498; x_wconf 80' lang='lat' dir='ltr'><strong>eorum</strong></span> <span class='ocrx_word' id='word_1_276' title='bbox 1367 470 1401 496; x_wconf 72' lang='lat'><strong>“.</strong></span> <span class='ocrx_word' id='word_1_277' title='bbox 1419 468 1553 502; x_wconf 82' lang='lat' dir='ltr'><strong>Quoniam</strong></span> <span class='ocrx_word' id='word_1_278' title='bbox 1571 467 1652 502; x_wconf 79' lang='lat' dir='ltr'><strong>igitur</strong></span> <span class='ocrx_word' id='word_1_279' title='bbox 1664 471 1765 502; x_wconf 62' lang='lat' dir='ltr'><strong>praesto</strong></span> <span class='ocrx_word' id='word_1_280' title='bbox 1775 471 1823 496; x_wconf 71' lang='lat' dir='ltr'><strong>est.</strong></span> 
     </span>
    </p>
   </div>
   <div class='ocr_carea' id='block_1_39' title="bbox 1043 512 1825 551">
    <p class='ocr_par' dir='ltr' id='par_1_39' title="bbox 1043 512 1825 551">
     <span class='ocr_line' id='line_1_39' title="bbox 1043 512 1825 551; baseline -0.015 -2"><span class='ocrx_word' id='word_1_281' title='bbox 1043 527 1070 550; x_wconf 86' lang='lat' dir='ltr'><strong>et</strong></span> <span class='ocrx_word' id='word_1_282' title='bbox 1087 520 1192 549; x_wconf 80' lang='lat' dir='ltr'><strong>assistit</strong></span> <span class='ocrx_word' id='word_1_283' title='bbox 1207 519 1288 546; x_wconf 77' lang='lat' dir='ltr'><strong>Jesus</strong></span> <span class='ocrx_word' id='word_1_284' title='bbox 1304 517 1443 548; x_wconf 85' lang='lat' dir='ltr'><strong>Christus,</strong></span> <span class='ocrx_word' id='word_1_285' title='bbox 1457 521 1485 544; x_wconf 89' lang='lat' dir='ltr'><strong>et</strong></span> <span class='ocrx_word' id='word_1_286' title='bbox 1499 520 1610 551; x_wconf 88' lang='lat' dir='ltr'><strong>paratus</strong></span> <span class='ocrx_word' id='word_1_287' title='bbox 1622 518 1665 541; x_wconf 89' lang='lat' dir='ltr'><strong>est</strong></span> <span class='ocrx_word' id='word_1_288' title='bbox 1677 519 1704 540; x_wconf 87' lang='lat' dir='ltr'><strong>et</strong></span> <span class='ocrx_word' id='word_1_289' title='bbox 1717 512 1825 547; x_wconf 66' lang='lat' dir='ltr'><strong>praecin-</strong></span> 
     </span>
    </p>
   </div>
   <div class='ocr_carea' id='block_1_40' title="bbox 1044 559 1825 596">
    <p class='ocr_par' dir='ltr' id='par_1_40' title="bbox 1044 559 1825 596">
     <span class='ocr_line' id='line_1_40' title="bbox 1044 559 1825 596; baseline -0.014 0"><span class='ocrx_word' id='word_1_290' title='bbox 1044 574 1105 596; x_wconf 84' lang='lat' dir='ltr'><strong>etus</strong></span> <span class='ocrx_word' id='word_1_291' title='bbox 1121 574 1243 595; x_wconf 88' lang='lat' dir='ltr'><strong>snmmtts</strong></span> <span class='ocrx_word' id='word_1_292' title='bbox 1258 565 1386 592; x_wconf 83' lang='lat' dir='ltr'><strong>sacerdos</strong></span> <span class='ocrx_word' id='word_1_293' title='bbox 1401 563 1499 590; x_wconf 80' lang='lat' dir='ltr'><strong>olferre</strong></span> <span class='ocrx_word' id='word_1_294' title='bbox 1509 561 1582 589; x_wconf 83' lang='lat' dir='ltr'><strong>Patri</strong></span> <span class='ocrx_word' id='word_1_295' title='bbox 1597 559 1825 594; x_wconf 85' lang='lat' dir='ltr'><strong>interpellationes</strong></span> 
     </span>
    </p>
   </div>
   <div class='ocr_carea' id='block_1_41' title="bbox 1044 604 1825 647">
    <p class='ocr_par' dir='ltr' id='par_1_41' title="bbox 1044 604 1825 647">
     <span class='ocr_line' id='line_1_41' title="bbox 1044 604 1825 647; baseline -0.014 -6"><span class='ocrx_word' id='word_1_296' title='bbox 1044 619 1165 646; x_wconf 87' lang='lat' dir='ltr'><strong>nostras,</strong></span> <span class='ocrx_word' id='word_1_297' title='bbox 1184 616 1327 647; x_wconf 74' lang='lat' dir='ltr'><strong>surgentes</strong></span> <span class='ocrx_word' id='word_1_298' title='bbox 1349 618 1397 645; x_wconf 89' lang='lat' dir='ltr'><strong>per</strong></span> <span class='ocrx_word' id='word_1_299' title='bbox 1413 610 1501 645; x_wconf 90' lang='lat' dir='ltr'><strong>ipsum</strong></span> <span class='ocrx_word' id='word_1_300' title='bbox 1520 607 1652 635; x_wconf 84' lang='lat' dir='ltr'><strong>sacrificia</strong></span> <span class='ocrx_word' id='word_1_301' title='bbox 1668 604 1744 632; x_wconf 74' lang='lat' dir='ltr'><strong>Patri</strong></span> <span class='ocrx_word' id='word_1_302' title='bbox 1765 604 1825 631; x_wconf 77' lang='lat' dir='ltr'><strong>olle-</strong></span> 
     </span>
    </p>
   </div>
   <div class='ocr_carea' id='block_1_42' title="bbox 1045 651 1826 693">
    <p class='ocr_par' dir='ltr' id='par_1_42' title="bbox 1045 651 1826 693">
     <span class='ocr_line' id='line_1_42' title="bbox 1045 651 1826 693; baseline -0.014 -6"><span class='ocrx_word' id='word_1_303' title='bbox 1045 668 1151 687; x_wconf 87' lang='lat' dir='ltr'><strong>ramus.</strong></span> <span class='ocrx_word' id='word_1_304' title='bbox 1171 659 1232 693; x_wconf 86' lang='lat' dir='ltr'><strong>Ipse</strong></span> <span class='ocrx_word' id='word_1_305' title='bbox 1253 657 1326 685; x_wconf 87' lang='lat' dir='ltr'><strong>enim</strong></span> <span class='ocrx_word' id='word_1_306' title='bbox 1349 655 1505 691; x_wconf 88' lang='lat' dir='ltr'><strong>propitiatio</strong></span> <span class='ocrx_word' id='word_1_307' title='bbox 1521 658 1562 681; x_wconf 87' lang='lat' dir='ltr'><strong>est</strong></span> <span class='ocrx_word' id='word_1_308' title='bbox 1578 661 1626 687; x_wconf 89' lang='lat' dir='ltr'><strong>pro</strong></span> <span class='ocrx_word' id='word_1_309' title='bbox 1642 651 1763 687; x_wconf 85' lang='lat' dir='ltr'><strong>peccatis</strong></span> <span class='ocrx_word' id='word_1_310' title='bbox 1780 657 1826 676; x_wconf 79' lang='lat' dir='ltr'><strong>no-</strong></span> 
     </span>
    </p>
   </div>
   <div class='ocr_carea' id='block_1_43' title="bbox 1044 695 1826 737">
    <p class='ocr_par' dir='ltr' id='par_1_43' title="bbox 1044 695 1826 737">
     <span class='ocr_line' id='line_1_43' title="bbox 1044 695 1826 737; baseline -0.013 -6"><span class='ocrx_word' id='word_1_311' title='bbox 1044 704 1121 736; x_wconf 86' lang='lat' dir='ltr'><strong>stris,</strong></span> <span class='ocrx_word' id='word_1_312' title='bbox 1132 703 1176 730; x_wconf 89' lang='lat' dir='ltr'><strong>cui</strong></span> <span class='ocrx_word' id='word_1_313' title='bbox 1195 706 1238 729; x_wconf 89' lang='lat' dir='ltr'><strong>est</strong></span> <span class='ocrx_word' id='word_1_314' title='bbox 1253 701 1339 737; x_wconf 83' lang='lat' dir='ltr'><strong>gloria</strong></span> <span class='ocrx_word' id='word_1_315' title='bbox 1356 705 1383 728; x_wconf 87' lang='lat' dir='ltr'><strong>et</strong></span> <span class='ocrx_word' id='word_1_316' title='bbox 1397 699 1539 734; x_wconf 86' lang='lat' dir='ltr'><strong>imperium</strong></span> <span class='ocrx_word' id='word_1_317' title='bbox 1558 698 1584 725; x_wconf 90' lang='lat' dir='ltr'><strong>in</strong></span> <span class='ocrx_word' id='word_1_318' title='bbox 1600 697 1700 725; x_wconf 65' lang='lat' dir='ltr'><strong>saecula</strong></span> <span class='ocrx_word' id='word_1_319' title='bbox 1717 695 1826 723; x_wconf 58' lang='lat' dir='ltr'><strong>sarculo-</strong></span> 
     </span>
    </p>
   </div>
   <div class='ocr_carea' id='block_1_44' title="bbox 1044 751 1230 778">
    <p class='ocr_par' dir='ltr' id='par_1_44' title="bbox 1044 751 1230 778">
     <span class='ocr_line' id='line_1_44' title="bbox 1044 751 1230 778; baseline -0.011 0"><span class='ocrx_word' id='word_1_320' title='bbox 1044 759 1116 778; x_wconf 88' lang='lat' dir='ltr'><strong>rum.</strong></span> <span class='ocrx_word' id='word_1_321' title='bbox 1132 751 1230 777; x_wconf 82' lang='lat' dir='ltr'><strong>Amen.</strong></span> 
     </span>
    </p>
   </div>
   <div class='ocr_carea' id='block_1_45' title="bbox 1341 789 1533 819">
    <p class='ocr_par' dir='ltr' id='par_1_45' title="bbox 1341 789 1533 819">
     <span class='ocr_line' id='line_1_45' title="bbox 1341 789 1533 819; baseline -0.005 0"><span class='ocrx_word' id='word_1_322' title='bbox 1341 790 1482 819; x_wconf 82' lang='lat' dir='ltr'><strong>IIOMILIA</strong></span> <span class='ocrx_word' id='word_1_323' title='bbox 1502 789 1533 818; x_wconf 89' lang='lat' dir='ltr'><strong>Il.</strong></span> 
     </span>
    </p>
   </div>
   <div class='ocr_carea' id='block_1_46' title="bbox 1046 847 1826 886">
    <p class='ocr_par' dir='ltr' id='par_1_46' title="bbox 1046 847 1826 886">
     <span class='ocr_line' id='line_1_46' title="bbox 1046 847 1826 886; baseline -0.012 -6"><span class='ocrx_word' id='word_1_324' title='bbox 1046 852 1082 880; x_wconf 86' lang='lat' dir='ltr'><strong>De</strong></span> <span class='ocrx_word' id='word_1_325' title='bbox 1094 860 1127 880; x_wconf 92' lang='lat' dir='ltr'><strong>eo</strong></span> <span class='ocrx_word' id='word_1_326' title='bbox 1144 851 1215 886; x_wconf 91' lang='lat' dir='ltr'><strong>quod</strong></span> <span class='ocrx_word' id='word_1_327' title='bbox 1231 850 1362 886; x_wconf 85' lang='lat' dir='ltr'><strong>scriptum</strong></span> <span class='ocrx_word' id='word_1_328' title='bbox 1376 853 1418 876; x_wconf 89' lang='lat' dir='ltr'><strong>est</strong></span> <span class='ocrx_word' id='word_1_329' title='bbox 1435 857 1441 875; x_wconf 72' lang='grc' dir='ltr'>ε</span> <span class='ocrx_word' id='word_1_330' title='bbox 1460 847 1526 886; x_wconf 66' lang='grc' dir='ltr'><strong>βεδε</strong></span> <span class='ocrx_word' id='word_1_331' title='bbox 1541 847 1612 886; x_wconf 65' lang='lat' dir='ltr'><strong>virgo</strong></span> <span class='ocrx_word' id='word_1_332' title='bbox 1630 847 1657 873; x_wconf 84' lang='lat' dir='ltr'><strong>in</strong></span> <span class='ocrx_word' id='word_1_333' title='bbox 1675 850 1750 872; x_wconf 76' lang='lat' dir='ltr'><strong>utero</strong></span> <span class='ocrx_word' id='word_1_334' title='bbox 1767 852 1826 871; x_wconf 80' lang='lat' dir='ltr'><strong>con-</strong></span> 
     </span>
    </p>
   </div>
   <div class='ocr_carea' id='block_1_47' title="bbox 1279 882 1602 919">
    <p class='ocr_par' dir='ltr' id='par_1_47' title="bbox 1279 882 1602 919">
     <span class='ocr_line' id='line_1_47' title="bbox 1279 882 1602 919; baseline -0.009 -8"><span class='ocrx_word' id='word_1_335' title='bbox 1279 882 1367 919; x_wconf 69' lang='lat' dir='ltr'><strong>cipiet,</strong></span> <span class='ocrx_word' id='word_1_336' title='bbox 1381 888 1433 909; x_wconf 83' lang='lat' dir='ltr'><strong>etc.</strong></span> <span class='ocrx_word' id='word_1_337' title='bbox 1455 882 1525 917; x_wconf 88' lang='lat' dir='ltr'><strong>(cap.</strong></span> <span class='ocrx_word' id='word_1_338' title='bbox 1543 882 1602 916; x_wconf 84' lang='lat' dir='ltr'><strong>vn).</strong></span> 
     </span>
    </p>
   </div>
   <div class='ocr_carea' id='block_1_48' title="bbox 1080 924 1828 965">
    <p class='ocr_par' dir='ltr' id='par_1_48' title="bbox 1080 924 1828 965">
     <span class='ocr_line' id='line_1_48' title="bbox 1080 924 1828 965; baseline -0.012 -5"><span class='ocrx_word' id='word_1_339' title='bbox 1080 933 1105 960; x_wconf 84' lang='grc' dir='ltr'><strong>Ι.</strong></span> <span class='ocrx_word' id='word_1_340' title='bbox 1125 932 1261 965; x_wconf 83' lang='lat' dir='ltr'><strong>Quantum</strong></span> <span class='ocrx_word' id='word_1_341' title='bbox 1288 929 1321 956; x_wconf 87' lang='lat' dir='ltr'><strong>ad</strong></span> <span class='ocrx_word' id='word_1_342' title='bbox 1352 928 1454 955; x_wconf 88' lang='lat' dir='ltr'><strong>dictum</strong></span> <span class='ocrx_word' id='word_1_343' title='bbox 1469 927 1574 959; x_wconf 88' lang='lat' dir='ltr'><strong>attinet,</strong></span> <span class='ocrx_word' id='word_1_344' title='bbox 1599 925 1752 952; x_wconf 77' lang='lat' dir='ltr'><strong>verecunde</strong></span> <span class='ocrx_word' id='word_1_345' title='bbox 1768 924 1828 952; x_wconf 86' lang='lat' dir='ltr'><strong>fecit</strong></span> 
     </span>
    </p>
   </div>
   <div class='ocr_carea' id='block_1_49' title="bbox 1044 971 1827 1008">
    <p class='ocr_par' dir='ltr' id='par_1_49' title="bbox 1044 971 1827 1008">
     <span class='ocr_line' id='line_1_49' title="bbox 1044 971 1827 1008; baseline -0.013 -2"><span class='ocrx_word' id='word_1_346' title='bbox 1044 978 1135 1006; x_wconf 73' lang='lat' dir='ltr'><strong>Acha:</strong></span> <span class='ocrx_word' id='word_1_347' title='bbox 1149 985 1210 1006; x_wconf 88' lang='lat' dir='ltr'><strong>emn</strong></span> <span class='ocrx_word' id='word_1_348' title='bbox 1223 976 1248 1003; x_wconf 86' lang='lat' dir='ltr'><strong>ei</strong></span> <span class='ocrx_word' id='word_1_349' title='bbox 1266 974 1365 1003; x_wconf 83' lang='lat' dir='ltr'><strong>fuisset</strong></span> <span class='ocrx_word' id='word_1_350' title='bbox 1378 974 1551 1008; x_wconf 86' lang='lat' dir='ltr'><strong>imperatum,</strong></span> <span class='ocrx_word' id='word_1_351' title='bbox 1562 976 1592 998; x_wconf 94' lang='lat' dir='ltr'><strong>ut</strong></span> <span class='ocrx_word' id='word_1_352' title='bbox 1605 975 1707 1005; x_wconf 85' lang='lat' dir='ltr'><strong>peteret</strong></span> <span class='ocrx_word' id='word_1_353' title='bbox 1722 971 1827 1004; x_wconf 76' lang='lat' dir='ltr'><strong>signum</strong></span> 
     </span>
    </p>
   </div>
   <div class='ocr_carea' id='block_1_50' title="bbox 1045 1015 1828 1058">
    <p class='ocr_par' dir='ltr' id='par_1_50' title="bbox 1045 1015 1828 1058">
     <span class='ocr_line' id='line_1_50' title="bbox 1045 1015 1828 1058; baseline -0.011 -7"><span class='ocrx_word' id='word_1_354' title='bbox 1045 1024 1071 1051; x_wconf 85' lang='lat' dir='ltr'><strong>in</strong></span> <span class='ocrx_word' id='word_1_355' title='bbox 1087 1024 1252 1058; x_wconf 90' lang='lat' dir='ltr'><strong>profundum</strong></span> <span class='ocrx_word' id='word_1_356' title='bbox 1269 1026 1316 1050; x_wconf 85' lang='lat' dir='ltr'><strong>aut</strong></span> <span class='ocrx_word' id='word_1_357' title='bbox 1337 1021 1363 1047; x_wconf 96' lang='lat' dir='ltr'><strong>in</strong></span> <span class='ocrx_word' id='word_1_358' title='bbox 1380 1019 1530 1049; x_wconf 72' lang='lat' dir='ltr'><strong>excelsum.</strong></span> <span class='ocrx_word' id='word_1_359' title='bbox 1548 1021 1576 1044; x_wconf 87' lang='lat' dir='ltr'><strong>et</strong></span> <span class='ocrx_word' id='word_1_360' title='bbox 1589 1017 1723 1044; x_wconf 85' lang='lat' dir='ltr'><strong>rationem</strong></span> <span class='ocrx_word' id='word_1_361' title='bbox 1742 1015 1828 1043; x_wconf 80' lang='lat' dir='ltr'><strong>reddi-</strong></span> 
     </span>
    </p>
   </div>
   <div class='ocr_carea' id='block_1_51' title="bbox 1045 1062 1827 1104">
    <p class='ocr_par' dir='ltr' id='par_1_51' title="bbox 1045 1062 1827 1104">
     <span class='ocr_line' id='line_1_51' title="bbox 1045 1062 1827 1104; baseline -0.014 -6"><span class='ocrx_word' id='word_1_362' title='bbox 1045 1070 1084 1097; x_wconf 86' lang='lat' dir='ltr'><strong>dit</strong></span> <span class='ocrx_word' id='word_1_363' title='bbox 1112 1077 1161 1097; x_wconf 89' lang='lat' dir='ltr'><strong>cur</strong></span> <span class='ocrx_word' id='word_1_364' title='bbox 1186 1073 1278 1104; x_wconf 82' lang='lat' dir='ltr'><strong>petere</strong></span> <span class='ocrx_word' id='word_1_365' title='bbox 1305 1065 1432 1094; x_wconf 86' lang='lat' dir='ltr'><strong>noluerit.</strong></span> <span class='ocrx_word' id='word_1_366' title='bbox 1461 1063 1506 1090; x_wconf 80' lang='lat' dir='ltr'><strong>Ait</strong></span> <span class='ocrx_word' id='word_1_367' title='bbox 1533 1063 1634 1097; x_wconf 91' lang='lat' dir='ltr'><strong>quippe</strong></span> <span class='ocrx_word' id='word_1_368' title='bbox 1657 1062 1740 1097; x_wconf 86' lang='lat' dir='ltr'><strong>(cap.</strong></span> <span class='ocrx_word' id='word_1_369' title='bbox 1773 1069 1827 1092; x_wconf 83' lang='lat' dir='ltr'><strong>vn,</strong></span> 
     </span>
    </p>
   </div>
   <div class='ocr_carea' id='block_1_52' title="bbox 1045 1107 1830 1151">
    <p class='ocr_par' dir='ltr' id='par_1_52' title="bbox 1045 1107 1830 1151">
     <span class='ocr_line' id='line_1_52' title="bbox 1045 1107 1830 1151; baseline -0.014 -6"><span class='ocrx_word' id='word_1_370' title='bbox 1045 1125 1117 1145; x_wconf 84' lang='lat' dir='ltr'><strong>vers.</strong></span> <span class='ocrx_word' id='word_1_371' title='bbox 1135 1116 1179 1151; x_wconf 72' lang='grc'><strong>12)</strong></span> <span class='ocrx_word' id='word_1_372' title='bbox 1192 1124 1198 1143; x_wconf 95' lang='lat'>:</span> <span class='ocrx_word' id='word_1_373' title='bbox 1215 1115 1273 1142; x_wconf 83' lang='lat' dir='ltr'><strong>Non</strong></span> <span class='ocrx_word' id='word_1_374' title='bbox 1287 1117 1384 1149; x_wconf 84' lang='lat' dir='ltr'><strong>petant,</strong></span> <span class='ocrx_word' id='word_1_375' title='bbox 1396 1116 1421 1139; x_wconf 85' lang='lat' dir='ltr'><strong>et</strong></span> <span class='ocrx_word' id='word_1_376' title='bbox 1433 1119 1485 1138; x_wconf 87' lang='lat' dir='ltr'><strong>non</strong></span> <span class='ocrx_word' id='word_1_377' title='bbox 1500 1109 1604 1138; x_wconf 87' lang='lat' dir='ltr'><strong>tentabo</strong></span> <span class='ocrx_word' id='word_1_378' title='bbox 1619 1108 1773 1135; x_wconf 82' lang='lat' dir='ltr'><strong>Dominum.</strong></span> <span class='ocrx_word' id='word_1_379' title='bbox 1786 1107 1830 1134; x_wconf 78' lang='lat' dir='ltr'><strong>Est</strong></span> 
     </span>
    </p>
   </div>
   <div class='ocr_carea' id='block_1_53' title="bbox 1045 1154 1825 1196">
    <p class='ocr_par' dir='ltr' id='par_1_53' title="bbox 1045 1154 1825 1196">
     <span class='ocr_line' id='line_1_53' title="bbox 1045 1154 1825 1196; baseline -0.014 -6"><span class='ocrx_word' id='word_1_380' title='bbox 1045 1168 1135 1191; x_wconf 73' lang='lat' dir='ltr'><strong>tamen</strong></span> <span class='ocrx_word' id='word_1_381' title='bbox 1151 1169 1232 1196; x_wconf 85' lang='lat' dir='ltr'><strong>super</strong></span> <span class='ocrx_word' id='word_1_382' title='bbox 1242 1161 1293 1187; x_wconf 91' lang='lat' dir='ltr'><strong>hoc</strong></span> <span class='ocrx_word' id='word_1_383' title='bbox 1305 1159 1387 1187; x_wconf 90' lang='lat' dir='ltr'><strong>verbo</strong></span> <span class='ocrx_word' id='word_1_384' title='bbox 1401 1157 1536 1191; x_wconf 83' lang='lat' dir='ltr'><strong>culpatus,</strong></span> <span class='ocrx_word' id='word_1_385' title='bbox 1559 1160 1587 1182; x_wconf 88' lang='lat' dir='ltr'><strong>et</strong></span> <span class='ocrx_word' id='word_1_386' title='bbox 1605 1155 1707 1182; x_wconf 89' lang='lat' dir='ltr'><strong>dicitur</strong></span> <span class='ocrx_word' id='word_1_387' title='bbox 1719 1154 1754 1180; x_wconf 89' lang='lat' dir='ltr'><strong>ad</strong></span> <span class='ocrx_word' id='word_1_388' title='bbox 1766 1162 1825 1180; x_wconf 80' lang='lat' dir='ltr'><strong>eum</strong></span> 
     </span>
    </p>
   </div>
   <div class='ocr_carea' id='block_1_54' title="bbox 1048 1200 1829 1241">
    <p class='ocr_par' dir='ltr' id='par_1_54' title="bbox 1048 1200 1829 1241">
     <span class='ocr_line' id='line_1_54' title="bbox 1048 1200 1829 1241; baseline -0.014 -6"><span class='ocrx_word' id='word_1_389' title='bbox 1048 1210 1130 1241; x_wconf 87' lang='lat' dir='ltr'><strong>(vers.</strong></span> <span class='ocrx_word' id='word_1_390' title='bbox 1142 1207 1184 1241; x_wconf 77' lang='lat' dir='ltr'><strong>l3)</strong></span> <span class='ocrx_word' id='word_1_391' title='bbox 1197 1215 1205 1233; x_wconf 88' lang='lat'><strong>:</strong></span> <span class='ocrx_word' id='word_1_392' title='bbox 1220 1205 1316 1232; x_wconf 74' lang='lat' dir='ltr'><strong>Audite</strong></span> <span class='ocrx_word' id='word_1_393' title='bbox 1331 1212 1408 1235; x_wconf 82' lang='lat' dir='ltr'><strong>nunc,</strong></span> <span class='ocrx_word' id='word_1_394' title='bbox 1424 1203 1518 1230; x_wconf 80' lang='lat' dir='ltr'><strong>domus</strong></span> <span class='ocrx_word' id='word_1_395' title='bbox 1527 1201 1623 1228; x_wconf 79' lang='lat' dir='ltr'><strong>Dauid.</strong></span> <span class='ocrx_word' id='word_1_396' title='bbox 1639 1200 1768 1234; x_wconf 75' lang='lat' dir='ltr'><strong>Nunquid</strong></span> <span class='ocrx_word' id='word_1_397' title='bbox 1778 1207 1829 1224; x_wconf 77' lang='lat' dir='ltr'><strong>mo-</strong></span> 
     </span>
    </p>
   </div>
   <div class='ocr_carea' id='block_1_55' title="bbox 1048 1245 1829 1286">
    <p class='ocr_par' dir='ltr' id='par_1_55' title="bbox 1048 1245 1829 1286">
     <span class='ocr_line' id='line_1_55' title="bbox 1048 1245 1829 1286; baseline -0.013 -6"><span class='ocrx_word' id='word_1_398' title='bbox 1048 1254 1136 1280; x_wconf 85' lang='lat' dir='ltr'><strong>dicum</strong></span> <span class='ocrx_word' id='word_1_399' title='bbox 1145 1252 1215 1280; x_wconf 73' lang='lat' dir='ltr'><strong>vobis</strong></span> <span class='ocrx_word' id='word_1_400' title='bbox 1228 1258 1354 1286; x_wconf 69' lang='lat' dir='ltr'><strong>prwuare</strong></span> <span class='ocrx_word' id='word_1_401' title='bbox 1364 1254 1494 1276; x_wconf 82' lang='lat' dir='ltr'><strong>certamen</strong></span> <span class='ocrx_word' id='word_1_402' title='bbox 1501 1246 1660 1278; x_wconf 81' lang='lat' dir='ltr'><strong>hominibus,</strong></span> <span class='ocrx_word' id='word_1_403' title='bbox 1667 1251 1691 1272; x_wconf 85' lang='lat' dir='ltr'><strong>et</strong></span> <span class='ocrx_word' id='word_1_404' title='bbox 1703 1245 1829 1280; x_wconf 82' lang='lat' dir='ltr'><strong>quomodo</strong></span> 
     </span>
    </p>
   </div>
   <div class='ocr_carea' id='block_1_56' title="bbox 1049 1291 1828 1332">
    <p class='ocr_par' dir='ltr' id='par_1_56' title="bbox 1049 1291 1828 1332">
     <span class='ocr_line' id='line_1_56' title="bbox 1049 1291 1828 1332; baseline -0.013 -6"><span class='ocrx_word' id='word_1_405' title='bbox 1049 1299 1161 1326; x_wconf 87' lang='lat' dir='ltr'><strong>Domino</strong></span> <span class='ocrx_word' id='word_1_406' title='bbox 1175 1296 1309 1332; x_wconf 70' lang='lat' dir='ltr'><strong>prmtatis</strong></span> <span class='ocrx_word' id='word_1_407' title='bbox 1324 1293 1475 1322; x_wconf 83' lang='lat' dir='ltr'><strong>certamen?</strong></span> <span class='ocrx_word' id='word_1_408' title='bbox 1490 1291 1591 1320; x_wconf 87' lang='lat' dir='ltr'><strong>Deinde</strong></span> <span class='ocrx_word' id='word_1_409' title='bbox 1599 1291 1700 1319; x_wconf 88' lang='lat' dir='ltr'><strong>dicitur</strong></span> <span class='ocrx_word' id='word_1_410' title='bbox 1715 1291 1773 1317; x_wconf 64' lang='lat' dir='ltr'><strong>haec</strong></span> <span class='ocrx_word' id='word_1_411' title='bbox 1790 1296 1828 1316; x_wconf 82' lang='lat' dir='ltr'><strong>re-</strong></span> 
     </span>
    </p>
   </div>
   <div class='ocr_carea' id='block_1_57' title="bbox 1047 1337 1828 1380">
    <p class='ocr_par' dir='ltr' id='par_1_57' title="bbox 1047 1337 1828 1380">
     <span class='ocr_line' id='line_1_57' title="bbox 1047 1337 1828 1380; baseline -0.013 -8"><span class='ocrx_word' id='word_1_412' title='bbox 1047 1343 1194 1380; x_wconf 86' lang='lat' dir='ltr'><strong>promissio</strong></span> <span class='ocrx_word' id='word_1_413' title='bbox 1211 1343 1297 1378; x_wconf 85' lang='lat' dir='ltr'><strong>(vers.</strong></span> <span class='ocrx_word' id='word_1_414' title='bbox 1311 1341 1356 1376; x_wconf 69' lang='lat'><strong>“)</strong></span> <span class='ocrx_word' id='word_1_415' title='bbox 1375 1350 1382 1367; x_wconf 88' lang='lat'><strong>:</strong></span> <span class='ocrx_word' id='word_1_416' title='bbox 1398 1340 1461 1367; x_wconf 83' lang='lat' dir='ltr'><strong>Ideo</strong></span> <span class='ocrx_word' id='word_1_417' title='bbox 1480 1339 1608 1366; x_wconf 82' lang='lat' dir='ltr'><strong>Dominus</strong></span> <span class='ocrx_word' id='word_1_418' title='bbox 1631 1339 1684 1370; x_wconf 81' lang='lat' dir='ltr'><strong>ipse</strong></span> <span class='ocrx_word' id='word_1_419' title='bbox 1699 1337 1773 1363; x_wconf 83' lang='lat' dir='ltr'><strong>dabit</strong></span> <span class='ocrx_word' id='word_1_420' title='bbox 1788 1343 1828 1362; x_wconf 69' lang='grc' dir='ltr'><strong>ω-</strong></span> 
     </span>
    </p>
   </div>
   <div class='ocr_carea' id='block_1_58' title="bbox 1049 1382 1828 1425">
    <p class='ocr_par' dir='ltr' id='par_1_58' title="bbox 1049 1382 1828 1425">
     <span class='ocr_line' id='line_1_58' title="bbox 1049 1382 1828 1425; baseline -0.013 -8"><span class='ocrx_word' id='word_1_421' title='bbox 1049 1391 1087 1417; x_wconf 93' lang='lat' dir='ltr'><strong>bis</strong></span> <span class='ocrx_word' id='word_1_422' title='bbox 1101 1391 1216 1425; x_wconf 79' lang='lat' dir='ltr'><strong>signum.</strong></span> <span class='ocrx_word' id='word_1_423' title='bbox 1237 1387 1303 1414; x_wconf 84' lang='lat' dir='ltr'><strong>Ecce</strong></span> <span class='ocrx_word' id='word_1_424' title='bbox 1324 1388 1395 1421; x_wconf 82' lang='lat' dir='ltr'><strong>virgo</strong></span> <span class='ocrx_word' id='word_1_425' title='bbox 1410 1387 1438 1412; x_wconf 83' lang='lat' dir='ltr'><strong>in</strong></span> <span class='ocrx_word' id='word_1_426' title='bbox 1456 1391 1531 1412; x_wconf 84' lang='lat' dir='ltr'><strong>utero</strong></span> <span class='ocrx_word' id='word_1_427' title='bbox 1554 1385 1675 1418; x_wconf 81' lang='lat' dir='ltr'><strong>accipiet,</strong></span> <span class='ocrx_word' id='word_1_428' title='bbox 1698 1388 1724 1409; x_wconf 82' lang='lat' dir='ltr'><strong>ct</strong></span> <span class='ocrx_word' id='word_1_429' title='bbox 1747 1382 1828 1417; x_wconf 72' lang='lat' dir='ltr'><strong>pariet</strong></span> 
     </span>
    </p>
   </div>
   <div class='ocr_carea' id='block_1_59' title="bbox 1048 1425 1828 1470">
    <p class='ocr_par' dir='ltr' id='par_1_59' title="bbox 1048 1425 1828 1470">
     <span class='ocr_line' id='line_1_59' title="bbox 1048 1425 1828 1470; baseline -0.014 -8"><span class='ocrx_word' id='word_1_430' title='bbox 1048 1436 1145 1470; x_wconf 85' lang='lat' dir='ltr'><strong>ﬁlium,</strong></span> <span class='ocrx_word' id='word_1_431' title='bbox 1161 1439 1185 1461; x_wconf 76' lang='lat' dir='ltr'><strong>et</strong></span> <span class='ocrx_word' id='word_1_432' title='bbox 1205 1432 1307 1460; x_wconf 84' lang='lat' dir='ltr'><strong>vocabis</strong></span> <span class='ocrx_word' id='word_1_433' title='bbox 1330 1438 1422 1457; x_wconf 79' lang='lat' dir='ltr'><strong>nomen</strong></span> <span class='ocrx_word' id='word_1_434' title='bbox 1442 1429 1498 1462; x_wconf 77' lang='lat' dir='ltr'><strong>eius</strong></span> <span class='ocrx_word' id='word_1_435' title='bbox 1520 1427 1688 1455; x_wconf 80' lang='lat' dir='ltr'><strong>Emmanuel.</strong></span> <span class='ocrx_word' id='word_1_436' title='bbox 1707 1425 1770 1452; x_wconf 72' lang='lat' dir='ltr'><strong>llzec</strong></span> <span class='ocrx_word' id='word_1_437' title='bbox 1787 1432 1828 1451; x_wconf 78' lang='lat' dir='ltr'><strong>cx-</strong></span> 
     </span>
    </p>
   </div>
   <div class='ocr_carea' id='block_1_60' title="bbox 1048 1473 1829 1515">
    <p class='ocr_par' dir='ltr' id='par_1_60' title="bbox 1048 1473 1829 1515">
     <span class='ocr_line' id='line_1_60' title="bbox 1048 1473 1829 1515; baseline -0.015 -7"><span class='ocrx_word' id='word_1_438' title='bbox 1048 1485 1194 1515; x_wconf 85' lang='lat' dir='ltr'><strong>ponantur,</strong></span> <span class='ocrx_word' id='word_1_439' title='bbox 1212 1483 1239 1506; x_wconf 89' lang='lat' dir='ltr'><strong>et</strong></span> <span class='ocrx_word' id='word_1_440' title='bbox 1262 1479 1295 1505; x_wconf 89' lang='lat' dir='ltr'><strong>de</strong></span> <span class='ocrx_word' id='word_1_441' title='bbox 1319 1476 1431 1510; x_wconf 87' lang='lat' dir='ltr'><strong>reliquis</strong></span> <span class='ocrx_word' id='word_1_442' title='bbox 1453 1474 1616 1506; x_wconf 83' lang='lat' dir='ltr'><strong>videbimus,</strong></span> <span class='ocrx_word' id='word_1_443' title='bbox 1638 1473 1791 1507; x_wconf 81' lang='lat' dir='ltr'><strong>indigentes</strong></span> <span class='ocrx_word' id='word_1_444' title='bbox 1807 1475 1829 1496; x_wconf 89' lang='lat' dir='ltr'><strong>et</strong></span> 
     </span>
    </p>
   </div>
   <div class='ocr_carea' id='block_1_61' title="bbox 212 1517 1830 1563">
    <p class='ocr_par' dir='ltr' id='par_1_61' title="bbox 212 1517 1830 1563">
     <span class='ocr_line' id='line_1_61' title="bbox 212 1517 1830 1563; baseline -0.009 -7"><span class='ocrx_word' id='word_1_445' title='bbox 212 1532 241 1556; x_wconf 86' lang='lat' dir='ltr'><strong>et</strong></span> <span class='ocrx_word' id='word_1_446' title='bbox 261 1528 423 1556; x_wconf 86' lang='lat' dir='ltr'><strong>solutionem</strong></span> <span class='ocrx_word' id='word_1_447' title='bbox 449 1529 509 1563; x_wconf 84' lang='lat' dir='ltr'><strong>ejus</strong></span> <span class='ocrx_word' id='word_1_448' title='bbox 523 1536 607 1562; x_wconf 87' lang='lat' dir='ltr'><strong>quare</strong></span> <span class='ocrx_word' id='word_1_449' title='bbox 628 1535 682 1555; x_wconf 91' lang='lat' dir='ltr'><strong>non</strong></span> <span class='ocrx_word' id='word_1_450' title='bbox 710 1528 1031 1558; x_wconf 79' lang='lat' dir='ltr'><strong>inveniamus?AiuntC</strong></span> <span class='ocrx_word' id='word_1_451' title='bbox 1049 1528 1075 1554; x_wconf 91' lang='lat' dir='ltr'><strong>in</strong></span> <span class='ocrx_word' id='word_1_452' title='bbox 1099 1526 1154 1553; x_wconf 88' lang='lat' dir='ltr'><strong>illis</strong></span> <span class='ocrx_word' id='word_1_453' title='bbox 1179 1524 1265 1559; x_wconf 76' lang='lat' dir='ltr'><strong>gratia</strong></span> <span class='ocrx_word' id='word_1_454' title='bbox 1292 1523 1339 1549; x_wconf 83' lang='lat' dir='ltr'><strong>Dei</strong></span> <span class='ocrx_word' id='word_1_455' title='bbox 1366 1526 1395 1548; x_wconf 89' lang='lat' dir='ltr'><strong>ut</strong></span> <span class='ocrx_word' id='word_1_456' title='bbox 1423 1519 1642 1548; x_wconf 76' lang='lat' dir='ltr'><strong>manifestentur.</strong></span> <span class='ocrx_word' id='word_1_457' title='bbox 1666 1517 1781 1545; x_wconf 69' lang='lat' dir='ltr'><strong>lubt-tur</strong></span> <span class='ocrx_word' id='word_1_458' title='bbox 1804 1521 1830 1542; x_wconf 89' lang='lat' dir='ltr'><strong>ut</strong></span> 
     </span>
    </p>
   </div>
   <div class='ocr_carea' id='block_1_62' title="bbox 214 1573 993 1609">
    <p class='ocr_par' dir='ltr' id='par_1_62' title="bbox 214 1573 993 1609">
     <span class='ocr_line' id='line_1_62' title="bbox 214 1573 993 1609; baseline -0.003 -7"><span class='ocrx_word' id='word_1_459' title='bbox 214 1575 275 1602; x_wconf 85' lang='lat' dir='ltr'><strong>ideo</strong></span> <span class='ocrx_word' id='word_1_460' title='bbox 297 1573 395 1601; x_wconf 88' lang='lat' dir='ltr'><strong>Isaiam</strong></span> <span class='ocrx_word' id='word_1_461' title='bbox 420 1582 480 1602; x_wconf 86' lang='lat' dir='ltr'><strong>esse</strong></span> <span class='ocrx_word' id='word_1_462' title='bbox 507 1579 612 1601; x_wconf 88' lang='lat' dir='ltr'><strong>sectum</strong></span> <span class='ocrx_word' id='word_1_463' title='bbox 638 1582 653 1601; x_wconf 92' lang='lat' dir='ltr'><strong>a</strong></span> <span class='ocrx_word' id='word_1_464' title='bbox 682 1574 791 1609; x_wconf 87' lang='lat' dir='ltr'><strong>populo,</strong></span> <span class='ocrx_word' id='word_1_465' title='bbox 805 1574 883 1608; x_wconf 89' lang='lat' dir='ltr'><strong>quasi</strong></span> <span class='ocrx_word' id='word_1_466' title='bbox 908 1574 993 1609; x_wconf 81' lang='lat' dir='ltr'><strong>legem</strong></span> 
     </span>
    </p>
   </div>
   <div class='ocr_carea' id='block_1_63' title="bbox 213 1619 996 1655">
    <p class='ocr_par' dir='ltr' id='par_1_63' title="bbox 213 1619 996 1655">
     <span class='ocr_line' id='line_1_63' title="bbox 213 1619 996 1655; baseline 0 -8"><span class='ocrx_word' id='word_1_467' title='bbox 213 1621 444 1655; x_wconf 61' lang='lat' dir='ltr'><strong>praevaricantem,</strong></span> <span class='ocrx_word' id='word_1_468' title='bbox 461 1624 488 1647; x_wconf 89' lang='lat' dir='ltr'><strong>et</strong></span> <span class='ocrx_word' id='word_1_469' title='bbox 501 1623 576 1646; x_wconf 73' lang='lat' dir='ltr'><strong>extra</strong></span> <span class='ocrx_word' id='word_1_470' title='bbox 600 1619 754 1654; x_wconf 88' lang='lat' dir='ltr'><strong>Scripturas</strong></span> <span class='ocrx_word' id='word_1_471' title='bbox 778 1619 996 1647; x_wconf 84' lang='lat' dir='ltr'><strong>annnmiantem.</strong></span> 
     </span>
    </p>
   </div>
   <div class='ocr_carea' id='block_1_64' title="bbox 214 1664 997 1701">
    <p class='ocr_par' dir='ltr' id='par_1_64' title="bbox 214 1664 997 1701">
     <span class='ocr_line' id='line_1_64' title="bbox 214 1664 997 1701; baseline -0.005 -7"><span class='ocrx_word' id='word_1_472' title='bbox 214 1667 356 1701; x_wconf 82' lang='lat' dir='ltr'><strong>Scriptura</strong></span> <span class='ocrx_word' id='word_1_473' title='bbox 372 1666 443 1692; x_wconf 88' lang='lat' dir='ltr'><strong>enim</strong></span> <span class='ocrx_word' id='word_1_474' title='bbox 458 1665 524 1692; x_wconf 86' lang='lat' dir='ltr'><strong>dicit</strong></span> <span class='ocrx_word' id='word_1_475' title='bbox 541 1674 548 1692; x_wconf 88' lang='lat'><strong>:</strong></span> <span class='ocrx_word' id='word_1_476' title='bbox 572 1664 656 1692; x_wconf 86' lang='lat' dir='ltr'><strong>Nemo</strong></span> <span class='ocrx_word' id='word_1_477' title='bbox 677 1665 771 1692; x_wconf 82' lang='lat' dir='ltr'><strong>ridebit</strong></span> <span class='ocrx_word' id='word_1_478' title='bbox 792 1665 886 1699; x_wconf 74' lang='lat' dir='ltr'><strong>faciem</strong></span> <span class='ocrx_word' id='word_1_479' title='bbox 902 1673 997 1697; x_wconf 79' lang='lat' dir='ltr'><strong>nteant,</strong></span> 
     </span>
    </p>
   </div>
   <div class='ocr_carea' id='block_1_65' title="bbox 214 1710 997 1740">
    <p class='ocr_par' dir='ltr' id='par_1_65' title="bbox 214 1710 997 1740">
     <span class='ocr_line' id='line_1_65' title="bbox 214 1710 997 1740; baseline -0.005 0"><span class='ocrx_word' id='word_1_480' title='bbox 214 1717 239 1739; x_wconf 79' lang='lat' dir='ltr'><strong>et</strong></span> <span class='ocrx_word' id='word_1_481' title='bbox 253 1715 318 1740; x_wconf 67' lang='lat' dir='ltr'><strong>uiuet</strong></span> <span class='ocrx_word' id='word_1_482' title='bbox 332 1713 364 1739; x_wconf 76' lang='lat'><strong>“.</strong></span> <span class='ocrx_word' id='word_1_483' title='bbox 382 1712 433 1739; x_wconf 86' lang='lat' dir='ltr'><strong>Iste</strong></span> <span class='ocrx_word' id='word_1_484' title='bbox 455 1719 517 1739; x_wconf 86' lang='lat' dir='ltr'><strong>vero</strong></span> <span class='ocrx_word' id='word_1_485' title='bbox 538 1711 576 1738; x_wconf 93' lang='lat' dir='ltr'><strong>ait</strong></span> <span class='ocrx_word' id='word_1_486' title='bbox 592 1720 598 1738; x_wconf 92' lang='lat'>:</span> <span class='ocrx_word' id='word_1_487' title='bbox 629 1711 689 1737; x_wconf 80' lang='lat' dir='ltr'><strong>Vidi</strong></span> <span class='ocrx_word' id='word_1_488' title='bbox 706 1711 846 1737; x_wconf 85' lang='lat' dir='ltr'><strong>Dominum</strong></span> <span class='ocrx_word' id='word_1_489' title='bbox 869 1710 997 1736; x_wconf 84' lang='lat' dir='ltr'><strong>Sabaoth.</strong></span> 
     </span>
    </p>
   </div>
   <div class='ocr_carea' id='block_1_66' title="bbox 216 1756 999 1794">
    <p class='ocr_par' dir='ltr' id='par_1_66' title="bbox 216 1756 999 1794">
     <span class='ocr_line' id='line_1_66' title="bbox 216 1756 999 1794; baseline -0.004 -9"><span class='ocrx_word' id='word_1_490' title='bbox 216 1757 332 1794; x_wconf 82' lang='lat' dir='ltr'><strong>Moyses,</strong></span> <span class='ocrx_word' id='word_1_491' title='bbox 357 1759 443 1790; x_wconf 89' lang='lat' dir='ltr'><strong>aiunt,</strong></span> <span class='ocrx_word' id='word_1_492' title='bbox 471 1764 524 1784; x_wconf 92' lang='lat' dir='ltr'><strong>non</strong></span> <span class='ocrx_word' id='word_1_493' title='bbox 546 1756 621 1788; x_wconf 86' lang='lat' dir='ltr'><strong>vidit,</strong></span> <span class='ocrx_word' id='word_1_494' title='bbox 635 1761 661 1783; x_wconf 90' lang='lat' dir='ltr'><strong>et</strong></span> <span class='ocrx_word' id='word_1_495' title='bbox 679 1761 705 1782; x_wconf 92' lang='lat' dir='ltr'><strong>tu</strong></span> <span class='ocrx_word' id='word_1_496' title='bbox 727 1756 829 1783; x_wconf 87' lang='lat' dir='ltr'><strong>vidisti.</strong></span> <span class='ocrx_word' id='word_1_497' title='bbox 845 1756 876 1782; x_wconf 87' lang='lat' dir='ltr'><strong>Et</strong></span> <span class='ocrx_word' id='word_1_498' title='bbox 892 1760 999 1790; x_wconf 86' lang='lat' dir='ltr'><strong>propter</strong></span> 
     </span>
    </p>
   </div>
   <div class='ocr_carea' id='block_1_67' title="bbox 218 1801 1000 1835">
    <p class='ocr_par' dir='ltr' id='par_1_67' title="bbox 218 1801 1000 1835">
     <span class='ocr_line' id='line_1_67' title="bbox 218 1801 1000 1835; baseline -0.005 -4"><span class='ocrx_word' id='word_1_499' title='bbox 218 1805 270 1832; x_wconf 92' lang='lat' dir='ltr'><strong>hoc</strong></span> <span class='ocrx_word' id='word_1_500' title='bbox 281 1812 342 1831; x_wconf 88' lang='lat' dir='ltr'><strong>eum</strong></span> <span class='ocrx_word' id='word_1_501' title='bbox 359 1807 516 1835; x_wconf 82' lang='lat' dir='ltr'><strong>secuerunt,</strong></span> <span class='ocrx_word' id='word_1_502' title='bbox 532 1807 558 1829; x_wconf 90' lang='lat' dir='ltr'><strong>et</strong></span> <span class='ocrx_word' id='word_1_503' title='bbox 572 1802 821 1829; x_wconf 87' lang='lat' dir='ltr'><strong>comlemnaverunt</strong></span> <span class='ocrx_word' id='word_1_504' title='bbox 835 1809 896 1828; x_wconf 90' lang='lat' dir='ltr'><strong>eum</strong></span> <span class='ocrx_word' id='word_1_505' title='bbox 912 1806 941 1828; x_wconf 91' lang='lat' dir='ltr'><strong>ut</strong></span> <span class='ocrx_word' id='word_1_506' title='bbox 953 1801 1000 1828; x_wconf 83' lang='lat' dir='ltr'><strong>im-</strong></span> 
     </span>
    </p>
   </div>
   <div class='ocr_carea' id='block_1_68' title="bbox 217 1847 999 1885">
    <p class='ocr_par' dir='ltr' id='par_1_68' title="bbox 217 1847 999 1885">
     <span class='ocr_line' id='line_1_68' title="bbox 217 1847 999 1885; baseline -0.004 -8"><span class='ocrx_word' id='word_1_507' title='bbox 217 1851 302 1885; x_wconf 87' lang='lat' dir='ltr'><strong>pium.</strong></span> <span class='ocrx_word' id='word_1_508' title='bbox 316 1849 376 1876; x_wconf 86' lang='lat' dir='ltr'><strong>Non</strong></span> <span class='ocrx_word' id='word_1_509' title='bbox 393 1850 464 1876; x_wconf 77' lang='lat' dir='ltr'><strong>enim</strong></span> <span class='ocrx_word' id='word_1_510' title='bbox 479 1849 602 1876; x_wconf 77' lang='lat' dir='ltr'><strong>Sciebant</strong></span> <span class='ocrx_word' id='word_1_511' title='bbox 619 1849 682 1883; x_wconf 90' lang='lat' dir='ltr'><strong>quia</strong></span> <span class='ocrx_word' id='word_1_512' title='bbox 699 1848 805 1875; x_wconf 86' lang='lat' dir='ltr'><strong>duabus</strong></span> <span class='ocrx_word' id='word_1_513' title='bbox 824 1847 874 1875; x_wconf 86' lang='lat' dir='ltr'><strong>alis</strong></span> <span class='ocrx_word' id='word_1_514' title='bbox 892 1848 999 1875; x_wconf 88' lang='lat' dir='ltr'><strong>velave-</strong></span> 
     </span>
    </p>
   </div>
   <div class='ocr_carea' id='block_1_69' title="bbox 217 1892 1000 1929">
    <p class='ocr_par' dir='ltr' id='par_1_69' title="bbox 217 1892 1000 1929">
     <span class='ocr_line' id='line_1_69' title="bbox 217 1892 1000 1929; baseline -0.006 -5"><span class='ocrx_word' id='word_1_515' title='bbox 217 1901 281 1925; x_wconf 88' lang='lat' dir='ltr'><strong>ruut</strong></span> <span class='ocrx_word' id='word_1_516' title='bbox 303 1895 400 1922; x_wconf 88' lang='lat' dir='ltr'><strong>faciem</strong></span> <span class='ocrx_word' id='word_1_517' title='bbox 419 1894 465 1921; x_wconf 87' lang='lat' dir='ltr'><strong>Dei</strong></span> <span class='ocrx_word' id='word_1_518' title='bbox 482 1894 628 1929; x_wconf 78' lang='lat' dir='ltr'><strong>seraphim.</strong></span> <span class='ocrx_word' id='word_1_519' title='bbox 652 1893 712 1920; x_wconf 80' lang='lat' dir='ltr'><strong>Vidi</strong></span> <span class='ocrx_word' id='word_1_520' title='bbox 729 1893 879 1923; x_wconf 86' lang='lat' dir='ltr'><strong>Dominum,</strong></span> <span class='ocrx_word' id='word_1_521' title='bbox 897 1893 942 1920; x_wconf 88' lang='lat' dir='ltr'><strong>sed</strong></span> <span class='ocrx_word' id='word_1_522' title='bbox 960 1892 1000 1919; x_wconf 89' lang='lat' dir='ltr'><strong>la-</strong></span> 
     </span>
    </p>
   </div>
   <div class='ocr_carea' id='block_1_70' title="bbox 216 1937 999 1974">
    <p class='ocr_par' dir='ltr' id='par_1_70' title="bbox 216 1937 999 1974">
     <span class='ocr_line' id='line_1_70' title="bbox 216 1937 999 1974; baseline -0.006 -5"><span class='ocrx_word' id='word_1_523' title='bbox 216 1943 285 1970; x_wconf 88' lang='lat' dir='ltr'><strong>ciem</strong></span> <span class='ocrx_word' id='word_1_524' title='bbox 302 1949 354 1968; x_wconf 92' lang='lat' dir='ltr'><strong>non</strong></span> <span class='ocrx_word' id='word_1_525' title='bbox 369 1940 436 1967; x_wconf 86' lang='lat' dir='ltr'><strong>vidit</strong></span> <span class='ocrx_word' id='word_1_526' title='bbox 452 1939 546 1972; x_wconf 81' lang='lat' dir='ltr'><strong>Isaias,</strong></span> <span class='ocrx_word' id='word_1_527' title='bbox 562 1947 612 1966; x_wconf 90' lang='lat' dir='ltr'><strong>nec</strong></span> <span class='ocrx_word' id='word_1_528' title='bbox 629 1938 735 1974; x_wconf 82' lang='lat' dir='ltr'><strong>Moyses</strong></span> <span class='ocrx_word' id='word_1_529' title='bbox 750 1939 825 1965; x_wconf 91' lang='lat' dir='ltr'><strong>vidit.</strong></span> <span class='ocrx_word' id='word_1_530' title='bbox 845 1937 999 1965; x_wconf 78' lang='lat' dir='ltr'><strong>Posteriora</strong></span> 
     </span>
    </p>
   </div>
   <div class='ocr_carea' id='block_1_71' title="bbox 216 1982 1001 2020">
    <p class='ocr_par' dir='ltr' id='par_1_71' title="bbox 216 1982 1001 2020">
     <span class='ocr_line' id='line_1_71' title="bbox 216 1982 1001 2020; baseline -0.005 -7"><span class='ocrx_word' id='word_1_531' title='bbox 216 1987 293 2018; x_wconf 73' lang='lat' dir='ltr'><strong>vidit,</strong></span> <span class='ocrx_word' id='word_1_532' title='bbox 309 1991 339 2013; x_wconf 95' lang='lat' dir='ltr'><strong>ut</strong></span> <span class='ocrx_word' id='word_1_533' title='bbox 359 1985 490 2020; x_wconf 82' lang='lat' dir='ltr'><strong>scriptum</strong></span> <span class='ocrx_word' id='word_1_534' title='bbox 508 1988 559 2017; x_wconf 86' lang='lat' dir='ltr'><strong>est,</strong></span> <span class='ocrx_word' id='word_1_535' title='bbox 577 1983 695 2019; x_wconf 78' lang='lat' dir='ltr'><strong>Moyses.</strong></span> <span class='ocrx_word' id='word_1_536' title='bbox 723 1982 914 2010; x_wconf 75' lang='lat' dir='ltr'><strong>Verumtamen</strong></span> <span class='ocrx_word' id='word_1_537' title='bbox 933 1982 1001 2009; x_wconf 81' lang='lat' dir='ltr'><strong>vidit</strong></span> 
     </span>
    </p>
   </div>
   <div class='ocr_carea' id='block_1_72' title="bbox 218 2028 1001 2064">
    <p class='ocr_par' dir='ltr' id='par_1_72' title="bbox 218 2028 1001 2064">
     <span class='ocr_line' id='line_1_72' title="bbox 218 2028 1001 2064; baseline -0.008 -5"><span class='ocrx_word' id='word_1_538' title='bbox 218 2032 374 2062; x_wconf 80' lang='lat' dir='ltr'><strong>Dominum.</strong></span> <span class='ocrx_word' id='word_1_539' title='bbox 395 2031 446 2058; x_wconf 86' lang='lat' dir='ltr'><strong>etsi</strong></span> <span class='ocrx_word' id='word_1_540' title='bbox 463 2031 560 2058; x_wconf 87' lang='lat' dir='ltr'><strong>faciem</strong></span> <span class='ocrx_word' id='word_1_541' title='bbox 578 2030 638 2064; x_wconf 80' lang='lat' dir='ltr'><strong>ejus</strong></span> <span class='ocrx_word' id='word_1_542' title='bbox 654 2036 707 2055; x_wconf 92' lang='lat' dir='ltr'><strong>non</strong></span> <span class='ocrx_word' id='word_1_543' title='bbox 729 2028 805 2055; x_wconf 89' lang='lat' dir='ltr'><strong>vidit.</strong></span> <span class='ocrx_word' id='word_1_544' title='bbox 821 2028 853 2054; x_wconf 89' lang='lat' dir='ltr'><strong>Et</strong></span> <span class='ocrx_word' id='word_1_545' title='bbox 872 2029 915 2055; x_wconf 91' lang='lat' dir='ltr'><strong>hic</strong></span> <span class='ocrx_word' id='word_1_546' title='bbox 937 2035 1001 2062; x_wconf 80' lang='lat' dir='ltr'><strong>ergo</strong></span> 
     </span>
    </p>
   </div>
   <div class='ocr_carea' id='block_1_73' title="bbox 217 2073 1002 2109">
    <p class='ocr_par' dir='ltr' id='par_1_73' title="bbox 217 2073 1002 2109">
     <span class='ocr_line' id='line_1_73' title="bbox 217 2073 1002 2109; baseline -0.003 -7"><span class='ocrx_word' id='word_1_547' title='bbox 217 2078 294 2109; x_wconf 89' lang='lat' dir='ltr'><strong>vidit,</strong></span> <span class='ocrx_word' id='word_1_548' title='bbox 313 2077 375 2104; x_wconf 86' lang='lat' dir='ltr'><strong>licet</strong></span> <span class='ocrx_word' id='word_1_549' title='bbox 392 2076 486 2103; x_wconf 77' lang='lat' dir='ltr'><strong>faciem</strong></span> <span class='ocrx_word' id='word_1_550' title='bbox 502 2083 554 2101; x_wconf 91' lang='lat' dir='ltr'><strong>non</strong></span> <span class='ocrx_word' id='word_1_551' title='bbox 567 2074 675 2101; x_wconf 89' lang='lat' dir='ltr'><strong>viderit.</strong></span> <span class='ocrx_word' id='word_1_552' title='bbox 694 2073 763 2100; x_wconf 84' lang='lat' dir='ltr'><strong>Male</strong></span> <span class='ocrx_word' id='word_1_553' title='bbox 795 2073 878 2109; x_wconf 74' lang='lat' dir='ltr'><strong>igitur</strong></span> <span class='ocrx_word' id='word_1_554' title='bbox 902 2074 1002 2100; x_wconf 86' lang='lat' dir='ltr'><strong>conde-</strong></span> 
     </span>
    </p>
   </div>
   <div class='ocr_carea' id='block_1_74' title="bbox 218 2117 1001 2156">
    <p class='ocr_par' dir='ltr' id='par_1_74' title="bbox 218 2117 1001 2156">
     <span class='ocr_line' id='line_1_74' title="bbox 218 2117 1001 2156; baseline -0.008 -8"><span class='ocrx_word' id='word_1_555' title='bbox 218 2119 558 2156; x_wconf 87' lang='lat' dir='ltr'><strong>mnaveruntprophetam.</strong></span> <span class='ocrx_word' id='word_1_556' title='bbox 570 2120 652 2152; x_wconf 88' lang='lat' dir='ltr'><strong>(vers.</strong></span> <span class='ocrx_word' id='word_1_557' title='bbox 666 2118 689 2150; x_wconf 77' lang='lat'><strong>5,</strong></span> <span class='ocrx_word' id='word_1_558' title='bbox 704 2119 731 2153; x_wconf 81' lang='lat'><strong>6)</strong></span> <span class='ocrx_word' id='word_1_559' title='bbox 753 2117 784 2144; x_wconf 83' lang='lat' dir='ltr'><strong>Et</strong></span> <span class='ocrx_word' id='word_1_560' title='bbox 809 2122 893 2152; x_wconf 76' lang='lat' dir='ltr'><strong>regem</strong></span> <span class='ocrx_word' id='word_1_561' title='bbox 911 2117 1001 2143; x_wconf 88' lang='lat' dir='ltr'><strong>Domi-</strong></span> 
     </span>
    </p>
   </div>
   <div class='ocr_carea' id='block_1_75' title="bbox 220 2162 1001 2194">
    <p class='ocr_par' dir='ltr' id='par_1_75' title="bbox 220 2162 1001 2194">
     <span class='ocr_line' id='line_1_75' title="bbox 220 2162 1001 2194; baseline -0.006 -1"><span class='ocrx_word' id='word_1_562' title='bbox 220 2174 283 2193; x_wconf 84' lang='lat' dir='ltr'><strong>num</strong></span> <span class='ocrx_word' id='word_1_563' title='bbox 299 2165 416 2192; x_wconf 83' lang='lat' dir='ltr'><strong>Sabaoth</strong></span> <span class='ocrx_word' id='word_1_564' title='bbox 437 2165 489 2191; x_wconf 80' lang='lat' dir='ltr'><strong>vidi</strong></span> <span class='ocrx_word' id='word_1_565' title='bbox 509 2164 592 2190; x_wconf 78' lang='lat' dir='ltr'><strong>oculis</strong></span> <span class='ocrx_word' id='word_1_566' title='bbox 612 2164 686 2194; x_wconf 81' lang='lat' dir='ltr'><strong>meis,</strong></span> <span class='ocrx_word' id='word_1_567' title='bbox 701 2168 725 2189; x_wconf 87' lang='lat' dir='ltr'><strong>et</strong></span> <span class='ocrx_word' id='word_1_568' title='bbox 746 2163 841 2189; x_wconf 76' lang='lat' dir='ltr'><strong>missus</strong></span> <span class='ocrx_word' id='word_1_569' title='bbox 856 2167 894 2189; x_wconf 80' lang='lat' dir='ltr'><strong>est</strong></span> <span class='ocrx_word' id='word_1_570' title='bbox 913 2162 947 2188; x_wconf 87' lang='lat' dir='ltr'><strong>ad</strong></span> <span class='ocrx_word' id='word_1_571' title='bbox 962 2171 1001 2189; x_wconf 89' lang='lat' dir='ltr'><strong>me</strong></span> 
     </span>
    </p>
   </div>
   <div class='ocr_carea' id='block_1_76' title="bbox 221 2207 1000 2244">
    <p class='ocr_par' dir='ltr' id='par_1_76' title="bbox 221 2207 1000 2244">
     <span class='ocr_line' id='line_1_76' title="bbox 221 2207 1000 2244; baseline -0.005 -6"><span class='ocrx_word' id='word_1_572' title='bbox 221 2219 288 2238; x_wconf 78' lang='lat' dir='ltr'><strong>unus</strong></span> <span class='ocrx_word' id='word_1_573' title='bbox 303 2211 334 2237; x_wconf 88' lang='lat' dir='ltr'><strong>de</strong></span> <span class='ocrx_word' id='word_1_574' title='bbox 347 2210 486 2244; x_wconf 82' lang='lat' dir='ltr'><strong>seraphim.</strong></span> <span class='ocrx_word' id='word_1_575' title='bbox 502 2208 560 2235; x_wconf 81' lang='lat' dir='ltr'><strong>Non</strong></span> <span class='ocrx_word' id='word_1_576' title='bbox 580 2214 622 2235; x_wconf 89' lang='lat' dir='ltr'><strong>est</strong></span> <span class='ocrx_word' id='word_1_577' title='bbox 641 2216 711 2235; x_wconf 86' lang='lat' dir='ltr'><strong>unus</strong></span> <span class='ocrx_word' id='word_1_578' title='bbox 737 2208 792 2242; x_wconf 83' lang='lat'><strong>(86)</strong></span> <span class='ocrx_word' id='word_1_579' title='bbox 820 2207 925 2234; x_wconf 86' lang='lat' dir='ltr'><strong>Domini</strong></span> <span class='ocrx_word' id='word_1_580' title='bbox 949 2207 1000 2235; x_wconf 89' lang='lat' dir='ltr'><strong>mei</strong></span> 
     </span>
    </p>
   </div>
   <div class='ocr_carea' id='block_1_77' title="bbox 220 2253 1002 2287">
    <p class='ocr_par' dir='ltr' id='par_1_77' title="bbox 220 2253 1002 2287">
     <span class='ocr_line' id='line_1_77' title="bbox 220 2253 1002 2287; baseline -0.005 -3"><span class='ocrx_word' id='word_1_581' title='bbox 220 2255 284 2284; x_wconf 64' lang='lat' dir='ltr'><strong>Iesu</strong></span> <span class='ocrx_word' id='word_1_582' title='bbox 304 2255 406 2283; x_wconf 89' lang='lat' dir='ltr'><strong>Christi</strong></span> <span class='ocrx_word' id='word_1_583' title='bbox 432 2255 562 2281; x_wconf 85' lang='lat' dir='ltr'><strong>adventus</strong></span> <span class='ocrx_word' id='word_1_584' title='bbox 580 2262 635 2287; x_wconf 89' lang='lat' dir='ltr'><strong>quo</strong></span> <span class='ocrx_word' id='word_1_585' title='bbox 651 2253 790 2280; x_wconf 85' lang='lat' dir='ltr'><strong>descendit</strong></span> <span class='ocrx_word' id='word_1_586' title='bbox 808 2253 840 2280; x_wconf 86' lang='lat' dir='ltr'><strong>ad</strong></span> <span class='ocrx_word' id='word_1_587' title='bbox 856 2257 941 2280; x_wconf 81' lang='lat' dir='ltr'><strong>terras</strong></span> <span class='ocrx_word' id='word_1_588' title='bbox 956 2262 962 2279; x_wconf 93' lang='lat'>:</span> <span class='ocrx_word' id='word_1_589' title='bbox 976 2258 1002 2280; x_wconf 88' lang='lat' dir='ltr'><strong>et</strong></span> 
     </span>
    </p>
   </div>
   <div class='ocr_carea' id='block_1_78' title="bbox 219 2299 1000 2334">
    <p class='ocr_par' dir='ltr' id='par_1_78' title="bbox 219 2299 1000 2334">
     <span class='ocr_line' id='line_1_78' title="bbox 219 2299 1000 2334; baseline -0.008 -4"><span class='ocrx_word' id='word_1_590' title='bbox 219 2302 253 2330; x_wconf 90' lang='lat' dir='ltr'><strong>ad</strong></span> <span class='ocrx_word' id='word_1_591' title='bbox 265 2302 361 2329; x_wconf 86' lang='lat' dir='ltr'><strong>Isaiam</strong></span> <span class='ocrx_word' id='word_1_592' title='bbox 375 2301 458 2331; x_wconf 88' lang='lat' dir='ltr'><strong>venit,</strong></span> <span class='ocrx_word' id='word_1_593' title='bbox 471 2305 497 2326; x_wconf 92' lang='lat' dir='ltr'><strong>ct</strong></span> <span class='ocrx_word' id='word_1_594' title='bbox 508 2300 540 2326; x_wconf 86' lang='lat' dir='ltr'><strong>ad</strong></span> <span class='ocrx_word' id='word_1_595' title='bbox 555 2299 664 2334; x_wconf 86' lang='lat' dir='ltr'><strong>Moysen</strong></span> <span class='ocrx_word' id='word_1_596' title='bbox 681 2299 763 2330; x_wconf 89' lang='lat' dir='ltr'><strong>venit,</strong></span> <span class='ocrx_word' id='word_1_597' title='bbox 778 2304 805 2325; x_wconf 90' lang='lat' dir='ltr'><strong>et</strong></span> <span class='ocrx_word' id='word_1_598' title='bbox 820 2300 852 2325; x_wconf 88' lang='lat' dir='ltr'><strong>ad</strong></span> <span class='ocrx_word' id='word_1_599' title='bbox 870 2299 1000 2333; x_wconf 90' lang='lat' dir='ltr'><strong>populum</strong></span> 
     </span>
    </p>
   </div>
   <div class='ocr_carea' id='block_1_79' title="bbox 219 2344 999 2379">
    <p class='ocr_par' dir='ltr' id='par_1_79' title="bbox 219 2344 999 2379">
     <span class='ocr_line' id='line_1_79' title="bbox 219 2344 999 2379; baseline -0.005 -5"><span class='ocrx_word' id='word_1_600' title='bbox 219 2347 304 2379; x_wconf 86' lang='lat' dir='ltr'><strong>venit,</strong></span> <span class='ocrx_word' id='word_1_601' title='bbox 324 2351 351 2374; x_wconf 86' lang='lat' dir='ltr'><strong>et</strong></span> <span class='ocrx_word' id='word_1_602' title='bbox 374 2346 408 2373; x_wconf 91' lang='lat' dir='ltr'><strong>ad</strong></span> <span class='ocrx_word' id='word_1_603' title='bbox 437 2352 658 2379; x_wconf 84' lang='lat' dir='ltr'><strong>unumquemque</strong></span> <span class='ocrx_word' id='word_1_604' title='bbox 686 2344 878 2378; x_wconf 86' lang='lat' dir='ltr'><strong>prophetarum</strong></span> <span class='ocrx_word' id='word_1_605' title='bbox 908 2344 999 2376; x_wconf 87' lang='lat' dir='ltr'><strong>venit;</strong></span> 
     </span>
    </p>
   </div>
   <div class='ocr_carea' id='block_1_80' title="bbox 221 2390 1001 2428">
    <p class='ocr_par' dir='ltr' id='par_1_80' title="bbox 221 2390 1001 2428">
     <span class='ocr_line' id='line_1_80' title="bbox 221 2390 1001 2428; baseline -0.008 -6"><span class='ocrx_word' id='word_1_606' title='bbox 221 2401 309 2428; x_wconf 83' lang='lat' dir='ltr'><strong>neque</strong></span> <span class='ocrx_word' id='word_1_607' title='bbox 323 2398 351 2420; x_wconf 91' lang='lat' dir='ltr'><strong>tu</strong></span> <span class='ocrx_word' id='word_1_608' title='bbox 367 2393 463 2419; x_wconf 86' lang='lat' dir='ltr'><strong>timeas</strong></span> <span class='ocrx_word' id='word_1_609' title='bbox 477 2401 483 2418; x_wconf 77' lang='grc' dir='ltr'>ε</span> <span class='ocrx_word' id='word_1_610' title='bbox 497 2391 579 2417; x_wconf 87' lang='lat' dir='ltr'><strong>etiam</strong></span> <span class='ocrx_word' id='word_1_611' title='bbox 597 2391 619 2418; x_wconf 91' lang='lat' dir='ltr'><strong>si</strong></span> <span class='ocrx_word' id='word_1_612' title='bbox 636 2390 691 2425; x_wconf 86' lang='lat' dir='ltr'><strong>jam</strong></span> <span class='ocrx_word' id='word_1_613' title='bbox 715 2391 784 2417; x_wconf 75' lang='lat' dir='ltr'><strong>coelo</strong></span> <span class='ocrx_word' id='word_1_614' title='bbox 809 2395 935 2424; x_wconf 80' lang='lat' dir='ltr'><strong>receptus</strong></span> <span class='ocrx_word' id='word_1_615' title='bbox 949 2394 1001 2422; x_wconf 79' lang='lat' dir='ltr'><strong>est,</strong></span> 
     </span>
    </p>
   </div>
   <div class='ocr_carea' id='block_1_81' title="bbox 222 2436 1005 2471">
    <p class='ocr_par' dir='ltr' id='par_1_81' title="bbox 222 2436 1005 2471">
     <span class='ocr_line' id='line_1_81' title="bbox 222 2436 1005 2471; baseline -0.004 -6"><span class='ocrx_word' id='word_1_616' title='bbox 222 2439 320 2466; x_wconf 90' lang='lat' dir='ltr'><strong>iterum</strong></span> <span class='ocrx_word' id='word_1_617' title='bbox 332 2439 431 2466; x_wconf 87' lang='lat' dir='ltr'><strong>veniet.</strong></span> <span class='ocrx_word' id='word_1_618' title='bbox 445 2438 513 2471; x_wconf 84' lang='lat' dir='ltr'><strong>Quia</strong></span> <span class='ocrx_word' id='word_1_619' title='bbox 534 2441 623 2464; x_wconf 89' lang='lat' dir='ltr'><strong>autem</strong></span> <span class='ocrx_word' id='word_1_620' title='bbox 641 2441 667 2464; x_wconf 89' lang='lat' dir='ltr'><strong>et</strong></span> <span class='ocrx_word' id='word_1_621' title='bbox 686 2441 748 2463; x_wconf 88' lang='lat' dir='ltr'><strong>ante</strong></span> <span class='ocrx_word' id='word_1_622' title='bbox 761 2436 930 2471; x_wconf 65' lang='lat' dir='ltr'><strong>praesentiam</strong></span> <span class='ocrx_word' id='word_1_623' title='bbox 944 2443 1005 2463; x_wconf 79' lang='lat' dir='ltr'><strong>car-</strong></span> 
     </span>
    </p>
   </div>
   <div class='ocr_carea' id='block_1_82' title="bbox 222 2484 1004 2519">
    <p class='ocr_par' dir='ltr' id='par_1_82' title="bbox 222 2484 1004 2519">
     <span class='ocr_line' id='line_1_82' title="bbox 222 2484 1004 2519; baseline -0.003 -7"><span class='ocrx_word' id='word_1_624' title='bbox 222 2485 310 2512; x_wconf 88' lang='lat' dir='ltr'><strong>nalem</strong></span> <span class='ocrx_word' id='word_1_625' title='bbox 329 2484 361 2511; x_wconf 88' lang='lat' dir='ltr'><strong>ad</strong></span> <span class='ocrx_word' id='word_1_626' title='bbox 389 2485 514 2512; x_wconf 78' lang='lat' dir='ltr'><strong>homines</strong></span> <span class='ocrx_word' id='word_1_627' title='bbox 532 2484 647 2516; x_wconf 85' lang='lat' dir='ltr'><strong>venerit,</strong></span> <span class='ocrx_word' id='word_1_628' title='bbox 671 2484 759 2518; x_wconf 88' lang='lat' dir='ltr'><strong>ipsum</strong></span> <span class='ocrx_word' id='word_1_629' title='bbox 788 2485 879 2519; x_wconf 83' lang='lat' dir='ltr'><strong>accipe</strong></span> <span class='ocrx_word' id='word_1_630' title='bbox 906 2488 1004 2510; x_wconf 85' lang='lat' dir='ltr'><strong>testem</strong></span> 
     </span>
    </p>
   </div>
   <div class='ocr_carea' id='block_1_83' title="bbox 219 2529 1004 2565">
    <p class='ocr_par' dir='ltr' id='par_1_83' title="bbox 219 2529 1004 2565">
     <span class='ocr_line' id='line_1_83' title="bbox 219 2529 1004 2565; baseline -0.004 -7"><span class='ocrx_word' id='word_1_631' title='bbox 219 2531 424 2558; x_wconf 84' lang='lat' dir='ltr'><strong>denuntiantem</strong></span> <span class='ocrx_word' id='word_1_632' title='bbox 439 2535 520 2565; x_wconf 84' lang='lat' dir='ltr'><strong>atque</strong></span> <span class='ocrx_word' id='word_1_633' title='bbox 535 2531 668 2557; x_wconf 85' lang='lat' dir='ltr'><strong>dicentem</strong></span> <span class='ocrx_word' id='word_1_634' title='bbox 684 2540 691 2558; x_wconf 86' lang='lat'>:</span> <span class='ocrx_word' id='word_1_635' title='bbox 710 2530 887 2562; x_wconf 78' lang='lat' dir='ltr'><strong>Hierusalem,</strong></span> <span class='ocrx_word' id='word_1_636' title='bbox 905 2529 1004 2556; x_wconf 81' lang='lat' dir='ltr'><strong>Hieru-</strong></span> 
     </span>
    </p>
   </div>
   <div class='ocr_carea' id='block_1_84' title="bbox 220 2573 1003 2610">
    <p class='ocr_par' dir='ltr' id='par_1_84' title="bbox 220 2573 1003 2610">
     <span class='ocr_line' id='line_1_84' title="bbox 220 2573 1003 2610; baseline -0.004 -8"><span class='ocrx_word' id='word_1_637' title='bbox 220 2576 313 2608; x_wconf 83' lang='lat' dir='ltr'><strong>salem,</strong></span> <span class='ocrx_word' id='word_1_638' title='bbox 339 2583 398 2610; x_wconf 77' lang='lat' dir='ltr'><strong>qua:</strong></span> <span class='ocrx_word' id='word_1_639' title='bbox 421 2575 518 2602; x_wconf 77' lang='lat' dir='ltr'><strong>occidis</strong></span> <span class='ocrx_word' id='word_1_640' title='bbox 542 2574 697 2609; x_wconf 79' lang='lat' dir='ltr'><strong>prophetas,</strong></span> <span class='ocrx_word' id='word_1_641' title='bbox 719 2579 743 2601; x_wconf 85' lang='lat' dir='ltr'><strong>el</strong></span> <span class='ocrx_word' id='word_1_642' title='bbox 765 2575 869 2609; x_wconf 83' lang='lat' dir='ltr'><strong>lapidas</strong></span> <span class='ocrx_word' id='word_1_643' title='bbox 893 2582 936 2600; x_wconf 82' lang='lat' dir='ltr'><strong>eos</strong></span> <span class='ocrx_word' id='word_1_644' title='bbox 959 2573 1003 2607; x_wconf 86' lang='lat' dir='ltr'><strong>qui</strong></span> 
     </span>
    </p>
   </div>
   <div class='ocr_carea' id='block_1_85' title="bbox 221 2619 1002 2655">
    <p class='ocr_par' dir='ltr' id='par_1_85' title="bbox 221 2619 1002 2655">
     <span class='ocr_line' id='line_1_85' title="bbox 221 2619 1002 2655; baseline -0.005 -7"><span class='ocrx_word' id='word_1_645' title='bbox 221 2623 295 2649; x_wconf 79' lang='lat' dir='ltr'><strong>missi</strong></span> <span class='ocrx_word' id='word_1_646' title='bbox 305 2626 365 2648; x_wconf 81' lang='lat' dir='ltr'><strong>sunt</strong></span> <span class='ocrx_word' id='word_1_647' title='bbox 382 2621 417 2648; x_wconf 86' lang='lat' dir='ltr'><strong>ad</strong></span> <span class='ocrx_word' id='word_1_648' title='bbox 434 2626 466 2651; x_wconf 84' lang='lat' dir='ltr'><strong>te.</strong></span> <span class='ocrx_word' id='word_1_649' title='bbox 483 2621 582 2655; x_wconf 77' lang='lat' dir='ltr'><strong>quoties</strong></span> <span class='ocrx_word' id='word_1_650' title='bbox 594 2621 664 2648; x_wconf 79' lang='lat' dir='ltr'><strong>valui</strong></span> <span class='ocrx_word' id='word_1_651' title='bbox 679 2620 800 2655; x_wconf 81' lang='lat' dir='ltr'><strong>colligere</strong></span> <span class='ocrx_word' id='word_1_652' title='bbox 813 2620 883 2654; x_wconf 81' lang='lat' dir='ltr'><strong>ﬁlios</strong></span> <span class='ocrx_word' id='word_1_653' title='bbox 900 2624 958 2645; x_wconf 78' lang='lat' dir='ltr'><strong>tuos</strong></span> <span class='ocrx_word' id='word_1_654' title='bbox 969 2619 1002 2645; x_wconf 68' lang='grc' dir='ltr'><strong>δ’.</strong></span> 
     </span>
    </p>
   </div>
   <div class='ocr_carea' id='block_1_86' title="bbox 221 2663 1003 2699">
    <p class='ocr_par' dir='ltr' id='par_1_86' title="bbox 221 2663 1003 2699">
     <span class='ocr_line' id='line_1_86' title="bbox 221 2663 1003 2699; baseline -0.004 -7"><span class='ocrx_word' id='word_1_655' title='bbox 221 2667 335 2699; x_wconf 79' lang='lat' dir='ltr'><strong>Quoties</strong></span> <span class='ocrx_word' id='word_1_656' title='bbox 349 2667 433 2694; x_wconf 89' lang='lat' dir='ltr'><strong>volui.</strong></span> <span class='ocrx_word' id='word_1_657' title='bbox 452 2666 508 2693; x_wconf 87' lang='lat' dir='ltr'><strong>Non</strong></span> <span class='ocrx_word' id='word_1_658' title='bbox 523 2667 598 2699; x_wconf 84' lang='lat' dir='ltr'><strong>dicit,</strong></span> <span class='ocrx_word' id='word_1_659' title='bbox 617 2674 669 2693; x_wconf 90' lang='lat' dir='ltr'><strong>non</strong></span> <span class='ocrx_word' id='word_1_660' title='bbox 692 2665 745 2692; x_wconf 91' lang='lat' dir='ltr'><strong>vidi</strong></span> <span class='ocrx_word' id='word_1_661' title='bbox 769 2670 794 2692; x_wconf 82' lang='lat' dir='ltr'><strong>te</strong></span> <span class='ocrx_word' id='word_1_662' title='bbox 815 2664 867 2691; x_wconf 83' lang='lat' dir='ltr'><strong>nisi</strong></span> <span class='ocrx_word' id='word_1_663' title='bbox 890 2664 941 2691; x_wconf 80' lang='lat' dir='ltr'><strong>isto</strong></span> <span class='ocrx_word' id='word_1_664' title='bbox 955 2663 1003 2690; x_wconf 91' lang='lat' dir='ltr'><strong>ad-</strong></span> 
     </span>
    </p>
   </div>
   <div class='ocr_carea' id='block_1_87' title="bbox 223 2708 1005 2747">
    <p class='ocr_par' dir='ltr' id='par_1_87' title="bbox 223 2708 1005 2747">
     <span class='ocr_line' id='line_1_87' title="bbox 223 2708 1005 2747; baseline -0.004 -10"><span class='ocrx_word' id='word_1_665' title='bbox 223 2717 304 2739; x_wconf 89' lang='lat' dir='ltr'><strong>ventu</strong></span> <span class='ocrx_word' id='word_1_666' title='bbox 329 2721 335 2739; x_wconf 89' lang='lat'><strong>:</strong></span> <span class='ocrx_word' id='word_1_667' title='bbox 361 2712 407 2739; x_wconf 85' lang='lat' dir='ltr'><strong>sed</strong></span> <span class='ocrx_word' id='word_1_668' title='bbox 427 2712 508 2745; x_wconf 86' lang='lat' dir='ltr'><strong>dicit,</strong></span> <span class='ocrx_word' id='word_1_669' title='bbox 532 2713 638 2747; x_wconf 80' lang='lat' dir='ltr'><strong>quoties</strong></span> <span class='ocrx_word' id='word_1_670' title='bbox 660 2711 743 2738; x_wconf 88' lang='lat' dir='ltr'><strong>volui.</strong></span> <span class='ocrx_word' id='word_1_671' title='bbox 762 2710 795 2736; x_wconf 85' lang='lat' dir='ltr'><strong>Et</strong></span> <span class='ocrx_word' id='word_1_672' title='bbox 818 2717 865 2744; x_wconf 91' lang='lat' dir='ltr'><strong>per</strong></span> <span class='ocrx_word' id='word_1_673' title='bbox 884 2708 1005 2743; x_wconf 79' lang='lat' dir='ltr'><strong>singulos</strong></span> 
     </span>
    </p>
   </div>
   <div class='ocr_carea' id='block_1_88' title="bbox 245 2763 879 2827">
    <p class='ocr_par' dir='ltr' id='par_1_88' title="bbox 245 2763 879 2827">
     <span class='ocr_line' id='line_1_88' title="bbox 245 2763 879 2827; baseline -0.006 -33"><span class='ocrx_word' id='word_1_674' title='bbox 245 2768 279 2827; x_wconf 73' lang='lat'><strong>7“</strong></span> <span class='ocrx_word' id='word_1_675' title='bbox 296 2767 381 2794; x_wconf 81' lang='lat' dir='ltr'><strong>Exod.</strong></span> <span class='ocrx_word' id='word_1_676' title='bbox 398 2776 494 2801; x_wconf 76' lang='lat' dir='ltr'><strong>xvxnt,</strong></span> <span class='ocrx_word' id='word_1_677' title='bbox 510 2768 555 2794; x_wconf 78' lang='lat'><strong>20.</strong></span> <span class='ocrx_word' id='word_1_678' title='bbox 593 2766 615 2783; x_wconf 63' lang='grc' dir='ltr'>ι’</span> <span class='ocrx_word' id='word_1_679' title='bbox 630 2766 724 2793; x_wconf 86' lang='lat' dir='ltr'><strong>Matth.</strong></span> <span class='ocrx_word' id='word_1_680' title='bbox 743 2772 820 2797; x_wconf 65' lang='grc' dir='ltr'>χχιιι,</span> <span class='ocrx_word' id='word_1_681' title='bbox 836 2763 879 2790; x_wconf 84' lang='grc'><strong>57.</strong></span> 
     </span>
    </p>
   </div>
   <div class='ocr_carea' id='block_1_89' title="bbox 934 2757 1245 2792">
    <p class='ocr_par' dir='ltr' id='par_1_89' title="bbox 934 2757 1245 2792">
     <span class='ocr_line' id='line_1_89' title="bbox 934 2757 1245 2792; baseline -0.019 -3"><span class='ocrx_word' id='word_1_682' title='bbox 934 2761 956 2777; x_wconf 70' lang='grc'>⁵³</span> <span class='ocrx_word' id='word_1_683' title='bbox 977 2760 1072 2788; x_wconf 80' lang='lat' dir='ltr'><strong>Matth.</strong></span> <span class='ocrx_word' id='word_1_684' title='bbox 1089 2767 1184 2792; x_wconf 75' lang='lat' dir='ltr'><strong>xxvltt,</strong></span> <span class='ocrx_word' id='word_1_685' title='bbox 1201 2757 1245 2784; x_wconf 78' lang='grc'><strong>20.</strong></span> 
     </span>
    </p>
   </div>
   <div class='ocr_carea' id='block_1_90' title="bbox 1049 1561 1830 1607">
    <p class='ocr_par' dir='ltr' id='par_1_90' title="bbox 1049 1561 1830 1607">
     <span class='ocr_line' id='line_1_90' title="bbox 1049 1561 1830 1607; baseline -0.014 -9"><span class='ocrx_word' id='word_1_686' title='bbox 1049 1577 1122 1607; x_wconf 89' lang='lat' dir='ltr'><strong>petat</strong></span> <span class='ocrx_word' id='word_1_687' title='bbox 1145 1570 1263 1604; x_wconf 84' lang='lat' dir='ltr'><strong>signum,</strong></span> <span class='ocrx_word' id='word_1_688' title='bbox 1278 1576 1330 1595; x_wconf 94' lang='lat' dir='ltr'><strong>non</strong></span> <span class='ocrx_word' id='word_1_689' title='bbox 1345 1567 1515 1601; x_wconf 89' lang='lat' dir='ltr'><strong>simpliciter,</strong></span> <span class='ocrx_word' id='word_1_690' title='bbox 1529 1565 1576 1592; x_wconf 87' lang='lat' dir='ltr'><strong>sed</strong></span> <span class='ocrx_word' id='word_1_691' title='bbox 1591 1564 1641 1591; x_wconf 90' lang='lat' dir='ltr'><strong>sibi</strong></span> <span class='ocrx_word' id='word_1_692' title='bbox 1660 1563 1722 1598; x_wconf 89' lang='lat' dir='ltr'><strong>ipsi.</strong></span> <span class='ocrx_word' id='word_1_693' title='bbox 1737 1561 1830 1589; x_wconf 87' lang='lat' dir='ltr'><strong>Sermo</strong></span> 
     </span>
    </p>
   </div>
   <div class='ocr_carea' id='block_1_91' title="bbox 1050 1608 1829 1651">
    <p class='ocr_par' dir='ltr' id='par_1_91' title="bbox 1050 1608 1829 1651">
     <span class='ocr_line' id='line_1_91' title="bbox 1050 1608 1829 1651; baseline -0.015 -8"><span class='ocrx_word' id='word_1_694' title='bbox 1050 1617 1151 1651; x_wconf 79' lang='lat' dir='ltr'><strong>quippe</strong></span> <span class='ocrx_word' id='word_1_695' title='bbox 1172 1615 1210 1642; x_wconf 90' lang='lat' dir='ltr'><strong>ait</strong></span> <span class='ocrx_word' id='word_1_696' title='bbox 1230 1614 1313 1650; x_wconf 88' lang='lat' dir='ltr'><strong>(vers.</strong></span> <span class='ocrx_word' id='word_1_697' title='bbox 1335 1613 1378 1646; x_wconf 78' lang='lat' dir='ltr'><strong>ll)</strong></span> <span class='ocrx_word' id='word_1_698' title='bbox 1393 1621 1400 1639; x_wconf 88' lang='lat'><strong>:</strong></span> <span class='ocrx_word' id='word_1_699' title='bbox 1416 1612 1478 1638; x_wconf 76' lang='lat' dir='ltr'><strong>Pete</strong></span> <span class='ocrx_word' id='word_1_700' title='bbox 1493 1610 1541 1637; x_wconf 82' lang='lat' dir='ltr'><strong>tibi</strong></span> <span class='ocrx_word' id='word_1_701' title='bbox 1556 1611 1662 1645; x_wconf 83' lang='lat' dir='ltr'><strong>signum</strong></span> <span class='ocrx_word' id='word_1_702' title='bbox 1682 1617 1698 1635; x_wconf 87' lang='lat' dir='ltr'><strong>a</strong></span> <span class='ocrx_word' id='word_1_703' title='bbox 1720 1608 1829 1634; x_wconf 85' lang='lat' dir='ltr'><strong>Domino</strong></span> 
     </span>
    </p>
   </div>
   <div class='ocr_carea' id='block_1_92' title="bbox 1050 1653 1828 1694">
    <p class='ocr_par' dir='ltr' id='par_1_92' title="bbox 1050 1653 1828 1694">
     <span class='ocr_line' id='line_1_92' title="bbox 1050 1653 1828 1694; baseline -0.013 -6"><span class='ocrx_word' id='word_1_704' title='bbox 1050 1662 1104 1689; x_wconf 86' lang='lat' dir='ltr'><strong>Deo</strong></span> <span class='ocrx_word' id='word_1_705' title='bbox 1120 1666 1165 1687; x_wconf 90' lang='lat' dir='ltr'><strong>tuo</strong></span> <span class='ocrx_word' id='word_1_706' title='bbox 1180 1662 1207 1687; x_wconf 86' lang='lat' dir='ltr'><strong>in</strong></span> <span class='ocrx_word' id='word_1_707' title='bbox 1230 1659 1390 1694; x_wconf 80' lang='lat' dir='ltr'><strong>profundunt</strong></span> <span class='ocrx_word' id='word_1_708' title='bbox 1403 1663 1450 1684; x_wconf 85' lang='lat' dir='ltr'><strong>ant</strong></span> <span class='ocrx_word' id='word_1_709' title='bbox 1466 1659 1492 1684; x_wconf 85' lang='lat' dir='ltr'><strong>in</strong></span> <span class='ocrx_word' id='word_1_710' title='bbox 1506 1657 1645 1684; x_wconf 67' lang='lat' dir='ltr'><strong>excelsum.</strong></span> <span class='ocrx_word' id='word_1_711' title='bbox 1660 1653 1828 1688; x_wconf 79' lang='lat' dir='ltr'><strong>PrOposiunn</strong></span> 
     </span>
    </p>
   </div>
   <div class='ocr_carea' id='block_1_93' title="bbox 1049 1698 1830 1742">
    <p class='ocr_par' dir='ltr' id='par_1_93' title="bbox 1049 1698 1830 1742">
     <span class='ocr_line' id='line_1_93' title="bbox 1049 1698 1830 1742; baseline -0.014 -8"><span class='ocrx_word' id='word_1_712' title='bbox 1049 1713 1092 1735; x_wconf 85' lang='lat' dir='ltr'><strong>est.</strong></span> <span class='ocrx_word' id='word_1_713' title='bbox 1112 1707 1219 1742; x_wconf 80' lang='lat' dir='ltr'><strong>signum</strong></span> <span class='ocrx_word' id='word_1_714' title='bbox 1245 1705 1377 1732; x_wconf 89' lang='lat' dir='ltr'><strong>Dominus</strong></span> <span class='ocrx_word' id='word_1_715' title='bbox 1407 1711 1485 1731; x_wconf 88' lang='lat' dir='ltr'><strong>meus</strong></span> <span class='ocrx_word' id='word_1_716' title='bbox 1512 1702 1592 1729; x_wconf 82' lang='lat' dir='ltr'><strong>Jesus</strong></span> <span class='ocrx_word' id='word_1_717' title='bbox 1618 1701 1755 1728; x_wconf 82' lang='lat' dir='ltr'><strong>Christus.</strong></span> <span class='ocrx_word' id='word_1_718' title='bbox 1779 1698 1830 1724; x_wconf 74' lang='lat' dir='ltr'><strong>Hor.</strong></span> 
     </span>
    </p>
   </div>
   <div class='ocr_carea' id='block_1_94' title="bbox 1049 1746 1829 1785">
    <p class='ocr_par' dir='ltr' id='par_1_94' title="bbox 1049 1746 1829 1785">
     <span class='ocr_line' id='line_1_94' title="bbox 1049 1746 1829 1785; baseline -0.013 -4"><span class='ocrx_word' id='word_1_719' title='bbox 1049 1754 1122 1782; x_wconf 88' lang='lat' dir='ltr'><strong>enim</strong></span> <span class='ocrx_word' id='word_1_720' title='bbox 1144 1757 1187 1780; x_wconf 88' lang='lat' dir='ltr'><strong>est</strong></span> <span class='ocrx_word' id='word_1_721' title='bbox 1210 1752 1317 1785; x_wconf 70' lang='lat' dir='ltr'><strong>signum</strong></span> <span class='ocrx_word' id='word_1_722' title='bbox 1345 1750 1416 1784; x_wconf 89' lang='lat' dir='ltr'><strong>quod</strong></span> <span class='ocrx_word' id='word_1_723' title='bbox 1439 1749 1551 1784; x_wconf 84' lang='lat' dir='ltr'><strong>jubelur</strong></span> <span class='ocrx_word' id='word_1_724' title='bbox 1563 1753 1592 1774; x_wconf 93' lang='lat' dir='ltr'><strong>ut</strong></span> <span class='ocrx_word' id='word_1_725' title='bbox 1607 1747 1658 1774; x_wconf 90' lang='lat' dir='ltr'><strong>sibi</strong></span> <span class='ocrx_word' id='word_1_726' title='bbox 1675 1747 1793 1781; x_wconf 76' lang='lat' dir='ltr'><strong>postulet</strong></span> <span class='ocrx_word' id='word_1_727' title='bbox 1807 1746 1829 1771; x_wconf 93' lang='lat' dir='ltr'><strong>in</strong></span> 
     </span>
    </p>
   </div>
   <div class='ocr_carea' id='block_1_95' title="bbox 1050 1790 1830 1834">
    <p class='ocr_par' dir='ltr' id='par_1_95' title="bbox 1050 1790 1830 1834">
     <span class='ocr_line' id='line_1_95' title="bbox 1050 1790 1830 1834; baseline -0.013 -9"><span class='ocrx_word' id='word_1_728' title='bbox 1050 1797 1215 1834; x_wconf 85' lang='lat' dir='ltr'><strong>profundum</strong></span> <span class='ocrx_word' id='word_1_729' title='bbox 1228 1800 1275 1823; x_wconf 86' lang='lat' dir='ltr'><strong>aut</strong></span> <span class='ocrx_word' id='word_1_730' title='bbox 1290 1795 1316 1822; x_wconf 93' lang='lat' dir='ltr'><strong>in</strong></span> <span class='ocrx_word' id='word_1_731' title='bbox 1330 1794 1480 1821; x_wconf 75' lang='lat' dir='ltr'><strong>excelsum.</strong></span> <span class='ocrx_word' id='word_1_732' title='bbox 1493 1793 1521 1819; x_wconf 87' lang='lat' dir='ltr'><strong>In</strong></span> <span class='ocrx_word' id='word_1_733' title='bbox 1535 1791 1700 1827; x_wconf 79' lang='lat' dir='ltr'><strong>profundum</strong></span> <span class='ocrx_word' id='word_1_734' title='bbox 1714 1790 1830 1824; x_wconf 87' lang='lat' dir='ltr'><strong>quidem,</strong></span> 
     </span>
    </p>
   </div>
   <div class='ocr_carea' id='block_1_96' title="bbox 1050 1835 1830 1878">
    <p class='ocr_par' dir='ltr' id='par_1_96' title="bbox 1050 1835 1830 1878">
     <span class='ocr_line' id='line_1_96' title="bbox 1050 1835 1830 1878; baseline -0.013 -9"><span class='ocrx_word' id='word_1_735' title='bbox 1050 1843 1114 1878; x_wconf 90' lang='lat' dir='ltr'><strong>quia</strong></span> <span class='ocrx_word' id='word_1_736' title='bbox 1137 1841 1186 1876; x_wconf 87' lang='lat' dir='ltr'><strong>qui</strong></span> <span class='ocrx_word' id='word_1_737' title='bbox 1212 1839 1362 1871; x_wconf 83' lang='lat' dir='ltr'><strong>descendit,</strong></span> <span class='ocrx_word' id='word_1_738' title='bbox 1385 1838 1442 1873; x_wconf 85' lang='lat' dir='ltr'><strong>ipse</strong></span> <span class='ocrx_word' id='word_1_739' title='bbox 1466 1842 1517 1865; x_wconf 88' lang='lat' dir='ltr'><strong>est.</strong></span> <span class='ocrx_word' id='word_1_740' title='bbox 1544 1837 1573 1863; x_wconf 85' lang='lat' dir='ltr'><strong>In</strong></span> <span class='ocrx_word' id='word_1_741' title='bbox 1597 1835 1735 1863; x_wconf 76' lang='lat' dir='ltr'><strong>excelsum</strong></span> <span class='ocrx_word' id='word_1_742' title='bbox 1762 1842 1830 1864; x_wconf 77' lang='lat' dir='ltr'><strong>vero.</strong></span> 
     </span>
    </p>
   </div>
   <div class='ocr_carea' id='block_1_97' title="bbox 1051 1879 1830 1922">
    <p class='ocr_par' dir='ltr' id='par_1_97' title="bbox 1051 1879 1830 1922">
     <span class='ocr_line' id='line_1_97' title="bbox 1051 1879 1830 1922; baseline -0.014 -7"><span class='ocrx_word' id='word_1_743' title='bbox 1051 1889 1114 1922; x_wconf 90' lang='lat' dir='ltr'><strong>quia</strong></span> <span class='ocrx_word' id='word_1_744' title='bbox 1141 1886 1186 1922; x_wconf 89' lang='lat' dir='ltr'><strong>qui</strong></span> <span class='ocrx_word' id='word_1_745' title='bbox 1215 1884 1339 1912; x_wconf 87' lang='lat' dir='ltr'><strong>ascendit</strong></span> <span class='ocrx_word' id='word_1_746' title='bbox 1365 1890 1446 1918; x_wconf 87' lang='lat' dir='ltr'><strong>super</strong></span> <span class='ocrx_word' id='word_1_747' title='bbox 1475 1888 1571 1909; x_wconf 88' lang='lat' dir='ltr'><strong>omnes</strong></span> <span class='ocrx_word' id='word_1_748' title='bbox 1591 1880 1686 1911; x_wconf 72' lang='lat' dir='ltr'><strong>caelos,</strong></span> <span class='ocrx_word' id='word_1_749' title='bbox 1701 1879 1758 1914; x_wconf 87' lang='lat' dir='ltr'><strong>ipse</strong></span> <span class='ocrx_word' id='word_1_750' title='bbox 1785 1883 1830 1905; x_wconf 70' lang='lat' dir='ltr'><strong>est.</strong></span> 
     </span>
    </p>
   </div>
   <div class='ocr_carea' id='block_1_98' title="bbox 1051 1926 1831 1965">
    <p class='ocr_par' dir='ltr' id='par_1_98' title="bbox 1051 1926 1831 1965">
     <span class='ocr_line' id='line_1_98' title="bbox 1051 1926 1831 1965; baseline -0.014 -4"><span class='ocrx_word' id='word_1_751' title='bbox 1051 1934 1116 1960; x_wconf 82' lang='lat' dir='ltr'><strong>Mihi</strong></span> <span class='ocrx_word' id='word_1_752' title='bbox 1134 1937 1225 1960; x_wconf 87' lang='lat' dir='ltr'><strong>autem</strong></span> <span class='ocrx_word' id='word_1_753' title='bbox 1243 1931 1294 1958; x_wconf 85' lang='lat' dir='ltr'><strong>hoc</strong></span> <span class='ocrx_word' id='word_1_754' title='bbox 1305 1931 1411 1965; x_wconf 79' lang='lat' dir='ltr'><strong>signum</strong></span> <span class='ocrx_word' id='word_1_755' title='bbox 1428 1927 1597 1963; x_wconf 88' lang='lat' dir='ltr'><strong>propositum</strong></span> <span class='ocrx_word' id='word_1_756' title='bbox 1611 1926 1743 1952; x_wconf 88' lang='lat' dir='ltr'><strong>Dominus</strong></span> <span class='ocrx_word' id='word_1_757' title='bbox 1755 1931 1831 1951; x_wconf 76' lang='lat' dir='ltr'><strong>meus</strong></span> 
     </span>
    </p>
   </div>
   <div class='ocr_carea' id='block_1_99' title="bbox 1050 1968 1833 2009">
    <p class='ocr_par' dir='ltr' id='par_1_99' title="bbox 1050 1968 1833 2009">
     <span class='ocr_line' id='line_1_99' title="bbox 1050 1968 1833 2009; baseline -0.017 -2"><span class='ocrx_word' id='word_1_758' title='bbox 1050 1979 1131 2006; x_wconf 74' lang='lat' dir='ltr'><strong>lesus</strong></span> <span class='ocrx_word' id='word_1_759' title='bbox 1147 1977 1274 2005; x_wconf 87' lang='lat' dir='ltr'><strong>Christus</strong></span> <span class='ocrx_word' id='word_1_760' title='bbox 1293 1975 1320 2002; x_wconf 91' lang='lat' dir='ltr'><strong>in</strong></span> <span class='ocrx_word' id='word_1_761' title='bbox 1338 1973 1502 2009; x_wconf 83' lang='lat' dir='ltr'><strong>profundum</strong></span> <span class='ocrx_word' id='word_1_762' title='bbox 1516 1976 1543 1999; x_wconf 89' lang='lat' dir='ltr'><strong>et</strong></span> <span class='ocrx_word' id='word_1_763' title='bbox 1556 1972 1583 1998; x_wconf 92' lang='lat' dir='ltr'><strong>in</strong></span> <span class='ocrx_word' id='word_1_764' title='bbox 1600 1971 1750 2001; x_wconf 79' lang='lat' dir='ltr'><strong>excelsum,</strong></span> <span class='ocrx_word' id='word_1_765' title='bbox 1771 1968 1833 1995; x_wconf 88' lang='lat' dir='ltr'><strong>nihil</strong></span> 
     </span>
    </p>
   </div>
   <div class='ocr_carea' id='block_1_100' title="bbox 1052 2014 1834 2058">
    <p class='ocr_par' dir='ltr' id='par_1_100' title="bbox 1052 2014 1834 2058">
     <span class='ocr_line' id='line_1_100' title="bbox 1052 2014 1834 2058; baseline -0.014 -7"><span class='ocrx_word' id='word_1_766' title='bbox 1052 2023 1172 2058; x_wconf 91' lang='lat' dir='ltr'><strong>prodest,</strong></span> <span class='ocrx_word' id='word_1_767' title='bbox 1190 2022 1213 2049; x_wconf 92' lang='lat' dir='ltr'><strong>si</strong></span> <span class='ocrx_word' id='word_1_768' title='bbox 1231 2029 1283 2048; x_wconf 90' lang='lat' dir='ltr'><strong>non</strong></span> <span class='ocrx_word' id='word_1_769' title='bbox 1302 2020 1368 2047; x_wconf 92' lang='lat' dir='ltr'><strong>mihi</strong></span> <span class='ocrx_word' id='word_1_770' title='bbox 1392 2019 1438 2046; x_wconf 88' lang='lat' dir='ltr'><strong>liat</strong></span> <span class='ocrx_word' id='word_1_771' title='bbox 1461 2017 1620 2053; x_wconf 80' lang='lat' dir='ltr'><strong>mysterium</strong></span> <span class='ocrx_word' id='word_1_772' title='bbox 1643 2015 1676 2042; x_wconf 90' lang='lat' dir='ltr'><strong>de</strong></span> <span class='ocrx_word' id='word_1_773' title='bbox 1701 2014 1834 2049; x_wconf 86' lang='lat' dir='ltr'><strong>profundo</strong></span> 
     </span>
    </p>
   </div>
   <div class='ocr_carea' id='block_1_101' title="bbox 1050 2061 1834 2101">
    <p class='ocr_par' dir='ltr' id='par_1_101' title="bbox 1050 2061 1834 2101">
     <span class='ocr_line' id='line_1_101' title="bbox 1050 2061 1834 2101; baseline -0.01 -7"><span class='ocrx_word' id='word_1_774' title='bbox 1050 2075 1076 2096; x_wconf 81' lang='lat' dir='ltr'><strong>et</strong></span> <span class='ocrx_word' id='word_1_775' title='bbox 1090 2069 1196 2096; x_wconf 82' lang='lat' dir='ltr'><strong>excelso</strong></span> <span class='ocrx_word' id='word_1_776' title='bbox 1211 2067 1280 2101; x_wconf 86' lang='lat' dir='ltr'><strong>ejus.</strong></span> <span class='ocrx_word' id='word_1_777' title='bbox 1298 2066 1366 2093; x_wconf 89' lang='lat' dir='ltr'><strong>Cum</strong></span> <span class='ocrx_word' id='word_1_778' title='bbox 1381 2065 1452 2091; x_wconf 87' lang='lat' dir='ltr'><strong>enim</strong></span> <span class='ocrx_word' id='word_1_779' title='bbox 1467 2071 1517 2098; x_wconf 83' lang='lat' dir='ltr'><strong>ego</strong></span> <span class='ocrx_word' id='word_1_780' title='bbox 1533 2070 1661 2097; x_wconf 83' lang='lat' dir='ltr'><strong>recepero</strong></span> <span class='ocrx_word' id='word_1_781' title='bbox 1677 2061 1834 2097; x_wconf 82' lang='lat' dir='ltr'><strong>mysterium</strong></span> 
     </span>
    </p>
   </div>
   <div class='ocr_carea' id='block_1_102' title="bbox 1051 2107 1834 2145">
    <p class='ocr_par' dir='ltr' id='par_1_102' title="bbox 1051 2107 1834 2145">
     <span class='ocr_line' id='line_1_102' title="bbox 1051 2107 1834 2145; baseline -0.011 -3"><span class='ocrx_word' id='word_1_782' title='bbox 1051 2115 1084 2142; x_wconf 85' lang='lat' dir='ltr'><strong>de</strong></span> <span class='ocrx_word' id='word_1_783' title='bbox 1100 2114 1209 2141; x_wconf 90' lang='lat' dir='ltr'><strong>Christo</strong></span> <span class='ocrx_word' id='word_1_784' title='bbox 1221 2113 1296 2143; x_wconf 85' lang='lat' dir='ltr'><strong>Jesu,</strong></span> <span class='ocrx_word' id='word_1_785' title='bbox 1312 2112 1345 2138; x_wconf 89' lang='lat' dir='ltr'><strong>de</strong></span> <span class='ocrx_word' id='word_1_786' title='bbox 1361 2109 1495 2145; x_wconf 87' lang='lat' dir='ltr'><strong>profundo</strong></span> <span class='ocrx_word' id='word_1_787' title='bbox 1507 2113 1533 2135; x_wconf 92' lang='lat' dir='ltr'><strong>et</strong></span> <span class='ocrx_word' id='word_1_788' title='bbox 1549 2108 1667 2138; x_wconf 87' lang='lat' dir='ltr'><strong>excelso,</strong></span> <span class='ocrx_word' id='word_1_789' title='bbox 1683 2112 1749 2134; x_wconf 89' lang='lat' dir='ltr'><strong>tunc</strong></span> <span class='ocrx_word' id='word_1_790' title='bbox 1765 2107 1834 2134; x_wconf 84' lang='lat' dir='ltr'><strong>arci—</strong></span> 
     </span>
    </p>
   </div>
   <div class='ocr_carea' id='block_1_103' title="bbox 1052 2153 1835 2195">
    <p class='ocr_par' dir='ltr' id='par_1_103' title="bbox 1052 2153 1835 2195">
     <span class='ocr_line' id='line_1_103' title="bbox 1052 2153 1835 2195; baseline -0.013 -7"><span class='ocrx_word' id='word_1_791' title='bbox 1052 2161 1123 2195; x_wconf 87' lang='lat' dir='ltr'><strong>piam</strong></span> <span class='ocrx_word' id='word_1_792' title='bbox 1136 2160 1241 2195; x_wconf 82' lang='lat' dir='ltr'><strong>signum</strong></span> <span class='ocrx_word' id='word_1_793' title='bbox 1257 2156 1405 2185; x_wconf 77' lang='lat' dir='ltr'><strong>scentulum</strong></span> <span class='ocrx_word' id='word_1_794' title='bbox 1419 2160 1582 2190; x_wconf 72' lang='lat' dir='ltr'><strong>prmceptum</strong></span> <span class='ocrx_word' id='word_1_795' title='bbox 1597 2153 1717 2185; x_wconf 87' lang='lat' dir='ltr'><strong>Domini,</strong></span> <span class='ocrx_word' id='word_1_796' title='bbox 1731 2158 1758 2180; x_wconf 87' lang='lat' dir='ltr'><strong>et</strong></span> <span class='ocrx_word' id='word_1_797' title='bbox 1769 2153 1835 2180; x_wconf 81' lang='lat' dir='ltr'><strong>dice-</strong></span> 
     </span>
    </p>
   </div>
   <div class='ocr_carea' id='block_1_104' title="bbox 1054 2198 1835 2239">
    <p class='ocr_par' dir='ltr' id='par_1_104' title="bbox 1054 2198 1835 2239">
     <span class='ocr_line' id='line_1_104' title="bbox 1054 2198 1835 2239; baseline -0.012 -6"><span class='ocrx_word' id='word_1_798' title='bbox 1054 2211 1097 2233; x_wconf 87' lang='lat' dir='ltr'><strong>tur</strong></span> <span class='ocrx_word' id='word_1_799' title='bbox 1109 2206 1174 2232; x_wconf 90' lang='lat' dir='ltr'><strong>mihi</strong></span> <span class='ocrx_word' id='word_1_800' title='bbox 1191 2204 1268 2239; x_wconf 85' lang='lat' dir='ltr'><strong>quasi</strong></span> <span class='ocrx_word' id='word_1_801' title='bbox 1283 2201 1392 2230; x_wconf 81' lang='lat' dir='ltr'><strong>habenti</strong></span> <span class='ocrx_word' id='word_1_802' title='bbox 1409 2201 1435 2227; x_wconf 91' lang='lat' dir='ltr'><strong>in</strong></span> <span class='ocrx_word' id='word_1_803' title='bbox 1451 2200 1611 2234; x_wconf 84' lang='lat' dir='ltr'><strong>memetipso</strong></span> <span class='ocrx_word' id='word_1_804' title='bbox 1625 2198 1796 2233; x_wconf 87' lang='lat' dir='ltr'><strong>profundum</strong></span> <span class='ocrx_word' id='word_1_805' title='bbox 1811 2202 1835 2224; x_wconf 88' lang='lat' dir='ltr'><strong>et</strong></span> 
     </span>
    </p>
   </div>
   <div class='ocr_carea' id='block_1_105' title="bbox 1052 2243 1835 2283">
    <p class='ocr_par' dir='ltr' id='par_1_105' title="bbox 1052 2243 1835 2283">
     <span class='ocr_line' id='line_1_105' title="bbox 1052 2243 1835 2283; baseline -0.013 -5"><span class='ocrx_word' id='word_1_806' title='bbox 1052 2251 1189 2278; x_wconf 68' lang='lat' dir='ltr'><strong>excelsum</strong></span> <span class='ocrx_word' id='word_1_807' title='bbox 1206 2259 1212 2276; x_wconf 92' lang='lat'>:</span> <span class='ocrx_word' id='word_1_808' title='bbox 1233 2247 1323 2283; x_wconf 73' lang='lat' dir='ltr'><strong>Neque</strong></span> <span class='ocrx_word' id='word_1_809' title='bbox 1335 2246 1435 2272; x_wconf 76' lang='lat' dir='ltr'><strong>dixeris</strong></span> <span class='ocrx_word' id='word_1_810' title='bbox 1451 2245 1478 2272; x_wconf 87' lang='lat' dir='ltr'><strong>in</strong></span> <span class='ocrx_word' id='word_1_811' title='bbox 1489 2244 1567 2271; x_wconf 86' lang='lat' dir='ltr'><strong>corde</strong></span> <span class='ocrx_word' id='word_1_812' title='bbox 1579 2249 1644 2270; x_wconf 89' lang='lat' dir='ltr'><strong>luo:</strong></span> <span class='ocrx_word' id='word_1_813' title='bbox 1662 2243 1730 2275; x_wconf 72' lang='lat' dir='ltr'><strong>Quis</strong></span> <span class='ocrx_word' id='word_1_814' title='bbox 1746 2251 1835 2269; x_wconf 78' lang='lat' dir='ltr'><strong>ascen—</strong></span> 
     </span>
    </p>
   </div>
   <div class='ocr_carea' id='block_1_106' title="bbox 1052 2288 1836 2323">
    <p class='ocr_par' dir='ltr' id='par_1_106' title="bbox 1052 2288 1836 2323">
     <span class='ocr_line' id='line_1_106' title="bbox 1052 2288 1836 2323; baseline -0.013 0"><span class='ocrx_word' id='word_1_815' title='bbox 1052 2297 1092 2323; x_wconf 87' lang='lat' dir='ltr'><strong>dit</strong></span> <span class='ocrx_word' id='word_1_816' title='bbox 1107 2297 1134 2322; x_wconf 87' lang='lat' dir='ltr'><strong>in</strong></span> <span class='ocrx_word' id='word_1_817' title='bbox 1148 2294 1261 2321; x_wconf 73' lang='lat' dir='ltr'><strong>mlum?</strong></span> <span class='ocrx_word' id='word_1_818' title='bbox 1284 2292 1340 2318; x_wconf 84' lang='lat' dir='ltr'><strong>Hoc</strong></span> <span class='ocrx_word' id='word_1_819' title='bbox 1353 2295 1392 2318; x_wconf 82' lang='lat' dir='ltr'><strong>est</strong></span> <span class='ocrx_word' id='word_1_820' title='bbox 1408 2290 1543 2318; x_wconf 75' lang='lat' dir='ltr'><strong>Christum</strong></span> <span class='ocrx_word' id='word_1_821' title='bbox 1557 2289 1695 2315; x_wconf 76' lang='lat' dir='ltr'><strong>deducere.</strong></span> <span class='ocrx_word' id='word_1_822' title='bbox 1711 2289 1766 2315; x_wconf 79' lang='lat' dir='ltr'><strong>Aut</strong></span> <span class='ocrx_word' id='word_1_823' title='bbox 1782 2288 1836 2323; x_wconf 73' lang='lat' dir='ltr'><strong>quis</strong></span> 
     </span>
    </p>
   </div>
   <div class='ocr_carea' id='block_1_107' title="bbox 1052 2334 1836 2374">
    <p class='ocr_par' dir='ltr' id='par_1_107' title="bbox 1052 2334 1836 2374">
     <span class='ocr_line' id='line_1_107' title="bbox 1052 2334 1836 2374; baseline -0.011 -5"><span class='ocrx_word' id='word_1_824' title='bbox 1052 2341 1185 2369; x_wconf 80' lang='lat' dir='ltr'><strong>descendit</strong></span> <span class='ocrx_word' id='word_1_825' title='bbox 1205 2341 1231 2366; x_wconf 87' lang='lat' dir='ltr'><strong>in</strong></span> <span class='ocrx_word' id='word_1_826' title='bbox 1245 2339 1388 2374; x_wconf 79' lang='lat' dir='ltr'><strong>abyssum?</strong></span> <span class='ocrx_word' id='word_1_827' title='bbox 1406 2337 1461 2364; x_wconf 78' lang='lat' dir='ltr'><strong>Hoc</strong></span> <span class='ocrx_word' id='word_1_828' title='bbox 1474 2341 1511 2363; x_wconf 84' lang='lat' dir='ltr'><strong>est</strong></span> <span class='ocrx_word' id='word_1_829' title='bbox 1526 2335 1663 2363; x_wconf 70' lang='lat' dir='ltr'><strong>Christum</strong></span> <span class='ocrx_word' id='word_1_830' title='bbox 1682 2342 1715 2361; x_wconf 68' lang='lat' dir='ltr'><strong>ex</strong></span> <span class='ocrx_word' id='word_1_831' title='bbox 1729 2334 1836 2361; x_wconf 72' lang='lat' dir='ltr'><strong>mortuis</strong></span> 
     </span>
    </p>
   </div>
   <div class='ocr_carea' id='block_1_108' title="bbox 1054 2381 1836 2414">
    <p class='ocr_par' dir='ltr' id='par_1_108' title="bbox 1054 2381 1836 2414">
     <span class='ocr_line' id='line_1_108' title="bbox 1054 2381 1836 2414; baseline -0.012 0"><span class='ocrx_word' id='word_1_832' title='bbox 1054 2388 1176 2414; x_wconf 85' lang='lat' dir='ltr'><strong>reducere</strong></span> <span class='ocrx_word' id='word_1_833' title='bbox 1202 2385 1286 2411; x_wconf 65' lang='lat' dir='ltr'><strong>Juxta</strong></span> <span class='ocrx_word' id='word_1_834' title='bbox 1306 2389 1343 2411; x_wconf 85' lang='lat' dir='ltr'><strong>cst</strong></span> <span class='ocrx_word' id='word_1_835' title='bbox 1357 2383 1462 2410; x_wconf 84' lang='lat' dir='ltr'><strong>verbum</strong></span> <span class='ocrx_word' id='word_1_836' title='bbox 1484 2387 1562 2409; x_wconf 89' lang='lat' dir='ltr'><strong>tuum</strong></span> <span class='ocrx_word' id='word_1_837' title='bbox 1585 2381 1734 2407; x_wconf 81' lang='lat' dir='ltr'><strong>vehemens</strong></span> <span class='ocrx_word' id='word_1_838' title='bbox 1755 2381 1836 2406; x_wconf 79' lang='lat' dir='ltr'><strong>inore</strong></span> 
     </span>
    </p>
   </div>
   <div class='ocr_carea' id='block_1_109' title="bbox 1057 2425 1836 2464">
    <p class='ocr_par' dir='ltr' id='par_1_109' title="bbox 1057 2425 1836 2464">
     <span class='ocr_line' id='line_1_109' title="bbox 1057 2425 1836 2464; baseline -0.012 -5"><span class='ocrx_word' id='word_1_839' title='bbox 1057 2438 1114 2464; x_wconf 86' lang='lat' dir='ltr'><strong>tuo,</strong></span> <span class='ocrx_word' id='word_1_840' title='bbox 1130 2437 1154 2458; x_wconf 90' lang='lat' dir='ltr'><strong>et</strong></span> <span class='ocrx_word' id='word_1_841' title='bbox 1166 2432 1193 2458; x_wconf 87' lang='lat' dir='ltr'><strong>in</strong></span> <span class='ocrx_word' id='word_1_842' title='bbox 1207 2430 1284 2457; x_wconf 85' lang='lat' dir='ltr'><strong>corde</strong></span> <span class='ocrx_word' id='word_1_843' title='bbox 1296 2434 1339 2456; x_wconf 88' lang='lat' dir='ltr'><strong>tuo</strong></span> <span class='ocrx_word' id='word_1_844' title='bbox 1354 2429 1387 2455; x_wconf 71' lang='grc'><strong>⁸⁵.</strong></span> <span class='ocrx_word' id='word_1_845' title='bbox 1400 2427 1559 2461; x_wconf 64' lang='grc' dir='ltr'>Ρτωείῃιιιιι·</span> <span class='ocrx_word' id='word_1_846' title='bbox 1573 2433 1637 2460; x_wconf 72' lang='lat' dir='ltr'><strong>ergo</strong></span> <span class='ocrx_word' id='word_1_847' title='bbox 1653 2426 1734 2452; x_wconf 89' lang='lat' dir='ltr'><strong>nobis</strong></span> <span class='ocrx_word' id='word_1_848' title='bbox 1750 2425 1836 2452; x_wconf 89' lang='lat' dir='ltr'><strong>omni-</strong></span> 
     </span>
    </p>
   </div>
   <div class='ocr_carea' id='block_1_110' title="bbox 1055 2469 1838 2509">
    <p class='ocr_par' dir='ltr' id='par_1_110' title="bbox 1055 2469 1838 2509">
     <span class='ocr_line' id='line_1_110' title="bbox 1055 2469 1838 2509; baseline -0.01 -6"><span class='ocrx_word' id='word_1_849' title='bbox 1055 2476 1118 2508; x_wconf 87' lang='lat' dir='ltr'><strong>bus,</strong></span> <span class='ocrx_word' id='word_1_850' title='bbox 1136 2479 1166 2502; x_wconf 87' lang='lat' dir='ltr'><strong>ut</strong></span> <span class='ocrx_word' id='word_1_851' title='bbox 1186 2478 1309 2509; x_wconf 85' lang='lat' dir='ltr'><strong>petamus</strong></span> <span class='ocrx_word' id='word_1_852' title='bbox 1325 2473 1404 2500; x_wconf 84' lang='lat' dir='ltr'><strong>nobis</strong></span> <span class='ocrx_word' id='word_1_853' title='bbox 1419 2473 1469 2498; x_wconf 90' lang='lat' dir='ltr'><strong>hoc</strong></span> <span class='ocrx_word' id='word_1_854' title='bbox 1491 2471 1611 2505; x_wconf 83' lang='lat' dir='ltr'><strong>signum,</strong></span> <span class='ocrx_word' id='word_1_855' title='bbox 1627 2474 1657 2496; x_wconf 88' lang='lat' dir='ltr'><strong>ut</strong></span> <span class='ocrx_word' id='word_1_856' title='bbox 1681 2470 1763 2497; x_wconf 88' lang='lat' dir='ltr'><strong>nobis</strong></span> <span class='ocrx_word' id='word_1_857' title='bbox 1778 2469 1838 2496; x_wconf 81' lang='lat' dir='ltr'><strong>utile</strong></span> 
     </span>
    </p>
   </div>
   <div class='ocr_carea' id='block_1_111' title="bbox 1056 2514 1836 2555">
    <p class='ocr_par' dir='ltr' id='par_1_111' title="bbox 1056 2514 1836 2555">
     <span class='ocr_line' id='line_1_111' title="bbox 1056 2514 1836 2555; baseline -0.013 -7"><span class='ocrx_word' id='word_1_858' title='bbox 1056 2521 1103 2548; x_wconf 86' lang='lat' dir='ltr'><strong>ﬁat</strong></span> <span class='ocrx_word' id='word_1_859' title='bbox 1127 2521 1234 2555; x_wconf 76' lang='lat' dir='ltr'><strong>signum</strong></span> <span class='ocrx_word' id='word_1_860' title='bbox 1249 2518 1322 2554; x_wconf 89' lang='lat' dir='ltr'><strong>quod</strong></span> <span class='ocrx_word' id='word_1_861' title='bbox 1336 2518 1382 2544; x_wconf 88' lang='lat' dir='ltr'><strong>dat</strong></span> <span class='ocrx_word' id='word_1_862' title='bbox 1398 2515 1530 2544; x_wconf 88' lang='lat' dir='ltr'><strong>Dominus</strong></span> <span class='ocrx_word' id='word_1_863' title='bbox 1543 2514 1615 2543; x_wconf 86' lang='lat' dir='ltr'><strong>Deus</strong></span> <span class='ocrx_word' id='word_1_864' title='bbox 1629 2515 1656 2542; x_wconf 93' lang='lat' dir='ltr'><strong>in</strong></span> <span class='ocrx_word' id='word_1_865' title='bbox 1673 2514 1836 2549; x_wconf 89' lang='lat' dir='ltr'><strong>profundum</strong></span> 
     </span>
    </p>
   </div>
   <div class='ocr_carea' id='block_1_112' title="bbox 1057 2560 1838 2597">
    <p class='ocr_par' dir='ltr' id='par_1_112' title="bbox 1057 2560 1838 2597">
     <span class='ocr_line' id='line_1_112' title="bbox 1057 2560 1838 2597; baseline -0.012 -4"><span class='ocrx_word' id='word_1_866' title='bbox 1057 2571 1084 2594; x_wconf 88' lang='lat' dir='ltr'><strong>et</strong></span> <span class='ocrx_word' id='word_1_867' title='bbox 1100 2566 1126 2592; x_wconf 93' lang='lat' dir='ltr'><strong>in</strong></span> <span class='ocrx_word' id='word_1_868' title='bbox 1147 2565 1296 2592; x_wconf 80' lang='lat' dir='ltr'><strong>excelsum.</strong></span> <span class='ocrx_word' id='word_1_869' title='bbox 1311 2563 1339 2590; x_wconf 92' lang='lat' dir='ltr'><strong>Si</strong></span> <span class='ocrx_word' id='word_1_870' title='bbox 1357 2563 1418 2597; x_wconf 90' lang='lat' dir='ltr'><strong>quis</strong></span> <span class='ocrx_word' id='word_1_871' title='bbox 1434 2567 1524 2590; x_wconf 83' lang='lat' dir='ltr'><strong>autem</strong></span> <span class='ocrx_word' id='word_1_872' title='bbox 1542 2565 1584 2588; x_wconf 86' lang='lat' dir='ltr'><strong>est</strong></span> <span class='ocrx_word' id='word_1_873' title='bbox 1599 2561 1645 2596; x_wconf 90' lang='lat' dir='ltr'><strong>qui</strong></span> <span class='ocrx_word' id='word_1_874' title='bbox 1663 2560 1743 2592; x_wconf 85' lang='lat' dir='ltr'><strong>sciat,</strong></span> <span class='ocrx_word' id='word_1_875' title='bbox 1759 2565 1787 2587; x_wconf 87' lang='lat' dir='ltr'><strong>et</strong></span> <span class='ocrx_word' id='word_1_876' title='bbox 1800 2567 1838 2585; x_wconf 84' lang='lat' dir='ltr'><strong>ra-</strong></span> 
     </span>
    </p>
   </div>
   <div class='ocr_carea' id='block_1_113' title="bbox 1058 2604 1837 2643">
    <p class='ocr_par' dir='ltr' id='par_1_113' title="bbox 1058 2604 1837 2643">
     <span class='ocr_line' id='line_1_113' title="bbox 1058 2604 1837 2643; baseline -0.012 -5"><span class='ocrx_word' id='word_1_877' title='bbox 1058 2611 1181 2638; x_wconf 87' lang='lat' dir='ltr'><strong>tionabili</strong></span> <span class='ocrx_word' id='word_1_878' title='bbox 1215 2609 1441 2643; x_wconf 84' lang='lat' dir='ltr'><strong>contemplatione</strong></span> <span class='ocrx_word' id='word_1_879' title='bbox 1463 2611 1609 2642; x_wconf 71' lang='lat' dir='ltr'><strong>cognoscat</strong></span> <span class='ocrx_word' id='word_1_880' title='bbox 1630 2607 1682 2633; x_wconf 88' lang='lat' dir='ltr'><strong>hoc</strong></span> <span class='ocrx_word' id='word_1_881' title='bbox 1706 2605 1780 2639; x_wconf 87' lang='lat' dir='ltr'><strong>quod</strong></span> <span class='ocrx_word' id='word_1_882' title='bbox 1802 2604 1837 2630; x_wconf 91' lang='lat' dir='ltr'><strong>di-</strong></span> 
     </span>
    </p>
   </div>
   <div class='ocr_carea' id='block_1_114' title="bbox 1057 2651 1838 2690">
    <p class='ocr_par' dir='ltr' id='par_1_114' title="bbox 1057 2651 1838 2690">
     <span class='ocr_line' id='line_1_114' title="bbox 1057 2651 1838 2690; baseline -0.012 -5"><span class='ocrx_word' id='word_1_883' title='bbox 1057 2664 1131 2686; x_wconf 91' lang='lat' dir='ltr'><strong>ctum</strong></span> <span class='ocrx_word' id='word_1_884' title='bbox 1147 2662 1200 2689; x_wconf 84' lang='lat' dir='ltr'><strong>est,</strong></span> <span class='ocrx_word' id='word_1_885' title='bbox 1217 2657 1244 2683; x_wconf 86' lang='lat' dir='ltr'><strong>in</strong></span> <span class='ocrx_word' id='word_1_886' title='bbox 1263 2655 1422 2690; x_wconf 81' lang='lat' dir='ltr'><strong>profundum</strong></span> <span class='ocrx_word' id='word_1_887' title='bbox 1437 2661 1460 2681; x_wconf 84' lang='lat' dir='ltr'><strong>et</strong></span> <span class='ocrx_word' id='word_1_888' title='bbox 1475 2655 1502 2681; x_wconf 83' lang='lat' dir='ltr'><strong>in</strong></span> <span class='ocrx_word' id='word_1_889' title='bbox 1515 2654 1656 2684; x_wconf 67' lang='lat' dir='ltr'><strong>excelsum.</strong></span> <span class='ocrx_word' id='word_1_890' title='bbox 1671 2660 1726 2679; x_wconf 91' lang='lat' dir='ltr'><strong>non</strong></span> <span class='ocrx_word' id='word_1_891' title='bbox 1742 2651 1838 2685; x_wconf 64' lang='lat' dir='ltr'><strong>disjuw</strong></span> 
     </span>
    </p>
   </div>
   <div class='ocr_carea' id='block_1_115' title="bbox 1059 2699 1838 2736">
    <p class='ocr_par' dir='ltr' id='par_1_115' title="bbox 1059 2699 1838 2736">
     <span class='ocr_line' id='line_1_115' title="bbox 1059 2699 1838 2736; baseline -0.014 -4"><span class='ocrx_word' id='word_1_892' title='bbox 1059 2706 1128 2733; x_wconf 87' lang='lat' dir='ltr'><strong>ctive</strong></span> <span class='ocrx_word' id='word_1_893' title='bbox 1143 2711 1202 2730; x_wconf 86' lang='lat' dir='ltr'><strong>esse</strong></span> <span class='ocrx_word' id='word_1_894' title='bbox 1215 2703 1327 2734; x_wconf 87' lang='lat' dir='ltr'><strong>dictum,</strong></span> <span class='ocrx_word' id='word_1_895' title='bbox 1343 2701 1477 2736; x_wconf 79' lang='lat' dir='ltr'><strong>signiﬁcat</strong></span> <span class='ocrx_word' id='word_1_896' title='bbox 1488 2701 1560 2727; x_wconf 84' lang='lat' dir='ltr'><strong>enim</strong></span> <span class='ocrx_word' id='word_1_897' title='bbox 1580 2701 1632 2726; x_wconf 87' lang='lat' dir='ltr'><strong>hoc</strong></span> <span class='ocrx_word' id='word_1_898' title='bbox 1649 2699 1721 2733; x_wconf 85' lang='lat' dir='ltr'><strong>quod</strong></span> <span class='ocrx_word' id='word_1_899' title='bbox 1740 2703 1838 2724; x_wconf 86' lang='lat' dir='ltr'><strong>utrum—</strong></span> 
     </span>
    </p>
   </div>
   <div class='ocr_carea' id='block_1_116' title="bbox 1297 2750 1836 2787">
    <p class='ocr_par' dir='ltr' id='par_1_116' title="bbox 1297 2750 1836 2787">
     <span class='ocr_line' id='line_1_116' title="bbox 1297 2750 1836 2787; baseline -0.011 -4"><span class='ocrx_word' id='word_1_900' title='bbox 1297 2757 1318 2772; x_wconf 51' lang='lat'><strong>5‘</strong></span> <span class='ocrx_word' id='word_1_901' title='bbox 1334 2755 1427 2783; x_wconf 85' lang='lat' dir='ltr'><strong>Matth.</strong></span> <span class='ocrx_word' id='word_1_902' title='bbox 1448 2763 1524 2787; x_wconf 86' lang='lat' dir='ltr'><strong>xvm,</strong></span> <span class='ocrx_word' id='word_1_903' title='bbox 1543 2755 1584 2781; x_wconf 81' lang='lat' dir='ltr'><strong>l9.</strong></span> <span class='ocrx_word' id='word_1_904' title='bbox 1637 2755 1658 2769; x_wconf 69' lang='grc'><strong><em>³³</em></strong></span> <span class='ocrx_word' id='word_1_905' title='bbox 1676 2753 1757 2779; x_wconf 72' lang='lat' dir='ltr'><strong>lium.</strong></span> <span class='ocrx_word' id='word_1_906' title='bbox 1772 2759 1798 2781; x_wconf 78' lang='grc' dir='ltr'>ιι.</span> <span class='ocrx_word' id='word_1_907' title='bbox 1813 2750 1836 2782; x_wconf 76' lang='grc'><strong>6.</strong></span> 
     </span>
    </p>
   </div>
   <div class='ocr_carea' id='block_1_117' title="bbox 262 2833 1780 2882">
    <p class='ocr_par' dir='ltr' id='par_1_117' title="bbox 262 2833 1780 2882">
     <span class='ocr_line' id='line_1_117' title="bbox 262 2833 1780 2882; baseline -0.009 -8"><span class='ocrx_word' id='word_1_908' title='bbox 262 2846 318 2882; x_wconf 74' lang='grc' dir='ltr'>(δῦ)</span> <span class='ocrx_word' id='word_1_909' title='bbox 338 2846 397 2874; x_wconf 81' lang='lat' dir='ltr'><strong>Non</strong></span> <span class='ocrx_word' id='word_1_910' title='bbox 419 2853 456 2874; x_wconf 77' lang='lat' dir='ltr'><strong>est</strong></span> <span class='ocrx_word' id='word_1_911' title='bbox 472 2856 538 2874; x_wconf 84' lang='lat' dir='ltr'><strong>unus</strong></span> <span class='ocrx_word' id='word_1_912' title='bbox 554 2847 659 2874; x_wconf 86' lang='lat' dir='ltr'><strong>Domini</strong></span> <span class='ocrx_word' id='word_1_913' title='bbox 681 2846 728 2873; x_wconf 85' lang='lat' dir='ltr'><strong>mei</strong></span> <span class='ocrx_word' id='word_1_914' title='bbox 751 2844 813 2873; x_wconf 74' lang='lat' dir='ltr'><strong>Iesu</strong></span> <span class='ocrx_word' id='word_1_915' title='bbox 834 2843 934 2871; x_wconf 81' lang='lat' dir='ltr'><strong>Christi</strong></span> <span class='ocrx_word' id='word_1_916' title='bbox 958 2842 1094 2875; x_wconf 73' lang='lat' dir='ltr'><strong>adcentus,</strong></span> <span class='ocrx_word' id='word_1_917' title='bbox 1109 2844 1161 2868; x_wconf 82' lang='lat' dir='ltr'><strong>etc.</strong></span> <span class='ocrx_word' id='word_1_918' title='bbox 1175 2837 1481 2872; x_wconf 73' lang='lat' dir='ltr'><strong>Videlib.t10rigenian</strong></span> <span class='ocrx_word' id='word_1_919' title='bbox 1498 2857 1505 2870; x_wconf 87' lang='lat'><strong>,</strong></span> <span class='ocrx_word' id='word_1_920' title='bbox 1518 2833 1780 2870; x_wconf 54' lang='lat' dir='ltr'><strong>quast.5,num.%.</strong></span> 
     </span>
    </p>
   </div>
  </div>
