1879 3046
59 112 102 139 295
666 112 699 140 IN
719 111 819 139 lSAIAl

906 110 999 138 MILIA
1022 111 1052 139 ll.

1621 118 1674 146 226

59 178 103 204 que
119 169 211 204 possit.
229 168 293 196 Pete
308 171 357 198 tibi
375 172 477 206 tignum
498 180 514 199 a
537 172 649 199 Domino
674 173 701 198 in
720 171 826 206 profun-
850 174 871 201 Α
888 171 1001 204 stlonis;
1021 178 1067 198 aut
1083 175 1155 198 certe
1171 179 1279 198 rursum
1297 173 1381 206 gratia
1398 172 1444 200 Dei
1458 181 1505 209 per
1520 182 1601 210 quem
1613 178 1672 204 vult

59 216 111 240 dum
127 220 150 241 et
170 215 196 241 in
215 216 357 244 excelsam.
374 217 406 244 Et
423 219 449 244 in
463 218 644 252 promissione
657 223 746 244 autem
764 217 833 243 dixit

58 260 214 293 Apostolus:
240 262 272 288 l’t
299 270 494 296 cognoscamus
523 262 586 296 quid
613 262 646 288 sit
675 263 834 297 profundum

58 311 77 331 rt
99 307 240 337 excelsum.
268 313 291 334 et
312 308 464 343 longitudo,
488 313 512 335 et
536 308 648 335 latitudo
668 309 700 335 ⁸⁸.
719 309 751 335 Et
768 309 835 335 dixit

885 216 1020 243 illuminet
1035 225 1095 247 nos,
1110 221 1138 242 ιιι
1151 224 1203 243 non
1220 217 1290 243 ultra
1307 225 1459 251 quzcramus
1469 238 1476 250 ,
1494 220 1540 246 sed
1555 222 1672 254 qumstio

885 264 978 287 nostra
994 261 1124 288 solvatur.
1155 260 1183 286 Si
1199 266 1288 286 autem
1309 266 1409 287 temere
1421 261 1454 287 ad
1469 269 1522 288 non
1537 261 1670 290 intellecta

884 306 1100 340 prorumpimns,
1115 314 1165 333 nos
1178 306 1251 340 ipsos
1266 306 1451 333 causabimur.
1475 306 1540 340 Quae
1555 313 1671 343 estergo

57 351 131 377 Aelia;
142 360 150 377 :
160 352 218 378 Non
232 358 329 381 actium.
344 353 502 380 Incredulus
512 353 572 381 fuit.
583 354 653 380 Dixit
666 353 738 380 enim
751 363 757 381 :
770 354 836 381 Pete
883 351 982 378 domus
996 351 1099 378 David?
1119 351 1147 378 Si
1171 351 1253 378 David
1268 351 1394 378 Christus
1408 357 1460 384 est,
1474 357 1502 379 ut
1515 353 1670 388 frequenter

60 394 98 420 tibi
115 394 171 428 ipsi.
192 393 315 428 Populus
328 400 419 423 autem
443 403 529 430 usque
545 397 625 423 hodie
643 405 696 424 non
714 398 779 431 petit
794 399 832 425 si-

59 441 440 473 gnum,proptereauonbabet
460 442 548 474 illum,
563 446 589 469 et
599 443 699 477 praebet
715 442 832 471 Domino

60 489 181 510 certamen
199 485 317 519 populus
329 485 376 519 qui
396 494 450 512 non
466 486 561 521 recipit
576 486 720 514 Dominum
740 496 829 516 meum

59 529 138 556 lesum
150 529 301 556 Christum.
318 530 420 558 Deinde
436 531 487 558 alia
501 533 624 567 sequitur
635 534 758 567 quzestio.
776 535 831 562 lsto

59 574 119 599 enim
134 573 236 601 dicente
255 583 261 600 :
278 573 340 600 Non
357 580 454 609 petam,
466 584 547 610 Itaque
559 578 662 603 temabo
677 577 829 611 Dominum;

60 618 156 652 109et
163 618 315 646 azstimante
322 620 496 647 tentationem
503 628 563 647 esse
572 622 594 648 si
604 627 704 656 peteret
711 623 828 658 signum,

60 664 90 688 ait
103 672 109 688 :
123 663 215 689 Audite
230 672 310 695 nunc,
329 665 422 691 domus
438 664 533 692 David.
546 665 673 702 Nunquid
690 668 758 695 vobis
773 678 829 696 mo-

58 708 133 733 dicum
150 712 186 734 est
203 713 332 741 prrestare
345 715 474 736 certamen
490 711 648 745 hominibus,
663 718 688 739 et
700 715 829 748 quomodo

60 755 157 781 Domino
177 757 311 789 orientalis
337 759 490 784 certamen?
522 758 580 786 Non
604 765 714 794 prastat
737 765 826 788 autem

59 806 178 827 certamen
197 801 330 836 Domino,
355 810 443 838 neque
456 804 614 833 hominibus
629 813 689 833 cum
710 807 827 834 arbitror

883 396 1013 430 probavi,
1031 397 1129 423 domus
1145 395 1228 423 David
1250 404 1299 423 nos
1314 404 1410 423 sumus
1425 395 1545 424 Ecclesia
1563 397 1626 432 Dei;
1643 404 1670 426 ct

882 441 981 468 dicitur
995 441 1072 468 nobis
1087 441 1133 476 qui
1147 440 1266 468 Ecclesia
1282 449 1387 472 sumus.
1401 447 1429 468 ut
1441 450 1494 469 non
1510 447 1670 477 praestemus

881 491 1018 514 certamen
1038 487 1093 514 Deo
1109 495 1189 521 supra
1205 487 1323 519 dictum,
1340 487 1385 514 sed
1398 487 1480 515 dante
1493 487 1608 516 Domino
1626 489 1667 516 si-

881 540 963 566 gnum
986 532 1168 566 suscipiamus
1183 532 1259 558 illud.
1293 531 1387 564 Nobis,
1407 540 1460 559 non
1474 533 1566 560 domui
1583 533 1666 561 David

882 576 932 603 ista
947 577 1085 604 dicuntur.
1121 577 1154 604 Et
1168 577 1354 612 prophetatur,
1368 577 1430 612 quia
1447 578 1470 604 si
1486 579 1548 613 quis
1562 585 1603 606 est
1617 580 1661 606 do-

880 628 942 648 mus
957 620 1051 653 David,
1066 621 1175 648 vocabit
1193 629 1290 648 nomen
1304 622 1365 656 ejus
1381 621 1550 650 Emmanuel.
1574 623 1602 650 In
1617 625 1666 652 ad-

879 671 960 693 ventu
986 667 1057 694 enim
1072 667 1173 694 Clu-isti
1195 667 1252 694 sola
1268 667 1388 695 Ecclesia
1404 673 1497 695 nostra
1511 669 1545 695 de
1557 669 1666 697 Christo

879 711 945 738 dicit
959 720 966 735 :
985 711 1129 738 Nobiscum
1146 712 1226 740 Deus.
1261 712 1308 739 His
1322 720 1351 739 ιιι
1365 713 1438 740 dedit
1450 713 1535 748 gratia
1552 713 1598 741 Dei
1614 722 1663 741 ex-

879 756 1006 790 planatis,
1025 757 1077 783 alia
1093 757 1149 792 jam
1167 765 1320 791 qua-ramus
1334 756 1486 793 aenigmata.

913 802 940 829 ἓ.
962 802 1038 830 Vers.
1054 802 1097 830 15.
1128 802 1260 838 Bulyrum
1278 809 1301 830 et
1317 804 1368 831 mel
1381 804 1558 832 manducabit.
1589 806 1663 839 Quo-

58 848 171 878 prtestare
185 850 325 873 certamen
348 847 395 880 qui
417 847 484 881 petit
499 848 607 883 signum
621 849 647 876 iu
660 849 823 883 profundum
843 839 864 866 Β
880 849 960 875 modo
980 849 1106 876 Christus
1123 850 1299 884 prophetatur
1320 850 1445 885 butyrum
1467 855 1494 878 ct
1511 852 1561 878 mel
1586 861 1657 880 com.

58 895 96 916 aut
111 890 134 916 in
149 891 296 918 excelsum.
316 891 458 919 Certamen
473 893 573 928 quippe
587 894 633 921 Dei
647 899 699 928 est,
711 903 824 929 quomo-

58 935 85 961 do
103 936 181 963 salvet
203 936 355 964 hominem.
382 937 440 964 Non
456 943 565 972 przcstat
589 939 670 974 igitur
686 946 823 968 certamen

59 981 154 1008 Domino
165 982 209 1016 qui
222 982 346 1017 confligit
361 984 394 1010 ad
410 985 534 1012 salutem.
560 984 610 1018 Qui
631 993 693 1013 vero
710 986 825 1014 Domino

57 1029 158 1052 certante
174 1030 203 1052 ιιι
221 1025 309 1053 salvet
324 1026 472 1059 hominem,
497 1027 566 1062 fugit
581 1037 595 1056 a
612 1030 707 1063 salute,
723 1035 749 1057 et
760 1038 824 1065 pro—

58 1070 90 1096 rul
102 1071 193 1098 recedit
217 1079 232 1098 a
258 1071 392 1105 Domino,
418 1079 528 1108 praistat
544 1074 659 1102 Domino
675 1081 823 1105 certamen.

59 1116 108 1143 Ideo
127 1117 196 1144 dabit
219 1118 350 1145 Dominus
371 1120 424 1153 ipse
446 1120 517 1147 vobis
530 1121 643 1155 signum.
674 1121 741 1149 Ecce
752 1123 824 1158 virgo

57 1163 78 1187 iu
89 1167 152 1189 utero
165 1165 273 1195 accipiet
283 1184 291 1196 ,
311 1169 336 1191 et
351 1166 435 1199 pariet
448 1166 533 1200 ﬁliuni
544 1186 551 1198 ,
573 1172 597 1193 et
613 1168 716 1194 vocabis
732 1176 824 1195 nomen

57 1208 101 1240 ejus
128 1208 290 1236 Emmanuel.
333 1209 439 1238 Veritas
469 1212 664 1246 exemplarium
689 1213 824 1247 prophetat

57 1253 122 1286 hujus
137 1254 207 1286 dicit,
231 1256 348 1282 vocabis.
371 1255 398 1282 ln
416 1256 540 1284 Mattbteo
565 1265 646 1291 porro
671 1258 823 1286 scimnsle-

56 1299 128 1325 ctitari
142 1308 147 1325 :
164 1299 196 1326 Et
212 1301 351 1327 vocabitur
368 1302 423 1336 (87)
439 1310 530 1328 nomen
543 1303 600 1337 ejus
614 1302 770 1330 Emmanuel
788 1304 822 1333 "’.

55 1342 101 1370 Non
113 1352 251 1378 possumus
264 1346 355 1373 dicere
368 1366 375 1378 ,
391 1347 454 1380 quia
471 1351 594 1382 oporteat
614 1348 703 1375 minus
720 1349 823 1384 aliquid

56 1388 129 1416 facere
149 1390 181 1417 de
203 1391 347 1425 propheta.
387 1391 530 1425 Quomodo
558 1400 623 1420 vero
647 1393 822 1429 Evangelium

56 1434 111 1461 lianc
125 1435 200 1463 habet
219 1436 404 1471 scripturam?
431 1436 527 1464 Utrum
546 1438 580 1465 ab
595 1438 687 1472 aliquo
705 1447 758 1465 non
781 1440 822 1466 in-

55 1479 184 1514 telligente,
204 1487 230 1508 et
245 1482 278 1508 ad
298 1482 419 1509 faciliora
437 1488 580 1513 currente.
603 1485 739 1518 quomodo
752 1485 820 1512 etin

55 1525 103 1552 aliis
117 1527 202 1554 multis
215 1527 316 1555 factum
333 1532 391 1562 est;
408 1537 442 1556 an
459 1529 499 1556 sic
514 1536 529 1556 a
544 1529 687 1564 principio,
704 1535 731 1556 ut
746 1530 820 1557 dicat

55 1569 149 1598 forsitan
172 1572 269 1607 aliquis
292 1573 395 1600 editum
409 1581 470 1600 esse
491 1573 682 1609 Evangelium;
698 1575 745 1609 qui
762 1575 820 1602 vult

56 1615 173 1644 llt‘liDCI'el.
193 1618 328 1653 Propheta
347 1619 454 1653 quidem
471 1619 614 1648 manifeste
628 1620 717 1653 habet,
730 1627 755 1647 et
772 1629 818 1648 vo-

55 1663 112 1689 cabis
131 1672 218 1691 nomen
241 1665 298 1699 ejus
328 1665 493 1692 Emmanuel.
524 1665 590 1693 Novi
618 1667 762 1701 quemdam
790 1668 817 1695 in

55 1709 146 1736 exordio
167 1711 365 1745 scripturarum
388 1711 527 1746 Evangelii
550 1712 680 1747 legentem
696 1722 703 1740 :
720 1713 754 1740 Et
770 1722 816 1741 vo-

54 1753 110 1780 tubis
120 1763 204 1783 nomen
217 1757 274 1788 eius
291 1756 458 1789 Emmanuel,
475 1757 578 1785 dixisse
589 1758 659 1785 intra
674 1759 793 1793 scipsum
809 1769 815 1787 :

54 1798 110 1831 Quid
130 1807 186 1835 est,
209 1803 339 1830 vocabis?
358 1803 424 1836 Quis
439 1803 564 1831 vocabit?
581 1804 681 1831 Achaz.
703 1804 734 1831 Et
748 1813 817 1839 quo-

55 1846 120 1872 modo
144 1848 227 1881 potuit
252 1848 346 1875 Acbaz
361 1849 394 1876 de
407 1849 547 1876 Salvatore
561 1849 607 1884 qui
623 1854 684 1884 post
705 1858 816 1885 genera-

55 1890 124 1919 tiones
145 1894 239 1922 Inultas
259 1894 351 1927 venit,
376 1895 469 1922 audire
486 1904 492 1922 :
515 1895 625 1922 Vocabis
646 1903 738 1923 nomen
758 1897 816 1931 ejus

55 1936 205 1971 Emmanuel;
234 1945 316 1975 atque
344 1940 379 1967 ita
406 1949 455 1975 pro
476 1948 510 1968 eo
531 1941 603 1976 quod
624 1946 675 1974 est,
701 1943 814 1975 vocabis,

55 1983 190 2017 scripsisse,
206 1986 354 2012 vocabitur.
385 1986 437 2013 Sed
452 1986 512 2013 vide
525 1986 588 2021 quia
602 1994 655 2013 non
668 1987 758 2014 Acha:
773 1988 815 2015 di-

54 2027 128 2054 citur:
147 2028 178 2056 Et
195 2031 297 2058 vocabis
318 2039 410 2058 nomen
424 2031 481 2066 ejus
498 2030 655 2059 Emmanuel
667 2051 674 2064 ,
691 2033 738 2060 sed
762 2033 814 2060 do-

55 2073 99 2100 mui
119 2074 194 2103 David
213 2077 274 2105 vide
302 2077 447 2105 manifeste
466 2078 569 2106 dictum
588 2087 595 2105 :
615 2079 711 2106 Audite
732 2088 812 2113 nunc,

54 2118 128 2147 domu
142 2121 219 2149 Dauid
235 2131 244 2149 :
262 2123 390 2158 Nunquid
405 2124 537 2150 modicum
555 2124 627 2151 vobis
638 2129 676 2152 est
686 2131 813 2159 praestare

54 2169 161 2194 certamen
173 2168 338 2202 hominibus,
358 2175 383 2197 et
403 2173 532 2205 quomodo
548 2171 660 2197 Domino
678 2172 812 2206 prmtutis

910 2166 943 2193 de
964 2165 1042 2192 melle
1069 2164 1209 2191 comedere
1233 2171 1285 2189 non
1309 2165 1410 2197 possim

54 2214 180 2239 certamen?
206 2214 269 2241 Ideo
291 2215 367 2242 dabit
387 2215 515 2243 Dominus
531 2216 586 2251 ipse
606 2216 676 2243 vobis
696 2217 811 2251 signum.

57 2253 108 2282 Ecce
117 2258 180 2293 oirgo
193 2259 219 2286 in
233 2265 308 2287 utero
325 2261 462 2295 concipiet,
479 2265 503 2288 et
519 2262 603 2296 pariet
616 2261 713 2295 ﬁlium,
728 2267 752 2288 et
768 2269 812 2288 tto-

55 2301 111 2328 cabii
128 2311 211 2332 nomen
230 2307 286 2341 ejus
304 2305 472 2334 Emmanuel.
504 2307 555 2334 Sed
582 2307 693 2341 quando
720 2307 812 2341 itaque

55 2352 97 2372 non
109 2347 269 2384 intelligimus
287 2351 340 2378 hoc
355 2351 428 2385 quod
443 2351 545 2378 dictum
562 2355 613 2383 cst,
631 2350 698 2377 nihil
720 2358 752 2377 ex
778 2357 812 2377 eo

55 2390 127 2419 minus
141 2393 274 2428 faciamus,
297 2403 385 2430 neque
402 2396 434 2423 ad
450 2395 571 2422 faciliora
586 2402 739 2426 curramus,
761 2394 808 2422 sed

55 2440 213 2470 exspectemus
237 2440 325 2467 donec
350 2439 435 2474 gratia
454 2439 500 2466 Dei
515 2439 642 2473 subjiciat
665 2438 744 2466 nobis
761 2446 809 2473 per

56 2478 249 2512 illuminationem
277 2485 398 2512 scientia:
422 2485 639 2520 explanationem
657 2483 713 2519 (88)
730 2491 807 2519 quat-

81 2536 197 2571 “Ephes.
218 2548 258 2573 ιιι,
277 2541 322 2568 18.

56 2577 113 2604 uir,
124 2574 161 2601 15.

81 2617 127 2652 (87)
145 2618 173 2645 In
186 2619 310 2656 blattlta'o
324 2617 641 2656 porrorscimuslccnlitari
655 2624 664 2643 :
683 2615 718 2642 Et
729 2624 805 2656 voca-

56 2649 124 2688 bitur.
131 2658 176 2681 etc.
196 2655 288 2683 Matth.
302 2649 330 2688 ιζ
344 2655 390 2687 '25,
403 2654 500 2688 legitur
513 2653 540 2679 in
555 2652 657 2688 Graacis
667 2652 804 2686 exempla-

55 2685 114 2714 ribus
125 2689 161 2715 νει
172 2685 375 2722 καλέσουσιξνιξΙ
384 2685 523 2726 agisque,
538 2688 580 2726 vel
594 2686 731 2726 καλέςετε,
744 2685 806 2726 itus-

55 2726 119 2763 [l'um
128 2730 188 2763 vero
197 2720 370 2763 κληθήσειταιε
391 2723 459 2763 [line
469 2722 656 2763 suspicorhoc
669 2721 729 2763 Ιουρ
743 2720 806 2763 Hie-

56 2760 173 2796 f'mymum
183 2755 354 2796 interpretem
362 2759 487 2796 habuisse
494 2755 617 2784 vocabili:
626 2764 636 2796 :-
646 2755 805 2796 qupdposb

55 2794 77 2814 ea
90 2790 277 2822 ainanucusiuin
298 2794 442 2822 oscitantia
468 2797 601 2820 mutatum
624 2790 705 2819 fuerit
719 2791 745 2817 in
760 2798 806 2816 oo-

375 2541 397 2557 "
416 2540 510 2568 Matth.
531 2549 551 2574 I,
565 2540 611 2568 9.3.

658 2540 680 2556 ⁸³⁵
698 2539 777 2568 Joan.
793 2548 820 2572 v,
835 2540 880 2568 59.

879 895 1007 922 eslnrns?
1023 895 1050 921 Si
1064 895 1115 922 hoc
1129 895 1209 922 fuerit
1223 896 1373 930 expositum
1389 896 1503 924 Domino
1517 898 1662 929 tribuente.

878 947 974 967 rursus
984 948 1015 967 ca
1028 948 1088 974 qute
1101 946 1262 975 sequuntur.
1273 941 1352 968 aliam
1366 941 1444 968 nobis
1456 942 1578 977 ingerent
1592 952 1664 978 qua:-

877 987 1005 1013 stionem.
1036 984 1200 1021 Utinamque
1221 994 1316 1014 omnes
1334 986 1484 1014 faceremus
1500 988 1564 1014 illud
1588 989 1661 1023 quod

876 1030 1005 1064 scriptum
1032 1035 1073 1056 est
1092 1039 1098 1056 :
1117 1028 1281 1057 Scrulomini
1301 1030 1453 1064 Scripturas
1470 1030 1502 1056 “.
1531 1031 1611 1058 Plura
1628 1039 1661 1058 ex

875 1073 1063 1108 corporalibus
1085 1074 1153 1101 cibis
1177 1073 1314 1101 nominata
1331 1079 1394 1102 sunt
1408 1075 1434 1102 in
1449 1075 1595 1110 Scripturis
1613 1085 1662 1111 pro

875 1119 944 1146 escis
958 1119 1136 1154 spiritalibus.
1160 1119 1243 1152 Quasi
1259 1121 1335 1148 modo
1350 1121 1405 1147 nali
1422 1122 1527 1156 paruuli
1543 1124 1659 1149 rationa-

875 1164 924 1191 bile
940 1169 964 1191 ct
976 1165 1030 1191 sine
1046 1165 1106 1191 dolo
1120 1165 1162 1191 lac
1176 1165 1322 1192 desiderate
1338 1166 1371 1194 ⁸⁹.
1395 1166 1464 1201 Ergo
1480 1172 1520 1194 cst
1535 1168 1594 1194 sine
1609 1168 1660 1194 du-

875 1208 920 1235 bio
936 1209 977 1235 lae
992 1209 1167 1242 rationabile,
1184 1215 1210 1237 et
1227 1215 1331 1244 oportet
1355 1211 1432 1238 nobis
1448 1212 1600 1239 istiusmodi
1618 1213 1660 1240 lac

874 1261 1003 1288 qmercre.
1024 1254 1143 1282 Rursum
1163 1256 1189 1282 in
1202 1255 1355 1283 Proverbiis
1369 1257 1401 1284 de
1417 1257 1494 1284 melle
1508 1259 1636 1292 scriptum
1650 1268 1658 1287 :

875 1298 928 1325 Ilcl
947 1299 1077 1325 inveniens
1097 1300 1201 1327 comede
1224 1302 1292 1335 quod
1307 1302 1415 1336 suﬁicit,
1440 1311 1471 1329 nc
1485 1303 1553 1337 forte
1566 1304 1658 1338 plenus

873 1353 975 1371 evomos
991 1345 1024 1372 ⁸ο.
1054 1344 1123 1372 Νυιιι
1138 1346 1242 1373 curavit
1260 1347 1376 1380 Spiritus
1402 1351 1514 1376 sanctus
1530 1349 1563 1376 de
1579 1350 1659 1377 melle

873 1388 926 1416 isto
936 1389 1006 1424 quod
1021 1394 1115 1416 notum
1128 1396 1179 1420 est.
1191 1398 1224 1417 ne
1241 1391 1311 1417 forte
1322 1391 1381 1426 plus
1396 1393 1591 1420 comedamus'!
1605 1393 1657 1421 Sed

873 1435 993 1462 sentiens
1010 1435 1103 1470 utique
1117 1436 1235 1470 Spiritus
1253 1442 1363 1465 sanctus
1386 1438 1438 1465 mel
1456 1439 1578 1472 spiritale
1594 1440 1632 1467 ait
1648 1449 1654 1467 :

875 1479 928 1507 Mel
943 1481 1074 1508 inveniens
1089 1481 1193 1508 comede
1205 1481 1274 1515 quod
1285 1482 1389 1516 sufﬁcit.
1410 1483 1478 1516 Quid
1491 1489 1579 1511 autem
1594 1492 1657 1511 seu-

873 1527 942 1555 tiens
961 1527 1079 1562 Spiritus
1093 1531 1204 1554 sanctus
1220 1528 1345 1562 praecepit
1361 1529 1450 1559 nobis.
1468 1530 1531 1556 utsi
1551 1530 1656 1557 inveni-

872 1581 963 1602 remus
978 1574 1047 1607 mel,
1066 1573 1210 1600 iuvenihile
1224 1579 1265 1601 est
1279 1575 1300 1602 si
1316 1575 1425 1610 quidem
1442 1576 1493 1603 mel
1504 1598 1511 1609 ,
1529 1577 1656 1604 comeda-

870 1628 932 1648 mus
945 1620 1016 1655 quod
1034 1619 1152 1647 sufficit?
1168 1618 1249 1651 Vade,
1264 1620 1312 1652 ait,
1328 1621 1362 1647 ad
1377 1629 1462 1656 apem,
1473 1626 1497 1647 et
1509 1622 1579 1648 disce
1591 1630 1655 1656 qua-

869 1666 945 1692 modo
970 1668 1103 1701 operatrix
1120 1673 1170 1695 est.
1200 1667 1233 1694 Et
1245 1666 1420 1693 inveniuntur
1436 1666 1575 1701 propheta!
1590 1675 1654 1702 apes

868 1718 939 1740 esse.
961 1710 1079 1746 Fingunt
1097 1712 1230 1746 siquidem
1248 1719 1324 1738 ceras
1335 1731 1342 1742 ,
1359 1715 1386 1738 ct
1403 1711 1481 1738 mella
1495 1712 1652 1745 conficiunt,

867 1759 894 1782 et
912 1755 934 1782 si
951 1755 1072 1783 audienti
1091 1756 1157 1783 milzi
1173 1755 1280 1790 expedit
1292 1756 1393 1786 dicere,
1409 1755 1462 1782 favi
1479 1763 1573 1783 corum
1585 1757 1653 1784 scri-

867 1806 953 1835 pturae
974 1806 1039 1828 sunt
1062 1809 1132 1836 quas
1153 1802 1331 1836 reliquerunt.
1366 1801 1398 1828 Et
1425 1801 1516 1828 volens
1540 1802 1600 1828 veni
1619 1802 1651 1828 ad

868 1846 1043 1882 Scripturas,
1070 1853 1097 1875 et
1117 1847 1207 1874 inveni
1222 1848 1285 1874 mel.
1305 1847 1357 1874 Sed
1375 1847 1478 1873 comede
1496 1847 1555 1874 met.
1575 1846 1608 1873 Et
1625 1848 1650 1874 in

866 1892 1021 1920 Proverbiis
1036 1901 1132 1920 rursus
1143 1893 1242 1921 dicitur
1256 1902 1262 1920 :
1278 1893 1367 1919 Bonus
1382 1898 1419 1919 est
1435 1892 1503 1918 enim
1519 1892 1605 1926 famis,
1622 1898 1650 1918 ut

865 1939 1034 1966 indulceutur
1050 1939 1138 1972 fauces
1153 1943 1205 1965 tua:
1217 1939 1249 1964 “.
1276 1937 1394 1964 Putasne
1415 1937 1466 1963 hoc
1482 1937 1548 1963 dicit
1562 1937 1649 1971 Spiri-

865 1989 909 2010 tus
927 1987 1054 2015 sanctus,
1080 1983 1192 2010 comede
1209 1982 1261 2009 mel
1278 1982 1348 2017 quod
1367 1982 1393 2008 in
1407 1989 1457 2008 usu
1475 1986 1532 2014 cst,
1548 1982 1649 2009 bonum

864 2030 938 2058 enim
956 2029 1016 2056 est?
1035 2028 1091 2063 Ego
1103 2036 1156 2056 non
1169 2028 1255 2056 audeo
1270 2029 1360 2055 dicere
1373 2027 1436 2062 quia
1450 2026 1483 2053 de
1495 2027 1574 2054 melle
1587 2035 1650 2054 cor-

863 2083 948 2111 poreo
964 2075 1029 2102 mihi
1043 2074 1182 2109 praecipiat
1198 2073 1317 2108 Spiritus
1330 2077 1453 2106 sanctus,
1470 2073 1575 2099 comede
1588 2073 1647 2100 mel.

863 2121 932 2148 Ecce
944 2127 996 2147 non
1013 2119 1099 2146 habeo
1111 2139 1118 2151 ,
1134 2122 1180 2145 aut
1200 2123 1272 2145 cerze
1287 2123 1390 2144 natura:
1405 2117 1558 2152 huiusmodi
1574 2125 1646 2148 sum,

1434 2171 1440 2189 ς
1466 2170 1518 2197 qua
1545 2163 1648 2189 ratione

863 2210 929 2238 mihi
951 2210 1032 2242 dicit,
1049 2210 1160 2237 comede
1176 2208 1228 2236 mel
1239 2228 1246 2241 ,
1260 2212 1286 2234 et
1300 2208 1353 2234 noli
1379 2208 1521 2235 comedere
1538 2216 1646 2241 carnes,

863 2255 909 2283 sed
926 2255 1049 2288 comede,
1076 2254 1124 2286 fili,
1146 2253 1209 2285 mel,
1230 2253 1331 2280 bonum
1345 2259 1386 2280 est
1398 2253 1480 2280 enim.
1509 2252 1537 2280 Si
1554 2254 1646 2281 videas

862 2310 926 2337 apes
949 2301 1111 2337 prophetas,
1137 2303 1165 2327 et
1186 2307 1255 2334 opus
1275 2307 1369 2326 eorum
1393 2299 1473 2327 mella
1498 2300 1539 2327 vel
1557 2300 1644 2333 favos,

861 2353 927 2375 tunc
942 2346 1046 2374 videbis
1063 2345 1201 2380 quomodo
1216 2352 1264 2379 pro
1279 2345 1410 2379 dignitate
1425 2345 1511 2372 sancti
1527 2345 1645 2380 Spiritus

862 2392 1007 2427 intelligas,
1023 2391 1127 2418 comede
1140 2390 1201 2422 ntel,
1214 2390 1265 2424 ﬁli,
1279 2390 1375 2416 bonum
1385 2394 1424 2416 est
1437 2390 1516 2418 enim.
1540 2389 1568 2418 Si
1584 2391 1645 2426 quis

861 2437 1007 2465 meditatur
1028 2436 1136 2471 eloquia
1158 2435 1266 2468 divina,
1289 2439 1317 2462 et
1337 2436 1457 2462 nutritur
1471 2436 1644 2463 sermonibus

861 2483 1076 2518 Scripturarum,
1092 2481 1209 2516 complet
1222 2481 1378 2508 mandatum
1394 2481 1515 2508 divinum
1532 2481 1642 2516 iubens,

932 2539 954 2556 δ’
974 2539 1072 2567 lPetr.
1091 2547 1121 2571 ιι,
1140 2538 1168 2565 2.
1218 2539 1241 2555 "
1254 2538 1335 2566 Prov.
1350 2537 1469 2572 uv,16.
1520 2538 1543 2554 ³⁸
1562 2537 1641 2566 Prov-

859 2618 973 2646 cabitur.
995 2618 1039 2646 Uti
1052 2618 1166 2651 Vulgata
1177 2618 1271 2646 Latina
1287 2618 1368 2645 habet
1377 2617 1453 2646 Isaiae
1466 2626 1514 2651 vn,
1527 2618 1570 2645 14.
1582 2617 1642 2645 Cae-

859 2658 947 2693 terum
968 2653 1045 2693 juxta
1062 2654 1160 2693 liung
1181 2653 1319 2693 Hebraicaa
1332 2653 1511 2693 idiotismnm,
1523 2654 1580 2680 sive
1591 2661 1640 2693 κατ

858 2687 984 2723 λέσουσι,
1010 2689 1067 2716 sive
1088 2687 1214 2720 κᾶλέσεις
1224 2707 1231 2720 ,
1254 2688 1374 2723 legatur,
1392 2688 1504 2723 perinde
1517 2692 1559 2716 est
1571 2695 1604 2715 ac
1617 2687 1640 2714 si

859 2722 990 2758 legeretur
1002 2723 1176 2758 κληθήσεται.

894 2757 950 2794 (88)
970 2757 1052 2792 Mss,
1064 2757 1300 2793 explanationem”
1314 2757 1391 2791 edit.,
1407 2758 1634 2786 illuminationcm.
