1879 3046
220 111 270 138 3'27
536 130 542 141 ι

219 172 322 198 cotuedc
336 171 398 204 mel,
412 172 470 205 ﬁli;
485 176 512 198 et
528 170 630 198 faciens
639 171 708 205 quod
719 171 825 205 jussum
839 174 890 201 est,
904 169 1005 203 potitur

220 225 345 244 sermone
356 217 402 251 qui
419 217 553 251 sequitur,
568 217 661 242 (mnum
676 221 713 242 est
729 216 806 242 enim.
822 215 890 247 Quia
903 215 1004 241 bonum

220 267 263 289 est
285 262 336 288 hoc
354 262 424 293 mel,
443 262 514 295 quod
533 261 559 287 in
584 261 730 295 Seriptutis
753 260 895 286 invenitur.
926 259 1003 291 Quod

221 313 310 334 autent
324 307 423 334 dieitur
440 317 446 334 :
471 306 540 333 Vudu
556 307 590 333 (ιιι
606 315 689 341 opem,
710 306 862 333 istiusmodi
877 310 927 332 est.
957 305 1005 332 list

221 353 363 387 qumdam,
387 359 415 380 ut
431 354 466 379 ita
485 352 590 383 dicam,
609 352 667 386 apis
690 359 770 386 super
789 359 852 385 apes
870 359 876 377 :
891 356 918 377 et
934 357 1003 384 quo-

223 399 304 425 modo
322 399 392 426 inter
410 407 474 433 apes
486 407 531 425 rex
544 399 652 432 quidant
664 402 702 424 est
717 397 762 431 qui
777 397 932 423 nominatur
944 403 1004 423 esse

223 452 278 476 rex,
290 444 328 470 sic
336 444 460 478 princeps
472 443 634 477 apumllc
645 442 775 468 Dominus
786 447 825 469 est
834 440 1003 469 JesusChr't-

221 495 289 520 stus.
307 489 340 515 ad
355 497 433 523 quem
447 488 527 515 tttittit
542 496 584 515 tne
601 487 717 522 Spiritus
735 492 846 514 sanctus
864 491 892 514 ut
913 495 1002 514 come-

220 536 281 562 dam
299 536 366 566 mel,
381 535 480 561 bonum
495 539 535 561 est
548 535 620 561 enim
635 555 643 567 ,
661 539 687 561 et
704 533 781 560 favus
794 533 852 568 ejus
871 538 898 559 tll
914 533 1003 560 indul-

219 587 314 608 rentur
329 581 420 607 fauces
439 588 512 606 meas.
537 578 568 606 lit
584 579 652 606 forte
669 578 825 606 subtiliores
841 579 934 605 littera:
948 578 1002 605 favi

218 631 313 658 erunt,
332 626 383 652 tttel
401 633 464 652 vero
478 630 520 652 est
540 625 585 659 qui
602 625 628 651 in
644 624 686 651 his
701 629 742 651 est
758 624 920 651 intellectus.
951 623 1003 651 lste

215 679 297 706 porro
310 671 355 705 qui
371 676 413 697 est
429 675 508 697 natus
521 678 554 696 ex
571 670 674 703 virgine
685 669 855 702 Emmanuel,
875 669 1001 704 butyrum

215 722 240 742 et
256 716 308 742 mel
326 715 483 748 manducat,
501 720 528 742 ct
549 715 646 749 quaerit
659 714 693 741 ab
704 722 866 749 unoquoque
878 720 1000 741 nostrum

215 760 343 795 butyrum
363 760 539 787 manducare.
561 759 702 793 Quomodo
717 768 732 786 a
747 760 860 794 singulis
879 765 1001 786 nostruttt

214 807 342 841 butyrum
359 806 455 840 qumrit
468 811 494 832 et
506 806 568 839 mel,
589 813 678 832 sermo
692 805 823 832 edocebit.
851 805 937 839 Opera
952 813 1001 832 no-

214 857 271 878 stra
293 851 402 883 dulcia,
421 859 561 878 sermones
584 851 669 878 nostri
692 851 846 878 suavissimi
863 856 888 878 et
909 851 996 883 utiles,

215 898 295 924 mella
307 902 370 924 sunt
383 905 443 931 qua:
456 897 599 924 manducat
614 896 792 930 Emmanuel,
811 905 870 931 qua:
884 898 998 924 mandu-

215 948 258 969 eat
275 942 324 969 iste
340 943 386 977 qui
405 947 485 969 natus
499 943 583 969 estde
597 941 712 977 virgine.
734 941 763 968 Si
783 950 846 969 vero
859 950 998 970 sermones

216 988 301 1014 uestri
319 987 499 1014 amaritudine
514 987 585 1021 pleni
598 992 672 1020 suttt,
688 987 738 1020 ira,
751 988 931 1019 animositate,
943 996 998 1015 mo<

216 1034 304 1065 lestia,
331 1033 505 1068 lurpiloquio,
528 1033 612 1065 vitiis,
638 1033 819 1066 contentione,
839 1033 912 1060 dedit
925 1034 950 1060 itt
967 1042 997 1061 os

215 1090 304 1108 meutn
328 1081 372 1114 fel,
390 1088 416 1108 et
431 1090 484 1108 non
503 1082 618 1108 comedit
637 1084 669 1108 ab
685 1081 726 1108 liis
747 1082 919 1108 sermonibus
936 1081 997 1107 Sal-

213 1132 302 1153 vatur.
324 1127 452 1154 Comedet
467 1131 557 1153 autem
574 1126 698 1154 Salvator
715 1127 748 1153 de
764 1126 934 1153 sermonibus
950 1126 997 1160 qui

212 1178 277 1198 sunt
302 1172 371 1206 apud
398 1172 539 1204 lietuines,
566 1172 588 1199 si
615 1171 713 1198 fuerint
734 1179 875 1199 sermones
900 1179 995 1198 eortttn

212 1218 274 1244 tttel.
306 1217 493 1252 Approbemus
515 1217 566 1244 hoc
586 1217 619 1244 de
643 1217 790 1251 Seripturis
806 1225 813 1244 :
832 1215 898 1243 Ecce
911 1222 951 1242 sto
963 1216 996 1242 ad

211 1265 316 1293 ostium,
330 1268 353 1289 et
368 1264 453 1297 pulso.
476 1262 505 1289 Si
520 1263 578 1298 quis
597 1263 728 1296 aperuerit
743 1262 806 1288 milii
821 1262 936 1293 ostium,
954 1262 995 1288 iu-

210 1311 318 1343 grrttiur
332 1309 365 1333 ad
377 1315 446 1337 cum,
461 1313 484 1333 ct
500 1307 605 1333 cantabo
621 1315 677 1332 cum
692 1305 738 1332 illo
753 1313 776 1332 ct
789 1306 833 1333 illc
851 1315 950 1333 merum
962 1307 994 1333 Η.

212 1353 366 1388 Igitur-ipse
384 1353 524 1386 pollicetur
542 1360 570 1378 se
584 1359 613 1378 ex
639 1352 740 1379 nostris
757 1356 927 1378 coenaturum
945 1360 996 1379 no-

213 1400 317 1425 biseum
333 1407 402 1426 use.
434 1398 544 1424 Certum
567 1404 608 1424 est
629 1402 718 1424 autent
736 1398 800 1432 quia
822 1403 848 1424 et
867 1406 915 1425 ttos
934 1405 995 1424 cutn

214 1446 258 1472 illo
273 1453 421 1477 rtenatnus,
434 1444 456 1471 si
472 1451 611 1471 emnemus
625 1443 710 1470 illum.
731 1442 882 1470 Comedens
897 1443 996 1478 quippe

211 1492 244 1517 de
267 1491 366 1517 n0stris
391 1489 470 1516 bonis
495 1489 675 1520 sermonibus,
696 1488 822 1522 operibus
841 1493 867 1515 ct
890 1489 994 1515 intelle-

209 1542 265 1567 ctu,
285 1535 403 1569 rrpaseit
421 1543 471 1561 nos
485 1535 542 1561 suis
560 1535 630 1561 escis
645 1534 824 1568 spiritalibus,
844 1539 870 1561 et
883 1534 992 1567 divinis,

208 1589 233 1610 et
250 1582 416 1608 melioribus.
438 1581 587 1614 Propterea
601 1580 664 1614 qttia
679 1580 786 1607 beatum
801 1583 841 1607 est
856 1581 994 1614 suscipere

209 1627 392 1658 Salvatorem,
411 1625 511 1660 apertis
525 1625 604 1651 ostiis
618 1624 772 1659 principalis
790 1625 880 1652 cordis
898 1626 992 1658 nostri,

208 1680 392 1707 pra-paremus
405 1671 428 1697 ei
445 1671 522 1697 mella
534 1692 540 1702 ,
560 1677 586 1697 et
609 1678 716 1697 omnem
741 1678 847 1698 coenant
864 1671 939 1705 ejus:
965 1677 992 1699 ut

209 1719 266 1751 ipse
282 1724 330 1742 nos
347 1716 428 1742 ducat
442 1715 474 1742 ad
493 1723 618 1750 magnam
643 1723 747 1742 cmuam
764 1714 852 1742 Patris
869 1715 894 1742 itt
910 1724 992 1750 regno

208 1761 351 1791 (ιι-Ιυιίιιιι,
370 1768 431 1794 (ιιιίυ
445 1765 487 1786 est
504 1759 529 1786 in
546 1759 574 1786 C'
590 1760 655 1786 risto
669 1759 744 1791 Jesu,
757 1759 799 1786 cui
811 1764 851 1787 est
866 1760 951 1795 gloria
967 1765 993 1788 el.

208 1807 350 1840 itttperiuut
366 1807 392 1833 in
409 1806 506 1833 sarcula
524 1806 697 1832 smtulorttm.
719 1805 815 1832 Amen.

497 1851 638 1878 llOlllLlA
658 1850 702 1878 ιιι.

364 1898 400 1924 De
414 1903 508 1931 srptcnt
525 1897 678 1923 mulieribus
700 1897 770 1932 (rap.
787 1898 833 1932 tv).

241 1945 265 1970 l.
296 1944 402 1978 Septem
427 1944 555 1970 mulieres
578 1943 717 1978 patittutur
743 1944 938 1977 opprobrium,
964 1947 991 1970 et

203 1990 377 2016 eiu-unreuut
397 1994 551 2024 qtuerentes
577 1997 638 2015 eum
669 1989 803 2023 recipere,
832 1990 877 2023 qui
904 1989 991 2024 possit

201 2035 311 2061 auferre
327 2035 501 2069 opprobrium
526 2042 629 2060 earum.
661 2031 728 2067 Ipsm
746 2039 847 2068 Septem
864 2035 990 2060 mulieres

206 2080 399 2114 t'eptomitlutt
415 2085 443 2105 ut.
457 2087 535 2105 suum
550 2087 647 2113 panem
668 2079 842 2112 manducent,
868 2085 894 2106 et
909 2079 991 2105 vesti-

204 2125 302 2150 mentis
315 2125 374 2151 suis
388 2124 553 2157 operiuntur.
580 2123 638 2149 Non
656 2131 764 2150 necesse
779 2124 878 2151 habent
893 2132 988 2158 panem

944 108 1104 136 OlllGENlS

1781 118 1826 146 218

1018 171 1040 198 Α
1057 170 1100 195 tia:
1123 173 1150 195 et
1177 170 1300 204 pietatis,
1327 172 1439 204 spiritus
1457 173 1562 199 timoris
1579 173 1696 200 Domini.
1726 174 1776 203 Ista
1790 185 1828 203 sa-

1056 213 1154 247 pientia
1185 214 1284 246 patitur
1306 215 1482 249 opprobrium
1499 225 1513 242 a
1531 218 1624 244 multis
1639 219 1775 253 sapicutiis
1790 222 1828 247 itt-

1055 258 1229 292 surgentibus
1255 259 1282 285 in
1305 267 1344 287 so.
1380 259 1432 287 iste
1449 268 1529 288 verus
1555 262 1707 291 intellectus
1724 266 1829 294 sustinet

1055 301 1230 335 opprobrium
1253 303 1288 329 ab
1304 303 1485 332 intellectibus
1501 305 1588 333 falsis.
1621 308 1696 334 Istud
1711 316 1827 344 maguum

1055 347 1197 374 consilium
1210 349 1393 382 opprohratur
1406 358 1421 377 a
1436 351 1529 378 multis
1539 353 1662 380 consiliis
1677 361 1732 381 non
1746 355 1828 382 bonis.

1054 391 1107 419 Ista
1120 394 1206 421 virtus
1220 395 1390 423 malcdieitur
1405 405 1420 423 a
1432 398 1561 432 quadam,
1577 406 1639 433 quae
1658 407 1722 426 cum
1736 407 1786 428 non
1799 401 1829 428 sit

1053 439 1151 471 virtus,
1171 441 1333 474 repromitlit
1357 449 1385 469 se
1410 450 1471 470 esse
1487 444 1625 472 virtutem.
1658 445 1713 472 Ista
1725 446 1828 474 scientia

1054 485 1156 519 patitur
1171 487 1345 521 opprobrium
1361 495 1375 514 a
1391 489 1507 523 quadam
1530 489 1591 517 falsi
1616 491 1736 519 nominis
1749 492 1831 519 scien-

1052 531 1090 557 tia
1105 538 1202 557 nomen
1218 539 1296 558 suum
1318 533 1494 567 subripientc.
1518 535 1571 561 Ista
1590 535 1677 569 pietas
1689 537 1830 571 exprobra-

1054 579 1096 601 tur
1124 576 1158 601 ab
1168 584 1210 608 ea,
1227 585 1287 609 aute
1300 586 1360 604 eum
1378 588 1406 604 se
1422 579 1495 606 dicat
1509 588 1569 607 csse
1584 581 1723 615 pietatem,
1742 583 1829 617 impie-

1053 626 1094 648 tas
1110 626 1159 654 est,
1174 626 1200 648 et
1214 622 1312 657 impios
1326 623 1443 650 instruit.
1466 624 1518 651 Iste
1531 626 1614 653 timor
1626 627 1728 661 patitur
1738 635 1830 662 oppro-

1052 668 1140 694 brium
1166 668 1200 694 ab
1222 675 1254 694 eo
1273 669 1318 703 qui
1335 673 1445 703 putatur
1459 677 1519 697 esse
1543 671 1635 698 titnor.
1672 672 1747 699 Multi
1763 674 1827 700 enim

1052 713 1214 747 pollicentur
1231 713 1352 740 divinum
1370 719 1484 746 metum,
1510 716 1556 742 sed
1577 724 1632 743 non
1647 725 1710 744 cum
1725 718 1829 744 scientia

1053 763 1185 786 ttteluunl.
1213 759 1357 792 Quomodo
1370 767 1435 795 ergo
1450 760 1507 787 istm
1519 767 1620 796 septem
1638 763 1779 797 patiuntur
1791 771 1832 797 op-

1052 805 1193 838 probrium
1226 805 1440 833 consideremus.
1471 805 1538 832 Vide
1560 807 1723 841 sapientiam
1745 809 1830 835 saeculi

1016 839 1036 865 Β
1052 849 1153 884 hujus,
1178 850 1240 876 vide
1262 850 1423 884 sapientiam
1445 852 1598 887 principum
1621 853 1716 880 mundi
1744 854 1830 888 hujus,

1049 894 1186 928 quomodo
1196 903 1226 921 ex
1232 896 1361 930 probrant
1371 895 1531 930 sapientiam
1542 897 1646 925 Christi
1661 899 1724 930 mei,
1735 904 1761 926 et
1770 907 1830 933 quo-

1049 941 1130 967 modo
1145 942 1311 976 exprobrant
1334 944 1494 977 sapientiam
1509 943 1644 971 Jutfaismi
1661 945 1716 971 veri
1727 964 1735 976 ,
1760 945 1830 979 juxta

1049 993 1129 1019 quem
1145 993 1194 1013 nos
1210 987 1432 1014 cireumcidimur
1450 989 1620 1022 spiritaliter,
1636 989 1682 1016 isti
1695 997 1758 1016 vero
1773 998 1832 1024 pne-

1049 1031 1186 1058 ciduntur.
1208 1031 1328 1067 Intelligo
1344 1033 1435 1067 itaque
1448 1035 1584 1068 quomodo
1599 1035 1732 1069 sapientia
1746 1036 1830 1062 saeculi

1049 1076 1131 1110 hujus
1156 1082 1181 1103 et
1198 1078 1349 1112 principum
1374 1079 1465 1105 mutuli
1493 1080 1590 1112 istius,
1611 1080 1777 1108 maledicunt
1790 1089 1829 1107 sa—

1049 1121 1170 1156 pientite;
1185 1127 1211 1148 et
1224 1123 1258 1149 ob
1273 1123 1323 1150 ltoc
1336 1125 1464 1158 quatritur
1479 1125 1561 1152 homo
1575 1126 1620 1160 qui
1638 1134 1702 1153 cum
1721 1127 1779 1154 istis
1793 1135 1831 1153 se-

1049 1171 1121 1201 ptem
1147 1167 1317 1202 spiritalibus
1338 1169 1412 1196 velut
1434 1170 1592 1198 mulieribus
1615 1171 1668 1203 sit,
1689 1171 1830 1199 utauferat

1048 1219 1141 1238 earum
1156 1214 1343 1248 opprobrium.
1363 1215 1474 1250 Proprie
1490 1225 1561 1244 unus
1574 1221 1617 1244 est
1632 1219 1685 1245 lion
1699 1226 1715 1245 ο
1730 1219 1776 1253 qui
1787 1227 1828 1244 au-

1049 1257 1117 1284 ferat
1135 1266 1228 1285 carum
1242 1261 1429 1293 opprobrium.
1457 1262 1524 1294 Quis
1537 1267 1578 1289 est
1595 1264 1646 1290 iste
1666 1264 1768 1292 homo?
1789 1263 1828 1290 .lr-

1049 1311 1095 1330 sus
1109 1303 1155 1337 qui
1177 1304 1260 1330 exivit
1275 1305 1352 1339 juxta
1369 1314 1478 1333 carnem
1496 1307 1528 1334 de
1549 1308 1640 1335 radice
1655 1308 1733 1335 Jesse
1750 1309 1827 1342 [actas

1047 1355 1079 1374 ex
1093 1349 1190 1375 semine
1208 1349 1291 1376 Dat-id
1315 1351 1457 1377 secundum
1481 1360 1604 1383 carnem,
1629 1354 1827 1387 prcedestt'nalus

1049 1393 1136 1421 Filius
1150 1394 1198 1421 οινὶ
1215 1396 1242 1421 iu
1254 1396 1347 1422 virtute
1356 1396 1436 1430 jnrm
1450 1398 1573 1431 spiritum
1583 1398 1788 1433 jttsliﬁcatt'ouis
1797 1400 1825 1424 ”.

1048 1440 1120 1466 Exiit
1133 1440 1232 1475 quippe
1248 1441 1322 1475 virga
1337 1442 1392 1476 (89)
1406 1442 1438 1469 de
1456 1443 1545 1470 radice
1559 1439 1646 1470 Jesse.
1682 1443 1764 1479 Virga
1779 1453 1827 1471 non

1047 1492 1087 1512 est
1102 1486 1298 1520 primogenitus
1312 1487 1401 1514 otnnis
1418 1493 1558 1519 creaturae,
1570 1489 1647 1524 virga
1661 1497 1715 1516 non
1730 1495 1772 1517 est
1785 1491 1826 1525 qui

1047 1530 1074 1557 in
1097 1530 1229 1565 principio
1254 1537 1310 1558 erat
1336 1533 1406 1566 apud
1430 1532 1512 1560 Deum
1537 1533 1608 1561 Deus
1626 1533 1764 1566 Ve:bum,
1784 1536 1826 1562 sed

1044 1576 1120 1610 virga
1138 1576 1170 1603 de
1186 1577 1275 1604 radice
1291 1576 1378 1611 Jesse,
1405 1579 1451 1612 qui
1462 1579 1540 1613 juxta
1557 1586 1667 1606 carnem
1686 1585 1767 1608 natus
1779 1586 1825 1607 est.

1045 1621 1116 1648 Exiit
1132 1630 1196 1657 ergo
1213 1623 1287 1657 virga
1311 1624 1343 1650 de
1363 1625 1453 1651 radice
1477 1623 1564 1658 Iesse,
1590 1631 1616 1652 et
1629 1625 1680 1652 llos
1695 1627 1728 1653 de
1742 1627 1827 1653 radim

1045 1666 1104 1701 ejus
1127 1668 1250 1694 ascendit
1271 1668 1302 1694 ⁵⁸.
1334 1668 1402 1700 Quis
1424 1674 1466 1696 est
1489 1670 1539 1696 llos
1553 1673 1580 1696 et
1602 1678 1664 1704 quat
1679 1676 1721 1697 est
1737 1672 1828 1697 radix?

1044 1713 1132 1738 Ambo
1148 1713 1218 1738 enim
1236 1712 1262 1739 in
1278 1721 1361 1739 unum
1379 1714 1494 1748 idipsum
1512 1715 1663 1748 subjacent.
1698 1715 1826 1743 Dim-reu—

1044 1758 1080 1784 tia
1095 1763 1185 1784 autem
1202 1764 1243 1784 est
1258 1759 1438 1793 negotiorum.
1459 1759 1524 1786 Nam
1542 1761 1564 1787 si
1578 1766 1706 1795 peccator
1723 1770 1764 1795 es,
1778 1770 1825 1787 non

1043 1807 1084 1830 est
1100 1803 1148 1830 tibi
1165 1803 1213 1830 ﬂos
1224 1824 1230 1835 ,
1249 1811 1336 1838 neque
1348 1805 1451 1832 videbis
1469 1805 1561 1832 florem
1576 1806 1622 1840 qui
1635 1811 1677 1833 est
1688 1814 1722 1833 ex
1743 1807 1827 1834 latilc:

1042 1848 1129 1876 Jesse.
1163 1849 1255 1876 Veniet
1269 1850 1339 1876 enim
1353 1854 1378 1876 et
1392 1851 1423 1877 ad
1441 1855 1466 1877 te
1480 1851 1554 1886 virga
1564 1871 1572 1883 ,
1594 1853 1735 1886 quomodo
1748 1853 1826 1879 (Πλά-

1043 1894 1122 1928 putus
1136 1894 1190 1929 (90)
1205 1895 1287 1929 virga:
1299 1899 1325 1921 et
1338 1894 1410 1922 floris
1424 1895 1552 1930 loquitur.
1576 1897 1612 1923 De
1628 1897 1704 1932 virga
1720 1898 1825 1932 quidem

1042 1939 1107 1966 dicit
1121 1949 1127 1966 :
1148 1939 1218 1971 Quid
1235 1940 1323 1971 vultis,
1338 1940 1364 1965 iit
1379 1941 1451 1974 rirya
1466 1941 1565 1967 veniunt
1578 1942 1612 1968 ad
1625 1950 1668 1968 ros
1678 1942 1691 1969 ?
1709 1942 1749 1969 De
1765 1943 1826 1969 ﬂare

1043 1994 1106 2012 vero
1128 1996 1134 2013 :
1153 1987 1193 2012 An
1219 1988 1244 2012 in
1258 1986 1389 2012 clmrt'tttte
1413 1986 1458 2012 Dei
1481 1993 1505 2013 ct
1525 1988 1619 2022 spirilu
1645 1989 1827 2016 mansuetudi~

1043 2031 1082 2057 m’s
1098 2032 1141 2057 55?
1156 2031 1227 2058 Ελῑὶῑ
1241 2039 1305 2066 ergo
1321 2033 1353 2059 de
1371 2031 1460 2058 radice
1476 2031 1550 2061 Iesse
1564 2034 1638 2068 virga
1651 2034 1796 2068 sapienti:
1804 2034 1825 2061 ei

1045 2078 1091 2112 qui
1108 2079 1248 2112 suppliciis
1274 2079 1409 2112 plectitur,
1427 2081 1501 2114 virga
1516 2081 1540 2107 ci
1556 2080 1604 2114 qui
1619 2081 1725 2115 indiget
1739 2082 1825 2108 incre-

1041 2124 1166 2158 patione,
1189 2125 1262 2157 virga
1287 2125 1311 2150 ei
1332 2125 1376 2158 qui
1402 2133 1512 2152 necesse
1533 2126 1613 2153 habet
1631 2131 1661 2153 ut
1678 2133 1824 2161 arguatur,

203 2169 281 2203 ejus,
299 2169 345 2194 sed
364 2177 463 2195 nomen
480 2169 538 2202 ejus
557 2168 603 2202 qui
624 2169 798 2202 opprobrium
812 2177 905 2196 earum
924 2178 987 2204 pos—
1005 2160 1027 2187 D
1042 2170 1090 2196 flos
1107 2177 1170 2195 vero
1182 2169 1204 2195 ei
1221 2169 1266 2203 qui
1280 2169 1334 2203 jam
1349 2171 1471 2197 eruditus
1486 2176 1537 2203 est,
1549 2176 1576 2197 et
1593 2179 1646 2197 non
1660 2172 1766 2207 indiget
1779 2172 1826 2198 dn-

202 2215 240 2240 sit
254 2214 370 2240 auferre.
391 2213 450 2239 Non
463 2215 582 2247 indigent
596 2215 764 2241 vestimentis
777 2215 896 2242 hominis
908 2224 987 2250 quem

202 2263 357 2285 assumunt.
379 2257 489 2283 Meliora
507 2257 606 2284 habent
622 2259 782 2283 vestimenta
803 2265 883 2292 quam
902 2263 990 2292 potest

202 2305 243 2331 eis
257 2304 339 2330 bomo
354 2307 494 2338 praestare.
526 2303 667 2330 Lautiores
686 2303 784 2330 habent
804 2304 888 2335 cibos,
905 2313 985 2339 quam

201 2349 322 2376 conditio
349 2353 438 2383 potest
462 2349 580 2375 hutnana
602 2348 705 2383 largiri.
738 2349 822 2383 Cujus
845 2358 908 2385 ergo
932 2351 986 2378 sint

201 2400 304 2429 septem
323 2395 461 2427 mulieres,
486 2399 513 2421 et
537 2394 609 2428 quod
625 2395 660 2420 sit
685 2394 859 2428 opprobrium
878 2403 983 2428 carum,

200 2439 311 2475 dignum
326 2444 367 2466 est
381 2440 564 2467 considerare.
583 2438 688 2473 Septem
705 2440 830 2467 mulieres
843 2448 896 2467 una
910 2445 983 2473 sunt,

202 2484 319 2519 Spiritus
343 2485 415 2512 enim
441 2485 485 2511 Dei
511 2489 584 2512 sunt.
615 2484 647 2511 Et
670 2490 710 2512 est
732 2486 782 2512 ista
798 2494 866 2516 tttta,
882 2491 982 2520 septem

199 2535 272 2557 sunt.
294 2530 412 2566 Spiritus
425 2531 497 2557 enim
509 2530 555 2556 Dei
568 2534 609 2556 est
623 2530 734 2564 spiritus
751 2531 888 2564 sapientia:
900 2537 925 2557 et
940 2532 982 2558 in-

201 2578 332 2610 lellt-ctus,
347 2577 458 2612 spiritus
470 2576 577 2603 consilii
596 2581 621 2603 et
635 2576 752 2606 virtutis,
771 2577 882 2610 spiritus
895 2577 982 2604 scien-

233 2673 255 2688 "
275 2673 359 2708 Apoc.
381 2680 423 2705 ttt,
437 2671 482 2698 20.
519 2670 544 2686 ⁵³
563 2669 642 2697 Rom.
663 2677 682 2702 t,
697 2670 725 2702 5,
738 2670 764 2696 4.
804 2670 826 2686 ⁸³
846 2669 898 2696 lsa.
915 2678 953 2702 υ,
975 2670 998 2696 Ι.

235 2766 290 2799 (89)
315 2765 393 2799 Virga
409 2765 543 2792 otnittitttr
558 2766 583 2791 in
599 2765 688 2796 editis,
704 2763 750 2791 sed
763 2768 850 2790 exstat.
867 2763 893 2789 in
910 2770 975 2799 mss.

198 2800 297 2827 Ibidem
322 2798 386 2828 mss.
404 2802 524 2827 habent:
548 2800 625 2834 Virga
644 2809 693 2826 umt
718 2805 754 2825 est
779 2798 978 2832 printoguuilus.

1041 2222 1070 2240 ra
1087 2213 1266 2246 correctione,
1281 2214 1321 2240 vel
1336 2220 1408 2241 certe
1425 2222 1477 2241 non
1491 2215 1591 2248 indiget
1602 2216 1703 2249 pomis,
1721 2217 1769 2243 sed
1783 2225 1825 2243 va—

1039 2260 1103 2286 lenti
1116 2260 1171 2293 jam
1190 2258 1284 2286 florere
1303 2261 1435 2294 incipere,
1453 2266 1478 2287 et
1492 2261 1525 2287 ad
1540 2261 1691 2294 perfectum
1706 2262 1824 2289 fructum

1038 2304 1121 2331 exire.
1151 2303 1272 2330 Primum
1291 2305 1360 2330 enim
1377 2305 1426 2332 llos
1448 2306 1618 2337 ostenditur,
1644 2307 1746 2334 deinde
1769 2312 1825 2341 post

1038 2350 1129 2376 florem
1153 2350 1226 2383 virga
1249 2350 1278 2376 lit
1298 2354 1322 2377 et
1343 2351 1374 2377 ad
1391 2350 1507 2378 fructum
1521 2352 1586 2378 exit.
1616 2350 1692 2378 Exiit
1703 2352 1781 2386 virga
1795 2352 1825 2378 de

1039 2395 1129 2422 radice
1142 2394 1230 2427 .iesse,
1255 2400 1281 2421 et
1297 2395 1346 2422 llos
1357 2395 1390 2422 de
1406 2396 1495 2422 radice
1511 2396 1570 2430 ejus
1584 2397 1728 2429 ascendet,
1743 2402 1771 2424 et
1784 2404 1823 2422 n3-

1037 2441 1178 2474 qnicscent
1192 2448 1272 2474 super
1287 2448 1347 2466 eum
1365 2445 1466 2474 septem
1482 2441 1621 2473 mulieres,
1641 2442 1759 2475 spiritus
1773 2441 1823 2467 Do-

1038 2485 1114 2516 mini,
1143 2484 1254 2518 spiritus
1281 2485 1421 2518 sapientia:
1442 2489 1470 2511 et
1494 2485 1648 2512 intellectus
1672 2486 1825 2520 requiescet

1035 2538 1118 2563 super
1130 2537 1191 2555 cum
1210 2529 1242 2554 ³⁵.
1262 2530 1380 2563 Spiritus
1397 2531 1469 2556 enim
1487 2530 1627 2564 sapientiae
1643 2538 1700 2557 non
1718 2531 1824 2564 requie.-

1037 2576 1074 2602 vit
1092 2575 1118 2601 in
1137 2573 1243 2608 Moyse,
1269 2575 1380 2608 spiritus
1405 2576 1544 2609 sapientia:
1567 2583 1620 2603 non
1645 2577 1782 2611 requievit
1798 2576 1822 2602 in

1036 2670 1060 2686 ⁵⁵
1079 2668 1088 2694 1
1107 2667 1170 2695 Cor.
1193 2674 1230 2699 tv,
1248 2666 1292 2694 2|.
1331 2666 1354 2683 ³⁵
1372 2666 1424 2695 lsa.
1446 2674 1485 2701 xl,
1500 2667 1525 2700 l,
1543 2667 1569 2693 τὶ.

1034 2761 1111 2788 Libb.
1125 2759 1188 2788 editi
1203 2768 1208 2786 :
1232 2759 1311 2794 Virga
1326 2760 1395 2786 enim
1408 2759 1605 2794 primogenituc.

1070 2797 1125 2830 (90)
1147 2795 1223 2828 Mss,
1239 2793 1406 2829 discipulus,
1418 2793 1501 2826 edit",
1514 2793 1663 2828 apostolus.
