1879 3046
79 88 125 114 239
678 88 708 115 IN
730 89 845 116 IS.\!.\:‘\I
874 89 1016 118 IIOMILIA
1037 91 1081 119 IV.

78 149 134 174 Jusn
149 147 231 178 Nave,
246 147 357 183 spiritus
371 147 510 182 sapientize
525 156 578 175 non
599 148 732 183 requievit
751 149 776 175 in
799 149 854 176 sin—

79 196 141 227 gulis
155 195 356 228 prophetarum,
368 194 395 221 in
413 195 490 226 Isaia,
508 195 534 221 in
550 194 677 222 Jeremia.

112 241 156 274 ιι
163 241 210 273 12.
220 238 274 265 Nec
286 247 349 265 vero
356 239 432 273 quasi
441 239 670 272 blasphemi-atem
679 247 720 265 me
729 239 851 272 lapidi-tis

81 288 136 313 dum
149 286 224 312 velim
243 285 394 317 gloriﬁcare
405 284 548 310 Dominum
565 292 654 310 meum
668 283 760 310 Jesntu
772 285 852 310 libri--

81 337 143 358 stulti
159 340 166 356 :
183 330 228 356 sed
244 330 409 356 sustinentes
426 329 596 356 considerate
611 329 683 363 quod
701 330 810 359 dicitur.
824 335 851 357 cl

83 377 192 404 videbitis
209 377 272 410 quia
290 377 315 402 in
339 376 411 402 nullo
434 383 528 402 eorum
553 375 714 408 requieverit
730 375 850 409 spiritus,

82 431 126 449 non
141 423 209 456 quod
227 422 260 448 ad
282 422 385 448 nullum
403 429 497 447 eorum
514 421 635 453 venerit,
658 421 705 447 sed
726 421 798 454 quod
823 421 850 448 in

81 468 144 495 nullo
157 468 325 502 requieverit.
343 466 422 494 Venit
437 474 518 500 super
530 466 659 501 Moysem,
675 470 702 493 et
715 474 768 492 non
791 473 850 494 cre-

80 514 137 540 didit
148 513 251 548 Moyses
271 518 331 548 post
348 513 471 547 spiritum
495 512 633 546 sapientite
652 511 697 546 qui
724 512 797 539 venit
816 512 849 539 ad

79 567 142 586 eum.
159 558 252 586 Audite
278 559 362 590 enim,
385 559 431 588 ait.
451 563 616 584 contumaces
634 565 643 583 :
664 557 790 592 Nunquid
815 566 848 584 ea:

79 609 142 638 petra
157 604 206 630 ista
218 604 328 630 educam
343 604 411 630 robis
425 611 520 638 nquam
533 604 573 631 ’7?
591 602 666 630 Venit
687 611 768 637 super
786 611 847 629 om-

81 658 121 676 ucs
131 649 224 682 juslos,
239 649 313 676 venit
329 653 355 676 et
367 657 447 683 super
462 648 569 679 Isaiam;
584 649 630 676 sed
644 648 708 683 quid
723 649 777 674 ait?
792 649 848 675 lm-

80 695 166 720 tuunda
181 695 249 720 labia
262 694 377 726 habent;
397 699 421 720 ει
444 695 470 720 in
489 694 573 720 medio
598 694 687 728 populi
710 694 847 721 inunttnda

79 740 141 766 lubia
153 740 280 771 habentis,
297 748 342 774 ego
356 740 444 766 habita
457 740 490 766 ⁵⁸.
507 739 585 766 Venit
602 740 713 774 spiritus
738 741 846 774 sapien-

81 787 117 812 ιξιυ
126 785 259 819 pestillam
275 785 453 819 l'omipem,et
469 785 648 819 ignem,venit
659 785 691 811 ad
708 785 846 812 immunda

80 829 138 855 labia
156 830 309 862 habentem,
327 830 374 857 sed
388 838 440 856 non
456 830 596 864 requievit.
607 829 728 857 Ministro
740 830 847 865 quidem

80 879 107 896 eo
131 880 191 898 usus
209 878 267 905 est,
292 881 346 899 non
366 877 454 899 autem
475 873 616 907 requievit.
640 873 797 902 Tribulalur
815 875 847 902 ad

79 923 253 951 quemcunque
272 917 376 944 venerit
393 917 538 944 hominem.
557 917 654 944 I’eccat
669 918 740 944 cnitn
759 919 848 946 omnis

81 962 158 994 homo,
177 970 224 989 nec
243 968 284 990 est
298 963 390 998 justus
411 971 493 998 super
507 969 604 991 terram
626 964 671 999 qui
695 963 775 991 faciat
799 965 848 990 lm-

80 1015 143 1038 ntun,
156 1012 179 1034 et
197 1015 247 1034 non
265 1015 367 1042 peccet.
382 1009 465 1036 Nemo
481 1010 591 1036 mundus
603 1019 618 1036 a
634 1010 848 1045 sortlibuspthue

79 1053 97 1077 si
109 1061 154 1078 una
166 1053 206 1080 die
219 1054 252 1079 sit
270 1054 324 1081 vita
337 1055 407 1088 ejus;
417 1058 546 1082 numerati
560 1061 644 1082 utile.“
663 1065 760 1083 menses
779 1057 846 1089 ejus.

78 1097 148 1131 lgitm‘
158 1106 236 1132 super
247 1099 351 1126 nullum
363 1101 515 1134 requiescit.
526 1101 674 1128 Possumus
685 1108 711 1128 et
720 1103 752 1128 de
761 1103 847 1128 Evan-

78 1142 136 1173 trlio
156 1143 278 1176 probare,
306 1145 369 1178 quia
391 1146 461 1171 Vt-uit
486 1147 598 1179 spiritus
622 1154 704 1180 super
727 1147 845 1178 mullos.

79 1194 97 1213 rt
112 1197 157 1215 non
175 1191 273 1217 mansit
289 1192 315 1216 in
340 1191 389 1217 eis.
409 1191 477 1217 Ante
501 1192 640 1226 paululum
662 1193 759 1219 lectum
781 1198 821 1219 est
838 1202 844 1219 :

81 1233 294 1268 Nonpvrmmwbt
314 1236 421 1270 spiritus
436 1245 506 1262 incus
528 1237 554 1263 in
572 1237 718 1263 hominibus
739 1238 795 1264 istis
821 1239 846 1264 in

78 1285 186 1305 vrttrnum
201 1281 233 1306 5’.
250 1280 309 1308 Non
329 1282 375 1314 ait,
394 1290 446 1308 non
462 1283 523 1314 erit,
540 1283 597 1313 sed,
610 1291 662 1308 non
674 1285 844 1317 permanebit.

79 1324 153 1351 l'uum
168 1326 230 1352 \idit
242 1326 363 1354 Joannes
379 1328 464 1354 solum
483 1328 508 1354 iu
524 1336 576 1362 quo
593 1329 750 1362 pennansit,
766 1335 792 1355 et
805 1329 844 1356 si-

77 1377 146 1402 gnum
158 1371 204 1397 hoc
218 1376 276 1398 erat
293 1381 300 1398 ;
313 1371 398 1404 δυρινγ
410 1380 484 1406 quem
497 1373 592 1398 videris
606 1372 733 1406 Spiritum
745 1374 846 1400 descen-

76 1414 174 1445 dentem,
187 1419 210 1440 et
224 1421 373 1441 "iuuentem
389 1416 415 1441 in
435 1424 477 1447 eo,
497 1417 545 1442 iste
570 1422 608 1442 est
634 1415 719 1443 Filius
743 1416 789 1443 Dei
811 1418 842 1444 5°.

77 1455 223 1484 iliuistravit
237 1460 347 1493 quidem
364 1460 445 1486 verbo
465 1459 509 1486 Dei
529 1461 624 1494 spiritu
640 1461 818 1488 descendente
836 1470 842 1488 :

75 1506 127 1534 post
142 1503 272 1529 modicum
291 1508 395 1537 pereat,
410 1509 470 1538 post
489 1505 623 1531 ttzodicuul
643 1505 762 1533 otiosum
784 1515 845 1533 ver-

76 1547 128 1573 bum
144 1548 259 1582 loquitur
276 1558 282 1575 :
299 1549 392 1576 nescio
404 1554 493 1576 autetn
508 1550 529 1577 si
544 1556 569 1577 et
589 1551 647 1577 sine
663 1557 773 1585 peccato
789 1561 843 1578 ma-

76 1598 136 1619 neat.
152 1593 266 1622 Putasne
284 1602 418 1630 praesente
435 1595 530 1630 spiritu
547 1604 659 1631 precare
676 1598 846 1624 conceditur?

75 1638 150 1673 Super
165 1641 266 1667 llllIIUln
281 1649 347 1676 ergo
366 1642 495 1675 requievit
508 1642 617 1675 spiritus
632 1641 677 1668 Dei
695 1644 843 1670 secundntn

75 1685 134 1718 quod
149 1687 275 1720 scriptum
289 1692 331 1713 est
346 1697 351 1713 :
369 1687 441 1713 Elii!
455 1688 527 1722 virga
537 1687 568 1713 tle
583 1688 671 1715 radice
681 1688 754 1715 Iesse
764 1689 844 1723 et/los

74 1731 99 1756 dc
113 1732 192 1758 radice
202 1733 257 1766 ejus
276 1733 407 1763 ascendit,
421 1738 445 1759 et
461 1734 596 1767 requiescit
607 1742 683 1766 super
693 1743 751 1760 eum
767 1736 845 1769 spiri-

75 1781 108 1801 tus
123 1776 173 1808 Dei,
189 1779 298 1811 spiritus
311 1779 457 1812 sapientire,
474 1779 582 1812 spiritus
595 1779 752 1812 intellectus,
765 1781 844 1814 spiri-

75 1822 130 1846 rtttts
143 1823 242 1848 consilii
257 1828 281 1848 ct
296 1823 400 1848 virtutis
414 1823 445 1848 ⁶¹.
461 1822 571 1857 Ptopter
585 1824 634 1850 hoc
651 1825 739 1858 magni
755 1825 844 1851 consi-

75 1866 97 1892 lii
114 1872 149 1893 est
161 1869 281 1902 angelus,
302 1875 413 1903 propter
427 1869 478 1895 hoc
495 1869 615 1900 invaluit,
630 1875 656 1896 et
677 1870 843 1897 iuvalrsceus

74 1914 190 1946 eset-tulit,
205 1919 231 1940 et
247 1915 385 1940 mirantur
397 1922 457 1941 eum
476 1915 588 1942 virtutes
604 1915 804 1947 ascendentem,
818 1920 843 1942 ct

73 1958 153 1985 dicum
167 1960 199 1986 dc
214 1968 246 1986 eo
273 1969 279 1986 :
299 1960 351 1986 Iste
365 1966 405 1986 est
420 1959 550 1986 Dominus
565 1960 642 1986 fortis
658 1967 683 1986 et
705 1966 799 1995 potens
815 1961 842 1988 in

74 2003 160 2035 pra-lio.
175 2005 213 2030 Ad
234 2005 307 2031 hunc
324 2011 389 2038 ergo
403 2004 490 2031 dicam
507 2005 533 2031 in
552 2005 670 2032 euzlestia
696 2006 843 2032 ascenden-

73 2052 126 2078 tt-m,
140 2049 176 2074 vel
187 2050 219 2075 ad
232 2050 266 2076 lox
276 2049 419 2076 titutliucm
435 2049 503 2083 ejus.
517 2048 550 2075 Et
564 2051 684 2084 requievit
700 2058 775 2084 super
784 2059 843 2077 eum

72 2094 166 2125 spiritus
183 2096 287 2121 consilii
313 2100 337 2120 ct
358 2095 522 2129 fortitudinis
566 2094 693 2128 fortitudo
718 2104 793 2127 mea,
817 2100 841 2122 et

1640 98 1692 124 930

908 151 1064 183 pro/tendent
1074 157 1171 186 septem
1183 152 1304 179 mulieres
1319 161 1397 179 unum
1411 153 1541 181 hominem
1552 156 1666 184 dicentes
1681 166 1687 183 .‘

910 196 1007 223 Panem
1020 201 1137 224 nostrum
1149 197 1379 230 manducabimus,
1391 204 1415 225 et
1424 201 1581 227 vestimentis
1592 203 1690 228 nostris

904 245 1061 270 operiuntur;
1078 243 1251 265 verumtamen
1266 247 1359 266 nomen
1373 247 1446 267 tuum
1464 242 1596 268 invocetur
1614 252 1690 274 super

905 289 950 307 nos
966 281 997 307 ει.
1013 281 1089 308 Tunc
1105 283 1308 316 apprehendeut
1322 289 1346 311 et
1365 293 1426 312 vere
1440 286 1568 313 tenebunt
1587 291 1688 321 septem

905 325 1030 353 mulieres
1042 327 1177 353 hominem
1191 335 1274 354 untuu
1286 328 1377 356 .Iesum
1390 331 1527 357 t'hristum
1545 331 1688 360 Dominum

904 376 1025 398 nostrum
1038 372 1114 406 juxta
1130 374 1200 407 quoi
1214 374 1370 409 intelligitur
1391 376 1489 408 homo,
1511 377 1588 411 juxta
1610 379 1683 412 quod

904 422 983 444 natus
998 422 1049 449 est,
1063 418 1139 452 juxta
1156 419 1228 453 quod
1246 427 1345 453 corpus
1363 422 1519 456 assumpsit.
1537 423 1688 458 Appre/ten-

902 462 963 488 dent
981 469 1076 496 septem
1090 464 1210 490 mulieres
1226 464 1355 491 hominem
1370 474 1459 499 unum,
1479 467 1594 495 dicentes
1610 476 1620 495 .'
1635 469 1688 496 Pa-

903 515 958 533 nem
973 513 1090 534 nostrum
1101 509 1326 536 ntanducabimus.
1340 510 1415 537 Multi
1432 512 1573 539 ambulant
1597 513 1686 541 homi-

903 561 960 585 nes,
983 557 1009 579 et
1025 553 1128 579 nullum
1146 555 1351 588 apprehendunt
1369 556 1511 589 mulieres,
1535 558 1626 586 nullus
1647 558 1688 585 eis

902 597 988 632 pﬁicrt
1005 598 1096 625 homo.
1113 598 1170 626 Non
1185 601 1255 626 etim
1277 606 1385 635 propter
1405 602 1522 636 inopiam
1545 604 1685 631 hominum

902 652 985 670 unum
1005 644 1141 671 hominem
1159 646 1374 680 appteltendunt,
1392 655 1444 674 non
1466 654 1574 683 propter
1590 652 1686 676 rarita-

901 692 954 714 tem
968 688 1085 715 hominis
1099 689 1205 723 qualem
1222 690 1363 717 voluerunt
1377 711 1385 722 ,
1409 692 1488 718 talenti
1509 694 1684 726 quresieruut;

901 741 984 759 untun
1000 733 1086 759 solum
1105 739 1262 767 repererunt
1284 735 1420 762 Iltllltiltt‘nl
1439 744 1518 770 quem
1533 738 1686 772 apprehen-

900 779 1008 811 deruut,
1020 786 1049 807 ut
1058 781 1148 808 dicant
1160 783 1183 808 ei
1200 791 1205 808 :
1219 781 1317 807 I’unem
1329 789 1447 809 uasti-um
1459 785 1684 814 mandumbimus.

865 818 887 848 Β
899 831 922 850 et
935 826 1093 852 vestimentis
1103 828 1200 853 nostris
1214 828 1368 860 aperientur.
1379 827 1424 854 Est
1436 829 1544 863 quidam
1555 830 1605 857 cib;
1618 839 1630 858 s
1641 840 1686 858 sa-

898 871 1014 904 piet-tite,
1026 877 1066 899 est
1076 872 1186 906 quidatn
1198 873 1275 900 ribus
1284 873 1408 900 similiter
1424 875 1575 902 intellectus
1583 881 1609 902 et
1623 877 1686 903 rel-

899 923 1014 950 quorutu
1027 917 1180 950 spiritutun.
1192 918 1257 950 Quis
1269 924 1310 945 est
1319 918 1369 945 iste
1377 919 1469 946 ribus?
1483 919 1542 947 Non
1555 921 1637 948 timeo
1647 922 1685 949 di-

898 969 969 994 cere,
977 963 1054 989 cibus
1065 963 1135 990 alitis
1144 968 1184 990 est
1194 969 1269 990 extra
1281 965 1359 994 istos,
1370 964 1436 991 forte
1444 970 1472 992 ιιι
1480 968 1684 994 meusestcibus

899 1015 988 1034 sermo
1002 1008 1058 1039 Dei,
1071 1009 1116 1042 qui
1131 1009 1167 1035 ait
1179 1019 1185 1035 :
1204 1009 1258 1044 ligo
1274 1018 1331 1035 sum
1345 1011 1420 1044 panis
1433 1011 1517 1038 vivens
1529 1013 1611 1046 quide
1620 1013 1683 1039 cwlu

897 1052 1027 1082 descendi,
1046 1057 1069 1078 et
1091 1053 1169 1078 vitam
1186 1053 1219 1078 tlo
1238 1054 1333 1080 mundo
1347 1054 1379 1086 δὴ
1393 1054 1431 1080 sic
1447 1055 1587 1088 sapientia)
1605 1056 1683 1082 cibus

899 1097 955 1131 ipse
969 1103 1053 1132 pater.
1067 1097 1178 1132 Propter
1188 1098 1237 1125 hoc
1247 1103 1288 1125 est
1303 1108 1308 1125 :
1325 1099 1396 1125 Meus
1406 1100 1477 1126 cibus
1490 1105 1538 1133 est,
1548 1106 1575 1127 ut
1586 1101 1682 1134 faciam

898 1143 1052 1168 voluntatem
1073 1143 1129 1176 ejus
1149 1144 1193 1177 qui
1209 1152 1248 1170 me
1264 1145 1336 1170 misit
1349 1164 1355 1175 ,
1375 1150 1402 1170 ut
1421 1153 1596 1172 consummem
1618 1154 1682 1180 opus

897 1189 951 1222 t’jtls
963 1189 994 1213 "'5.
1009 1187 1060 1213 Ncc
1072 1189 1219 1222 putandum
1232 1194 1274 1215 est
1287 1189 1378 1223 aliquo
1390 1190 1509 1225 indigere
1522 1191 1681 1226 sapientiam

896 1240 921 1260 et
934 1234 1107 1266 intellectum,
1117 1239 1281 1269 ueteresque
1290 1236 1411 1269 spiritus,
1424 1236 1487 1270 quia
1499 1227 1581 1263 alitth
1590 1237 1680 1264 cibum

898 1279 1022 1311 habeant,
1041 1287 1101 1318 cum
1123 1279 1205 1306 totius
1225 1280 1435 1314 dispensationis
1450 1289 1519 1308 unus
1542 1283 1578 1309 sit
1604 1282 1681 1309 cibus

897 1330 992 1351 natura
1010 1325 1063 1352 Dei.
1085 1325 1183 1351 Panem
1199 1331 1316 1351 nostrum
1331 1326 1588 1362 munducabimus,“
1603 1328 1680 1354 vesti-

896 1372 990 1397 mentis
1011 1371 1109 1396 nostris
1128 1371 1283 1404 operiuntur.
1302 1371 1347 1397 Esl
1364 1371 1474 1405 quidam
1499 1378 1611 1400 ornatus
1634 1381 1680 1400 sa~

895 1416 1002 1450 ItiCttli‘J}
1016 1424 1069 1449 quo
1086 1415 1238 1442 lit'CUI‘ﬂllll‘.
1253 1415 1352 1442 Ornata
1372 1422 1412 1442 est
1428 1424 1553 1444 sermone
1573 1418 1680 1453 sapien-

897 1462 942 1488 tia.
963 1461 1080 1496 Singula:
1105 1462 1201 1488 butum
1228 1462 1370 1488 mulierum
1394 1463 1492 1489 habent
1510 1469 1678 1491 ornamenta.

903 1505 1082 1533 Verumtamen
1095 1515 1187 1533 nomen
1201 1513 1274 1534 tuum
1288 1508 1421 1534 invocetur
1432 1516 1510 1542 super
1529 1517 1586 1541 uos,
1605 1510 1681 1543 aufer

895 1553 1059 1587 opprobrium
1074 1557 1202 1579 nostrum.
1217 1553 1294 1586 Quod
1308 1557 1350 1580 est
1365 1562 1461 1580 nomen
1479 1554 1629 1589 sapientius?
1639 1555 1680 1582 Je-

895 1607 951 1626 sus.
979 1598 1048 1631 Quid
1074 1604 1114 1625 est
1135 1607 1140 1624 :
1160 1597 1299 1625 Iuvacctur
1319 1607 1411 1625 nomen
1431 1605 1503 1626 tuum
1522 1608 1600 1634 super
1619 1602 1680 1628 nos?

895 1644 950 1679 Ego
970 1652 1028 1671 sum
1045 1645 1188 1678 sapientia,
1208 1645 1267 1671 volo
1282 1649 1329 1671 tuo
1345 1643 1454 1671 nomine
1468 1647 1558 1672 vocari
1580 1651 1609 1673 ut
1626 1655 1677 1681 ego

895 1690 1026 1724 sapientia
1044 1690 1119 1716 dicar
1141 1689 1239 1721 Jesus,
1268 1694 1297 1716 ut
1320 1690 1471 1717 intellectus
1488 1695 1514 1717 et
1535 1692 1678 1719 consilium

895 1742 1021 1769 magnum
1037 1740 1063 1761 ct
1083 1734 1222 1766 iottitudo,
1240 1739 1266 1761 ct
1285 1735 1398 1762 scientia
1417 1740 1443 1761 ct
1454 1735 1540 1770 pietas
1558 1742 1584 1764 et
1598 1738 1680 1764 timor

895 1779 940 1805 Dei
954 1779 1127 1806 nominentur
1140 1778 1229 1811 .lesus,
1244 1783 1273 1806 ut
1290 1780 1381 1806 omnin
1396 1779 1422 1806 in
1437 1781 1564 1809 omnibus
1580 1790 1677 1809 nomen

894 1829 970 1850 tuum
990 1824 1044 1850 Iiat.
1066 1824 1167 1850 Nomen
1185 1830 1258 1850 tuum
1275 1825 1407 1851 invocetur
1422 1834 1499 1860 super
1513 1835 1558 1852 nos
1569 1847 1577 1860 ,
1603 1828 1679 1861 aufcr

893 1870 1060 1904 opprobrium
1084 1875 1212 1896 nostrum.
1239 1869 1340 1896 Revera
1364 1871 1478 1898 abstulit
1503 1873 1678 1906 opprobrium

892 1914 982 1941 Jcsus.
996 1915 1098 1941 Idcirco
1120 1920 1271 1950 surgentes,
1295 1922 1404 1942 oremus
1429 1915 1512 1943 Deutn
1536 1918 1582 1951 qui
1608 1918 1679 1946 hunc

894 1961 968 1987 misit
987 1960 1134 1992 hominem,
1151 1965 1178 1986 ut
1196 1965 1297 1994 septem
1313 1961 1456 1988 mulierum
1472 1963 1583 1996 spiritus
1596 1963 1622 1989 in
1642 1972 1676 1989 eo

892 2007 1084 2041 requiesceret,
1099 2010 1126 2032 ut
1140 2009 1166 2032 et
1178 2006 1256 2032 nobis
1275 2006 1325 2032 iste
1344 2006 1425 2033 homo
1440 2008 1541 2034 tribuat
1552 2016 1676 2035 commn-

893 2053 1001 2078 nioucut
1018 2052 1112 2078 harum
1130 2051 1283 2083 mulierum;
1299 2056 1327 2078 ut
1340 2056 1509 2080 assumeutes
1519 2061 1567 2080 eas
1582 2053 1678 2081 liamus

893 2098 1038 2131 sapientes,
1055 2097 1232 2131 intelligente-3
1247 2096 1274 2123 in
1294 2096 1347 2123 Deo
1359 2101 1385 2124 et
1398 2098 1554 2125 hominibus
1566 2118 1573 2130 ,
1592 2100 1678 2125 virtu-

72 2140 120 2164 l'ttts
142 2149 194 2166 mea
216 2141 357 2172 Dominus,
378 2145 402 2166 et
422 2140 506 2174 factus
523 2146 561 2166 est
573 2140 671 2166 nti/tiin
683 2141 793 2166 salutent
806 2141 838 2167 θ’.
856 2145 878 2172 ι)
892 2143 964 2170 tibus
979 2143 1143 2169 adornantcs
1158 2143 1275 2169 animam
1293 2147 1413 2169 nostram
1431 2144 1456 2169 in
1470 2143 1579 2171 Christo
1599 2143 1674 2177 Jesu,

74 2183 196 2218 lit-quievit
209 2194 274 2220 ergo
289 2194 372 2220 super
385 2194 446 2213 cum
463 2186 574 2220 spiritus
597 2186 652 2215 Dei,
669 2186 782 2220 spiritus
800 2194 844 2213 sa—

72 2231 199 2262 pientistrl
215 2232 382 2262 intellectus,
403 2232 515 2265 spiritus
539 2232 644 2258 consilii
665 2238 691 2258 et
709 2231 843 2258 fortitudi<

73 2276 115 2308 uis,
130 2278 235 2311 spiritus
255 2277 395 2311 sapit-uthe
408 2282 435 2304 et
447 2277 554 2310 pictatis
565 2297 572 2308 ,
589 2282 615 2303 ct
638 2277 759 2311 implevit
779 2286 841 2304 eum

71 2323 166 2356 spiritus
180 2325 285 2350 timoris
303 2323 419 2349 Domini.

96 2370 117 2394 5.
127 2370 242 2398 Mulieres
251 2372 492 2406 igiturqtnereutes
500 2378 579 2404 quem
587 2375 737 2402 assumant,
746 2378 839 2405 appre-

72 2414 171 2443 brndent
187 2423 289 2451 septem
309 2425 393 2444 untnn
412 2416 560 2442 hominem.
578 2415 610 2442 Et
625 2416 676 2443 hoc
687 2424 720 2443 ex
740 2417 838 2451 priori-

72 2460 112 2487 bus
123 2463 223 2495 pentlet,
235 2468 260 2490 et
272 2467 379 2498 oportet
394 2462 481 2496 primo
496 2468 659 2496 cognoscere
672 2462 779 2496 quando
795 2470 838 2490 re—

69 2505 155 2539 cipiant
167 2513 267 2542 septem
276 2509 406 2535 mulieres
421 2515 504 2534 unum
515 2507 662 2534 hominem.
678 2507 744 2534 Cum
754 2507 837 2535 fortes

69 2550 218 2580 Hierusalem
239 2554 376 2581 bumiliati
393 2553 507 2583 fuerint,
526 2561 587 2580 cum
614 2553 732 2580 luxetint
754 2554 837 2580 theca:

69 2604 147 2624 eorum
163 2606 320 2627 ornamenta
335 2599 450 2626 tiliarum
472 2599 549 2631 Sion,
565 2607 625 2626 eum
643 2599 769 2626 derelicta
784 2599 837 2626 fue-

70 2647 97 2669 ut
108 2644 147 2670 illa
164 2645 230 2677 sola,
243 2653 308 2673 cum
326 2645 394 2672 elisa
422 2644 500 2671 fuerit
516 2645 550 2671 ad
575 2649 685 2677 terram,
709 2648 770 2670 tunc
789 2652 838 2678 ap-

107 2751 126 2765 "
140 2751 214 2779 Num.
232 2761 279 2783 xx,
298 2751 341 2778 10.
391 2751 414 2766 ⁸⁸
428 2750 479 2778 Isa.
495 2758 532 2781 vr,
551 2750 577 2776 5.
629 2749 652 2765 ⁵⁹
664 2748 731 2776 Gen.
749 2756 786 2780 v1,
799 2748 826 2775 '5.

68 2782 85 2797 ’³
99 2785 143 2812 lsa.
158 2795 191 2820 l\',
210 2788 233 2814 1.
273 2782 296 2803 ³η
314 2786 394 2814 Joan.
407 2793 442 2819 vt,
457 2785 486 2812 5|
508 2789 535 2812 et
554 2784 598 2812 53.

876 2748 898 2764 ⁶⁰
911 2746 988 2775 Joan.
1006 2755 1024 2780 I,
1040 2746 1084 2779 '53,
1104 2746 1148 2772 54.

638 2784 659 2800 ³⁸
674 2783 753 2810 Joan.
775 2791 809 2817 tv,
833 2783 878 2810 54.

891 2188 935 2215 cui
957 2193 998 2215 est
1018 2189 1102 2223 gloria
1125 2193 1152 2215 (ει
1173 2189 1319 2222 imperium
1341 2188 1367 2215 iu
1389 2194 1486 2216 sarcula
1504 2190 1675 2218 saeculorum.

891 2234 987 2260 Amen.

1182 2277 1322 2304 IIOMILIA
1339 2278 1384 2306 IV.

1012 2325 1050 2350 De
1066 2325 1164 2351 visione
1180 2323 1260 2350 licio!
1274 2324 1404 2358 semp/tim
1421 2324 1492 2359 (cap.
1509 2325 1557 2360 νι).

928 2371 953 2396 I.
969 2369 1137 2404 lmpossibile
1147 2374 1187 2396 est
1196 2370 1317 2397 invenire
1325 2370 1489 2404 principiutn
1499 2369 1554 2398 Dei.
1569 2369 1676 2399 Princi-

892 2415 965 2449 pitun
976 2420 1051 2442 ortus
1062 2415 1106 2442 Dei
1117 2424 1248 2450 nusquam
1259 2415 1476 2449 comprehendis.
1489 2415 1547 2443 Non
1560 2416 1621 2444 dico
1634 2422 1674 2449 tu,

892 2461 938 2488 sed
950 2469 1035 2494 neque
1044 2461 1152 2495 aliquis,
1164 2461 1274 2495 neque]
1282 2461 1331 2494 12
1339 2460 1411 2487 aliud
1424 2461 1570 2495 quidquam
1580 2469 1673 2488 eorutn

891 2513 951 2540 qua:
963 2507 1124 2532 subsistunt.
1134 2506 1212 2532 Solus
1222 2504 1342 2532 Salvator
1351 2511 1376 2532 et
1387 2505 1503 2539 Spiritus
1511 2507 1673 2540 sanctusqui

892 2561 999 2586 semper
1011 2552 1120 2578 fuerunt
1133 2559 1193 2578 cum
1202 2551 1267 2583 Deo,
1278 2552 1368 2578 vident
1378 2551 1471 2578 faciem
1484 2552 1554 2585 ejus;
1568 2557 1594 2578 et
1607 2551 1675 2578 forte

892 2598 978 2632 angeli
994 2598 1040 2632 qui
1065 2598 1156 2624 vident
1171 2597 1273 2632 jugiter
1289 2596 1384 2624 faciem
1403 2596 1491 2623 Patris
1515 2597 1561 2631 qni
1581 2601 1623 2623 est
1646 2597 1672 2623 in

890 2643 977 2675 cunis,
995 2643 1083 2670 vident
1099 2647 1126 2669 et
1142 2642 1273 2676 principia
1287 2642 1467 2676 negotiorum.
1482 2641 1527 2669 Sic
1541 2646 1630 2668 autem
1648 2647 1674 2669 et

1188 2744 1209 2760 “
1227 2744 1279 2773 lsa.
1296 2752 1334 2778 st,
1358 2745 1383 2777 1,
1398 2745 1426 2771 2.
1465 2746 1488 2761 θ’
1509 2743 1560 2772 Isa.
1582 2751 1630 2778 ιιι,
1644 2743 1672 2772 2.
