1879 3046
190 95 238 123 9M

916 94 1079 122 DRIGEMS

1761 96 1814 125 τδρ

190 157 272 190 pedes
287 155 458 183 abscondunt
476 160 539 182 ante
553 155 677 183 homines
689 156 836 191 scraphim.
854 155 974 183 Novissi-
991 162 1012 188 Λ
1028 161 1102 187 sunt,
1118 165 1132 182 a
1150 155 1285 190 seraphin:
1302 154 1489 190 prophetatur,
1506 155 1569 190 quia
1593 154 1717 182 futurum
1732 157 1766 183 sit
1787 162 1814 183 ut

191 210 234 228 tua
251 202 323 229 enim
337 208 367 229 ut
381 206 456 233 sunt,
474 210 527 228 non
546 203 635 228 valent
646 202 776 228 enarrari.
792 201 857 233 Qui;
872 210 976 228 tlmtun-

191 249 266 274 tinuit
277 251 309 274 de
324 249 471 274 novissimis
492 249 533 274 “‘2
549 248 585 274 ait
603 248 751 283 Scriptura.
774 249 839 280 Qua:
852 249 976 275 videmus

193 295 232 327 (ut
245 298 335 320 tamen
350 294 530 325 concedatur,
548 295 610 328 quia
627 294 716 328 aliqua
740 294 872 327 videmus)
888 295 975 320 media

192 344 256 365 sunt
273 349 278 366 :
293 348 354 374 qua:
365 345 426 366 ante
441 340 569 367 mundum
587 340 698 372 fuerint,
722 340 890 373 ignoramus.
907 339 976 367 Fue-

192 391 255 412 runt
267 394 350 420 porro
367 387 489 420 quaedam
504 391 565 413 ante
580 386 720 412 mundum.
733 385 799 418 Qua:
820 391 882 420 post
896 395 976 413 mun-

191 432 254 458 dum
272 436 398 458 secutura
415 431 478 463 sint,
496 431 527 458 ad
542 435 644 458 certum
661 439 713 458 non
735 431 974 466 apprchendimus.

191 475 277 503 Erunt
291 481 380 504 autem
396 478 446 504 alia
461 482 520 511 post
534 477 675 503 mundum.
688 476 724 503 Ea
739 477 821 512 igitur
833 485 893 511 qua:
907 478 976 504 scri-

190 528 234 557 pta
254 528 317 550 sunt
332 532 338 549 ε
355 522 386 548 1η
397 523 526 556 principio
545 523 606 556 fecit
631 521 701 549 Deus
716 522 808 549 malum
824 528 848 549 et
866 527 974 554 terram.

191 574 261 594 terra
273 574 358 594 autem
370 574 425 594 erat
435 568 573 594 invisibilis
587 572 611 594 el
628 568 812 602 incomposita,
829 574 852 595 et
866 569 976 595 tenebrte

189 619 263 640 erant
279 623 355 647 super
365 614 497 648 abyssum,
512 619 537 640 et
550 614 660 648 spiritus
677 614 723 640 Dei
741 615 876 648 ferebatur
898 623 976 649 super

188 667 270 694 quas
287 659 319 692 ⁸⁷,
330 659 581 693 apprehenduntur.
601 659 706 687 Munda:
721 665 798 687 erant
815 668 892 694 aqua:
906 661 974 693 istae,

189 705 214 730 in
231 705 330 739 quibus
355 704 500 732 incubabat
522 706 634 739 spiritus
655 705 710 732 Dei.
733 705 785 732 Sed
811 712 837 732 ct
860 707 976 733 tenebras

186 758 247 783 quae
273 758 355 785 super
382 751 510 785 abyssum
538 757 634 783 erant,
661 759 714 777 non
745 756 808 778 sunt
839 751 974 785 ingenitze.

188 794 338 830 Utrumque
365 795 438 822 enim
461 804 493 822 cx
521 796 606 822 ttihilo
631 801 751 822 creatum
777 800 828 822 est.
851 796 919 822 Audi
949 796 974 822 in

187 841 255 867 Isaia
273 841 407 867 dicentem
424 840 569 867 Dominum
591 849 598 868 :
616 840 670 875 Ego
689 840 758 867 Deus
775 841 820 875 qui
841 842 976 867 roustruxi

187 886 283 916 lucem,
300 891 323 912 et
341 886 392 919 feri
406 885 525 912 tenebras
539 885 572 912 "‘.
599 885 669 912 Audi
683 886 843 920 sapientiam
865 887 891 912 ill
908 885 975 913 Pro-

189 928 290 955 verbiis
315 929 505 962 praedicantem
533 937 540 955 :
575 930 641 955 Ante
666 937 755 955 omnes
784 930 890 963 abyssos
912 935 975 956 nuta

189 980 248 998 sum
267 972 299 998 ".
317 971 375 999 Non
392 977 471 999 erant
490 973 539 1000 ista
558 973 675 1007 ingenita
687 994 694 1004 .
712 974 758 1000 sed
781 973 907 1008 quando,
935 974 975 1000 \cl

189 1017 328 1051 quomodo
341 1023 403 1044 sunt
419 1023 492 1049 nata,
510 1019 612 1045 nescio.
632 1018 761 1045 Velantur
773 1020 845 1046 enim
867 1027 881 1046 a
900 1027 975 1046 sera-

188 1064 262 1097 phim
278 1064 367 1098 priora
381 1072 493 1098 operum
511 1064 568 1096 Dei,
585 1065 610 1091 id
624 1070 664 1092 est
677 1065 760 1092 facies
777 1065 834 1099 Dei;
850 1066 975 1093 similiter

187 1113 277 1135 autem
295 1114 320 1135 et
338 1109 429 1143 pedes.
455 1109 491 1136 Ea
508 1118 569 1144 qua:
592 1115 653 1145 post
675 1115 826 1138 extremum
843 1112 973 1138 saeculum

188 1153 279 1180 futura
294 1159 357 1180 sunt
371 1154 397 1180 in
414 1155 512 1181 szecula
528 1155 700 1186 seculorum.
712 1157 774 1191 quis
790 1161 879 1192 potest
891 1165 975 1192 expo-

187 1199 271 1226 nere?
290 1199 467 1227 Garrulorum
493 1206 535 1228 est
558 1201 699 1229 hominum
726 1203 822 1230 borum
849 1204 973 1230 notitiam

186 1244 316 1278 polliceri,
330 1246 507 1273 nescientium
520 1248 583 1281 quia
600 1247 683 1274 homo
705 1255 736 1275 ea
763 1253 868 1275 tantum
884 1253 975 1283 potest

184 1298 282 1324 capere
296 1299 356 1324 qn:c
375 1292 462 1318 Inedia
488 1297 561 1324 sunt,
575 1297 601 1319 et
620 1301 650 1319 ea
668 1301 729 1327 qure
756 1298 816 1327 post
844 1295 973 1322 mundum

186 1342 274 1369 usque
289 1336 321 1362 ad
337 1337 601 1363 consummationem
619 1338 644 1364 in
664 1338 768 1371 judicio
785 1344 849 1366 sunt
870 1339 972 1372 futura,

185 1380 219 1406 dc
234 1381 332 1414 poenis,
344 1381 377 1408 de
391 1382 578 1408 retributione.
599 1382 632 1409 Et
646 1383 742 1410 ltorum
763 1393 872 1419 qnoqtte
889 1387 972 1414 multa

186 1424 318 1452 absconsa
335 1431 397 1452 sunt
411 1426 499 1458 nobis,
521 1431 549 1453 ut
565 1432 675 1461 propter
701 1428 752 1456 hoc
768 1430 878 1463 quidem
905 1431 973 1458 scri-

186 1475 261 1502 ptum
279 1470 315 1497 sit
328 1469 416 1506 (Vers.
432 1471 460 1506 2)
478 1481 484 1498 :
508 1472 616 1499 Duabus
640 1473 760 1500 relabant
782 1475 887 1509 facient.
913 1475 970 1503 Non

186 1515 273 1542 solum
287 1520 377 1543 autem
395 1517 530 1549 velabant,
547 1518 593 1545 sed
614 1523 642 1545 et
658 1520 856 1554 contegebant,
879 1521 904 1547 id
931 1526 973 1548 est

186 1560 226 1586 sic
241 1561 376 1592 velabant,
398 1566 429 1588 ut
449 1569 499 1589 uec
521 1562 657 1590 modicum
681 1564 817 1592 videretur
839 1566 971 1600 priorum,

185 1605 247 1633 dico
264 1611 353 1633 autem
370 1607 459 1640 faciei;
478 1615 566 1642 neqtte
581 1609 720 1643 paululum
733 1610 796 1644 quid
813 1618 973 1645 agnoscere-

187 1656 231 1678 tur
246 1651 469 1683 uovissimorum,
486 1652 537 1680 hoc
552 1658 593 1680 est
607 1653 704 1687 pedum
717 1653 788 1688 ejus.
809 1654 916 1681 Duabus
929 1663 974 1681 vo-

187 1697 289 1724 labant.
307 1697 406 1732 Aperta
426 1702 491 1724 sunt
512 1698 599 1725 media
614 1699 647 1726 ad
663 1700 911 1733 contemplandum.
937 1700 973 1727 Et

186 1741 338 1768 (laniabant
360 1742 428 1769 alter
451 1742 486 1768 ad
506 1742 628 1769 alterum.
650 1743 709 1770 Non
726 1744 794 1770 alter
816 1744 849 1771 ad
868 1745 971 1778 plures,

186 1788 234 1815 sed
254 1788 324 1816 alter
344 1788 377 1815 ad
403 1788 529 1816 alterum.
553 1789 654 1817 Audire
672 1791 745 1817 enim
762 1791 970 1818 sanctitudinem

186 1833 233 1859 Dei
247 1840 309 1867 quae
321 1833 499 1860 annuntiatur
512 1841 527 1860 a
545 1833 695 1867 Salvatore,
712 1835 790 1870 juxta
814 1836 970 1871 dignitatem

142 1892 145 1895 ~
185 1878 224 1905 rei
237 1885 317 1905 nemo
332 1883 419 1913 potest
430 1879 482 1907 nisi
499 1880 618 1914 Spiritus
627 1885 749 1914 sanctus;
762 1881 899 1916 quomodo
911 1889 972 1908 rur-

183 1932 244 1950 sum
261 1924 414 1951 inhabitare
428 1925 636 1953 sanctimoniam
658 1925 704 1953 Dei
720 1934 779 1961 qua:
793 1927 971 1955 aununtialur

183 1977 199 1996 a
213 1969 313 2004 Spiritu
327 1974 434 2002 sancto,
449 1977 530 1998 nemo
546 1975 634 2005 potest
653 1971 705 1998 nisi
732 1973 807 1999 solus
832 1971 968 1999 Salvator.

182 2015 224 2042 0b
248 2015 273 2041 id
298 2014 367 2041 alter
389 2015 423 2041 ad
445 2016 559 2042 alterum
577 2016 742 2049 clamabant,
759 2022 787 2044 et
811 2017 938 2044 dicebant
961 2025 968 2044 :

183 2059 273 2094 (Vers.
289 2061 316 2096 5)
330 2059 454 2092 Sanctus,
469 2066 588 2094 sanctus,
601 2068 720 2088 sanctus.
733 2062 792 2089 Non
812 2062 854 2089 eis
870 2061 970 2089 sufﬁcit

182 2107 265 2132 semel
277 2107 396 2133 clamare
412 2116 419 2133 :
435 2106 560 2140 Sanctus,
575 2115 664 2141 neque
679 2107 731 2140 bis,
757 2107 803 2134 sed
819 2105 967 2142 perfectum

1027 202 1181 228 universam
1199 206 1296 227 terram
1312 201 1396 235 gloria
1413 200 1459 227 Dei
1475 201 1526 227 mei
1547 200 1677 228 Christus
1694 201 1813 236 impleat.

1029 248 1055 275 In
1071 248 1198 274 omnibus
1213 248 1312 282 quippe
1325 249 1371 283 qui
1383 248 1588 275 conversatione
1601 256 1651 275 sua
1664 249 1815 282 glorificent

1029 294 1123 326 Deum,
1141 295 1226 329 gloria
1242 293 1290 320 Dei
1302 299 1354 325 est,
1369 299 1450 328 atque
1464 294 1498 320 ita
1512 294 1638 320 universa
1648 299 1721 320 terra
1736 295 1814 329 plena

1027 345 1069 367 est
1093 340 1177 374 gloria
1204 339 1261 366 Dei.
1282 339 1352 366 Olim
1373 347 1426 366 non
1450 340 1541 366 omnis
1557 344 1629 366 terra
1653 340 1734 374 plena
1755 346 1816 367 erat

1027 385 1113 420 gloria
1130 385 1186 417 Dei,
1204 385 1250 412 scd
1268 393 1338 412 unus
1351 384 1466 419 angulus
1480 389 1568 415 terrm,
1581 385 1693 419 quando
1707 385 1815 412 diceba-

1027 436 1071 458 tur
1084 440 1090 457 :
1105 430 1191 457 Notus
1208 432 1235 457 in
1245 430 1339 457 Iudaea
1351 430 1430 459 Deus.
1447 431 1474 456 in
1489 429 1573 456 Israel
1585 439 1711 465 magnum
1723 439 1814 457 nomen

1026 477 1082 510 ejus
1098 477 1131 503 ".
1145 476 1236 503 Gloria
1253 475 1318 508 Deo,
1335 476 1381 510 qui
1399 476 1474 502 misit
1489 475 1586 502 Filium
1600 483 1694 508 suum,
1708 481 1738 503 ut
1755 484 1815 504 om-

1027 523 1070 550 nis
1085 527 1155 549 tcrra
1171 523 1248 557 plena
1262 522 1336 549 ﬁeret
1346 522 1430 557 gloria
1449 529 1508 549 sua.
1527 521 1579 548 Sed
1594 521 1661 556 quid
1673 522 1722 548 tibi
1734 522 1816 557 prod-

1026 572 1082 600 est,
1097 567 1119 594 si
1142 572 1212 594 tcrra
1226 568 1303 602 plena
1319 567 1355 594 sit
1377 573 1486 603 propter
1505 567 1635 595 ecclesias
1659 567 1814 597 beatorum.

1027 613 1239 647 quiubicunque
1255 619 1328 645 sunt,
1349 614 1434 648 gloria
1450 613 1514 645 Dei,
1539 619 1565 640 tu
1587 618 1678 640 autem
1699 620 1755 640 non
1778 613 1816 640 sis

1026 659 1163 693 particeps
1176 659 1268 693 gloria:
1283 659 1458 693 plenitudinis
1472 659 1531 686 Dei?
1542 659 1573 686 Et
1591 664 1619 686 tu
1631 667 1698 694 ergo
1710 659 1814 688 labora.

1027 709 1053 730 et
1069 704 1096 730 in
1110 704 1216 731 cunctis
1229 705 1330 731 enitere
1344 709 1373 731 ut
1389 705 1426 731 sis
1442 705 1555 739 gloriam
1573 704 1618 731 Dei
1631 712 1771 739 quaslens,
1788 710 1816 731 ut

1027 749 1158 776 inhabitet
1178 754 1205 776 et
1230 750 1348 776 inveniat
1370 750 1460 776 locum
1482 751 1507 776 in
1527 754 1561 782 te,
1576 755 1603 777 et
1622 750 1672 777 fias
1685 751 1769 778 etiam
1787 755 1814 777 tu

1028 803 1089 822 cum
1103 796 1175 822 onini
1192 801 1262 822 terra
1276 797 1302 822 in
1316 804 1369 830 qua
1386 801 1428 824 est
1442 797 1527 831 gloria
1546 796 1591 823 Dei
1609 796 1706 831 plena,
1729 797 1814 831 gloria

1026 841 1096 875 ejus.
1113 841 1254 874 Quomodo
1269 843 1297 868 tit
1313 849 1360 876 per
1381 841 1503 877 singulos
1528 846 1653 869 nostrum
1674 842 1816 877 plenitudo

1027 888 1120 921 gloria:
1139 887 1197 914 Dei?
1212 887 1239 913 Si
1256 895 1316 921 qua:
1332 887 1401 914 facio
1413 908 1420 918 .
1440 896 1501 922 quae
1515 888 1630 922 loquor,
1648 888 1675 915 in
1699 889 1814 923 gloriam

1028 932 1072 958 Dei
1095 932 1170 963 fiant,
1197 933 1291 966 plenus
1317 941 1407 960 sermo
1431 941 1508 960 tuens
1531 938 1557 960 et
1575 939 1653 961 actus
1676 934 1705 960 lit
1729 934 1814 968 gloria

1027 977 1084 1004 Dei.
1101 977 1129 1004 Si
1145 982 1171 1004 et
1182 986 1336 1013 processus,
1355 983 1382 1005 et
1398 978 1538 1013 ingressus
1554 986 1632 1005 meus
1651 979 1679 1005 itt
1698 979 1814 1014 gloriam

1027 1022 1073 1049 Dei
1090 1028 1140 1054 est,
1159 1024 1182 1050 si
1198 1024 1286 1055 cibus,
1303 1023 1324 1050 si
1342 1029 1421 1058 potus
1434 1031 1521 1056 meus,
1541 1024 1563 1051 si
1580 1024 1672 1051 omnia
1691 1032 1754 1059 qua
1773 1024 1814 1052 fa-

1026 1069 1080 1099 cio,
1093 1069 1119 1095 in
1129 1069 1242 1103 gloriam
1257 1068 1302 1095 Dei
1318 1068 1395 1100 fiant,
1408 1073 1435 1096 et
1449 1076 1499 1104 ego
1509 1070 1645 1104 particeps
1657 1077 1719 1096 sum
1734 1070 1814 1097 istius

1024 1113 1088 1140 dicti
1105 1123 1111 1140 :
1132 1113 1213 1140 Plena
1224 1119 1262 1140 est
1274 1119 1344 1140 terra
1356 1114 1442 1149 gloria
1462 1114 1529 1148 ejus.
1545 1114 1613 1141 Cum
1630 1122 1697 1149 ergo
1720 1115 1812 1141 omnia

1026 1160 1077 1187 ista
1093 1159 1190 1192 fecero,
1208 1159 1341 1186 clevatum
1355 1164 1399 1187 est
1413 1160 1621 1194 superliminare
1642 1168 1658 1187 a
1679 1168 1747 1188 voce
1772 1168 1813 1188 so-

1026 1206 1143 1241 raphim,
1160 1214 1212 1241 qua
1236 1207 1397 1234 clamabant.
1417 1206 1529 1234 Beatum
1542 1211 1585 1234 est
1600 1207 1694 1241 itaque
1709 1214 1811 1233 unum-

1024 1260 1159 1287 quemque
1171 1257 1294 1280 uostrum
1308 1252 1343 1279 ita
1356 1252 1482 1279 laborare
1492 1256 1521 1279 ut
1532 1252 1669 1287 particeps
1678 1252 1725 1279 ﬁat
1737 1252 1811 1284 ostii,

1024 1303 1050 1326 et
1065 1298 1282 1333 superliminaris
1297 1298 1377 1336 ostii,
1401 1299 1474 1333 quod
1485 1298 1562 1332 juxta
1582 1298 1753 1325 intellectum
1772 1303 1811 1324 est

1024 1345 1149 1372 Christus
1168 1344 1249 1372 Deus.
1269 1343 1361 1379 Neque
1388 1344 1462 1372 enim
1488 1344 1617 1371 indecens
1646 1344 1721 1371 dictu
1752 1351 1812 1370 reor

1024 1389 1123 1416 ostium
1143 1397 1271 1423 carnem,
1294 1394 1321 1416 ct
1338 1389 1548 1424 superliminare
1565 1388 1678 1416 verbum
1706 1397 1811 1417 nuncu-

1024 1434 1093 1469 pari.

1059 1478 1166 1506 5.Vers.
1184 1479 1212 1512 4,
1225 1479 1253 1506 5.
1281 1479 1415 1506 Eleuatum
1438 1485 1476 1506 est
1493 1479 1695 1513 superlimitmre
1715 1488 1731 1506 α
1754 1487 1811 1506 uoce

1024 1533 1076 1560 qua
1096 1524 1256 1556 clamabant,
1274 1529 1298 1551 et
1310 1524 1403 1551 domus
1426 1524 1524 1560 repleta
1542 1529 1580 1551 est
1598 1525 1683 1558 [ωηο.
1709 1524 1811 1551 Fumus

1023 1571 1074 1599 iste
1091 1572 1193 1599 donum
1208 1576 1250 1599 est
1268 1571 1301 1598 de
1313 1571 1398 1606 gloria
1412 1570 1469 1598 Dei.
1486 1570 1520 1597 Et
1532 1571 1590 1597 dixi
1601 1579 1611 1597 :
1624 1570 1647 1598 0
1660 1572 1741 1597 miser
1755 1578 1810 1605 ego.

1023 1619 1147 1651 quoniam
1164 1622 1334 1652 compunctus
1347 1617 1425 1644 sum!
1440 1618 1593 1651 Antequam
1617 1617 1711 1644 videas
1728 1617 1810 1644 visio-

1023 1671 1096 1695 nem,
1114 1671 1167 1690 non
1185 1663 1321 1690 confiteris
1333 1667 1358 1690 te
1369 1670 1430 1690 esse
1445 1663 1585 1694 miserum,
1603 1670 1620 1690 ο
1638 1661 1730 1689 Isaia?
1751 1661 1808 1688 Non

1023 1708 1061 1735 ait
1080 1717 1086 1735 :
1104 1708 1223 1743 quandiu
1235 1708 1302 1735 vixit
1320 1707 1409 1741 Osias,
1432 1715 1520 1742 neque
1537 1708 1563 1734 in
1584 1715 1697 1735 sensum
1719 1715 1809 1734 meum

1022 1754 1096 1781 venit
1111 1755 1175 1789 quia
1192 1754 1274 1781 miser
1289 1761 1390 1781 essem.
1412 1753 1516 1788 Incipio
1532 1758 1623 1780 autem
1645 1761 1728 1781 nosse
1745 1753 1809 1788 quia

1023 1801 1106 1827 miser
1122 1807 1194 1831 sum,
1210 1799 1321 1834 quando
1346 1799 1425 1826 video
1440 1800 1572 1826 visionem
1589 1800 1724 1827 moriente
1743 1799 1810 1826 mihi

1021 1844 1085 1872 Osia
1098 1852 1160 1879 rege
1172 1845 1289 1879 leproso,
1305 1849 1332 1872 et
1345 1845 1406 1872 dico
1425 1853 1432 1871 :
1449 1844 1472 1872 0
1483 1845 1563 1871 miser
1570 1845 1630 1879 ego!
1644 1844 1725 1872 Nunc
1741 1844 1808 1872 inci-

1021 1890 1066 1925 pio
1076 1894 1103 1916 et
1119 1897 1168 1924 ego
1185 1889 1309 1917 confiteri
1334 1889 1466 1921 Domino,
1483 1892 1509 1916 et
1525 1889 1616 1917 dicere
1635 1889 1670 1917 de
1692 1895 1809 1917 memet-

1021 1934 1080 1969 ipso
1094 1944 1101 1962 :
1113 1934 1136 1961 0
1149 1934 1231 1962 miser
1243 1935 1309 1969 ego!
1325 1933 1468 1967 Quomodo
1481 1933 1565 1961 Isaias
1582 1934 1648 1961 dicit
1664 1943 1672 1961 :
1686 1934 1710 1961 0
1727 1935 1809 1962 miser

1020 1989 1081 2016 ego.
1095 1980 1220 2008 Proxime
1233 1985 1323 2008 autent
1341 1980 1403 2008 huic
1413 1984 1441 2008 et
1457 1979 1604 2015 Apostolus
1620 1980 1687 2008 dicit
1702 1989 1710 2006 τ
1727 1979 1810 2006 Miser

1019 2035 1066 2061 ego
1081 2027 1168 2060 Ito-tto,
1191 2027 1249 2061 quis
1270 2034 1310 2052 me
1326 2025 1448 2052 liberabit
1463 2025 1496 2052 de
1513 2033 1622 2060 corpore
1642 2026 1736 2052 inertis
1760 2026 1809 2051 Iut-

1020 2073 1063 2104 ius
1076 2069 1236 2100 "?Beatum
1251 2076 1293 2099 est
1318 2079 1384 2107 ergo
1398 2076 1427 2098 ut
1442 2072 1572 2098 miserum
1593 2079 1637 2098 me
1656 2071 1756 2098 fatear.
1782 2070 1809 2097 Si

1021 2126 1064 2145 me
1085 2118 1274 2150 humiliavero,
1289 2121 1316 2144 et
1337 2117 1472 2152 pmuitens
1490 2124 1573 2151 super
1596 2116 1717 2150 peccatis
1741 2116 1810 2142 meis

182 2159 326 2178 “"memm
356 2150 498 2179 Ττί¹¹ίί³ιί³
524 2156 669 2179 “smmum
681 2171 690 2185 ν
716 2155 747 2178 ιη
767 2151 966 2179 mummdinem
984 2162 1005 2190 Ι)
1020 2162 1130 2196 ﬂevero,
1143 2163 1270 2189 exaudiet
1290 2150 1430 2195 meVDeus,
1447 2166 1474 2189 et
1493 2150 1568 2188 dabit
1588 2160 1655 2187 mihi
1679 2161 1810 2187 liberato-

182 2196 336 2223 sanctitatis
349 2196 524 2224 manifestent
537 2196 595 2229 Dei.
609 2204 670 2231 quae
687 2201 729 2224 est
743 2197 822 2224 trina:
835 2197 967 2224 sanctita-

181 2243 218 2269 tis
231 2242 342 2276 repetita
356 2243 551 2273 communitas,
567 2242 697 2269 sanctitas
717 2241 817 2275 Patris,
837 2242 969 2270 sanctitas

180 2288 314 2323 unigeniti
342 2287 424 2319 Filii,
453 2292 481 2314 et
512 2287 628 2323 Spiritus
650 2288 748 2315 sancti.
773 2287 877 2314 Etenim
906 2296 968 2314 san-

179 2333 299 2367 cti/imus
315 2338 340 2360 et
351 2334 512 2368 sunctiﬁcati
525 2341 558 2360 ea:
568 2341 619 2360 uno
629 2341 716 2360 omnes
728 2333 761 2361 ⁷⁸.
777 2332 828 2366 Qui
849 2334 969 2361 sanctiu-

179 2383 223 2405 cat
239 2378 362 2405 Salvator
374 2383 426 2411 est,
447 2379 525 2413 juxta
539 2380 590 2406 hoc
610 2379 683 2414 quod
705 2379 786 2407 homo
805 2384 847 2407 est
871 2387 886 2406 a
912 2379 968 2406 Deo

179 2423 261 2452 Patre
284 2424 420 2460 accipiens
440 2425 622 2452 sanctitatem.
636 2425 742 2457 ,Dicuut
760 2425 851 2460 itaque
872 2434 878 2452 :
895 2425 966 2452 Satt-

177 2479 247 2505 c.‘us,
259 2477 377 2504 sanctus,
391 2478 499 2498 sanctus
513 2471 639 2498 Dominus
650 2471 718 2499 Deus
733 2471 858 2499 Sabaoth.
878 2471 964 2498 Inter-

178 2524 301 2554 pretatur
313 2519 444 2551 Sabaoth,
459 2523 488 2545 ut
501 2517 598 2553 Aquila
611 2518 731 2550 tradidit,
748 2517 875 2544 Dominus
892 2518 964 2544 mili-

178 2566 288 2592 tiaram.

211 2621 239 2648 2.
257 2620 340 2648 Plena
350 2625 389 2647 est
400 2621 485 2647 omnis
498 2625 568 2646 terra
579 2619 664 2654 gloria
673 2619 740 2653 ejus.
749 2617 818 2645 Olim
832 2618 909 2652 plena
920 2617 966 2643 do—

179 2673 240 2693 mus
254 2671 312 2693 erat
329 2667 425 2701 gloria,
449 2673 522 2694 nunc
540 2673 604 2693 vero
623 2665 666 2692 his
691 2664 738 2699 qui
758 2671 840 2698 super
862 2667 963 2690 terram

215 2722 238 2737 “
252 2722 302 2749 lsa.
320 2731 373 2753 xu.
391 2722 434 2749 26.
463 2723 484 2738 ⁸⁷
500 2721 598 2749 Cenes.
614 2729 632 2754 ι,
648 2721 673 2754 1,
691 2720 718 2747 2.
758 2720 780 2735 ⁸⁵
797 2719 849 2747 Isa.
864 2725 924 2750 va,
940 2716 968 2742 7.

180 2755 202 2771 "
219 2756 296 2782 Rom.
325 2765 371 2791 vn,
389 2757 434 2784 ‘25.
473 2757 495 2772 "'
512 2757 577 2785 ibid.
592 2756 638 2783 ‘25.

1020 2215 1087 2239 rem,
1099 2211 1126 2234 et
1136 2207 1223 2235 dicam
1239 2217 1246 2234 :
1259 2206 1366 2234 Gratias
1378 2206 1432 2233 Deo
1441 2215 1486 2240 per
1496 2205 1587 2232 Iesum
1601 2205 1742 2232 Christum
1757 2205 1808 2231 Do-

1019 2252 1117 2278 minum
1131 2257 1250 2278 nostrum
1261 2252 1294 2278 ".
1309 2251 1408 2278 Verum
1423 2259 1455 2279 ex
1467 2251 1548 2278 corde
1560 2250 1687 2277 dicamus
1705 2259 1712 2277 ;
1729 2249 1810 2277 Miser

1018 2304 1069 2332 ego
1082 2304 1154 2324 sum.
1166 2296 1358 2331 Unusquisque
1377 2296 1455 2331 113
1468 2296 1627 2323 recordetur
1645 2303 1748 2323 causas
1760 2295 1809 2322 mi-

1019 2342 1152 2370 seriarum
1165 2349 1276 2369 suarum
1285 2346 1310 2369 et
1322 2341 1431 2374 delicta,
1444 2346 1470 2368 et
1483 2341 1606 2368 dicamus
1617 2346 1767 2376 surgentes
1777 2341 1808 2368 ad

1019 2387 1182 2419 orationem,
1193 2393 1326 2412 memores
1335 2385 1444 2420 quidem
1453 2385 1532 2420 quasi
1539 2386 1703 2412 confitentes
1714 2406 1722 2419 ,
1734 2385 1808 2413 obliti

1019 2435 1110 2458 autem
1126 2431 1203 2465 quasi
1215 2430 1271 2465 jam
1288 2438 1341 2457 non
1358 2429 1497 2462 facientes.
1513 2434 1540 2457 et
1552 2430 1680 2457 dicamus
1699 2439 1706 2457 :
1726 2430 1808 2457 Miser

1018 2476 1198 2511 ego,quoniam
1211 2481 1380 2509 compunctus
1397 2483 1465 2501 sum.
1481 2473 1539 2501 Non
1563 2479 1605 2500 est.
1625 2480 1807 2509 compunctus

1018 2526 1164 2555 antequam
1182 2520 1284 2547 videret
1297 2521 1442 2550 visionem,
1459 2524 1605 2554 antequam
1620 2519 1704 2547 Osias
1719 2527 1807 2546 more-

1018 2571 1092 2593 retur
1107 2574 1186 2594 :cum
1203 2566 1298 2600 incipit
1310 2566 1495 2601 pmnitcntiam
1509 2572 1599 2601 agere,
1611 2565 1707 2592 statim
1721 2565 1787 2592 dicit
1799 2573 1806 2591 :

1017 2612 1142 2646 quoniam
1160 2616 1329 2646 compunctus
1348 2619 1417 2638 sum.
1443 2610 1472 2638 Si
1491 2611 1554 2646 quis
1579 2611 1640 2638 sine
1658 2619 1744 2639 sensu
1767 2615 1805 2638 est

1015 2657 1092 2692 juxta
1110 2657 1266 2684 interiorem
1280 2656 1432 2689 hominem,
1450 2664 1511 2683 cum
1530 2660 1660 2691 peccator
1672 2657 1709 2684 sit
1721 2678 1728 2689 .
1753 2663 1803 2684 non

1007 2716 1028 2732 "
1044 2713 1123 2742 Prov.
1139 2721 1197 2747 vm,
1210 2712 1254 2740 ﬁt.
1294 2714 1315 2730 ⁷⁸
1330 2713 1396 2741 Ileb.
1415 2721 1444 2746 ιι,
1461 2713 1505 2740 II.
1544 2713 1565 2728 "
1584 2712 1660 2741 Psal.
1678 2721 1762 2745 uxv,
1779 2713 1794 2738 2
