  <div class='ocr_page' id='page_1' title='image "/cluster/home/n/w/nwhite01/storage/ocr_20150623/13/njp.32101077772430/164.png"; bbox 0 0 1879 3046; ppageno 0'>
   <div class='ocr_carea' id='block_1_1' title="bbox 72 130 1066 162">
    <p class='ocr_par' dir='ltr' id='par_1_1' title="bbox 72 130 1066 162">
     <span class='ocr_line' id='line_1_1' title="bbox 72 130 1066 162; baseline -0.003 0"><span class='ocrx_word' id='word_1_1' title='bbox 72 133 112 162; x_wconf 63' lang='lat'><strong>£35</strong></span> <span class='ocrx_word' id='word_1_2' title='bbox 687 132 721 159; x_wconf 88' lang='lat' dir='ltr'><strong>IN</strong></span> <span class='ocrx_word' id='word_1_3' title='bbox 741 131 857 160; x_wconf 77' lang='lat' dir='ltr'><strong>ISAIAM</strong></span> <span class='ocrx_word' id='word_1_4' title='bbox 876 130 1015 158; x_wconf 72' lang='lat' dir='ltr'><strong>HOMILIA</strong></span> <span class='ocrx_word' id='word_1_5' title='bbox 1036 132 1066 159; x_wconf 65' lang='grc' dir='ltr'><strong>Υ.</strong></span> 
     </span>
    </p>
   </div>
   <div class='ocr_carea' id='block_1_2' title="bbox 74 192 879 229">
    <p class='ocr_par' dir='ltr' id='par_1_2' title="bbox 74 192 879 229">
     <span class='ocr_line' id='line_1_2' title="bbox 74 192 879 229; baseline 0 -9"><span class='ocrx_word' id='word_1_6' title='bbox 74 192 256 229; x_wconf 78' lang='lat' dir='ltr'><strong>eornpungitur;</strong></span> <span class='ocrx_word' id='word_1_7' title='bbox 275 192 320 220; x_wconf 84' lang='lat' dir='ltr'><strong>sed</strong></span> <span class='ocrx_word' id='word_1_8' title='bbox 335 193 414 227; x_wconf 86' lang='lat' dir='ltr'><strong>quasi</strong></span> <span class='ocrx_word' id='word_1_9' title='bbox 432 193 458 220; x_wconf 94' lang='lat' dir='ltr'><strong>in</strong></span> <span class='ocrx_word' id='word_1_10' title='bbox 476 193 612 220; x_wconf 73' lang='lat' dir='ltr'><strong>exteriora</strong></span> <span class='ocrx_word' id='word_1_11' title='bbox 630 194 752 221; x_wconf 81' lang='lat' dir='ltr'><strong>metnbra</strong></span> <span class='ocrx_word' id='word_1_12' title='bbox 780 194 840 221; x_wconf 90' lang='lat' dir='ltr'><strong>licet</strong></span> <span class='ocrx_word' id='word_1_13' title='bbox 858 197 879 224; x_wconf 87' lang='grc' dir='ltr'><strong>Λ</strong></span> 
     </span>
    </p>
   </div>
   <div class='ocr_carea' id='block_1_3' title="bbox 74 239 842 275">
    <p class='ocr_par' dir='ltr' id='par_1_3' title="bbox 74 239 842 275">
     <span class='ocr_line' id='line_1_3' title="bbox 74 239 842 275; baseline 0 -8"><span class='ocrx_word' id='word_1_14' title='bbox 74 239 187 267; x_wconf 74' lang='lat' dir='ltr'><strong>adhibeas</strong></span> <span class='ocrx_word' id='word_1_15' title='bbox 208 239 368 272; x_wconf 85' lang='lat' dir='ltr'><strong>stimulum,</strong></span> <span class='ocrx_word' id='word_1_16' title='bbox 391 246 444 266; x_wconf 92' lang='lat' dir='ltr'><strong>non</strong></span> <span class='ocrx_word' id='word_1_17' title='bbox 467 239 549 266; x_wconf 85' lang='lat' dir='ltr'><strong>sentit</strong></span> <span class='ocrx_word' id='word_1_18' title='bbox 568 244 707 266; x_wconf 86' lang='lat' dir='ltr'><strong>mortuum</strong></span> <span class='ocrx_word' id='word_1_19' title='bbox 730 247 842 275; x_wconf 79' lang='lat' dir='ltr'><strong>corpus.</strong></span> 
     </span>
    </p>
   </div>
   <div class='ocr_carea' id='block_1_4' title="bbox 74 285 844 320">
    <p class='ocr_par' dir='ltr' id='par_1_4' title="bbox 74 285 844 320">
     <span class='ocr_line' id='line_1_4' title="bbox 74 285 844 320; baseline -0.003 -6"><span class='ocrx_word' id='word_1_20' title='bbox 74 287 154 314; x_wconf 82' lang='lat' dir='ltr'><strong>eodem</strong></span> <span class='ocrx_word' id='word_1_21' title='bbox 177 286 254 312; x_wconf 82' lang='lat' dir='ltr'><strong>modo</strong></span> <span class='ocrx_word' id='word_1_22' title='bbox 275 286 298 312; x_wconf 88' lang='lat' dir='ltr'><strong>si</strong></span> <span class='ocrx_word' id='word_1_23' title='bbox 323 285 452 312; x_wconf 78' lang='lat' dir='ltr'><strong>adhibeas</strong></span> <span class='ocrx_word' id='word_1_24' title='bbox 480 286 616 320; x_wconf 87' lang='lat' dir='ltr'><strong>peccatori</strong></span> <span class='ocrx_word' id='word_1_25' title='bbox 647 286 727 313; x_wconf 82' lang='lat' dir='ltr'><strong>verba</strong></span> <span class='ocrx_word' id='word_1_26' title='bbox 751 285 844 313; x_wconf 87' lang='lat' dir='ltr'><strong>divina</strong></span> 
     </span>
    </p>
   </div>
   <div class='ocr_carea' id='block_1_5' title="bbox 75 331 845 366">
    <p class='ocr_par' dir='ltr' id='par_1_5' title="bbox 75 331 845 366">
     <span class='ocr_line' id='line_1_5' title="bbox 75 331 845 366; baseline -0.001 -7"><span class='ocrx_word' id='word_1_27' title='bbox 75 332 218 360; x_wconf 83' lang='lat' dir='ltr'><strong>mortiﬁcato</strong></span> <span class='ocrx_word' id='word_1_28' title='bbox 233 339 281 366; x_wconf 85' lang='lat' dir='ltr'><strong>per</strong></span> <span class='ocrx_word' id='word_1_29' title='bbox 298 335 454 366; x_wconf 88' lang='lat' dir='ltr'><strong>peccatum,</strong></span> <span class='ocrx_word' id='word_1_30' title='bbox 478 335 505 358; x_wconf 92' lang='lat' dir='ltr'><strong>et</strong></span> <span class='ocrx_word' id='word_1_31' title='bbox 523 338 577 358; x_wconf 88' lang='lat' dir='ltr'><strong>non</strong></span> <span class='ocrx_word' id='word_1_32' title='bbox 601 331 689 366; x_wconf 86' lang='lat' dir='ltr'><strong>agenti</strong></span> <span class='ocrx_word' id='word_1_33' title='bbox 709 331 845 366; x_wconf 75' lang='lat' dir='ltr'><strong>poeniten-</strong></span> 
     </span>
    </p>
   </div>
   <div class='ocr_carea' id='block_1_6' title="bbox 75 376 843 412">
    <p class='ocr_par' dir='ltr' id='par_1_6' title="bbox 75 376 843 412">
     <span class='ocr_line' id='line_1_6' title="bbox 75 376 843 412; baseline 0 -8"><span class='ocrx_word' id='word_1_34' title='bbox 75 378 141 409; x_wconf 79' lang='lat' dir='ltr'><strong>tiam,</strong></span> <span class='ocrx_word' id='word_1_35' title='bbox 152 383 234 410; x_wconf 84' lang='lat' dir='ltr'><strong>neque</strong></span> <span class='ocrx_word' id='word_1_36' title='bbox 251 380 367 403; x_wconf 73' lang='lat' dir='ltr'><strong>rnmstus</strong></span> <span class='ocrx_word' id='word_1_37' title='bbox 382 380 434 408; x_wconf 84' lang='lat' dir='ltr'><strong>est,</strong></span> <span class='ocrx_word' id='word_1_38' title='bbox 450 383 541 411; x_wconf 87' lang='lat' dir='ltr'><strong>neque</strong></span> <span class='ocrx_word' id='word_1_39' title='bbox 556 376 679 411; x_wconf 65' lang='lat' dir='ltr'><strong>poenitet,</strong></span> <span class='ocrx_word' id='word_1_40' title='bbox 690 384 777 412; x_wconf 85' lang='lat' dir='ltr'><strong>neque</strong></span> <span class='ocrx_word' id='word_1_41' title='bbox 794 377 843 404; x_wconf 89' lang='lat' dir='ltr'><strong>ha-</strong></span> 
     </span>
    </p>
   </div>
   <div class='ocr_carea' id='block_1_7' title="bbox 75 422 843 457">
    <p class='ocr_par' dir='ltr' id='par_1_7' title="bbox 75 422 843 457">
     <span class='ocr_line' id='line_1_7' title="bbox 75 422 843 457; baseline 0.001 -7"><span class='ocrx_word' id='word_1_42' title='bbox 75 425 110 450; x_wconf 66' lang='lat' dir='ltr'><strong>ho-t</strong></span> <span class='ocrx_word' id='word_1_43' title='bbox 126 423 257 450; x_wconf 84' lang='lat' dir='ltr'><strong>tristitiam</strong></span> <span class='ocrx_word' id='word_1_44' title='bbox 272 428 431 457; x_wconf 87' lang='lat' dir='ltr'><strong>operantem</strong></span> <span class='ocrx_word' id='word_1_45' title='bbox 453 422 654 450; x_wconf 87' lang='lat' dir='ltr'><strong>conlessionem</strong></span> <span class='ocrx_word' id='word_1_46' title='bbox 669 443 676 455; x_wconf 95' lang='lat'><strong>,</strong></span> <span class='ocrx_word' id='word_1_47' title='bbox 705 424 843 451; x_wconf 88' lang='lat' dir='ltr'><strong>tristitiam</strong></span> 
     </span>
    </p>
   </div>
   <div class='ocr_carea' id='block_1_8' title="bbox 74 467 845 504">
    <p class='ocr_par' dir='ltr' id='par_1_8' title="bbox 74 467 845 504">
     <span class='ocr_line' id='line_1_8' title="bbox 74 467 845 504; baseline -0.001 -7"><span class='ocrx_word' id='word_1_48' title='bbox 74 478 123 504; x_wconf 75' lang='lat' dir='ltr'><strong>qua:</strong></span> <span class='ocrx_word' id='word_1_49' title='bbox 137 469 278 496; x_wconf 82' lang='lat' dir='ltr'><strong>secundum</strong></span> <span class='ocrx_word' id='word_1_50' title='bbox 294 469 377 496; x_wconf 89' lang='lat' dir='ltr'><strong>Deum</strong></span> <span class='ocrx_word' id='word_1_51' title='bbox 392 473 443 496; x_wconf 87' lang='lat' dir='ltr'><strong>cst.</strong></span> <span class='ocrx_word' id='word_1_52' title='bbox 462 467 490 496; x_wconf 89' lang='lat' dir='ltr'>Si</span> <span class='ocrx_word' id='word_1_53' title='bbox 505 469 568 503; x_wconf 83' lang='lat' dir='ltr'><strong>quis</strong></span> <span class='ocrx_word' id='word_1_54' title='bbox 580 473 672 496; x_wconf 89' lang='lat' dir='ltr'><strong>autem</strong></span> <span class='ocrx_word' id='word_1_55' title='bbox 685 469 741 496; x_wconf 97' lang='lat' dir='ltr'><strong>vult</strong></span> <span class='ocrx_word' id='word_1_56' title='bbox 757 469 845 496; x_wconf 87' lang='lat' dir='ltr'><strong>salva-</strong></span> 
     </span>
    </p>
   </div>
   <div class='ocr_carea' id='block_1_9' title="bbox 75 515 845 550">
    <p class='ocr_par' dir='ltr' id='par_1_9' title="bbox 75 515 845 550">
     <span class='ocr_line' id='line_1_9' title="bbox 75 515 845 550; baseline 0 -8"><span class='ocrx_word' id='word_1_57' title='bbox 75 516 102 548; x_wconf 89' lang='lat' dir='ltr'><strong>ri,</strong></span> <span class='ocrx_word' id='word_1_58' title='bbox 112 519 135 542; x_wconf 89' lang='lat' dir='ltr'><strong>et</strong></span> <span class='ocrx_word' id='word_1_59' title='bbox 148 515 259 542; x_wconf 85' lang='lat' dir='ltr'><strong>audierit</strong></span> <span class='ocrx_word' id='word_1_60' title='bbox 273 523 415 542; x_wconf 75' lang='lat' dir='ltr'><strong>sermones</strong></span> <span class='ocrx_word' id='word_1_61' title='bbox 435 515 577 550; x_wconf 88' lang='lat' dir='ltr'><strong>arguentis</strong></span> <span class='ocrx_word' id='word_1_62' title='bbox 594 521 634 548; x_wconf 88' lang='lat' dir='ltr'><strong>se,</strong></span> <span class='ocrx_word' id='word_1_63' title='bbox 649 519 677 542; x_wconf 87' lang='lat' dir='ltr'><strong>et</strong></span> <span class='ocrx_word' id='word_1_64' title='bbox 692 515 845 550; x_wconf 84' lang='lat' dir='ltr'><strong>corripien-</strong></span> 
     </span>
    </p>
   </div>
   <div class='ocr_carea' id='block_1_10' title="bbox 74 559 844 595">
    <p class='ocr_par' dir='ltr' id='par_1_10' title="bbox 74 559 844 595">
     <span class='ocr_line' id='line_1_10' title="bbox 74 559 844 595; baseline 0.001 -8"><span class='ocrx_word' id='word_1_65' title='bbox 74 561 110 591; x_wconf 83' lang='lat' dir='ltr'><strong>tis,</strong></span> <span class='ocrx_word' id='word_1_66' title='bbox 125 561 207 588; x_wconf 86' lang='lat' dir='ltr'><strong>statim</strong></span> <span class='ocrx_word' id='word_1_67' title='bbox 227 561 292 587; x_wconf 81' lang='lat' dir='ltr'><strong>dicit</strong></span> <span class='ocrx_word' id='word_1_68' title='bbox 316 569 322 587; x_wconf 86' lang='lat'><strong>:</strong></span> <span class='ocrx_word' id='word_1_69' title='bbox 337 560 359 587; x_wconf 85' lang='grc'>0</span> <span class='ocrx_word' id='word_1_70' title='bbox 375 560 458 588; x_wconf 83' lang='lat' dir='ltr'><strong>miser</strong></span> <span class='ocrx_word' id='word_1_71' title='bbox 472 568 533 595; x_wconf 85' lang='lat' dir='ltr'><strong>ego.</strong></span> <span class='ocrx_word' id='word_1_72' title='bbox 551 559 607 587; x_wconf 87' lang='lat' dir='ltr'><strong>Nec</strong></span> <span class='ocrx_word' id='word_1_73' title='bbox 623 560 721 588; x_wconf 89' lang='lat' dir='ltr'><strong>sullicit</strong></span> <span class='ocrx_word' id='word_1_74' title='bbox 742 561 844 594; x_wconf 76' lang='lat' dir='ltr'><strong>dicere,</strong></span> 
     </span>
    </p>
   </div>
   <div class='ocr_carea' id='block_1_11' title="bbox 75 606 843 641">
    <p class='ocr_par' dir='ltr' id='par_1_11' title="bbox 75 606 843 641">
     <span class='ocr_line' id='line_1_11' title="bbox 75 606 843 641; baseline 0.003 -10"><span class='ocrx_word' id='word_1_75' title='bbox 75 608 142 633; x_wconf 75' lang='lat' dir='ltr'><strong>miser</strong></span> <span class='ocrx_word' id='word_1_76' title='bbox 150 615 203 641; x_wconf 76' lang='lat' dir='ltr'><strong>ego;</strong></span> <span class='ocrx_word' id='word_1_77' title='bbox 217 606 407 641; x_wconf 88' lang='lat' dir='ltr'><strong>apponendum</strong></span> <span class='ocrx_word' id='word_1_78' title='bbox 419 613 460 633; x_wconf 88' lang='lat' dir='ltr'><strong>est</strong></span> <span class='ocrx_word' id='word_1_79' title='bbox 470 607 505 637; x_wconf 89' lang='lat' dir='ltr'><strong>ei,</strong></span> <span class='ocrx_word' id='word_1_80' title='bbox 517 607 580 641; x_wconf 82' lang='lat' dir='ltr'><strong>quia</strong></span> <span class='ocrx_word' id='word_1_81' title='bbox 593 611 762 641; x_wconf 71' lang='lat' dir='ltr'><strong>compunctus</strong></span> <span class='ocrx_word' id='word_1_82' title='bbox 773 615 843 634; x_wconf 83' lang='lat' dir='ltr'><strong>sum.</strong></span> 
     </span>
    </p>
   </div>
   <div class='ocr_carea' id='block_1_12' title="bbox 75 651 843 687">
    <p class='ocr_par' dir='ltr' id='par_1_12' title="bbox 75 651 843 687">
     <span class='ocr_line' id='line_1_12' title="bbox 75 651 843 687; baseline 0.001 -9"><span class='ocrx_word' id='word_1_83' title='bbox 75 651 219 686; x_wconf 69' lang='lat' dir='ltr'><strong>L‘linamque</strong></span> <span class='ocrx_word' id='word_1_84' title='bbox 248 652 367 686; x_wconf 82' lang='lat' dir='ltr'><strong>amplius</strong></span> <span class='ocrx_word' id='word_1_85' title='bbox 389 653 623 687; x_wconf 83' lang='lat' dir='ltr'><strong>compungamur!</strong></span> <span class='ocrx_word' id='word_1_86' title='bbox 641 651 749 685; x_wconf 89' lang='lat' dir='ltr'><strong>Quanto</strong></span> <span class='ocrx_word' id='word_1_87' title='bbox 769 652 843 680; x_wconf 89' lang='lat' dir='ltr'><strong>enim</strong></span> 
     </span>
    </p>
   </div>
   <div class='ocr_carea' id='block_1_13' title="bbox 75 697 843 732">
    <p class='ocr_par' dir='ltr' id='par_1_13' title="bbox 75 697 843 732">
     <span class='ocr_line' id='line_1_13' title="bbox 75 697 843 732; baseline 0.001 -9"><span class='ocrx_word' id='word_1_88' title='bbox 75 697 125 731; x_wconf 84' lang='lat' dir='ltr'><strong>plus</strong></span> <span class='ocrx_word' id='word_1_89' title='bbox 139 697 358 731; x_wconf 87' lang='lat' dir='ltr'><strong>compungimur,</strong></span> <span class='ocrx_word' id='word_1_90' title='bbox 381 701 457 724; x_wconf 86' lang='lat' dir='ltr'><strong>tanto</strong></span> <span class='ocrx_word' id='word_1_91' title='bbox 481 697 543 732; x_wconf 91' lang='lat' dir='ltr'><strong>plus</strong></span> <span class='ocrx_word' id='word_1_92' title='bbox 564 697 644 725; x_wconf 90' lang='lat' dir='ltr'><strong>nobis</strong></span> <span class='ocrx_word' id='word_1_93' title='bbox 669 702 843 732; x_wconf 73' lang='lat' dir='ltr'><strong>peccatorum</strong></span> 
     </span>
    </p>
   </div>
   <div class='ocr_carea' id='block_1_14' title="bbox 75 742 843 778">
    <p class='ocr_par' dir='ltr' id='par_1_14' title="bbox 75 742 843 778">
     <span class='ocr_line' id='line_1_14' title="bbox 75 742 843 778; baseline 0.003 -9"><span class='ocrx_word' id='word_1_94' title='bbox 75 744 166 770; x_wconf 82' lang='lat' dir='ltr'><strong>vincula</strong></span> <span class='ocrx_word' id='word_1_95' title='bbox 180 744 313 770; x_wconf 78' lang='lat' dir='ltr'><strong>laxantur.</strong></span> <span class='ocrx_word' id='word_1_96' title='bbox 329 742 441 778; x_wconf 80' lang='lat' dir='ltr'><strong>Propter</strong></span> <span class='ocrx_word' id='word_1_97' title='bbox 454 744 506 771; x_wconf 91' lang='lat' dir='ltr'><strong>hoc</strong></span> <span class='ocrx_word' id='word_1_98' title='bbox 521 744 616 771; x_wconf 81' lang='lat' dir='ltr'><strong>Achab</strong></span> <span class='ocrx_word' id='word_1_99' title='bbox 632 744 676 771; x_wconf 88' lang='lat' dir='ltr'><strong>ille</strong></span> <span class='ocrx_word' id='word_1_100' title='bbox 700 752 753 771; x_wconf 88' lang='lat' dir='ltr'><strong>non</strong></span> <span class='ocrx_word' id='word_1_101' title='bbox 770 744 843 771; x_wconf 92' lang='lat' dir='ltr'><strong>mul-</strong></span> 
     </span>
    </p>
   </div>
   <div class='ocr_carea' id='block_1_15' title="bbox 74 790 843 825">
    <p class='ocr_par' dir='ltr' id='par_1_15' title="bbox 74 790 843 825">
     <span class='ocr_line' id='line_1_15' title="bbox 74 790 843 825; baseline 0.003 -9"><span class='ocrx_word' id='word_1_102' title='bbox 74 794 121 816; x_wconf 85' lang='lat' dir='ltr'><strong>tum</strong></span> <span class='ocrx_word' id='word_1_103' title='bbox 146 790 265 817; x_wconf 79' lang='lat' dir='ltr'><strong>utilitatis</strong></span> <span class='ocrx_word' id='word_1_104' title='bbox 286 794 329 817; x_wconf 91' lang='lat' dir='ltr'><strong>est</strong></span> <span class='ocrx_word' id='word_1_105' title='bbox 351 795 534 822; x_wconf 79' lang='lat' dir='ltr'><strong>consecutus,</strong></span> <span class='ocrx_word' id='word_1_106' title='bbox 557 791 622 825; x_wconf 86' lang='lat' dir='ltr'><strong>quia</strong></span> <span class='ocrx_word' id='word_1_107' title='bbox 642 798 697 818; x_wconf 92' lang='lat' dir='ltr'><strong>non</strong></span> <span class='ocrx_word' id='word_1_108' title='bbox 726 791 843 818; x_wconf 90' lang='lat' dir='ltr'><strong>multum</strong></span> 
     </span>
    </p>
   </div>
   <div class='ocr_carea' id='block_1_16' title="bbox 72 836 843 871">
    <p class='ocr_par' dir='ltr' id='par_1_16' title="bbox 72 836 843 871">
     <span class='ocr_line' id='line_1_16' title="bbox 72 836 843 871; baseline 0.003 -9"><span class='ocrx_word' id='word_1_109' title='bbox 72 840 231 870; x_wconf 83' lang='lat' dir='ltr'><strong>compunctus</strong></span> <span class='ocrx_word' id='word_1_110' title='bbox 246 841 304 868; x_wconf 87' lang='lat' dir='ltr'><strong>est;</strong></span> <span class='ocrx_word' id='word_1_111' title='bbox 322 836 369 863; x_wconf 82' lang='lat' dir='ltr'><strong>sed</strong></span> <span class='ocrx_word' id='word_1_112' title='bbox 385 840 566 870; x_wconf 79' lang='lat' dir='ltr'><strong>compunctus</strong></span> <span class='ocrx_word' id='word_1_113' title='bbox 580 836 690 871; x_wconf 83' lang='lat' dir='ltr'><strong>quidem</strong></span> <span class='ocrx_word' id='word_1_114' title='bbox 705 841 747 864; x_wconf 86' lang='lat' dir='ltr'><strong>est</strong></span> <span class='ocrx_word' id='word_1_115' title='bbox 759 836 843 864; x_wconf 83' lang='lat' dir='ltr'><strong>semel</strong></span> 
     </span>
    </p>
   </div>
   <div class='ocr_carea' id='block_1_17' title="bbox 1632 134 1684 160">
    <p class='ocr_par' dir='ltr' id='par_1_17' title="bbox 1632 134 1684 160">
     <span class='ocr_line' id='line_1_17' title="bbox 1632 134 1684 160; baseline 0 0"><span class='ocrx_word' id='word_1_116' title='bbox 1632 134 1684 160; x_wconf 63' lang='grc' dir='ltr'><strong>2όῦ</strong></span> 
     </span>
    </p>
   </div>
   <div class='ocr_carea' id='block_1_18' title="bbox 929 193 1684 227">
    <p class='ocr_par' dir='ltr' id='par_1_18' title="bbox 929 193 1684 227">
     <span class='ocr_line' id='line_1_18' title="bbox 929 193 1684 227; baseline 0 -7"><span class='ocrx_word' id='word_1_117' title='bbox 929 194 955 221; x_wconf 81' lang='grc'><strong>5.</strong></span> <span class='ocrx_word' id='word_1_118' title='bbox 978 193 1011 220; x_wconf 83' lang='lat' dir='ltr'><strong>Et</strong></span> <span class='ocrx_word' id='word_1_119' title='bbox 1030 194 1125 220; x_wconf 84' lang='lat' dir='ltr'><strong>missus</strong></span> <span class='ocrx_word' id='word_1_120' title='bbox 1143 196 1181 219; x_wconf 81' lang='lat' dir='ltr'><strong>est</strong></span> <span class='ocrx_word' id='word_1_121' title='bbox 1204 193 1238 219; x_wconf 87' lang='lat' dir='ltr'><strong>ad</strong></span> <span class='ocrx_word' id='word_1_122' title='bbox 1260 201 1298 219; x_wconf 74' lang='lat' dir='ltr'><strong>me</strong></span> <span class='ocrx_word' id='word_1_123' title='bbox 1324 201 1389 219; x_wconf 78' lang='lat' dir='ltr'><strong>unus</strong></span> <span class='ocrx_word' id='word_1_124' title='bbox 1405 193 1436 220; x_wconf 83' lang='lat' dir='ltr'><strong>de</strong></span> <span class='ocrx_word' id='word_1_125' title='bbox 1454 193 1597 227; x_wconf 68' lang='lat' dir='ltr'><strong>semp/tim,</strong></span> <span class='ocrx_word' id='word_1_126' title='bbox 1617 200 1640 220; x_wconf 88' lang='lat' dir='ltr'><strong>et</strong></span> <span class='ocrx_word' id='word_1_127' title='bbox 1657 194 1684 220; x_wconf 79' lang='grc' dir='ltr'><strong>ἰιι</strong></span> 
     </span>
    </p>
   </div>
   <div class='ocr_carea' id='block_1_19' title="bbox 896 239 1684 274">
    <p class='ocr_par' dir='ltr' id='par_1_19' title="bbox 896 239 1684 274">
     <span class='ocr_line' id='line_1_19' title="bbox 896 239 1684 274; baseline 0.001 -9"><span class='ocrx_word' id='word_1_128' title='bbox 896 249 975 267; x_wconf 77' lang='lat' dir='ltr'><strong>ntamt</strong></span> <span class='ocrx_word' id='word_1_129' title='bbox 988 241 1045 274; x_wconf 80' lang='lat' dir='ltr'><strong>ejus</strong></span> <span class='ocrx_word' id='word_1_130' title='bbox 1057 239 1167 267; x_wconf 78' lang='lat' dir='ltr'><strong>habebat</strong></span> <span class='ocrx_word' id='word_1_131' title='bbox 1182 239 1331 272; x_wconf 83' lang='lat' dir='ltr'><strong>carbonem,</strong></span> <span class='ocrx_word' id='word_1_132' title='bbox 1344 247 1419 274; x_wconf 82' lang='lat' dir='ltr'><strong>quem</strong></span> <span class='ocrx_word' id='word_1_133' title='bbox 1433 244 1569 274; x_wconf 75' lang='lat' dir='ltr'><strong>acceperat</strong></span> <span class='ocrx_word' id='word_1_134' title='bbox 1585 240 1684 274; x_wconf 75' lang='lat' dir='ltr'><strong>forcipe</strong></span> 
     </span>
    </p>
   </div>
   <div class='ocr_carea' id='block_1_20' title="bbox 895 285 1685 320">
    <p class='ocr_par' dir='ltr' id='par_1_20' title="bbox 895 285 1685 320">
     <span class='ocr_line' id='line_1_20' title="bbox 895 285 1685 320; baseline -0.001 -7"><span class='ocrx_word' id='word_1_135' title='bbox 895 288 928 314; x_wconf 83' lang='lat' dir='ltr'><strong>de</strong></span> <span class='ocrx_word' id='word_1_136' title='bbox 947 286 1039 313; x_wconf 91' lang='lat' dir='ltr'><strong>altari.</strong></span> <span class='ocrx_word' id='word_1_137' title='bbox 1063 285 1121 312; x_wconf 82' lang='lat' dir='ltr'><strong>Non</strong></span> <span class='ocrx_word' id='word_1_138' title='bbox 1146 292 1310 320; x_wconf 84' lang='lat' dir='ltr'><strong>quocunque</strong></span> <span class='ocrx_word' id='word_1_139' title='bbox 1336 285 1494 320; x_wconf 79' lang='lat' dir='ltr'><strong>simpliciter</strong></span> <span class='ocrx_word' id='word_1_140' title='bbox 1519 290 1547 312; x_wconf 85' lang='lat' dir='ltr'><strong>ct</strong></span> <span class='ocrx_word' id='word_1_141' title='bbox 1572 285 1685 312; x_wconf 82' lang='lat' dir='ltr'><strong>fortuito</strong></span> 
     </span>
    </p>
   </div>
   <div class='ocr_carea' id='block_1_21' title="bbox 896 330 1682 367">
    <p class='ocr_par' dir='ltr' id='par_1_21' title="bbox 896 330 1682 367">
     <span class='ocr_line' id='line_1_21' title="bbox 896 330 1682 367; baseline -0.001 -10"><span class='ocrx_word' id='word_1_142' title='bbox 896 331 1026 365; x_wconf 82' lang='lat' dir='ltr'><strong>propheta</strong></span> <span class='ocrx_word' id='word_1_143' title='bbox 1048 331 1110 367; x_wconf 84' lang='lat' dir='ltr'><strong>igne</strong></span> <span class='ocrx_word' id='word_1_144' title='bbox 1131 335 1274 366; x_wconf 79' lang='lat' dir='ltr'><strong>purgatur,</strong></span> <span class='ocrx_word' id='word_1_145' title='bbox 1298 331 1344 358; x_wconf 88' lang='lat' dir='ltr'><strong>sed</strong></span> <span class='ocrx_word' id='word_1_146' title='bbox 1359 331 1405 366; x_wconf 89' lang='lat' dir='ltr'><strong>qui</strong></span> <span class='ocrx_word' id='word_1_147' title='bbox 1426 335 1469 358; x_wconf 86' lang='lat' dir='ltr'><strong>cst</strong></span> <span class='ocrx_word' id='word_1_148' title='bbox 1487 331 1520 358; x_wconf 89' lang='lat' dir='ltr'><strong>de</strong></span> <span class='ocrx_word' id='word_1_149' title='bbox 1533 331 1612 358; x_wconf 82' lang='lat' dir='ltr'><strong>altari</strong></span> <span class='ocrx_word' id='word_1_150' title='bbox 1625 330 1682 357; x_wconf 89' lang='lat' dir='ltr'><strong>Dei.</strong></span> 
     </span>
    </p>
   </div>
   <div class='ocr_carea' id='block_1_22' title="bbox 897 376 1684 412">
    <p class='ocr_par' dir='ltr' id='par_1_22' title="bbox 897 376 1684 412">
     <span class='ocr_line' id='line_1_22' title="bbox 897 376 1684 412; baseline 0 -9"><span class='ocrx_word' id='word_1_151' title='bbox 897 376 925 403; x_wconf 92' lang='lat' dir='ltr'><strong>Si</strong></span> <span class='ocrx_word' id='word_1_152' title='bbox 942 382 1072 412; x_wconf 88' lang='lat' dir='ltr'><strong>purgatus</strong></span> <span class='ocrx_word' id='word_1_153' title='bbox 1090 385 1144 404; x_wconf 93' lang='lat' dir='ltr'><strong>non</strong></span> <span class='ocrx_word' id='word_1_154' title='bbox 1162 377 1246 404; x_wconf 80' lang='lat' dir='ltr'><strong>fueris</strong></span> <span class='ocrx_word' id='word_1_155' title='bbox 1263 376 1358 404; x_wconf 88' lang='lat' dir='ltr'><strong>altaris</strong></span> <span class='ocrx_word' id='word_1_156' title='bbox 1376 377 1447 412; x_wconf 89' lang='lat' dir='ltr'><strong>igne,</strong></span> <span class='ocrx_word' id='word_1_157' title='bbox 1463 377 1563 404; x_wconf 86' lang='lat' dir='ltr'><strong>residet</strong></span> <span class='ocrx_word' id='word_1_158' title='bbox 1577 377 1623 404; x_wconf 92' lang='lat' dir='ltr'><strong>tibi</strong></span> <span class='ocrx_word' id='word_1_159' title='bbox 1638 376 1684 403; x_wconf 80' lang='lat' dir='ltr'><strong>ille</strong></span> 
     </span>
    </p>
   </div>
   <div class='ocr_carea' id='block_1_23' title="bbox 895 423 1683 459">
    <p class='ocr_par' dir='ltr' id='par_1_23' title="bbox 895 423 1683 459">
     <span class='ocr_line' id='line_1_23' title="bbox 895 423 1683 459; baseline -0.003 -8"><span class='ocrx_word' id='word_1_160' title='bbox 895 424 929 450; x_wconf 87' lang='lat' dir='ltr'><strong>tle</strong></span> <span class='ocrx_word' id='word_1_161' title='bbox 948 431 1002 458; x_wconf 88' lang='lat' dir='ltr'><strong>quo</strong></span> <span class='ocrx_word' id='word_1_162' title='bbox 1016 424 1118 451; x_wconf 87' lang='lat' dir='ltr'><strong>dictum</strong></span> <span class='ocrx_word' id='word_1_163' title='bbox 1136 429 1177 451; x_wconf 88' lang='lat' dir='ltr'><strong>est</strong></span> <span class='ocrx_word' id='word_1_164' title='bbox 1190 432 1196 450; x_wconf 94' lang='lat'><strong>:</strong></span> <span class='ocrx_word' id='word_1_165' title='bbox 1212 423 1253 451; x_wconf 90' lang='lat' dir='ltr'><strong>lte</strong></span> <span class='ocrx_word' id='word_1_166' title='bbox 1269 433 1286 450; x_wconf 89' lang='lat' dir='ltr'><strong>a</strong></span> <span class='ocrx_word' id='word_1_167' title='bbox 1299 432 1337 450; x_wconf 86' lang='lat' dir='ltr'><strong>me</strong></span> <span class='ocrx_word' id='word_1_168' title='bbox 1354 425 1380 450; x_wconf 89' lang='lat' dir='ltr'><strong>in</strong></span> <span class='ocrx_word' id='word_1_169' title='bbox 1395 424 1480 459; x_wconf 87' lang='lat' dir='ltr'><strong>ignem</strong></span> <span class='ocrx_word' id='word_1_170' title='bbox 1497 429 1623 450; x_wconf 71' lang='lat' dir='ltr'><strong>veternum</strong></span> <span class='ocrx_word' id='word_1_171' title='bbox 1638 424 1683 458; x_wconf 76' lang='lat' dir='ltr'><strong>qui</strong></span> 
     </span>
    </p>
   </div>
   <div class='ocr_carea' id='block_1_24' title="bbox 896 470 1684 505">
    <p class='ocr_par' dir='ltr' id='par_1_24' title="bbox 896 470 1684 505">
     <span class='ocr_line' id='line_1_24' title="bbox 896 470 1684 505; baseline -0.003 -8"><span class='ocrx_word' id='word_1_172' title='bbox 896 475 1063 504; x_wconf 68' lang='lat' dir='ltr'><strong>pratparatus</strong></span> <span class='ocrx_word' id='word_1_173' title='bbox 1087 476 1123 497; x_wconf 87' lang='lat' dir='ltr'><strong>est</strong></span> <span class='ocrx_word' id='word_1_174' title='bbox 1137 470 1239 497; x_wconf 85' lang='lat' dir='ltr'><strong>Zabulo</strong></span> <span class='ocrx_word' id='word_1_175' title='bbox 1263 475 1287 497; x_wconf 85' lang='lat' dir='ltr'><strong>et</strong></span> <span class='ocrx_word' id='word_1_176' title='bbox 1311 470 1410 505; x_wconf 86' lang='lat' dir='ltr'><strong>angelis</strong></span> <span class='ocrx_word' id='word_1_177' title='bbox 1430 470 1486 505; x_wconf 80' lang='lat' dir='ltr'><strong>ejus</strong></span> <span class='ocrx_word' id='word_1_178' title='bbox 1500 470 1534 498; x_wconf 76' lang='grc' dir='ltr'><strong>τ’.</strong></span> <span class='ocrx_word' id='word_1_179' title='bbox 1556 470 1616 496; x_wconf 71' lang='lat' dir='ltr'><strong>Non</strong></span> <span class='ocrx_word' id='word_1_180' title='bbox 1641 474 1684 496; x_wconf 85' lang='lat' dir='ltr'><strong>est</strong></span> 
     </span>
    </p>
   </div>
   <div class='ocr_carea' id='block_1_25' title="bbox 896 515 1682 551">
    <p class='ocr_par' dir='ltr' id='par_1_25' title="bbox 896 515 1682 551">
     <span class='ocr_line' id='line_1_25' title="bbox 896 515 1682 551; baseline -0.003 -8"><span class='ocrx_word' id='word_1_181' title='bbox 896 516 958 544; x_wconf 89' lang='lat' dir='ltr'><strong>talis</strong></span> <span class='ocrx_word' id='word_1_182' title='bbox 975 516 1046 551; x_wconf 83' lang='lat' dir='ltr'><strong>ignis</strong></span> <span class='ocrx_word' id='word_1_183' title='bbox 1060 516 1093 543; x_wconf 91' lang='lat' dir='ltr'><strong>de</strong></span> <span class='ocrx_word' id='word_1_184' title='bbox 1107 516 1197 543; x_wconf 83' lang='lat' dir='ltr'><strong>altari.</strong></span> <span class='ocrx_word' id='word_1_185' title='bbox 1214 515 1315 543; x_wconf 90' lang='lat' dir='ltr'><strong>Omnes</strong></span> <span class='ocrx_word' id='word_1_186' title='bbox 1331 516 1385 550; x_wconf 81' lang='lat' dir='ltr'><strong>igni</strong></span> <span class='ocrx_word' id='word_1_187' title='bbox 1403 515 1525 542; x_wconf 82' lang='lat' dir='ltr'><strong>tradendi</strong></span> <span class='ocrx_word' id='word_1_188' title='bbox 1542 519 1615 547; x_wconf 85' lang='lat' dir='ltr'><strong>sunt,</strong></span> <span class='ocrx_word' id='word_1_189' title='bbox 1635 516 1682 542; x_wconf 84' lang='lat' dir='ltr'><strong>sed</strong></span> 
     </span>
    </p>
   </div>
   <div class='ocr_carea' id='block_1_26' title="bbox 896 562 1682 598">
    <p class='ocr_par' dir='ltr' id='par_1_26' title="bbox 896 562 1682 598">
     <span class='ocr_line' id='line_1_26' title="bbox 896 562 1682 598; baseline -0.003 -8"><span class='ocrx_word' id='word_1_190' title='bbox 896 570 950 590; x_wconf 91' lang='lat' dir='ltr'><strong>non</strong></span> <span class='ocrx_word' id='word_1_191' title='bbox 965 571 1060 591; x_wconf 87' lang='lat' dir='ltr'><strong>omnes</strong></span> <span class='ocrx_word' id='word_1_192' title='bbox 1073 563 1120 590; x_wconf 91' lang='lat' dir='ltr'><strong>uni</strong></span> <span class='ocrx_word' id='word_1_193' title='bbox 1138 563 1204 598; x_wconf 83' lang='lat' dir='ltr'><strong>igni,</strong></span> <span class='ocrx_word' id='word_1_194' title='bbox 1222 563 1290 590; x_wconf 84' lang='lat' dir='ltr'><strong>alios</strong></span> <span class='ocrx_word' id='word_1_195' title='bbox 1302 563 1334 590; x_wconf 88' lang='lat' dir='ltr'><strong>de</strong></span> <span class='ocrx_word' id='word_1_196' title='bbox 1350 562 1428 589; x_wconf 83' lang='lat' dir='ltr'><strong>altari</strong></span> <span class='ocrx_word' id='word_1_197' title='bbox 1447 562 1517 597; x_wconf 83' lang='lat' dir='ltr'><strong>ignis</strong></span> <span class='ocrx_word' id='word_1_198' title='bbox 1533 566 1682 596; x_wconf 74' lang='lat' dir='ltr'><strong>exspectat,</strong></span> 
     </span>
    </p>
   </div>
   <div class='ocr_carea' id='block_1_27' title="bbox 895 609 1683 645">
    <p class='ocr_par' dir='ltr' id='par_1_27' title="bbox 895 609 1683 645">
     <span class='ocr_line' id='line_1_27' title="bbox 895 609 1683 645; baseline 0 -9"><span class='ocrx_word' id='word_1_199' title='bbox 895 609 966 636; x_wconf 87' lang='lat' dir='ltr'><strong>alios</strong></span> <span class='ocrx_word' id='word_1_200' title='bbox 988 609 1058 643; x_wconf 88' lang='lat' dir='ltr'><strong>ignis</strong></span> <span class='ocrx_word' id='word_1_201' title='bbox 1079 609 1127 644; x_wconf 89' lang='lat' dir='ltr'><strong>qui</strong></span> <span class='ocrx_word' id='word_1_202' title='bbox 1149 614 1316 645; x_wconf 73' lang='lat' dir='ltr'><strong>praeparatus</strong></span> <span class='ocrx_word' id='word_1_203' title='bbox 1336 614 1379 637; x_wconf 90' lang='lat' dir='ltr'><strong>est</strong></span> <span class='ocrx_word' id='word_1_204' title='bbox 1401 609 1505 637; x_wconf 89' lang='lat' dir='ltr'><strong>Zabulo</strong></span> <span class='ocrx_word' id='word_1_205' title='bbox 1530 614 1557 636; x_wconf 89' lang='lat' dir='ltr'><strong>et</strong></span> <span class='ocrx_word' id='word_1_206' title='bbox 1578 609 1683 644; x_wconf 84' lang='lat' dir='ltr'><strong>angelis</strong></span> 
     </span>
    </p>
   </div>
   <div class='ocr_carea' id='block_1_28' title="bbox 894 653 1684 690">
    <p class='ocr_par' dir='ltr' id='par_1_28' title="bbox 894 653 1684 690">
     <span class='ocr_line' id='line_1_28' title="bbox 894 653 1684 690; baseline 0.004 -9"><span class='ocrx_word' id='word_1_207' title='bbox 894 654 964 689; x_wconf 87' lang='lat' dir='ltr'><strong>ejus.</strong></span> <span class='ocrx_word' id='word_1_208' title='bbox 991 653 1096 690; x_wconf 87' lang='lat' dir='ltr'><strong>Tangat</strong></span> <span class='ocrx_word' id='word_1_209' title='bbox 1122 662 1186 690; x_wconf 84' lang='lat' dir='ltr'><strong>ergo</strong></span> <span class='ocrx_word' id='word_1_210' title='bbox 1210 655 1282 682; x_wconf 87' lang='lat' dir='ltr'><strong>labia</strong></span> <span class='ocrx_word' id='word_1_211' title='bbox 1306 655 1405 682; x_wconf 79' lang='lat' dir='ltr'><strong>mentis</strong></span> <span class='ocrx_word' id='word_1_212' title='bbox 1424 660 1452 682; x_wconf 89' lang='lat' dir='ltr'><strong>et</strong></span> <span class='ocrx_word' id='word_1_213' title='bbox 1468 656 1566 683; x_wconf 66' lang='lat' dir='ltr'><strong>anitnae</strong></span> <span class='ocrx_word' id='word_1_214' title='bbox 1584 660 1684 684; x_wconf 59' lang='lat' dir='ltr'><strong>nostra</strong></span> 
     </span>
    </p>
   </div>
   <div class='ocr_carea' id='block_1_29' title="bbox 895 700 1683 737">
    <p class='ocr_par' dir='ltr' id='par_1_29' title="bbox 895 700 1683 737">
     <span class='ocr_line' id='line_1_29' title="bbox 895 700 1683 737; baseline 0.004 -12"><span class='ocrx_word' id='word_1_215' title='bbox 895 707 986 726; x_wconf 86' lang='lat' dir='ltr'><strong>sermo</strong></span> <span class='ocrx_word' id='word_1_216' title='bbox 1009 700 1177 734; x_wconf 84' lang='lat' dir='ltr'><strong>corripiens,</strong></span> <span class='ocrx_word' id='word_1_217' title='bbox 1195 704 1224 728; x_wconf 92' lang='lat' dir='ltr'><strong>ut</strong></span> <span class='ocrx_word' id='word_1_218' title='bbox 1246 704 1273 728; x_wconf 92' lang='lat' dir='ltr'><strong>et</strong></span> <span class='ocrx_word' id='word_1_219' title='bbox 1293 708 1343 728; x_wconf 91' lang='lat' dir='ltr'><strong>nos</strong></span> <span class='ocrx_word' id='word_1_220' title='bbox 1359 701 1492 733; x_wconf 84' lang='lat' dir='ltr'><strong>dicamus,</strong></span> <span class='ocrx_word' id='word_1_221' title='bbox 1512 705 1537 728; x_wconf 86' lang='lat' dir='ltr'><strong>et</strong></span> <span class='ocrx_word' id='word_1_222' title='bbox 1554 702 1639 737; x_wconf 82' lang='lat' dir='ltr'><strong>tetigit</strong></span> <span class='ocrx_word' id='word_1_223' title='bbox 1654 709 1683 728; x_wconf 84' lang='lat' dir='ltr'><strong>os</strong></span> 
     </span>
    </p>
   </div>
   <div class='ocr_carea' id='block_1_30' title="bbox 896 744 1682 781">
    <p class='ocr_par' dir='ltr' id='par_1_30' title="bbox 896 744 1682 781">
     <span class='ocr_line' id='line_1_30' title="bbox 896 744 1682 781; baseline 0.005 -10"><span class='ocrx_word' id='word_1_224' title='bbox 896 752 992 772; x_wconf 78' lang='lat' dir='ltr'><strong>meum.</strong></span> <span class='ocrx_word' id='word_1_225' title='bbox 1015 744 1044 772; x_wconf 89' lang='lat' dir='ltr'><strong>Si</strong></span> <span class='ocrx_word' id='word_1_226' title='bbox 1066 745 1234 773; x_wconf 86' lang='lat' dir='ltr'><strong>mundavero</strong></span> <span class='ocrx_word' id='word_1_227' title='bbox 1249 753 1281 773; x_wconf 88' lang='lat' dir='ltr'><strong>os</strong></span> <span class='ocrx_word' id='word_1_228' title='bbox 1301 753 1403 779; x_wconf 91' lang='lat' dir='ltr'><strong>meum,</strong></span> <span class='ocrx_word' id='word_1_229' title='bbox 1420 751 1448 774; x_wconf 91' lang='lat' dir='ltr'><strong>ut</strong></span> <span class='ocrx_word' id='word_1_230' title='bbox 1467 747 1534 774; x_wconf 91' lang='lat' dir='ltr'><strong>nihil</strong></span> <span class='ocrx_word' id='word_1_231' title='bbox 1552 748 1682 781; x_wconf 87' lang='lat' dir='ltr'><strong>otiosum,</strong></span> 
     </span>
    </p>
   </div>
   <div class='ocr_carea' id='block_1_31' title="bbox 895 790 1682 828">
    <p class='ocr_par' dir='ltr' id='par_1_31' title="bbox 895 790 1682 828">
     <span class='ocr_line' id='line_1_31' title="bbox 895 790 1682 828; baseline 0.004 -11"><span class='ocrx_word' id='word_1_232' title='bbox 895 791 963 818; x_wconf 91' lang='lat' dir='ltr'><strong>nihil</strong></span> <span class='ocrx_word' id='word_1_233' title='bbox 983 790 1104 825; x_wconf 80' lang='lat' dir='ltr'><strong>fatuum,</strong></span> <span class='ocrx_word' id='word_1_234' title='bbox 1123 792 1191 819; x_wconf 87' lang='lat' dir='ltr'><strong>nihil</strong></span> <span class='ocrx_word' id='word_1_235' title='bbox 1210 796 1303 827; x_wconf 83' lang='lat' dir='ltr'><strong>turpe,</strong></span> <span class='ocrx_word' id='word_1_236' title='bbox 1319 792 1387 820; x_wconf 93' lang='lat' dir='ltr'><strong>nihil</strong></span> <span class='ocrx_word' id='word_1_237' title='bbox 1404 793 1520 820; x_wconf 85' lang='lat' dir='ltr'><strong>scurrile</strong></span> <span class='ocrx_word' id='word_1_238' title='bbox 1534 794 1576 828; x_wconf 93' lang='lat' dir='ltr'><strong>(ut</strong></span> <span class='ocrx_word' id='word_1_239' title='bbox 1589 794 1682 821; x_wconf 86' lang='lat' dir='ltr'><strong>omnia</strong></span> 
     </span>
    </p>
   </div>
   <div class='ocr_carea' id='block_1_32' title="bbox 896 837 1685 873">
    <p class='ocr_par' dir='ltr' id='par_1_32' title="bbox 896 837 1685 873">
     <span class='ocr_line' id='line_1_32' title="bbox 896 837 1685 873; baseline 0.006 -10"><span class='ocrx_word' id='word_1_240' title='bbox 896 837 979 863; x_wconf 85' lang='lat' dir='ltr'><strong>semel</strong></span> <span class='ocrx_word' id='word_1_241' title='bbox 997 837 1157 871; x_wconf 88' lang='lat' dir='ltr'><strong>nominem),</strong></span> <span class='ocrx_word' id='word_1_242' title='bbox 1177 837 1246 864; x_wconf 88' lang='lat' dir='ltr'><strong>nihil</strong></span> <span class='ocrx_word' id='word_1_243' title='bbox 1263 845 1359 865; x_wconf 89' lang='lat' dir='ltr'><strong>eorum</strong></span> <span class='ocrx_word' id='word_1_244' title='bbox 1379 846 1441 873; x_wconf 68' lang='lat' dir='ltr'><strong>quas</strong></span> <span class='ocrx_word' id='word_1_245' title='bbox 1461 839 1603 867; x_wconf 90' lang='lat' dir='ltr'><strong>interdicta</strong></span> <span class='ocrx_word' id='word_1_246' title='bbox 1619 846 1685 868; x_wconf 88' lang='lat' dir='ltr'><strong>sunt</strong></span> 
     </span>
    </p>
   </div>
   <div class='ocr_carea' id='block_1_33' title="bbox 72 873 1684 919">
    <p class='ocr_par' dir='ltr' id='par_1_33' title="bbox 72 873 1684 919">
     <span class='ocr_line' id='line_1_33' title="bbox 72 873 1684 919; baseline 0.001 -11"><span class='ocrx_word' id='word_1_247' title='bbox 72 887 172 909; x_wconf 74' lang='lat' dir='ltr'><strong>tantum.</strong></span> <span class='ocrx_word' id='word_1_248' title='bbox 187 882 369 915; x_wconf 85' lang='lat' dir='ltr'><strong>Quamobrem</strong></span> <span class='ocrx_word' id='word_1_249' title='bbox 383 883 486 910; x_wconf 89' lang='lat' dir='ltr'><strong>dictum</strong></span> <span class='ocrx_word' id='word_1_250' title='bbox 508 887 551 910; x_wconf 89' lang='lat' dir='ltr'><strong>est</strong></span> <span class='ocrx_word' id='word_1_251' title='bbox 565 891 572 910; x_wconf 89' lang='lat'><strong>:</strong></span> <span class='ocrx_word' id='word_1_252' title='bbox 599 882 697 909; x_wconf 76' lang='lat' dir='ltr'><strong>Vidisti</strong></span> <span class='ocrx_word' id='word_1_253' title='bbox 712 883 843 917; x_wconf 77' lang='lat' dir='ltr'><strong>quomodo</strong></span> <span class='ocrx_word' id='word_1_254' title='bbox 858 873 880 900; x_wconf 76' lang='grc' dir='ltr'><strong><em>Β</em></strong></span> <span class='ocrx_word' id='word_1_255' title='bbox 895 882 1001 917; x_wconf 86' lang='lat' dir='ltr'><strong>loquar,</strong></span> <span class='ocrx_word' id='word_1_256' title='bbox 1011 887 1075 910; x_wconf 89' lang='lat' dir='ltr'><strong>tunc</strong></span> <span class='ocrx_word' id='word_1_257' title='bbox 1087 890 1234 917; x_wconf 85' lang='lat' dir='ltr'><strong>possumus</strong></span> <span class='ocrx_word' id='word_1_258' title='bbox 1245 883 1346 915; x_wconf 86' lang='lat' dir='ltr'><strong>dicere,</strong></span> <span class='ocrx_word' id='word_1_259' title='bbox 1358 884 1442 919; x_wconf 83' lang='lat' dir='ltr'><strong>tetigit</strong></span> <span class='ocrx_word' id='word_1_260' title='bbox 1451 892 1480 911; x_wconf 85' lang='lat' dir='ltr'><strong>os</strong></span> <span class='ocrx_word' id='word_1_261' title='bbox 1494 892 1587 911; x_wconf 83' lang='lat' dir='ltr'><strong>meum.</strong></span> <span class='ocrx_word' id='word_1_262' title='bbox 1598 884 1684 912; x_wconf 83' lang='lat' dir='ltr'><strong>Porro</strong></span> 
     </span>
    </p>
   </div>
   <div class='ocr_carea' id='block_1_34' title="bbox 71 926 844 963">
    <p class='ocr_par' dir='ltr' id='par_1_34' title="bbox 71 926 844 963">
     <span class='ocr_line' id='line_1_34' title="bbox 71 926 844 963; baseline 0 -9"><span class='ocrx_word' id='word_1_263' title='bbox 71 933 218 962; x_wconf 65' lang='lat' dir='ltr'><strong>compunctus</strong></span> <span class='ocrx_word' id='word_1_264' title='bbox 230 933 268 955; x_wconf 77' lang='lat' dir='ltr'><strong>est</strong></span> <span class='ocrx_word' id='word_1_265' title='bbox 280 927 371 954; x_wconf 82' lang='lat' dir='ltr'><strong>Achab</strong></span> <span class='ocrx_word' id='word_1_266' title='bbox 386 927 420 954; x_wconf 78' lang='grc'><strong>⁷⁸.</strong></span> <span class='ocrx_word' id='word_1_267' title='bbox 438 927 466 955; x_wconf 88' lang='lat' dir='ltr'><strong>Si</strong></span> <span class='ocrx_word' id='word_1_268' title='bbox 482 935 547 955; x_wconf 88' lang='lat' dir='ltr'><strong>vero</strong></span> <span class='ocrx_word' id='word_1_269' title='bbox 564 929 626 963; x_wconf 85' lang='lat' dir='ltr'><strong>quis</strong></span> <span class='ocrx_word' id='word_1_270' title='bbox 643 927 705 955; x_wconf 90' lang='lat' dir='ltr'><strong>talis</strong></span> <span class='ocrx_word' id='word_1_271' title='bbox 720 926 802 954; x_wconf 82' lang='lat' dir='ltr'><strong>fuerit</strong></span> <span class='ocrx_word' id='word_1_272' title='bbox 814 931 844 954; x_wconf 94' lang='lat' dir='ltr'><strong>ut</strong></span> 
     </span>
    </p>
   </div>
   <div class='ocr_carea' id='block_1_35' title="bbox 73 973 841 1009">
    <p class='ocr_par' dir='ltr' id='par_1_35' title="bbox 73 973 841 1009">
     <span class='ocr_line' id='line_1_35' title="bbox 73 973 841 1009; baseline 0 -9"><span class='ocrx_word' id='word_1_273' title='bbox 73 981 116 1001; x_wconf 84' lang='lat' dir='ltr'><strong>non</strong></span> <span class='ocrx_word' id='word_1_274' title='bbox 131 979 211 1001; x_wconf 83' lang='lat' dir='ltr'><strong>cesset</strong></span> <span class='ocrx_word' id='word_1_275' title='bbox 223 974 382 1009; x_wconf 79' lang='lat' dir='ltr'><strong>compungi,</strong></span> <span class='ocrx_word' id='word_1_276' title='bbox 401 974 466 1002; x_wconf 92' lang='lat' dir='ltr'><strong>dicit</strong></span> <span class='ocrx_word' id='word_1_277' title='bbox 482 974 610 1002; x_wconf 87' lang='lat' dir='ltr'><strong>similiter</strong></span> <span class='ocrx_word' id='word_1_278' title='bbox 627 978 657 1001; x_wconf 92' lang='lat' dir='ltr'><strong>ut</strong></span> <span class='ocrx_word' id='word_1_279' title='bbox 668 973 817 1008; x_wconf 82' lang='lat' dir='ltr'><strong>Apostolus</strong></span> <span class='ocrx_word' id='word_1_280' title='bbox 834 982 841 1000; x_wconf 88' lang='lat'><strong>:</strong></span> 
     </span>
    </p>
   </div>
   <div class='ocr_carea' id='block_1_36' title="bbox 74 1019 843 1055">
    <p class='ocr_par' dir='ltr' id='par_1_36' title="bbox 74 1019 843 1055">
     <span class='ocr_line' id='line_1_36' title="bbox 74 1019 843 1055; baseline 0.001 -9"><span class='ocrx_word' id='word_1_281' title='bbox 74 1019 122 1046; x_wconf 84' lang='lat' dir='ltr'><strong>Non</strong></span> <span class='ocrx_word' id='word_1_282' title='bbox 137 1028 192 1047; x_wconf 79' lang='lat' dir='ltr'><strong>sum</strong></span> <span class='ocrx_word' id='word_1_283' title='bbox 211 1020 306 1055; x_wconf 79' lang='lat' dir='ltr'><strong>dignus</strong></span> <span class='ocrx_word' id='word_1_284' title='bbox 324 1020 413 1047; x_wconf 80' lang='lat' dir='ltr'><strong>vocari</strong></span> <span class='ocrx_word' id='word_1_285' title='bbox 431 1020 569 1055; x_wconf 84' lang='lat' dir='ltr'><strong>apostolus</strong></span> <span class='ocrx_word' id='word_1_286' title='bbox 589 1025 695 1055; x_wconf 85' lang='lat' dir='ltr'><strong>propter</strong></span> <span class='ocrx_word' id='word_1_287' title='bbox 707 1020 755 1047; x_wconf 88' lang='lat' dir='ltr'><strong>hoc</strong></span> <span class='ocrx_word' id='word_1_288' title='bbox 773 1020 843 1055; x_wconf 77' lang='lat' dir='ltr'><strong>quod</strong></span> 
     </span>
    </p>
   </div>
   <div class='ocr_carea' id='block_1_37' title="bbox 71 1066 842 1100">
    <p class='ocr_par' dir='ltr' id='par_1_37' title="bbox 71 1066 842 1100">
     <span class='ocr_line' id='line_1_37' title="bbox 71 1066 842 1100; baseline 0.001 -7"><span class='ocrx_word' id='word_1_289' title='bbox 71 1072 200 1100; x_wconf 78' lang='lat' dir='ltr'><strong>persecutus</strong></span> <span class='ocrx_word' id='word_1_290' title='bbox 217 1075 276 1094; x_wconf 85' lang='lat' dir='ltr'><strong>sum</strong></span> <span class='ocrx_word' id='word_1_291' title='bbox 299 1066 445 1093; x_wconf 81' lang='lat' dir='ltr'><strong>Ecclesium</strong></span> <span class='ocrx_word' id='word_1_292' title='bbox 461 1066 510 1094; x_wconf 85' lang='lat' dir='ltr'><strong>Dei</strong></span> <span class='ocrx_word' id='word_1_293' title='bbox 528 1067 562 1099; x_wconf 83' lang='lat'><strong>&quot;;</strong></span> <span class='ocrx_word' id='word_1_294' title='bbox 578 1071 626 1094; x_wconf 87' lang='lat' dir='ltr'><strong>et:</strong></span> <span class='ocrx_word' id='word_1_295' title='bbox 649 1066 716 1093; x_wconf 82' lang='lat' dir='ltr'><strong>Mihi</strong></span> <span class='ocrx_word' id='word_1_296' title='bbox 733 1067 842 1094; x_wconf 82' lang='lat' dir='ltr'><strong>minima</strong></span> 
     </span>
    </p>
   </div>
   <div class='ocr_carea' id='block_1_38' title="bbox 71 1113 844 1148">
    <p class='ocr_par' dir='ltr' id='par_1_38' title="bbox 71 1113 844 1148">
     <span class='ocr_line' id='line_1_38' title="bbox 71 1113 844 1148; baseline 0.001 -9"><span class='ocrx_word' id='word_1_297' title='bbox 71 1113 169 1139; x_wconf 75' lang='lat' dir='ltr'><strong>omnium</strong></span> <span class='ocrx_word' id='word_1_298' title='bbox 179 1118 331 1141; x_wconf 80' lang='lat' dir='ltr'><strong>sanctorum</strong></span> <span class='ocrx_word' id='word_1_299' title='bbox 347 1113 411 1139; x_wconf 82' lang='lat' dir='ltr'><strong>data</strong></span> <span class='ocrx_word' id='word_1_300' title='bbox 422 1119 459 1140; x_wconf 87' lang='lat' dir='ltr'><strong>est</strong></span> <span class='ocrx_word' id='word_1_301' title='bbox 473 1114 526 1140; x_wconf 80' lang='lat' dir='ltr'><strong>ista</strong></span> <span class='ocrx_word' id='word_1_302' title='bbox 537 1114 626 1148; x_wconf 84' lang='lat' dir='ltr'><strong>gratia</strong></span> <span class='ocrx_word' id='word_1_303' title='bbox 638 1113 671 1147; x_wconf 78' lang='lat'><strong>7‘;</strong></span> <span class='ocrx_word' id='word_1_304' title='bbox 691 1118 718 1140; x_wconf 86' lang='lat' dir='ltr'><strong>et</strong></span> <span class='ocrx_word' id='word_1_305' title='bbox 736 1123 743 1141; x_wconf 87' lang='lat'><strong>:</strong></span> <span class='ocrx_word' id='word_1_306' title='bbox 761 1113 844 1140; x_wconf 84' lang='lat' dir='ltr'><strong>Fide—</strong></span> 
     </span>
    </p>
   </div>
   <div class='ocr_carea' id='block_1_39' title="bbox 71 1159 843 1194">
    <p class='ocr_par' dir='ltr' id='par_1_39' title="bbox 71 1159 843 1194">
     <span class='ocr_line' id='line_1_39' title="bbox 71 1159 843 1194; baseline 0.001 -9"><span class='ocrx_word' id='word_1_307' title='bbox 71 1159 98 1185; x_wconf 81' lang='lat' dir='ltr'><strong>lis</strong></span> <span class='ocrx_word' id='word_1_308' title='bbox 108 1159 167 1186; x_wconf 82' lang='lat' dir='ltr'><strong>Deus</strong></span> <span class='ocrx_word' id='word_1_309' title='bbox 179 1160 241 1194; x_wconf 75' lang='lat' dir='ltr'><strong>quia</strong></span> <span class='ocrx_word' id='word_1_310' title='bbox 254 1159 335 1186; x_wconf 83' lang='lat' dir='ltr'><strong>Jesus</strong></span> <span class='ocrx_word' id='word_1_311' title='bbox 351 1159 473 1186; x_wconf 82' lang='lat' dir='ltr'><strong>Christus</strong></span> <span class='ocrx_word' id='word_1_312' title='bbox 490 1160 558 1186; x_wconf 84' lang='lat' dir='ltr'><strong>venit</strong></span> <span class='ocrx_word' id='word_1_313' title='bbox 585 1160 611 1186; x_wconf 88' lang='lat' dir='ltr'><strong>in</strong></span> <span class='ocrx_word' id='word_1_314' title='bbox 627 1159 695 1186; x_wconf 83' lang='lat' dir='ltr'><strong>hunc</strong></span> <span class='ocrx_word' id='word_1_315' title='bbox 716 1159 843 1186; x_wconf 83' lang='lat' dir='ltr'><strong>mundum</strong></span> 
     </span>
    </p>
   </div>
   <div class='ocr_carea' id='block_1_40' title="bbox 71 1204 843 1240">
    <p class='ocr_par' dir='ltr' id='par_1_40' title="bbox 71 1204 843 1240">
     <span class='ocr_line' id='line_1_40' title="bbox 71 1204 843 1240; baseline 0.001 -9"><span class='ocrx_word' id='word_1_316' title='bbox 71 1211 197 1238; x_wconf 79' lang='lat' dir='ltr'><strong>pecco/ores</strong></span> <span class='ocrx_word' id='word_1_317' title='bbox 208 1206 323 1238; x_wconf 72' lang='lat' dir='ltr'><strong>salt-are,</strong></span> <span class='ocrx_word' id='word_1_318' title='bbox 338 1213 447 1240; x_wconf 85' lang='lat' dir='ltr'><strong>quorum</strong></span> <span class='ocrx_word' id='word_1_319' title='bbox 460 1205 562 1240; x_wconf 82' lang='lat' dir='ltr'><strong>primus</strong></span> <span class='ocrx_word' id='word_1_320' title='bbox 572 1213 618 1240; x_wconf 90' lang='lat' dir='ltr'><strong>ego</strong></span> <span class='ocrx_word' id='word_1_321' title='bbox 631 1214 689 1231; x_wconf 82' lang='lat' dir='ltr'><strong>sum</strong></span> <span class='ocrx_word' id='word_1_322' title='bbox 700 1205 734 1232; x_wconf 92' lang='grc'><strong>⁷⁷.</strong></span> <span class='ocrx_word' id='word_1_323' title='bbox 748 1204 843 1232; x_wconf 79' lang='lat' dir='ltr'><strong>Vides-</strong></span> 
     </span>
    </p>
   </div>
   <div class='ocr_carea' id='block_1_41' title="bbox 72 1251 842 1286">
    <p class='ocr_par' dir='ltr' id='par_1_41' title="bbox 72 1251 842 1286">
     <span class='ocr_line' id='line_1_41' title="bbox 72 1251 842 1286; baseline 0 -8"><span class='ocrx_word' id='word_1_324' title='bbox 72 1259 99 1278; x_wconf 84' lang='lat' dir='ltr'><strong>ne</strong></span> <span class='ocrx_word' id='word_1_325' title='bbox 109 1252 164 1286; x_wconf 89' lang='lat' dir='ltr'><strong>quia</strong></span> <span class='ocrx_word' id='word_1_326' title='bbox 177 1251 292 1279; x_wconf 86' lang='lat' dir='ltr'><strong>multum</strong></span> <span class='ocrx_word' id='word_1_327' title='bbox 308 1256 492 1286; x_wconf 86' lang='lat' dir='ltr'><strong>compunctus</strong></span> <span class='ocrx_word' id='word_1_328' title='bbox 504 1256 556 1283; x_wconf 83' lang='lat' dir='ltr'><strong>est,</strong></span> <span class='ocrx_word' id='word_1_329' title='bbox 571 1255 598 1278; x_wconf 89' lang='lat' dir='ltr'><strong>et</strong></span> <span class='ocrx_word' id='word_1_330' title='bbox 613 1258 667 1278; x_wconf 91' lang='lat' dir='ltr'><strong>non</strong></span> <span class='ocrx_word' id='word_1_331' title='bbox 681 1251 776 1283; x_wconf 86' lang='lat' dir='ltr'><strong>semel,</strong></span> <span class='ocrx_word' id='word_1_332' title='bbox 795 1251 842 1278; x_wconf 88' lang='lat' dir='ltr'><strong>sed</strong></span> 
     </span>
    </p>
   </div>
   <div class='ocr_carea' id='block_1_42' title="bbox 70 1298 842 1333">
    <p class='ocr_par' dir='ltr' id='par_1_42' title="bbox 70 1298 842 1333">
     <span class='ocr_line' id='line_1_42' title="bbox 70 1298 842 1333; baseline -0.003 -7"><span class='ocrx_word' id='word_1_333' title='bbox 70 1306 159 1333; x_wconf 69' lang='lat' dir='ltr'><strong>semper</strong></span> <span class='ocrx_word' id='word_1_334' title='bbox 174 1298 305 1331; x_wconf 86' lang='lat' dir='ltr'><strong>scribens,</strong></span> <span class='ocrx_word' id='word_1_335' title='bbox 321 1302 347 1325; x_wconf 83' lang='lat' dir='ltr'><strong>et</strong></span> <span class='ocrx_word' id='word_1_336' title='bbox 363 1298 478 1332; x_wconf 86' lang='lat' dir='ltr'><strong>loquens</strong></span> <span class='ocrx_word' id='word_1_337' title='bbox 489 1317 497 1330; x_wconf 91' lang='lat'><strong>,</strong></span> <span class='ocrx_word' id='word_1_338' title='bbox 518 1301 546 1325; x_wconf 92' lang='lat' dir='ltr'><strong>et</strong></span> <span class='ocrx_word' id='word_1_339' title='bbox 561 1304 643 1332; x_wconf 85' lang='lat' dir='ltr'><strong>agens</strong></span> <span class='ocrx_word' id='word_1_340' title='bbox 661 1302 842 1331; x_wconf 77' lang='lat' dir='ltr'><strong>compunctus</strong></span> 
     </span>
    </p>
   </div>
   <div class='ocr_carea' id='block_1_43' title="bbox 70 1343 843 1379">
    <p class='ocr_par' dir='ltr' id='par_1_43' title="bbox 70 1343 843 1379">
     <span class='ocr_line' id='line_1_43' title="bbox 70 1343 843 1379; baseline 0.001 -9"><span class='ocrx_word' id='word_1_341' title='bbox 70 1343 118 1370; x_wconf 77' lang='lat' dir='ltr'><strong>est?</strong></span> <span class='ocrx_word' id='word_1_342' title='bbox 143 1343 279 1376; x_wconf 83' lang='lat' dir='ltr'><strong>Quomodo</strong></span> <span class='ocrx_word' id='word_1_343' title='bbox 304 1348 332 1371; x_wconf 91' lang='lat' dir='ltr'><strong>et</strong></span> <span class='ocrx_word' id='word_1_344' title='bbox 354 1343 438 1370; x_wconf 84' lang='lat' dir='ltr'><strong>Isaias</strong></span> <span class='ocrx_word' id='word_1_345' title='bbox 472 1344 498 1370; x_wconf 94' lang='lat' dir='ltr'><strong>in</strong></span> <span class='ocrx_word' id='word_1_346' title='bbox 526 1343 653 1377; x_wconf 63' lang='lat' dir='ltr'><strong>praesenti</strong></span> <span class='ocrx_word' id='word_1_347' title='bbox 671 1362 679 1376; x_wconf 89' lang='lat'><strong>,</strong></span> <span class='ocrx_word' id='word_1_348' title='bbox 708 1344 754 1379; x_wconf 89' lang='lat' dir='ltr'><strong>qui</strong></span> <span class='ocrx_word' id='word_1_349' title='bbox 779 1344 843 1371; x_wconf 82' lang='lat' dir='ltr'><strong>dicit</strong></span> 
     </span>
    </p>
   </div>
   <div class='ocr_carea' id='block_1_44' title="bbox 70 1389 843 1426">
    <p class='ocr_par' dir='ltr' id='par_1_44' title="bbox 70 1389 843 1426">
     <span class='ocr_line' id='line_1_44' title="bbox 70 1389 843 1426; baseline 0.003 -11"><span class='ocrx_word' id='word_1_350' title='bbox 70 1389 139 1422; x_wconf 80' lang='lat' dir='ltr'><strong>(vers.</strong></span> <span class='ocrx_word' id='word_1_351' title='bbox 152 1390 177 1426; x_wconf 80' lang='lat'><strong>5)</strong></span> <span class='ocrx_word' id='word_1_352' title='bbox 193 1399 200 1418; x_wconf 88' lang='lat'><strong>:</strong></span> <span class='ocrx_word' id='word_1_353' title='bbox 215 1390 237 1418; x_wconf 90' lang='lat'><em>0</em></span> <span class='ocrx_word' id='word_1_354' title='bbox 259 1391 340 1418; x_wconf 81' lang='lat' dir='ltr'><strong>miser</strong></span> <span class='ocrx_word' id='word_1_355' title='bbox 353 1398 399 1425; x_wconf 85' lang='lat' dir='ltr'><strong>ego</strong></span> <span class='ocrx_word' id='word_1_356' title='bbox 411 1398 482 1422; x_wconf 86' lang='lat' dir='ltr'><strong>sum,</strong></span> <span class='ocrx_word' id='word_1_357' title='bbox 497 1396 667 1425; x_wconf 80' lang='lat' dir='ltr'><strong>compunctus</strong></span> <span class='ocrx_word' id='word_1_358' title='bbox 685 1398 762 1423; x_wconf 71' lang='lat' dir='ltr'><strong>sum,</strong></span> <span class='ocrx_word' id='word_1_359' title='bbox 780 1399 843 1423; x_wconf 76' lang='lat' dir='ltr'><strong>quia</strong></span> 
     </span>
    </p>
   </div>
   <div class='ocr_carea' id='block_1_45' title="bbox 70 1435 843 1471">
    <p class='ocr_par' dir='ltr' id='par_1_45' title="bbox 70 1435 843 1471">
     <span class='ocr_line' id='line_1_45' title="bbox 70 1435 843 1471; baseline 0.004 -9"><span class='ocrx_word' id='word_1_360' title='bbox 70 1443 118 1462; x_wconf 75' lang='lat' dir='ltr'><strong>cum</strong></span> <span class='ocrx_word' id='word_1_361' title='bbox 132 1437 176 1463; x_wconf 85' lang='lat' dir='ltr'><strong>sim</strong></span> <span class='ocrx_word' id='word_1_362' title='bbox 188 1437 274 1470; x_wconf 83' lang='lat' dir='ltr'><strong>homo,</strong></span> <span class='ocrx_word' id='word_1_363' title='bbox 289 1442 315 1464; x_wconf 84' lang='lat' dir='ltr'><strong>et</strong></span> <span class='ocrx_word' id='word_1_364' title='bbox 330 1436 466 1462; x_wconf 85' lang='lat' dir='ltr'><strong>immunda</strong></span> <span class='ocrx_word' id='word_1_365' title='bbox 478 1435 552 1463; x_wconf 80' lang='lat' dir='ltr'><strong>labia</strong></span> <span class='ocrx_word' id='word_1_366' title='bbox 570 1437 692 1471; x_wconf 77' lang='lat' dir='ltr'><strong>habeant,</strong></span> <span class='ocrx_word' id='word_1_367' title='bbox 706 1442 732 1464; x_wconf 72' lang='lat' dir='ltr'><strong>et</strong></span> <span class='ocrx_word' id='word_1_368' title='bbox 747 1445 776 1467; x_wconf 81' lang='grc' dir='ltr'><strong>ιη</strong></span> <span class='ocrx_word' id='word_1_369' title='bbox 788 1445 843 1465; x_wconf 80' lang='lat' dir='ltr'><strong>nte-</strong></span> 
     </span>
    </p>
   </div>
   <div class='ocr_carea' id='block_1_46' title="bbox 70 1482 841 1518">
    <p class='ocr_par' dir='ltr' id='par_1_46' title="bbox 70 1482 841 1518">
     <span class='ocr_line' id='line_1_46' title="bbox 70 1482 841 1518; baseline 0.001 -9"><span class='ocrx_word' id='word_1_370' title='bbox 70 1482 106 1509; x_wconf 81' lang='lat' dir='ltr'><strong>dio</strong></span> <span class='ocrx_word' id='word_1_371' title='bbox 117 1490 208 1518; x_wconf 75' lang='lat' dir='ltr'><strong>quoque</strong></span> <span class='ocrx_word' id='word_1_372' title='bbox 221 1483 311 1518; x_wconf 77' lang='lat' dir='ltr'><strong>populi</strong></span> <span class='ocrx_word' id='word_1_373' title='bbox 323 1484 460 1510; x_wconf 85' lang='lat' dir='ltr'><strong>immunda</strong></span> <span class='ocrx_word' id='word_1_374' title='bbox 482 1484 556 1510; x_wconf 84' lang='lat' dir='ltr'><strong>labia</strong></span> <span class='ocrx_word' id='word_1_375' title='bbox 576 1483 696 1510; x_wconf 82' lang='lat' dir='ltr'><strong>habentis</strong></span> <span class='ocrx_word' id='word_1_376' title='bbox 717 1484 841 1511; x_wconf 79' lang='lat' dir='ltr'><strong>habitem.</strong></span> 
     </span>
    </p>
   </div>
   <div class='ocr_carea' id='block_1_47' title="bbox 894 928 1685 963">
    <p class='ocr_par' dir='ltr' id='par_1_47' title="bbox 894 928 1685 963">
     <span class='ocr_line' id='line_1_47' title="bbox 894 928 1685 963; baseline 0.004 -8"><span class='ocrx_word' id='word_1_377' title='bbox 894 928 1014 963; x_wconf 87' lang='lat' dir='ltr'><strong>quandiu</strong></span> <span class='ocrx_word' id='word_1_378' title='bbox 1040 929 1179 956; x_wconf 83' lang='lat' dir='ltr'><strong>immunda</strong></span> <span class='ocrx_word' id='word_1_379' title='bbox 1203 929 1274 956; x_wconf 83' lang='lat' dir='ltr'><strong>labia</strong></span> <span class='ocrx_word' id='word_1_380' title='bbox 1290 929 1393 963; x_wconf 87' lang='lat' dir='ltr'><strong>habeo,</strong></span> <span class='ocrx_word' id='word_1_381' title='bbox 1416 935 1443 958; x_wconf 89' lang='lat' dir='ltr'><strong>et</strong></span> <span class='ocrx_word' id='word_1_382' title='bbox 1462 930 1618 958; x_wconf 88' lang='lat' dir='ltr'><strong>immundas</strong></span> <span class='ocrx_word' id='word_1_383' title='bbox 1640 938 1685 958; x_wconf 85' lang='lat' dir='ltr'><strong>res</strong></span> 
     </span>
    </p>
   </div>
   <div class='ocr_carea' id='block_1_48' title="bbox 894 975 1682 1012">
    <p class='ocr_par' dir='ltr' id='par_1_48' title="bbox 894 975 1682 1012">
     <span class='ocr_line' id='line_1_48' title="bbox 894 975 1682 1012; baseline 0.004 -11"><span class='ocrx_word' id='word_1_384' title='bbox 894 982 968 1009; x_wconf 86' lang='lat' dir='ltr'><strong>gero,</strong></span> <span class='ocrx_word' id='word_1_385' title='bbox 989 979 1101 1010; x_wconf 82' lang='lat' dir='ltr'><strong>propter</strong></span> <span class='ocrx_word' id='word_1_386' title='bbox 1123 975 1206 1002; x_wconf 86' lang='lat' dir='ltr'><strong>verba</strong></span> <span class='ocrx_word' id='word_1_387' title='bbox 1232 976 1336 1010; x_wconf 87' lang='lat' dir='ltr'><strong>peccati</strong></span> <span class='ocrx_word' id='word_1_388' title='bbox 1363 984 1417 1004; x_wconf 86' lang='lat' dir='ltr'><strong>non</strong></span> <span class='ocrx_word' id='word_1_389' title='bbox 1436 976 1524 1012; x_wconf 84' lang='lat' dir='ltr'><strong>tangit</strong></span> <span class='ocrx_word' id='word_1_390' title='bbox 1543 985 1575 1005; x_wconf 90' lang='lat' dir='ltr'><strong>os</strong></span> <span class='ocrx_word' id='word_1_391' title='bbox 1591 984 1682 1005; x_wconf 89' lang='lat' dir='ltr'><strong>meum</strong></span> 
     </span>
    </p>
   </div>
   <div class='ocr_carea' id='block_1_49' title="bbox 895 1020 1684 1056">
    <p class='ocr_par' dir='ltr' id='par_1_49' title="bbox 895 1020 1684 1056">
     <span class='ocr_line' id='line_1_49' title="bbox 895 1020 1684 1056; baseline 0.005 -9"><span class='ocrx_word' id='word_1_392' title='bbox 895 1020 965 1055; x_wconf 86' lang='lat' dir='ltr'><strong>ignis</strong></span> <span class='ocrx_word' id='word_1_393' title='bbox 978 1020 1011 1048; x_wconf 89' lang='lat' dir='ltr'><strong>de</strong></span> <span class='ocrx_word' id='word_1_394' title='bbox 1024 1021 1114 1054; x_wconf 83' lang='lat' dir='ltr'><strong>altari,</strong></span> <span class='ocrx_word' id='word_1_395' title='bbox 1126 1028 1214 1056; x_wconf 80' lang='lat' dir='ltr'><strong>neque</strong></span> <span class='ocrx_word' id='word_1_396' title='bbox 1229 1021 1348 1049; x_wconf 84' lang='lat' dir='ltr'><strong>mittitur</strong></span> <span class='ocrx_word' id='word_1_397' title='bbox 1363 1022 1397 1050; x_wconf 85' lang='lat' dir='ltr'><strong>ad</strong></span> <span class='ocrx_word' id='word_1_398' title='bbox 1413 1030 1455 1050; x_wconf 90' lang='lat' dir='ltr'><strong>me</strong></span> <span class='ocrx_word' id='word_1_399' title='bbox 1471 1031 1543 1051; x_wconf 90' lang='lat' dir='ltr'><strong>unus</strong></span> <span class='ocrx_word' id='word_1_400' title='bbox 1557 1024 1591 1051; x_wconf 89' lang='lat' dir='ltr'><strong>de</strong></span> <span class='ocrx_word' id='word_1_401' title='bbox 1608 1031 1684 1051; x_wconf 86' lang='lat' dir='ltr'><strong>sera-</strong></span> 
     </span>
    </p>
   </div>
   <div class='ocr_carea' id='block_1_50' title="bbox 894 1065 981 1101">
    <p class='ocr_par' dir='ltr' id='par_1_50' title="bbox 894 1065 981 1101">
     <span class='ocr_line' id='line_1_50' title="bbox 894 1065 981 1101; baseline 0 -8"><span class='ocrx_word' id='word_1_402' title='bbox 894 1065 981 1101; x_wconf 87' lang='lat' dir='ltr'><strong>phim.</strong></span> 
     </span>
    </p>
   </div>
   <div class='ocr_carea' id='block_1_51' title="bbox 929 1111 1682 1149">
    <p class='ocr_par' dir='ltr' id='par_1_51' title="bbox 929 1111 1682 1149">
     <span class='ocr_line' id='line_1_51' title="bbox 929 1111 1682 1149; baseline 0.001 -11"><span class='ocrx_word' id='word_1_403' title='bbox 929 1111 955 1139; x_wconf 88' lang='lat'><strong>6.</strong></span> <span class='ocrx_word' id='word_1_404' title='bbox 978 1111 1054 1140; x_wconf 87' lang='lat' dir='ltr'><strong>Vers.</strong></span> <span class='ocrx_word' id='word_1_405' title='bbox 1075 1112 1102 1139; x_wconf 88' lang='lat'><strong>7.</strong></span> <span class='ocrx_word' id='word_1_406' title='bbox 1124 1111 1159 1139; x_wconf 88' lang='lat' dir='ltr'><strong>Et</strong></span> <span class='ocrx_word' id='word_1_407' title='bbox 1179 1113 1248 1140; x_wconf 66' lang='lat' dir='ltr'><strong>dixit</strong></span> <span class='ocrx_word' id='word_1_408' title='bbox 1267 1119 1276 1139; x_wconf 89' lang='lat'><strong><em>:</em></strong></span> <span class='ocrx_word' id='word_1_409' title='bbox 1294 1111 1362 1140; x_wconf 81' lang='lat' dir='ltr'><strong>Ecce</strong></span> <span class='ocrx_word' id='word_1_410' title='bbox 1387 1114 1461 1149; x_wconf 79' lang='lat' dir='ltr'><strong>tetigi</strong></span> <span class='ocrx_word' id='word_1_411' title='bbox 1484 1113 1555 1140; x_wconf 88' lang='lat' dir='ltr'><strong>labia</strong></span> <span class='ocrx_word' id='word_1_412' title='bbox 1580 1119 1637 1147; x_wconf 77' lang='lat' dir='ltr'><strong>tua,</strong></span> <span class='ocrx_word' id='word_1_413' title='bbox 1657 1120 1682 1140; x_wconf 84' lang='lat' dir='ltr'><strong>et</strong></span> 
     </span>
    </p>
   </div>
   <div class='ocr_carea' id='block_1_52' title="bbox 894 1158 1683 1195">
    <p class='ocr_par' dir='ltr' id='par_1_52' title="bbox 894 1158 1683 1195">
     <span class='ocr_line' id='line_1_52' title="bbox 894 1158 1683 1195; baseline 0.003 -11"><span class='ocrx_word' id='word_1_414' title='bbox 894 1158 993 1185; x_wconf 73' lang='lat' dir='ltr'><strong>abstuli</strong></span> <span class='ocrx_word' id='word_1_415' title='bbox 1014 1159 1169 1194; x_wconf 78' lang='lat' dir='ltr'><strong>iniquitates</strong></span> <span class='ocrx_word' id='word_1_416' title='bbox 1190 1164 1262 1193; x_wconf 86' lang='lat' dir='ltr'><strong>tuas,</strong></span> <span class='ocrx_word' id='word_1_417' title='bbox 1279 1165 1306 1187; x_wconf 85' lang='lat' dir='ltr'><strong>ct</strong></span> <span class='ocrx_word' id='word_1_418' title='bbox 1323 1164 1431 1194; x_wconf 83' lang='lat' dir='ltr'><strong>peccata</strong></span> <span class='ocrx_word' id='word_1_419' title='bbox 1451 1166 1497 1187; x_wconf 85' lang='lat' dir='ltr'><strong>tua</strong></span> <span class='ocrx_word' id='word_1_420' title='bbox 1517 1160 1683 1195; x_wconf 83' lang='lat' dir='ltr'><strong>circumpur-</strong></span> 
     </span>
    </p>
   </div>
   <div class='ocr_carea' id='block_1_53' title="bbox 893 1203 1682 1239">
    <p class='ocr_par' dir='ltr' id='par_1_53' title="bbox 893 1203 1682 1239">
     <span class='ocr_line' id='line_1_53' title="bbox 893 1203 1682 1239; baseline 0.003 -9"><span class='ocrx_word' id='word_1_421' title='bbox 893 1205 962 1239; x_wconf 81' lang='lat' dir='ltr'><strong>goui.</strong></span> <span class='ocrx_word' id='word_1_422' title='bbox 989 1203 1109 1232; x_wconf 78' lang='lat' dir='ltr'><strong>Mordeat</strong></span> <span class='ocrx_word' id='word_1_423' title='bbox 1129 1212 1179 1232; x_wconf 87' lang='lat' dir='ltr'><strong>nos</strong></span> <span class='ocrx_word' id='word_1_424' title='bbox 1198 1212 1290 1233; x_wconf 86' lang='lat' dir='ltr'><strong>sermo</strong></span> <span class='ocrx_word' id='word_1_425' title='bbox 1311 1205 1437 1237; x_wconf 85' lang='lat' dir='ltr'><strong>divinus.</strong></span> <span class='ocrx_word' id='word_1_426' title='bbox 1458 1209 1555 1233; x_wconf 79' lang='lat' dir='ltr'><strong>exurat</strong></span> <span class='ocrx_word' id='word_1_427' title='bbox 1576 1206 1682 1233; x_wconf 81' lang='lat' dir='ltr'><strong>animas</strong></span> 
     </span>
    </p>
   </div>
   <div class='ocr_carea' id='block_1_54' title="bbox 895 1251 1682 1280">
    <p class='ocr_par' dir='ltr' id='par_1_54' title="bbox 895 1251 1682 1280">
     <span class='ocr_line' id='line_1_54' title="bbox 895 1251 1682 1280; baseline 0.001 -2"><span class='ocrx_word' id='word_1_428' title='bbox 895 1257 1005 1278; x_wconf 86' lang='lat' dir='ltr'><strong>nostras</strong></span> <span class='ocrx_word' id='word_1_429' title='bbox 1022 1251 1166 1279; x_wconf 82' lang='lat' dir='ltr'><strong>:dicsmus</strong></span> <span class='ocrx_word' id='word_1_430' title='bbox 1189 1251 1331 1280; x_wconf 79' lang='lat' dir='ltr'><strong>audientes</strong></span> <span class='ocrx_word' id='word_1_431' title='bbox 1347 1259 1354 1278; x_wconf 92' lang='lat'><strong>:</strong></span> <span class='ocrx_word' id='word_1_432' title='bbox 1379 1251 1474 1279; x_wconf 82' lang='lat' dir='ltr'><strong>Nonne</strong></span> <span class='ocrx_word' id='word_1_433' title='bbox 1494 1260 1540 1279; x_wconf 85' lang='lat' dir='ltr'><strong>cor</strong></span> <span class='ocrx_word' id='word_1_434' title='bbox 1563 1257 1682 1279; x_wconf 82' lang='lat' dir='ltr'><strong>nostrum</strong></span> 
     </span>
    </p>
   </div>
   <div class='ocr_carea' id='block_1_55' title="bbox 894 1297 1682 1333">
    <p class='ocr_par' dir='ltr' id='par_1_55' title="bbox 894 1297 1682 1333">
     <span class='ocr_line' id='line_1_55' title="bbox 894 1297 1682 1333; baseline 0.001 -9"><span class='ocrx_word' id='word_1_435' title='bbox 894 1297 989 1324; x_wconf 76' lang='lat' dir='ltr'><strong>ardens</strong></span> <span class='ocrx_word' id='word_1_436' title='bbox 1007 1302 1065 1324; x_wconf 88' lang='lat' dir='ltr'><strong>erat</strong></span> <span class='ocrx_word' id='word_1_437' title='bbox 1085 1298 1114 1325; x_wconf 88' lang='lat' dir='ltr'><strong>iu</strong></span> <span class='ocrx_word' id='word_1_438' title='bbox 1135 1297 1209 1324; x_wconf 84' lang='lat' dir='ltr'><strong>nobis</strong></span> <span class='ocrx_word' id='word_1_439' title='bbox 1222 1297 1268 1324; x_wconf 79' lang='lat'><strong>&quot;?</strong></span> <span class='ocrx_word' id='word_1_440' title='bbox 1292 1303 1323 1325; x_wconf 90' lang='lat' dir='ltr'><strong>ut</strong></span> <span class='ocrx_word' id='word_1_441' title='bbox 1342 1297 1503 1326; x_wconf 74' lang='lat' dir='ltr'><strong>auferantur</strong></span> <span class='ocrx_word' id='word_1_442' title='bbox 1524 1298 1682 1333; x_wconf 82' lang='lat' dir='ltr'><strong>iniquitates</strong></span> 
     </span>
    </p>
   </div>
   <div class='ocr_carea' id='block_1_56' title="bbox 895 1343 1682 1378">
    <p class='ocr_par' dir='ltr' id='par_1_56' title="bbox 895 1343 1682 1378">
     <span class='ocr_line' id='line_1_56' title="bbox 895 1343 1682 1378; baseline 0 -8"><span class='ocrx_word' id='word_1_443' title='bbox 895 1347 994 1370; x_wconf 69' lang='lat' dir='ltr'><strong>nostras</strong></span> <span class='ocrx_word' id='word_1_444' title='bbox 1029 1346 1111 1378; x_wconf 79' lang='lat' dir='ltr'><strong>atque</strong></span> <span class='ocrx_word' id='word_1_445' title='bbox 1142 1347 1270 1378; x_wconf 81' lang='lat' dir='ltr'><strong>peccata,</strong></span> <span class='ocrx_word' id='word_1_446' title='bbox 1295 1348 1322 1371; x_wconf 90' lang='lat' dir='ltr'><strong>et</strong></span> <span class='ocrx_word' id='word_1_447' title='bbox 1347 1344 1442 1371; x_wconf 86' lang='lat' dir='ltr'><strong>mundi</strong></span> <span class='ocrx_word' id='word_1_448' title='bbox 1467 1343 1554 1372; x_wconf 60' lang='grc' dir='ltr'><strong>(βαθειί</strong></span> <span class='ocrx_word' id='word_1_449' title='bbox 1579 1344 1682 1371; x_wconf 88' lang='lat' dir='ltr'><strong>mundo</strong></span> 
     </span>
    </p>
   </div>
   <div class='ocr_carea' id='block_1_57' title="bbox 894 1388 1681 1422">
    <p class='ocr_par' dir='ltr' id='par_1_57' title="bbox 894 1388 1681 1422">
     <span class='ocr_line' id='line_1_57' title="bbox 894 1388 1681 1422; baseline 0 -7"><span class='ocrx_word' id='word_1_450' title='bbox 894 1395 942 1415; x_wconf 87' lang='lat' dir='ltr'><strong>ore</strong></span> <span class='ocrx_word' id='word_1_451' title='bbox 967 1388 1125 1422; x_wconf 86' lang='lat' dir='ltr'><strong>mundoque</strong></span> <span class='ocrx_word' id='word_1_452' title='bbox 1146 1388 1239 1422; x_wconf 87' lang='lat' dir='ltr'><strong>corde,</strong></span> <span class='ocrx_word' id='word_1_453' title='bbox 1262 1393 1290 1416; x_wconf 90' lang='lat' dir='ltr'><strong>et</strong></span> <span class='ocrx_word' id='word_1_454' title='bbox 1305 1389 1406 1416; x_wconf 90' lang='lat' dir='ltr'><strong>munda</strong></span> <span class='ocrx_word' id='word_1_455' title='bbox 1433 1393 1490 1416; x_wconf 84' lang='lat' dir='ltr'><strong>tota</strong></span> <span class='ocrx_word' id='word_1_456' title='bbox 1514 1388 1681 1416; x_wconf 87' lang='lat' dir='ltr'><strong>conscientia</strong></span> 
     </span>
    </p>
   </div>
   <div class='ocr_carea' id='block_1_58' title="bbox 894 1433 1680 1468">
    <p class='ocr_par' dir='ltr' id='par_1_58' title="bbox 894 1433 1680 1468">
     <span class='ocr_line' id='line_1_58' title="bbox 894 1433 1680 1468; baseline 0.003 -8"><span class='ocrx_word' id='word_1_457' title='bbox 894 1433 994 1468; x_wconf 85' lang='lat' dir='ltr'><strong>gratias</strong></span> <span class='ocrx_word' id='word_1_458' title='bbox 1015 1440 1129 1468; x_wconf 79' lang='lat' dir='ltr'><strong>agamus</strong></span> <span class='ocrx_word' id='word_1_459' title='bbox 1148 1434 1327 1468; x_wconf 88' lang='lat' dir='ltr'><strong>omnipotenti</strong></span> <span class='ocrx_word' id='word_1_460' title='bbox 1344 1433 1410 1467; x_wconf 89' lang='lat' dir='ltr'><strong>Deo,</strong></span> <span class='ocrx_word' id='word_1_461' title='bbox 1434 1434 1461 1461; x_wconf 93' lang='lat' dir='ltr'><strong>in</strong></span> <span class='ocrx_word' id='word_1_462' title='bbox 1474 1433 1584 1462; x_wconf 85' lang='lat' dir='ltr'><strong>Christo</strong></span> <span class='ocrx_word' id='word_1_463' title='bbox 1605 1434 1680 1468; x_wconf 77' lang='lat' dir='ltr'><strong>Jesu,</strong></span> 
     </span>
    </p>
   </div>
   <div class='ocr_carea' id='block_1_59' title="bbox 894 1479 1680 1515">
    <p class='ocr_par' dir='ltr' id='par_1_59' title="bbox 894 1479 1680 1515">
     <span class='ocr_line' id='line_1_59' title="bbox 894 1479 1680 1515; baseline 0 -8"><span class='ocrx_word' id='word_1_464' title='bbox 894 1479 940 1507; x_wconf 91' lang='lat' dir='ltr'><strong>cui</strong></span> <span class='ocrx_word' id='word_1_465' title='bbox 955 1484 996 1507; x_wconf 87' lang='lat' dir='ltr'><strong>est</strong></span> <span class='ocrx_word' id='word_1_466' title='bbox 1010 1479 1097 1515; x_wconf 89' lang='lat' dir='ltr'><strong>gloria</strong></span> <span class='ocrx_word' id='word_1_467' title='bbox 1117 1484 1144 1508; x_wconf 86' lang='lat' dir='ltr'><strong>et</strong></span> <span class='ocrx_word' id='word_1_468' title='bbox 1162 1479 1307 1515; x_wconf 89' lang='lat' dir='ltr'><strong>imperium</strong></span> <span class='ocrx_word' id='word_1_469' title='bbox 1332 1480 1359 1508; x_wconf 93' lang='lat' dir='ltr'><strong>in</strong></span> <span class='ocrx_word' id='word_1_470' title='bbox 1382 1480 1481 1508; x_wconf 67' lang='lat' dir='ltr'><strong>saecula</strong></span> <span class='ocrx_word' id='word_1_471' title='bbox 1507 1480 1680 1508; x_wconf 77' lang='lat' dir='ltr'><strong>saeculorum.</strong></span> 
     </span>
    </p>
   </div>
   <div class='ocr_carea' id='block_1_60' title="bbox 70 1526 992 1571">
    <p class='ocr_par' dir='ltr' id='par_1_60' title="bbox 70 1526 992 1571">
     <span class='ocr_line' id='line_1_60' title="bbox 70 1526 992 1571; baseline 0.001 -16"><span class='ocrx_word' id='word_1_472' title='bbox 70 1528 218 1556; x_wconf 80' lang='lat' dir='ltr'><strong>Adnotemus</strong></span> <span class='ocrx_word' id='word_1_473' title='bbox 232 1534 259 1556; x_wconf 87' lang='lat' dir='ltr'><strong>et</strong></span> <span class='ocrx_word' id='word_1_474' title='bbox 278 1529 353 1556; x_wconf 80' lang='lat' dir='ltr'><strong>aliud</strong></span> <span class='ocrx_word' id='word_1_475' title='bbox 371 1529 520 1564; x_wconf 86' lang='lat' dir='ltr'><strong>quiddam,</strong></span> <span class='ocrx_word' id='word_1_476' title='bbox 540 1530 605 1565; x_wconf 88' lang='lat' dir='ltr'><strong>quia</strong></span> <span class='ocrx_word' id='word_1_477' title='bbox 630 1533 742 1564; x_wconf 85' lang='lat' dir='ltr'><strong>peccata</strong></span> <span class='ocrx_word' id='word_1_478' title='bbox 768 1530 843 1557; x_wconf 67' lang='lat' dir='ltr'><strong>Isaiae</strong></span> <span class='ocrx_word' id='word_1_479' title='bbox 856 1540 879 1571; x_wconf 68' lang='grc' dir='ltr'>ε</span> <span class='ocrx_word' id='word_1_480' title='bbox 894 1526 992 1554; x_wconf 77' lang='lat' dir='ltr'><strong>Amen-</strong></span> 
     </span>
    </p>
   </div>
   <div class='ocr_carea' id='block_1_61' title="bbox 70 1575 838 1609">
    <p class='ocr_par' dir='ltr' id='par_1_61' title="bbox 70 1575 838 1609">
     <span class='ocr_line' id='line_1_61' title="bbox 70 1575 838 1609; baseline 0.004 -9"><span class='ocrx_word' id='word_1_481' title='bbox 70 1582 113 1601; x_wconf 90' lang='lat' dir='ltr'><strong>non</strong></span> <span class='ocrx_word' id='word_1_482' title='bbox 129 1575 153 1601; x_wconf 89' lang='lat' dir='ltr'><strong>in</strong></span> <span class='ocrx_word' id='word_1_483' title='bbox 177 1575 274 1609; x_wconf 77' lang='lat' dir='ltr'><strong>factis,</strong></span> <span class='ocrx_word' id='word_1_484' title='bbox 300 1575 348 1603; x_wconf 87' lang='lat' dir='ltr'><strong>sed</strong></span> <span class='ocrx_word' id='word_1_485' title='bbox 371 1580 476 1603; x_wconf 89' lang='lat' dir='ltr'><strong>tantum</strong></span> <span class='ocrx_word' id='word_1_486' title='bbox 498 1576 525 1603; x_wconf 92' lang='lat' dir='ltr'><strong>in</strong></span> <span class='ocrx_word' id='word_1_487' title='bbox 551 1576 726 1604; x_wconf 86' lang='lat' dir='ltr'><strong>sermonibus</strong></span> <span class='ocrx_word' id='word_1_488' title='bbox 751 1580 838 1603; x_wconf 88' lang='lat' dir='ltr'><strong>erant.</strong></span> 
     </span>
    </p>
   </div>
   <div class='ocr_carea' id='block_1_62' title="bbox 70 1618 842 1656">
    <p class='ocr_par' dir='ltr' id='par_1_62' title="bbox 70 1618 842 1656">
     <span class='ocr_line' id='line_1_62' title="bbox 70 1618 842 1656; baseline 0.004 -11"><span class='ocrx_word' id='word_1_489' title='bbox 70 1618 166 1655; x_wconf 78' lang='lat' dir='ltr'><strong>Propter</strong></span> <span class='ocrx_word' id='word_1_490' title='bbox 180 1621 250 1656; x_wconf 87' lang='lat' dir='ltr'><strong>quod</strong></span> <span class='ocrx_word' id='word_1_491' title='bbox 265 1622 304 1649; x_wconf 87' lang='lat' dir='ltr'><strong>ait</strong></span> <span class='ocrx_word' id='word_1_492' title='bbox 321 1631 328 1649; x_wconf 86' lang='lat'>:</span> <span class='ocrx_word' id='word_1_493' title='bbox 342 1621 412 1654; x_wconf 80' lang='lat' dir='ltr'><strong>Quia</strong></span> <span class='ocrx_word' id='word_1_494' title='bbox 427 1630 486 1648; x_wconf 88' lang='lat' dir='ltr'><strong>cum</strong></span> <span class='ocrx_word' id='word_1_495' title='bbox 499 1622 575 1648; x_wconf 89' lang='lat' dir='ltr'><strong>homo</strong></span> <span class='ocrx_word' id='word_1_496' title='bbox 590 1623 651 1654; x_wconf 85' lang='lat' dir='ltr'><strong>sim,</strong></span> <span class='ocrx_word' id='word_1_497' title='bbox 665 1626 689 1648; x_wconf 82' lang='lat' dir='ltr'><strong>et</strong></span> <span class='ocrx_word' id='word_1_498' title='bbox 704 1621 842 1649; x_wconf 78' lang='lat' dir='ltr'><strong>immunda</strong></span> 
     </span>
    </p>
   </div>
   <div class='ocr_carea' id='block_1_63' title="bbox 70 1665 843 1703">
    <p class='ocr_par' dir='ltr' id='par_1_63' title="bbox 70 1665 843 1703">
     <span class='ocr_line' id='line_1_63' title="bbox 70 1665 843 1703; baseline 0.004 -12"><span class='ocrx_word' id='word_1_499' title='bbox 70 1665 128 1692; x_wconf 83' lang='lat' dir='ltr'><strong>labia</strong></span> <span class='ocrx_word' id='word_1_500' title='bbox 144 1667 257 1694; x_wconf 76' lang='lat' dir='ltr'><strong>habeant.</strong></span> <span class='ocrx_word' id='word_1_501' title='bbox 277 1667 345 1694; x_wconf 88' lang='lat' dir='ltr'><strong>Erat</strong></span> <span class='ocrx_word' id='word_1_502' title='bbox 362 1672 452 1694; x_wconf 89' lang='lat' dir='ltr'><strong>autem</strong></span> <span class='ocrx_word' id='word_1_503' title='bbox 468 1671 495 1695; x_wconf 90' lang='lat' dir='ltr'><strong>ct</strong></span> <span class='ocrx_word' id='word_1_504' title='bbox 515 1667 632 1703; x_wconf 86' lang='lat' dir='ltr'><strong>populus</strong></span> <span class='ocrx_word' id='word_1_505' title='bbox 647 1667 788 1694; x_wconf 89' lang='lat' dir='ltr'><strong>immunda</strong></span> <span class='ocrx_word' id='word_1_506' title='bbox 803 1668 843 1694; x_wconf 80' lang='lat' dir='ltr'><strong>la-</strong></span> 
     </span>
    </p>
   </div>
   <div class='ocr_carea' id='block_1_64' title="bbox 72 1711 842 1748">
    <p class='ocr_par' dir='ltr' id='par_1_64' title="bbox 72 1711 842 1748">
     <span class='ocr_line' id='line_1_64' title="bbox 72 1711 842 1748; baseline 0.005 -12"><span class='ocrx_word' id='word_1_507' title='bbox 72 1711 106 1737; x_wconf 83' lang='lat' dir='ltr'><strong>hia</strong></span> <span class='ocrx_word' id='word_1_508' title='bbox 121 1712 224 1740; x_wconf 82' lang='lat' dir='ltr'><strong>habens.</strong></span> <span class='ocrx_word' id='word_1_509' title='bbox 237 1712 295 1741; x_wconf 81' lang='lat' dir='ltr'><strong>Non</strong></span> <span class='ocrx_word' id='word_1_510' title='bbox 315 1713 408 1741; x_wconf 85' lang='lat' dir='ltr'><strong>decuit</strong></span> <span class='ocrx_word' id='word_1_511' title='bbox 424 1721 487 1741; x_wconf 91' lang='lat' dir='ltr'><strong>eum</strong></span> <span class='ocrx_word' id='word_1_512' title='bbox 498 1720 629 1741; x_wconf 83' lang='lat' dir='ltr'><strong>accusare</strong></span> <span class='ocrx_word' id='word_1_513' title='bbox 645 1713 789 1748; x_wconf 90' lang='lat' dir='ltr'><strong>populum,</strong></span> <span class='ocrx_word' id='word_1_514' title='bbox 815 1717 842 1741; x_wconf 89' lang='lat' dir='ltr'><strong>et</strong></span> 
     </span>
    </p>
   </div>
   <div class='ocr_carea' id='block_1_65' title="bbox 70 1757 840 1796">
    <p class='ocr_par' dir='ltr' id='par_1_65' title="bbox 70 1757 840 1796">
     <span class='ocr_line' id='line_1_65' title="bbox 70 1757 840 1796; baseline 0 -11"><span class='ocrx_word' id='word_1_515' title='bbox 70 1757 146 1786; x_wconf 79' lang='lat' dir='ltr'><strong>dicere</strong></span> <span class='ocrx_word' id='word_1_516' title='bbox 156 1759 227 1794; x_wconf 89' lang='lat' dir='ltr'><strong>plura</strong></span> <span class='ocrx_word' id='word_1_517' title='bbox 242 1764 355 1795; x_wconf 84' lang='lat' dir='ltr'><strong>peccata</strong></span> <span class='ocrx_word' id='word_1_518' title='bbox 367 1759 394 1788; x_wconf 92' lang='lat' dir='ltr'><strong>in</strong></span> <span class='ocrx_word' id='word_1_519' title='bbox 412 1767 445 1788; x_wconf 92' lang='lat' dir='ltr'><strong>eo</strong></span> <span class='ocrx_word' id='word_1_520' title='bbox 462 1767 523 1788; x_wconf 84' lang='lat' dir='ltr'><strong>esse</strong></span> <span class='ocrx_word' id='word_1_521' title='bbox 538 1767 620 1796; x_wconf 85' lang='lat' dir='ltr'><strong>quam</strong></span> <span class='ocrx_word' id='word_1_522' title='bbox 636 1759 840 1787; x_wconf 82' lang='lat' dir='ltr'><strong>immundorum</strong></span> 
     </span>
    </p>
   </div>
   <div class='ocr_carea' id='block_1_66' title="bbox 71 1803 196 1833">
    <p class='ocr_par' dir='ltr' id='par_1_66' title="bbox 71 1803 196 1833">
     <span class='ocr_line' id='line_1_66' title="bbox 71 1803 196 1833; baseline 0.024 -3"><span class='ocrx_word' id='word_1_523' title='bbox 71 1803 196 1833; x_wconf 88' lang='lat' dir='ltr'><strong>labiorum.</strong></span> 
     </span>
    </p>
   </div>
   <div class='ocr_carea' id='block_1_67' title="bbox 99 1850 838 1887">
    <p class='ocr_par' dir='ltr' id='par_1_67' title="bbox 99 1850 838 1887">
     <span class='ocr_line' id='line_1_67' title="bbox 99 1850 838 1887; baseline 0.001 -10"><span class='ocrx_word' id='word_1_524' title='bbox 99 1850 121 1876; x_wconf 75' lang='lat' dir='ltr'><strong>l.</strong></span> <span class='ocrx_word' id='word_1_525' title='bbox 141 1850 171 1877; x_wconf 78' lang='lat' dir='ltr'><strong>Et</strong></span> <span class='ocrx_word' id='word_1_526' title='bbox 185 1859 267 1887; x_wconf 85' lang='lat' dir='ltr'><strong>regem</strong></span> <span class='ocrx_word' id='word_1_527' title='bbox 285 1851 430 1878; x_wconf 83' lang='lat' dir='ltr'><strong>Dominum</strong></span> <span class='ocrx_word' id='word_1_528' title='bbox 443 1851 560 1880; x_wconf 76' lang='lat' dir='ltr'><strong>Sa‘baoth</strong></span> <span class='ocrx_word' id='word_1_529' title='bbox 585 1851 640 1879; x_wconf 82' lang='lat' dir='ltr'><strong>nidi</strong></span> <span class='ocrx_word' id='word_1_530' title='bbox 661 1851 745 1878; x_wconf 81' lang='lat' dir='ltr'><strong>oculis</strong></span> <span class='ocrx_word' id='word_1_531' title='bbox 763 1851 838 1878; x_wconf 83' lang='lat' dir='ltr'><strong>meis.</strong></span> 
     </span>
    </p>
   </div>
   <div class='ocr_carea' id='block_1_68' title="bbox 71 1896 838 1934">
    <p class='ocr_par' dir='ltr' id='par_1_68' title="bbox 71 1896 838 1934">
     <span class='ocr_line' id='line_1_68' title="bbox 71 1896 838 1934; baseline 0.003 -12"><span class='ocrx_word' id='word_1_532' title='bbox 71 1896 94 1923; x_wconf 79' lang='lat' dir='ltr'><strong>Si</strong></span> <span class='ocrx_word' id='word_1_533' title='bbox 110 1899 207 1932; x_wconf 84' lang='lat' dir='ltr'><strong>quando</strong></span> <span class='ocrx_word' id='word_1_534' title='bbox 227 1898 260 1926; x_wconf 89' lang='lat' dir='ltr'><strong>de</strong></span> <span class='ocrx_word' id='word_1_535' title='bbox 276 1898 332 1926; x_wconf 86' lang='lat' dir='ltr'><strong>Deo</strong></span> <span class='ocrx_word' id='word_1_536' title='bbox 351 1899 578 1934; x_wconf 85' lang='lat' dir='ltr'><strong>cogitaverimus,</strong></span> <span class='ocrx_word' id='word_1_537' title='bbox 603 1906 666 1926; x_wconf 91' lang='lat' dir='ltr'><strong>cum</strong></span> <span class='ocrx_word' id='word_1_538' title='bbox 681 1898 772 1925; x_wconf 85' lang='lat' dir='ltr'><strong>adhuc</strong></span> <span class='ocrx_word' id='word_1_539' title='bbox 791 1905 838 1925; x_wconf 85' lang='lat' dir='ltr'><strong>su-</strong></span> 
     </span>
    </p>
   </div>
   <div class='ocr_carea' id='block_1_69' title="bbox 72 1943 841 1979">
    <p class='ocr_par' dir='ltr' id='par_1_69' title="bbox 72 1943 841 1979">
     <span class='ocr_line' id='line_1_69' title="bbox 72 1943 841 1979; baseline 0.003 -11"><span class='ocrx_word' id='word_1_540' title='bbox 72 1950 122 1970; x_wconf 80' lang='lat' dir='ltr'><strong>mus</strong></span> <span class='ocrx_word' id='word_1_541' title='bbox 140 1950 303 1979; x_wconf 82' lang='lat' dir='ltr'><strong>peccatores,</strong></span> <span class='ocrx_word' id='word_1_542' title='bbox 326 1950 353 1973; x_wconf 88' lang='lat' dir='ltr'><strong>et</strong></span> <span class='ocrx_word' id='word_1_543' title='bbox 377 1953 428 1972; x_wconf 90' lang='lat' dir='ltr'><strong>nos</strong></span> <span class='ocrx_word' id='word_1_544' title='bbox 452 1945 576 1972; x_wconf 89' lang='lat' dir='ltr'><strong>dicamus</strong></span> <span class='ocrx_word' id='word_1_545' title='bbox 601 1952 662 1979; x_wconf 75' lang='lat' dir='ltr'><strong>quae</strong></span> <span class='ocrx_word' id='word_1_546' title='bbox 680 1951 754 1971; x_wconf 86' lang='lat' dir='ltr'><strong>nunc</strong></span> <span class='ocrx_word' id='word_1_547' title='bbox 774 1943 841 1971; x_wconf 90' lang='lat' dir='ltr'><strong>dicit</strong></span> 
     </span>
    </p>
   </div>
   <div class='ocr_carea' id='block_1_70' title="bbox 71 1989 840 2027">
    <p class='ocr_par' dir='ltr' id='par_1_70' title="bbox 71 1989 840 2027">
     <span class='ocr_line' id='line_1_70' title="bbox 71 1989 840 2027; baseline 0.001 -12"><span class='ocrx_word' id='word_1_548' title='bbox 71 1989 181 2023; x_wconf 79' lang='lat' dir='ltr'><strong>propheta</strong></span> <span class='ocrx_word' id='word_1_549' title='bbox 200 1992 284 2027; x_wconf 87' lang='lat' dir='ltr'><strong>(vers.</strong></span> <span class='ocrx_word' id='word_1_550' title='bbox 299 1991 325 2027; x_wconf 87' lang='lat'><strong>6)</strong></span> <span class='ocrx_word' id='word_1_551' title='bbox 340 1999 347 2017; x_wconf 89' lang='lat'><strong>:</strong></span> <span class='ocrx_word' id='word_1_552' title='bbox 377 1990 409 2017; x_wconf 88' lang='lat' dir='ltr'><strong>Et</strong></span> <span class='ocrx_word' id='word_1_553' title='bbox 433 1991 528 2017; x_wconf 80' lang='lat' dir='ltr'><strong>missus</strong></span> <span class='ocrx_word' id='word_1_554' title='bbox 550 1995 589 2017; x_wconf 87' lang='lat' dir='ltr'><strong>est</strong></span> <span class='ocrx_word' id='word_1_555' title='bbox 607 1989 641 2016; x_wconf 81' lang='lat' dir='ltr'><strong>ad</strong></span> <span class='ocrx_word' id='word_1_556' title='bbox 659 1998 699 2016; x_wconf 85' lang='lat' dir='ltr'><strong>me</strong></span> <span class='ocrx_word' id='word_1_557' title='bbox 722 1997 790 2016; x_wconf 83' lang='lat' dir='ltr'><strong>unus</strong></span> <span class='ocrx_word' id='word_1_558' title='bbox 808 1989 840 2016; x_wconf 80' lang='lat' dir='ltr'><strong>de</strong></span> 
     </span>
    </p>
   </div>
   <div class='ocr_carea' id='block_1_71' title="bbox 71 2035 840 2071">
    <p class='ocr_par' dir='ltr' id='par_1_71' title="bbox 71 2035 840 2071">
     <span class='ocr_line' id='line_1_71' title="bbox 71 2035 840 2071; baseline 0.003 -11"><span class='ocrx_word' id='word_1_559' title='bbox 71 2036 193 2070; x_wconf 80' lang='lat' dir='ltr'><strong>uraphim.</strong></span> <span class='ocrx_word' id='word_1_560' title='bbox 210 2037 299 2070; x_wconf 84' lang='lat' dir='ltr'><strong>Quam</strong></span> <span class='ocrx_word' id='word_1_561' title='bbox 321 2037 410 2064; x_wconf 88' lang='lat' dir='ltr'><strong>bonus</strong></span> <span class='ocrx_word' id='word_1_562' title='bbox 425 2036 513 2064; x_wconf 89' lang='lat' dir='ltr'><strong>Deus!</strong></span> <span class='ocrx_word' id='word_1_563' title='bbox 531 2035 618 2070; x_wconf 85' lang='lat' dir='ltr'><strong>Quia,</strong></span> <span class='ocrx_word' id='word_1_564' title='bbox 636 2035 741 2071; x_wconf 91' lang='lat' dir='ltr'><strong>inquit,</strong></span> <span class='ocrx_word' id='word_1_565' title='bbox 759 2035 840 2063; x_wconf 89' lang='lat' dir='ltr'><strong>audio</strong></span> 
     </span>
    </p>
   </div>
   <div class='ocr_carea' id='block_1_72' title="bbox 72 2082 839 2119">
    <p class='ocr_par' dir='ltr' id='par_1_72' title="bbox 72 2082 839 2119">
     <span class='ocr_line' id='line_1_72' title="bbox 72 2082 839 2119; baseline 0.003 -13"><span class='ocrx_word' id='word_1_566' title='bbox 72 2083 222 2110; x_wconf 79' lang='lat' dir='ltr'><strong>rontitentem</strong></span> <span class='ocrx_word' id='word_1_567' title='bbox 235 2083 346 2119; x_wconf 82' lang='lat' dir='ltr'><strong>Isaiam;</strong></span> <span class='ocrx_word' id='word_1_568' title='bbox 361 2083 429 2110; x_wconf 79' lang='lat' dir='ltr'><strong>dixit</strong></span> <span class='ocrx_word' id='word_1_569' title='bbox 443 2084 516 2110; x_wconf 90' lang='lat' dir='ltr'><strong>enim</strong></span> <span class='ocrx_word' id='word_1_570' title='bbox 531 2091 537 2109; x_wconf 92' lang='lat'><strong>:</strong></span> <span class='ocrx_word' id='word_1_571' title='bbox 554 2083 576 2111; x_wconf 91' lang='lat'><strong>0</strong></span> <span class='ocrx_word' id='word_1_572' title='bbox 593 2082 674 2109; x_wconf 84' lang='lat' dir='ltr'><strong>miser</strong></span> <span class='ocrx_word' id='word_1_573' title='bbox 686 2089 750 2117; x_wconf 84' lang='lat' dir='ltr'><strong>ego;</strong></span> <span class='ocrx_word' id='word_1_574' title='bbox 769 2089 839 2116; x_wconf 87' lang='lat' dir='ltr'><strong>quo-</strong></span> 
     </span>
    </p>
   </div>
   <div class='ocr_carea' id='block_1_73' title="bbox 72 2127 838 2165">
    <p class='ocr_par' dir='ltr' id='par_1_73' title="bbox 72 2127 838 2165">
     <span class='ocr_line' id='line_1_73' title="bbox 72 2127 838 2165; baseline 0.001 -12"><span class='ocrx_word' id='word_1_575' title='bbox 72 2127 131 2155; x_wconf 84' lang='lat' dir='ltr'><strong>niam</strong></span> <span class='ocrx_word' id='word_1_576' title='bbox 152 2130 228 2157; x_wconf 85' lang='lat' dir='ltr'><strong>audio</strong></span> <span class='ocrx_word' id='word_1_577' title='bbox 254 2130 445 2165; x_wconf 72' lang='lat' dir='ltr'><strong>pcenitentem,</strong></span> <span class='ocrx_word' id='word_1_578' title='bbox 471 2129 510 2156; x_wconf 89' lang='lat' dir='ltr'><strong>ait</strong></span> <span class='ocrx_word' id='word_1_579' title='bbox 531 2128 649 2164; x_wconf 89' lang='lat' dir='ltr'><strong>quippe:</strong></span> <span class='ocrx_word' id='word_1_580' title='bbox 663 2128 838 2162; x_wconf 85' lang='lat' dir='ltr'><strong>Compunctus</strong></span> 
     </span>
    </p>
   </div>
   <div class='ocr_carea' id='block_1_74' title="bbox 72 2175 836 2211">
    <p class='ocr_par' dir='ltr' id='par_1_74' title="bbox 72 2175 836 2211">
     <span class='ocr_line' id='line_1_74' title="bbox 72 2175 836 2211; baseline -0.008 -4"><span class='ocrx_word' id='word_1_581' title='bbox 72 2181 134 2206; x_wconf 76' lang='lat' dir='ltr'><strong>&quot;Im;</strong></span> <span class='ocrx_word' id='word_1_582' title='bbox 156 2177 217 2210; x_wconf 89' lang='lat' dir='ltr'><strong>quia</strong></span> <span class='ocrx_word' id='word_1_583' title='bbox 245 2177 356 2211; x_wconf 88' lang='lat' dir='ltr'><strong>propria</strong></span> <span class='ocrx_word' id='word_1_584' title='bbox 382 2177 481 2204; x_wconf 84' lang='lat' dir='ltr'><strong>delicta</strong></span> <span class='ocrx_word' id='word_1_585' title='bbox 512 2175 698 2210; x_wconf 87' lang='lat' dir='ltr'><strong>pronuntiavit</strong></span> <span class='ocrx_word' id='word_1_586' title='bbox 723 2175 836 2201; x_wconf 87' lang='lat' dir='ltr'><strong>dicens:</strong></span> 
     </span>
    </p>
   </div>
   <div class='ocr_carea' id='block_1_75' title="bbox 1188 1570 1388 1599">
    <p class='ocr_par' dir='ltr' id='par_1_75' title="bbox 1188 1570 1388 1599">
     <span class='ocr_line' id='line_1_75' title="bbox 1188 1570 1388 1599; baseline -0.005 0"><span class='ocrx_word' id='word_1_587' title='bbox 1188 1570 1335 1599; x_wconf 81' lang='lat' dir='ltr'><strong>HOMILIA</strong></span> <span class='ocrx_word' id='word_1_588' title='bbox 1358 1571 1388 1598; x_wconf 83' lang='lat' dir='ltr'><strong>V.</strong></span> 
     </span>
    </p>
   </div>
   <div class='ocr_carea' id='block_1_76' title="bbox 894 1629 1682 1665">
    <p class='ocr_par' dir='ltr' id='par_1_76' title="bbox 894 1629 1682 1665">
     <span class='ocr_line' id='line_1_76' title="bbox 894 1629 1682 1665; baseline 0 -8"><span class='ocrx_word' id='word_1_589' title='bbox 894 1629 930 1657; x_wconf 80' lang='lat' dir='ltr'><strong>De</strong></span> <span class='ocrx_word' id='word_1_590' title='bbox 944 1629 983 1657; x_wconf 85' lang='lat' dir='ltr'><strong>&#39;eo</strong></span> <span class='ocrx_word' id='word_1_591' title='bbox 995 1631 1067 1664; x_wconf 91' lang='lat' dir='ltr'><strong>quod</strong></span> <span class='ocrx_word' id='word_1_592' title='bbox 1091 1630 1223 1665; x_wconf 89' lang='lat' dir='ltr'><strong>scriptum</strong></span> <span class='ocrx_word' id='word_1_593' title='bbox 1242 1635 1303 1658; x_wconf 89' lang='lat' dir='ltr'><strong>est:</strong></span> <span class='ocrx_word' id='word_1_594' title='bbox 1319 1630 1384 1663; x_wconf 76' lang='lat' dir='ltr'><strong>Quis</strong></span> <span class='ocrx_word' id='word_1_595' title='bbox 1404 1630 1513 1657; x_wconf 80' lang='lat' dir='ltr'><strong>elevavit</strong></span> <span class='ocrx_word' id='word_1_596' title='bbox 1531 1629 1564 1657; x_wconf 84' lang='lat' dir='ltr'><strong>ab</strong></span> <span class='ocrx_word' id='word_1_597' title='bbox 1583 1630 1682 1657; x_wconf 81' lang='lat' dir='ltr'><strong>oriente</strong></span> 
     </span>
    </p>
   </div>
   <div class='ocr_carea' id='block_1_77' title="bbox 923 1665 1682 1736">
    <p class='ocr_par' dir='ltr' id='par_1_77' title="bbox 923 1665 1682 1736">
     <span class='ocr_line' id='line_1_77' title="bbox 923 1665 1682 1736; baseline 0.001 -45"><span class='ocrx_word' id='word_1_598' title='bbox 923 1665 1059 1736; x_wconf 60' lang='lat' dir='ltr'><strong>{ustitiuqt</strong></span> <span class='ocrx_word' id='word_1_599' title='bbox 1077 1665 1152 1701; x_wconf 82' lang='lat' dir='ltr'><strong>(xu,</strong></span> <span class='ocrx_word' id='word_1_600' title='bbox 1171 1666 1212 1701; x_wconf 74' lang='lat'><strong>2),</strong></span> <span class='ocrx_word' id='word_1_601' title='bbox 1240 1671 1267 1694; x_wconf 90' lang='lat' dir='ltr'><strong>et</strong></span> <span class='ocrx_word' id='word_1_602' title='bbox 1291 1666 1325 1694; x_wconf 89' lang='lat' dir='ltr'><strong>de</strong></span> <span class='ocrx_word' id='word_1_603' title='bbox 1349 1665 1454 1693; x_wconf 89' lang='lat' dir='ltr'><strong>visione</strong></span> <span class='ocrx_word' id='word_1_604' title='bbox 1481 1665 1579 1692; x_wconf 85' lang='lat' dir='ltr'><strong>iterum</strong></span> <span class='ocrx_word' id='word_1_605' title='bbox 1604 1665 1682 1694; x_wconf 79' lang='lat' dir='ltr'><strong>aliter</strong></span> 
     </span>
     <span class='ocr_line' id='line_1_78' title="bbox 939 1708 1062 1735; baseline 0 -8"><span class='ocrx_word' id='word_1_606' title='bbox 939 1708 998 1735; x_wconf 88' lang='lat' dir='ltr'><strong>cap.</strong></span> <span class='ocrx_word' id='word_1_607' title='bbox 1013 1709 1038 1727; x_wconf 78' lang='lat' dir='ltr'><strong>vr</strong></span> <span class='ocrx_word' id='word_1_608' title='bbox 1056 1721 1062 1728; x_wconf 99' lang='lat'><strong>.</strong></span> 
     </span>
    </p>
   </div>
   <div class='ocr_carea' id='block_1_78' title="bbox 934 1756 1682 1794">
    <p class='ocr_par' dir='ltr' id='par_1_78' title="bbox 934 1756 1682 1794">
     <span class='ocr_line' id='line_1_79' title="bbox 934 1756 1682 1794; baseline 0.001 -9"><span class='ocrx_word' id='word_1_609' title='bbox 934 1759 961 1785; x_wconf 81' lang='lat' dir='ltr'><strong>l.</strong></span> <span class='ocrx_word' id='word_1_610' title='bbox 990 1758 1035 1785; x_wconf 79' lang='lat' dir='ltr'><strong>Ait</strong></span> <span class='ocrx_word' id='word_1_611' title='bbox 1060 1758 1206 1792; x_wconf 86' lang='lat' dir='ltr'><strong>prophetes</strong></span> <span class='ocrx_word' id='word_1_612' title='bbox 1231 1765 1292 1785; x_wconf 87' lang='lat' dir='ltr'><strong>esse</strong></span> <span class='ocrx_word' id='word_1_613' title='bbox 1313 1756 1453 1786; x_wconf 85' lang='lat' dir='ltr'><strong>Christum</strong></span> <span class='ocrx_word' id='word_1_614' title='bbox 1477 1758 1611 1786; x_wconf 87' lang='lat' dir='ltr'><strong>viventem</strong></span> <span class='ocrx_word' id='word_1_615' title='bbox 1634 1759 1682 1794; x_wconf 82' lang='lat' dir='ltr'><strong>ju-</strong></span> 
     </span>
    </p>
   </div>
   <div class='ocr_carea' id='block_1_79' title="bbox 891 1802 1680 1838">
    <p class='ocr_par' dir='ltr' id='par_1_79' title="bbox 891 1802 1680 1838">
     <span class='ocr_line' id='line_1_80' title="bbox 891 1802 1680 1838; baseline 0 -7"><span class='ocrx_word' id='word_1_616' title='bbox 891 1803 1005 1835; x_wconf 88' lang='lat' dir='ltr'><strong>stitiam,</strong></span> <span class='ocrx_word' id='word_1_617' title='bbox 1032 1807 1059 1830; x_wconf 87' lang='lat' dir='ltr'><strong>et</strong></span> <span class='ocrx_word' id='word_1_618' title='bbox 1084 1803 1247 1838; x_wconf 89' lang='lat' dir='ltr'><strong>putabamus</strong></span> <span class='ocrx_word' id='word_1_619' title='bbox 1280 1809 1332 1829; x_wconf 89' lang='lat' dir='ltr'><strong>nos</strong></span> <span class='ocrx_word' id='word_1_620' title='bbox 1362 1802 1396 1829; x_wconf 90' lang='lat' dir='ltr'><strong>ab</strong></span> <span class='ocrx_word' id='word_1_621' title='bbox 1417 1802 1550 1838; x_wconf 81' lang='lat' dir='ltr'><strong>Apostolo</strong></span> <span class='ocrx_word' id='word_1_622' title='bbox 1577 1803 1680 1831; x_wconf 84' lang='lat' dir='ltr'><strong>dictum</strong></span> 
     </span>
    </p>
   </div>
   <div class='ocr_carea' id='block_1_80' title="bbox 890 1847 1680 1885">
    <p class='ocr_par' dir='ltr' id='par_1_80' title="bbox 890 1847 1680 1885">
     <span class='ocr_line' id='line_1_81' title="bbox 890 1847 1680 1885; baseline 0 -8"><span class='ocrx_word' id='word_1_623' title='bbox 890 1857 952 1878; x_wconf 86' lang='lat' dir='ltr'><strong>esse</strong></span> <span class='ocrx_word' id='word_1_624' title='bbox 967 1849 1035 1885; x_wconf 81' lang='lat' dir='ltr'><strong>(9i),</strong></span> <span class='ocrx_word' id='word_1_625' title='bbox 1051 1849 1114 1884; x_wconf 84' lang='lat' dir='ltr'><strong>quia</strong></span> <span class='ocrx_word' id='word_1_626' title='bbox 1127 1848 1253 1876; x_wconf 84' lang='lat' dir='ltr'><strong>Christus</strong></span> <span class='ocrx_word' id='word_1_627' title='bbox 1268 1848 1304 1876; x_wconf 89' lang='lat' dir='ltr'><strong>sit</strong></span> <span class='ocrx_word' id='word_1_628' title='bbox 1319 1847 1441 1882; x_wconf 82' lang='lat' dir='ltr'><strong>justitia,</strong></span> <span class='ocrx_word' id='word_1_629' title='bbox 1457 1854 1482 1875; x_wconf 87' lang='lat' dir='ltr'><strong>et</strong></span> <span class='ocrx_word' id='word_1_630' title='bbox 1495 1850 1680 1884; x_wconf 78' lang='lat' dir='ltr'><strong>sanctiﬁcatio,</strong></span> 
     </span>
    </p>
   </div>
   <div class='ocr_carea' id='block_1_81' title="bbox 890 1893 1682 1930">
    <p class='ocr_par' dir='ltr' id='par_1_81' title="bbox 890 1893 1682 1930">
     <span class='ocr_line' id='line_1_82' title="bbox 890 1893 1682 1930; baseline -0.001 -7"><span class='ocrx_word' id='word_1_631' title='bbox 890 1901 915 1923; x_wconf 86' lang='lat' dir='ltr'><strong>et</strong></span> <span class='ocrx_word' id='word_1_632' title='bbox 931 1896 1085 1930; x_wconf 83' lang='lat' dir='ltr'><strong>redemptio.</strong></span> <span class='ocrx_word' id='word_1_633' title='bbox 1108 1899 1134 1922; x_wconf 85' lang='lat' dir='ltr'><strong>et</strong></span> <span class='ocrx_word' id='word_1_634' title='bbox 1156 1894 1287 1929; x_wconf 83' lang='lat' dir='ltr'><strong>sapientia</strong></span> <span class='ocrx_word' id='word_1_635' title='bbox 1298 1894 1331 1921; x_wconf 79' lang='lat'><strong>°&#39;.</strong></span> <span class='ocrx_word' id='word_1_636' title='bbox 1356 1893 1439 1921; x_wconf 83' lang='lat' dir='ltr'><strong>Forte</strong></span> <span class='ocrx_word' id='word_1_637' title='bbox 1462 1898 1553 1922; x_wconf 84' lang='lat' dir='ltr'><strong>autem</strong></span> <span class='ocrx_word' id='word_1_638' title='bbox 1568 1900 1595 1922; x_wconf 92' lang='lat' dir='ltr'><strong>et</strong></span> <span class='ocrx_word' id='word_1_639' title='bbox 1608 1895 1682 1930; x_wconf 84' lang='lat' dir='ltr'><strong>Apo-</strong></span> 
     </span>
    </p>
   </div>
   <div class='ocr_carea' id='block_1_82' title="bbox 891 1941 1681 1976">
    <p class='ocr_par' dir='ltr' id='par_1_82' title="bbox 891 1941 1681 1976">
     <span class='ocr_line' id='line_1_83' title="bbox 891 1941 1681 1976; baseline -0.003 -5"><span class='ocrx_word' id='word_1_640' title='bbox 891 1943 978 1971; x_wconf 89' lang='lat' dir='ltr'><strong>stolus</strong></span> <span class='ocrx_word' id='word_1_641' title='bbox 1002 1942 1152 1970; x_wconf 87' lang='lat' dir='ltr'><strong>instructus</strong></span> <span class='ocrx_word' id='word_1_642' title='bbox 1168 1948 1184 1968; x_wconf 86' lang='lat' dir='ltr'><strong>a</strong></span> <span class='ocrx_word' id='word_1_643' title='bbox 1197 1941 1347 1976; x_wconf 76' lang='lat' dir='ltr'><strong>prophetis,</strong></span> <span class='ocrx_word' id='word_1_644' title='bbox 1368 1942 1443 1968; x_wconf 82' lang='lat' dir='ltr'><strong>novit</strong></span> <span class='ocrx_word' id='word_1_645' title='bbox 1455 1942 1604 1969; x_wconf 88' lang='lat' dir='ltr'><strong>animatam</strong></span> <span class='ocrx_word' id='word_1_646' title='bbox 1619 1950 1681 1970; x_wconf 84' lang='lat' dir='ltr'><strong>esse</strong></span> 
     </span>
    </p>
   </div>
   <div class='ocr_carea' id='block_1_83' title="bbox 889 1986 1680 2024">
    <p class='ocr_par' dir='ltr' id='par_1_83' title="bbox 889 1986 1680 2024">
     <span class='ocr_line' id='line_1_84' title="bbox 889 1986 1680 2024; baseline -0.001 -8"><span class='ocrx_word' id='word_1_647' title='bbox 889 1988 1024 2024; x_wconf 81' lang='lat' dir='ltr'><strong>justitiam</strong></span> <span class='ocrx_word' id='word_1_648' title='bbox 1034 1991 1061 2015; x_wconf 89' lang='lat' dir='ltr'><strong>et</strong></span> <span class='ocrx_word' id='word_1_649' title='bbox 1074 1986 1223 2014; x_wconf 83' lang='lat' dir='ltr'><strong>viventem.</strong></span> <span class='ocrx_word' id='word_1_650' title='bbox 1238 1986 1305 2019; x_wconf 72' lang='lat' dir='ltr'><strong>Quae</strong></span> <span class='ocrx_word' id='word_1_651' title='bbox 1316 1991 1358 2013; x_wconf 89' lang='lat' dir='ltr'><strong>cst</strong></span> <span class='ocrx_word' id='word_1_652' title='bbox 1369 1986 1419 2014; x_wconf 88' lang='lat' dir='ltr'><strong>ista</strong></span> <span class='ocrx_word' id='word_1_653' title='bbox 1441 1987 1563 2022; x_wconf 82' lang='lat' dir='ltr'><strong>justitia?</strong></span> <span class='ocrx_word' id='word_1_654' title='bbox 1579 1987 1680 2024; x_wconf 80' lang='lat' dir='ltr'><strong>Unigc-</strong></span> 
     </span>
    </p>
   </div>
   <div class='ocr_carea' id='block_1_84' title="bbox 891 2032 1679 2068">
    <p class='ocr_par' dir='ltr' id='par_1_84' title="bbox 891 2032 1679 2068">
     <span class='ocr_line' id='line_1_85' title="bbox 891 2032 1679 2068; baseline -0.003 -6"><span class='ocrx_word' id='word_1_655' title='bbox 891 2035 965 2062; x_wconf 86' lang='lat' dir='ltr'><strong>nitus</strong></span> <span class='ocrx_word' id='word_1_656' title='bbox 982 2033 1039 2062; x_wconf 91' lang='lat' dir='ltr'><strong>Dei.</strong></span> <span class='ocrx_word' id='word_1_657' title='bbox 1053 2033 1122 2067; x_wconf 84' lang='lat' dir='ltr'><strong>Quia</strong></span> <span class='ocrx_word' id='word_1_658' title='bbox 1135 2036 1225 2060; x_wconf 85' lang='lat' dir='ltr'><strong>autem</strong></span> <span class='ocrx_word' id='word_1_659' title='bbox 1245 2039 1299 2060; x_wconf 92' lang='lat' dir='ltr'><strong>non</strong></span> <span class='ocrx_word' id='word_1_660' title='bbox 1327 2033 1361 2060; x_wconf 89' lang='lat' dir='ltr'><strong>ab</strong></span> <span class='ocrx_word' id='word_1_661' title='bbox 1374 2032 1505 2068; x_wconf 83' lang='lat' dir='ltr'><strong>Apostolo</strong></span> <span class='ocrx_word' id='word_1_662' title='bbox 1522 2033 1578 2068; x_wconf 74' lang='lat'><strong>(9‘2)</strong></span> <span class='ocrx_word' id='word_1_663' title='bbox 1589 2040 1679 2061; x_wconf 88' lang='lat' dir='ltr'><strong>ortutn</strong></span> 
     </span>
    </p>
   </div>
   <div class='ocr_carea' id='block_1_85' title="bbox 893 2078 1681 2117">
    <p class='ocr_par' dir='ltr' id='par_1_85' title="bbox 893 2078 1681 2117">
     <span class='ocr_line' id='line_1_86' title="bbox 893 2078 1681 2117; baseline -0.003 -8"><span class='ocrx_word' id='word_1_664' title='bbox 893 2081 973 2117; x_wconf 64' lang='grc'><strong>114</strong></span> <span class='ocrx_word' id='word_1_665' title='bbox 986 2084 1029 2108; x_wconf 87' lang='lat' dir='ltr'><strong>est</strong></span> <span class='ocrx_word' id='word_1_666' title='bbox 1047 2079 1187 2108; x_wconf 89' lang='lat' dir='ltr'><strong>Christum</strong></span> <span class='ocrx_word' id='word_1_667' title='bbox 1206 2086 1267 2107; x_wconf 85' lang='lat' dir='ltr'><strong>esse</strong></span> <span class='ocrx_word' id='word_1_668' title='bbox 1281 2079 1427 2114; x_wconf 77' lang='lat' dir='ltr'><strong>justitiam,</strong></span> <span class='ocrx_word' id='word_1_669' title='bbox 1444 2084 1471 2106; x_wconf 90' lang='lat' dir='ltr'><strong>et</strong></span> <span class='ocrx_word' id='word_1_670' title='bbox 1486 2078 1634 2113; x_wconf 83' lang='lat' dir='ltr'><strong>viventem,</strong></span> <span class='ocrx_word' id='word_1_671' title='bbox 1654 2085 1681 2107; x_wconf 89' lang='lat' dir='ltr'><strong>ct</strong></span> 
     </span>
    </p>
   </div>
   <div class='ocr_carea' id='block_1_86' title="bbox 891 2125 1681 2161">
    <p class='ocr_par' dir='ltr' id='par_1_86' title="bbox 891 2125 1681 2161">
     <span class='ocr_line' id='line_1_87' title="bbox 891 2125 1681 2161; baseline -0.001 -6"><span class='ocrx_word' id='word_1_672' title='bbox 891 2128 1083 2155; x_wconf 84' lang='lat' dir='ltr'><strong>subsistentem</strong></span> <span class='ocrx_word' id='word_1_673' title='bbox 1094 2126 1240 2161; x_wconf 85' lang='lat' dir='ltr'><strong>justitiam,</strong></span> <span class='ocrx_word' id='word_1_674' title='bbox 1251 2126 1298 2153; x_wconf 87' lang='lat' dir='ltr'><strong>sed</strong></span> <span class='ocrx_word' id='word_1_675' title='bbox 1314 2125 1435 2153; x_wconf 85' lang='lat' dir='ltr'><strong>invenies</strong></span> <span class='ocrx_word' id='word_1_676' title='bbox 1449 2129 1476 2153; x_wconf 89' lang='lat' dir='ltr'><strong>et</strong></span> <span class='ocrx_word' id='word_1_677' title='bbox 1487 2133 1502 2152; x_wconf 88' lang='lat' dir='ltr'><strong>a</strong></span> <span class='ocrx_word' id='word_1_678' title='bbox 1515 2126 1681 2161; x_wconf 88' lang='lat' dir='ltr'><strong>propheticis</strong></span> 
     </span>
    </p>
   </div>
   <div class='ocr_carea' id='block_1_87' title="bbox 893 2171 1680 2207">
    <p class='ocr_par' dir='ltr' id='par_1_87' title="bbox 893 2171 1680 2207">
     <span class='ocr_line' id='line_1_88' title="bbox 893 2171 1680 2207; baseline 0 -6"><span class='ocrx_word' id='word_1_679' title='bbox 893 2173 1066 2202; x_wconf 88' lang='lat' dir='ltr'><strong>sermonibus</strong></span> <span class='ocrx_word' id='word_1_680' title='bbox 1090 2172 1141 2200; x_wconf 87' lang='lat' dir='ltr'><strong>hoc</strong></span> <span class='ocrx_word' id='word_1_681' title='bbox 1160 2172 1239 2199; x_wconf 91' lang='lat' dir='ltr'><strong>nobis</strong></span> <span class='ocrx_word' id='word_1_682' title='bbox 1255 2171 1417 2207; x_wconf 88' lang='lat' dir='ltr'><strong>mysterium</strong></span> <span class='ocrx_word' id='word_1_683' title='bbox 1442 2171 1606 2205; x_wconf 75' lang='lat' dir='ltr'><strong>exhibitnm,</strong></span> <span class='ocrx_word' id='word_1_684' title='bbox 1621 2180 1680 2201; x_wconf 84' lang='lat' dir='ltr'><strong>cer-</strong></span> 
     </span>
    </p>
   </div>
   <div class='ocr_carea' id='block_1_88' title="bbox 73 2216 1679 2254">
    <p class='ocr_par' dir='ltr' id='par_1_88' title="bbox 73 2216 1679 2254">
     <span class='ocr_line' id='line_1_89' title="bbox 73 2216 1679 2254; baseline 0.001 -8"><span class='ocrx_word' id='word_1_685' title='bbox 73 2218 130 2250; x_wconf 72' lang='lat' dir='ltr'><strong>Qsia</strong></span> <span class='ocrx_word' id='word_1_686' title='bbox 148 2230 202 2248; x_wconf 81' lang='lat' dir='ltr'><strong>cum</strong></span> <span class='ocrx_word' id='word_1_687' title='bbox 215 2223 266 2249; x_wconf 72' lang='lat' dir='ltr'><strong>sint</strong></span> <span class='ocrx_word' id='word_1_688' title='bbox 281 2222 369 2254; x_wconf 84' lang='lat' dir='ltr'><strong>homo,</strong></span> <span class='ocrx_word' id='word_1_689' title='bbox 388 2227 411 2249; x_wconf 88' lang='lat' dir='ltr'><strong>et</strong></span> <span class='ocrx_word' id='word_1_690' title='bbox 425 2222 563 2248; x_wconf 83' lang='lat' dir='ltr'><strong>immunda</strong></span> <span class='ocrx_word' id='word_1_691' title='bbox 589 2219 662 2248; x_wconf 84' lang='lat' dir='ltr'><strong>labia</strong></span> <span class='ocrx_word' id='word_1_692' title='bbox 671 2218 792 2248; x_wconf 78' lang='lat' dir='ltr'><strong>habeam.</strong></span> <span class='ocrx_word' id='word_1_693' title='bbox 811 2220 838 2246; x_wconf 91' lang='lat' dir='ltr'><strong>in</strong></span> <span class='ocrx_word' id='word_1_694' title='bbox 854 2216 877 2244; x_wconf 88' lang='lat' dir='ltr'><strong>D</strong></span> <span class='ocrx_word' id='word_1_695' title='bbox 892 2224 949 2247; x_wconf 88' lang='lat' dir='ltr'><strong>tum</strong></span> <span class='ocrx_word' id='word_1_696' title='bbox 970 2223 997 2246; x_wconf 85' lang='lat' dir='ltr'><strong>et</strong></span> <span class='ocrx_word' id='word_1_697' title='bbox 1019 2227 1034 2245; x_wconf 91' lang='lat' dir='ltr'><strong>a</strong></span> <span class='ocrx_word' id='word_1_698' title='bbox 1051 2218 1170 2253; x_wconf 88' lang='lat' dir='ltr'><strong>capitulo</strong></span> <span class='ocrx_word' id='word_1_699' title='bbox 1195 2218 1221 2244; x_wconf 94' lang='lat' dir='ltr'><strong>in</strong></span> <span class='ocrx_word' id='word_1_700' title='bbox 1238 2225 1294 2252; x_wconf 87' lang='lat' dir='ltr'><strong>quo</strong></span> <span class='ocrx_word' id='word_1_701' title='bbox 1311 2225 1384 2245; x_wconf 86' lang='lat' dir='ltr'><strong>nunc</strong></span> <span class='ocrx_word' id='word_1_702' title='bbox 1408 2217 1489 2245; x_wconf 85' lang='lat' dir='ltr'><strong>lectio</strong></span> <span class='ocrx_word' id='word_1_703' title='bbox 1513 2219 1679 2254; x_wconf 87' lang='lat' dir='ltr'><strong>conquievit.</strong></span> 
     </span>
    </p>
   </div>
   <div class='ocr_carea' id='block_1_89' title="bbox 73 2267 838 2304">
    <p class='ocr_par' dir='ltr' id='par_1_89' title="bbox 73 2267 838 2304">
     <span class='ocr_line' id='line_1_90' title="bbox 73 2267 838 2304; baseline 0.003 -13"><span class='ocrx_word' id='word_1_704' title='bbox 73 2267 143 2293; x_wconf 82' lang='lat' dir='ltr'><strong>medio</strong></span> <span class='ocrx_word' id='word_1_705' title='bbox 157 2276 252 2303; x_wconf 69' lang='lat' dir='ltr'><strong>quoque</strong></span> <span class='ocrx_word' id='word_1_706' title='bbox 269 2269 361 2304; x_wconf 84' lang='lat' dir='ltr'><strong>populi</strong></span> <span class='ocrx_word' id='word_1_707' title='bbox 377 2268 513 2295; x_wconf 86' lang='lat' dir='ltr'><strong>immunda</strong></span> <span class='ocrx_word' id='word_1_708' title='bbox 530 2267 603 2294; x_wconf 85' lang='lat' dir='ltr'><strong>labia</strong></span> <span class='ocrx_word' id='word_1_709' title='bbox 622 2267 741 2294; x_wconf 82' lang='lat' dir='ltr'><strong>habentis</strong></span> <span class='ocrx_word' id='word_1_710' title='bbox 760 2267 838 2293; x_wconf 78' lang='lat' dir='ltr'><strong>habi-</strong></span> 
     </span>
    </p>
   </div>
   <div class='ocr_carea' id='block_1_90' title="bbox 73 2313 836 2350">
    <p class='ocr_par' dir='ltr' id='par_1_90' title="bbox 73 2313 836 2350">
     <span class='ocr_line' id='line_1_91' title="bbox 73 2313 836 2350; baseline 0.005 -14"><span class='ocrx_word' id='word_1_711' title='bbox 73 2315 123 2343; x_wconf 77' lang='lat' dir='ltr'><strong>tem,</strong></span> <span class='ocrx_word' id='word_1_712' title='bbox 141 2318 165 2340; x_wconf 86' lang='lat' dir='ltr'><strong>et</strong></span> <span class='ocrx_word' id='word_1_713' title='bbox 183 2322 230 2350; x_wconf 86' lang='lat' dir='ltr'><strong>ego</strong></span> <span class='ocrx_word' id='word_1_714' title='bbox 246 2315 338 2342; x_wconf 89' lang='lat' dir='ltr'><strong>adhuc</strong></span> <span class='ocrx_word' id='word_1_715' title='bbox 361 2315 489 2350; x_wconf 87' lang='lat' dir='ltr'><strong>loquente</strong></span> <span class='ocrx_word' id='word_1_716' title='bbox 508 2321 541 2341; x_wconf 87' lang='lat' dir='ltr'><strong>eo</strong></span> <span class='ocrx_word' id='word_1_717' title='bbox 557 2314 629 2345; x_wconf 85' lang='lat' dir='ltr'><strong>dico,</strong></span> <span class='ocrx_word' id='word_1_718' title='bbox 647 2321 711 2341; x_wconf 87' lang='lat' dir='ltr'><strong>ecce</strong></span> <span class='ocrx_word' id='word_1_719' title='bbox 729 2313 836 2341; x_wconf 85' lang='lat' dir='ltr'><strong>adsum.</strong></span> 
     </span>
    </p>
   </div>
   <div class='ocr_carea' id='block_1_91' title="bbox 74 2355 839 2394">
    <p class='ocr_par' dir='ltr' id='par_1_91' title="bbox 74 2355 839 2394">
     <span class='ocr_line' id='line_1_92' title="bbox 74 2355 839 2394; baseline 0.004 -12"><span class='ocrx_word' id='word_1_720' title='bbox 74 2355 102 2383; x_wconf 83' lang='lat' dir='ltr'><strong>Et</strong></span> <span class='ocrx_word' id='word_1_721' title='bbox 112 2359 196 2387; x_wconf 77' lang='lat' dir='ltr'><strong>missus</strong></span> <span class='ocrx_word' id='word_1_722' title='bbox 212 2366 249 2387; x_wconf 77' lang='lat' dir='ltr'><strong>est</strong></span> <span class='ocrx_word' id='word_1_723' title='bbox 268 2361 304 2387; x_wconf 84' lang='lat' dir='ltr'><strong>ad</strong></span> <span class='ocrx_word' id='word_1_724' title='bbox 318 2368 358 2387; x_wconf 87' lang='lat' dir='ltr'><strong>me</strong></span> <span class='ocrx_word' id='word_1_725' title='bbox 374 2368 441 2387; x_wconf 88' lang='lat' dir='ltr'><strong>unus</strong></span> <span class='ocrx_word' id='word_1_726' title='bbox 460 2360 493 2386; x_wconf 86' lang='lat' dir='ltr'><strong>de</strong></span> <span class='ocrx_word' id='word_1_727' title='bbox 508 2360 650 2394; x_wconf 78' lang='lat' dir='ltr'><strong>semp/tim,</strong></span> <span class='ocrx_word' id='word_1_728' title='bbox 673 2363 698 2386; x_wconf 88' lang='lat' dir='ltr'><strong>et</strong></span> <span class='ocrx_word' id='word_1_729' title='bbox 716 2359 744 2385; x_wconf 84' lang='lat' dir='ltr'><strong>in</strong></span> <span class='ocrx_word' id='word_1_730' title='bbox 760 2367 839 2385; x_wconf 81' lang='lat' dir='ltr'><strong>manu</strong></span> 
     </span>
    </p>
   </div>
   <div class='ocr_carea' id='block_1_92' title="bbox 73 2403 838 2440">
    <p class='ocr_par' dir='ltr' id='par_1_92' title="bbox 73 2403 838 2440">
     <span class='ocr_line' id='line_1_93' title="bbox 73 2403 838 2440; baseline 0.003 -11"><span class='ocrx_word' id='word_1_731' title='bbox 73 2411 112 2429; x_wconf 74' lang='lat' dir='ltr'><strong>tua</strong></span> <span class='ocrx_word' id='word_1_732' title='bbox 122 2404 221 2432; x_wconf 78' lang='lat' dir='ltr'><strong>habebat</strong></span> <span class='ocrx_word' id='word_1_733' title='bbox 234 2405 386 2432; x_wconf 83' lang='lat' dir='ltr'><strong>carbonem.</strong></span> <span class='ocrx_word' id='word_1_734' title='bbox 400 2405 489 2432; x_wconf 87' lang='lat' dir='ltr'><strong>Carbo</strong></span> <span class='ocrx_word' id='word_1_735' title='bbox 503 2405 623 2432; x_wconf 79' lang='lat' dir='ltr'><strong>defertur</strong></span> <span class='ocrx_word' id='word_1_736' title='bbox 632 2403 666 2432; x_wconf 89' lang='lat' dir='ltr'><strong>ad</strong></span> <span class='ocrx_word' id='word_1_737' title='bbox 679 2404 838 2440; x_wconf 88' lang='lat' dir='ltr'><strong>prophetam</strong></span> 
     </span>
    </p>
   </div>
   <div class='ocr_carea' id='block_1_93' title="bbox 71 2451 839 2488">
    <p class='ocr_par' dir='ltr' id='par_1_93' title="bbox 71 2451 839 2488">
     <span class='ocr_line' id='line_1_94' title="bbox 71 2451 839 2488; baseline 0.007 -12"><span class='ocrx_word' id='word_1_738' title='bbox 71 2454 94 2476; x_wconf 89' lang='lat' dir='ltr'><strong>ut</strong></span> <span class='ocrx_word' id='word_1_739' title='bbox 114 2458 154 2484; x_wconf 84' lang='lat' dir='ltr'><strong>per</strong></span> <span class='ocrx_word' id='word_1_740' title='bbox 173 2452 240 2488; x_wconf 85' lang='lat' dir='ltr'><strong>ignis</strong></span> <span class='ocrx_word' id='word_1_741' title='bbox 267 2453 404 2480; x_wconf 88' lang='lat' dir='ltr'><strong>ustionem</strong></span> <span class='ocrx_word' id='word_1_742' title='bbox 427 2455 577 2488; x_wconf 84' lang='lat' dir='ltr'><strong>purgentur</strong></span> <span class='ocrx_word' id='word_1_743' title='bbox 602 2451 673 2479; x_wconf 89' lang='lat' dir='ltr'><strong>labia</strong></span> <span class='ocrx_word' id='word_1_744' title='bbox 692 2451 762 2486; x_wconf 87' lang='lat' dir='ltr'><strong>ejus,</strong></span> <span class='ocrx_word' id='word_1_745' title='bbox 778 2458 839 2486; x_wconf 67' lang='lat' dir='ltr'><strong>qum</strong></span> 
     </span>
    </p>
   </div>
   <div class='ocr_carea' id='block_1_94' title="bbox 70 2495 839 2533">
    <p class='ocr_par' dir='ltr' id='par_1_94' title="bbox 70 2495 839 2533">
     <span class='ocr_line' id='line_1_95' title="bbox 70 2495 839 2533; baseline 0.004 -12"><span class='ocrx_word' id='word_1_746' title='bbox 70 2495 198 2530; x_wconf 82' lang='lat' dir='ltr'><strong>aliquando</strong></span> <span class='ocrx_word' id='word_1_747' title='bbox 217 2503 405 2533; x_wconf 82' lang='lat' dir='ltr'><strong>peccaverant.</strong></span> <span class='ocrx_word' id='word_1_748' title='bbox 423 2498 491 2531; x_wconf 85' lang='lat' dir='ltr'><strong>Quis</strong></span> <span class='ocrx_word' id='word_1_749' title='bbox 508 2502 551 2525; x_wconf 77' lang='lat' dir='ltr'><strong>est</strong></span> <span class='ocrx_word' id='word_1_750' title='bbox 565 2497 618 2525; x_wconf 74' lang='lat' dir='ltr'><strong>iste</strong></span> <span class='ocrx_word' id='word_1_751' title='bbox 631 2505 703 2525; x_wconf 87' lang='lat' dir='ltr'><strong>unus</strong></span> <span class='ocrx_word' id='word_1_752' title='bbox 718 2497 751 2525; x_wconf 89' lang='lat' dir='ltr'><strong>de</strong></span> <span class='ocrx_word' id='word_1_753' title='bbox 764 2505 839 2524; x_wconf 85' lang='lat' dir='ltr'><strong>sera-</strong></span> 
     </span>
    </p>
   </div>
   <div class='ocr_carea' id='block_1_95' title="bbox 71 2540 836 2578">
    <p class='ocr_par' dir='ltr' id='par_1_95' title="bbox 71 2540 836 2578">
     <span class='ocr_line' id='line_1_96' title="bbox 71 2540 836 2578; baseline -0.003 -5"><span class='ocrx_word' id='word_1_754' title='bbox 71 2540 151 2573; x_wconf 79' lang='lat' dir='ltr'><strong>Phim?</strong></span> <span class='ocrx_word' id='word_1_755' title='bbox 172 2543 302 2572; x_wconf 83' lang='lat' dir='ltr'><strong>Dominus</strong></span> <span class='ocrx_word' id='word_1_756' title='bbox 327 2552 404 2572; x_wconf 87' lang='lat' dir='ltr'><strong>meus</strong></span> <span class='ocrx_word' id='word_1_757' title='bbox 421 2543 500 2572; x_wconf 83' lang='lat' dir='ltr'><strong>Jesus</strong></span> <span class='ocrx_word' id='word_1_758' title='bbox 519 2543 669 2571; x_wconf 87' lang='lat' dir='ltr'><strong>Christus:</strong></span> <span class='ocrx_word' id='word_1_759' title='bbox 689 2543 740 2571; x_wconf 87' lang='lat' dir='ltr'><strong>isto</strong></span> <span class='ocrx_word' id='word_1_760' title='bbox 759 2543 836 2578; x_wconf 78' lang='lat' dir='ltr'><strong>juxta</strong></span> 
     </span>
    </p>
   </div>
   <div class='ocr_carea' id='block_1_96' title="bbox 71 2586 836 2622">
    <p class='ocr_par' dir='ltr' id='par_1_96' title="bbox 71 2586 836 2622">
     <span class='ocr_line' id='line_1_97' title="bbox 71 2586 836 2622; baseline 0.004 -8"><span class='ocrx_word' id='word_1_761' title='bbox 71 2586 279 2622; x_wconf 77' lang='lat' dir='ltr'><strong>dispensationem</strong></span> <span class='ocrx_word' id='word_1_762' title='bbox 300 2592 391 2618; x_wconf 88' lang='lat' dir='ltr'><strong>carnis</strong></span> <span class='ocrx_word' id='word_1_763' title='bbox 415 2591 516 2619; x_wconf 89' lang='lat' dir='ltr'><strong>missus</strong></span> <span class='ocrx_word' id='word_1_764' title='bbox 530 2593 572 2617; x_wconf 90' lang='lat' dir='ltr'><strong>est</strong></span> <span class='ocrx_word' id='word_1_765' title='bbox 587 2589 692 2617; x_wconf 86' lang='lat' dir='ltr'><strong>habens</strong></span> <span class='ocrx_word' id='word_1_766' title='bbox 712 2589 739 2616; x_wconf 95' lang='lat' dir='ltr'><strong>in</strong></span> <span class='ocrx_word' id='word_1_767' title='bbox 754 2597 836 2617; x_wconf 90' lang='lat' dir='ltr'><strong>manu</strong></span> 
     </span>
    </p>
   </div>
   <div class='ocr_carea' id='block_1_97' title="bbox 72 2635 837 2672">
    <p class='ocr_par' dir='ltr' id='par_1_97' title="bbox 72 2635 837 2672">
     <span class='ocr_line' id='line_1_98' title="bbox 72 2635 837 2672; baseline 0.005 -14"><span class='ocrx_word' id='word_1_768' title='bbox 72 2640 112 2660; x_wconf 83' lang='lat' dir='ltr'><strong>sua</strong></span> <span class='ocrx_word' id='word_1_769' title='bbox 127 2636 278 2670; x_wconf 85' lang='lat' dir='ltr'><strong>carbonem,</strong></span> <span class='ocrx_word' id='word_1_770' title='bbox 293 2641 321 2664; x_wconf 86' lang='lat' dir='ltr'><strong>et</strong></span> <span class='ocrx_word' id='word_1_771' title='bbox 333 2637 444 2664; x_wconf 87' lang='lat' dir='ltr'><strong>dicens:</strong></span> <span class='ocrx_word' id='word_1_772' title='bbox 462 2635 556 2672; x_wconf 84' lang='lat' dir='ltr'><strong>Ignem</strong></span> <span class='ocrx_word' id='word_1_773' title='bbox 569 2635 626 2663; x_wconf 74' lang='lat' dir='ltr'><strong>veni</strong></span> <span class='ocrx_word' id='word_1_774' title='bbox 644 2636 746 2662; x_wconf 86' lang='lat' dir='ltr'><strong>mittere</strong></span> <span class='ocrx_word' id='word_1_775' title='bbox 760 2643 837 2670; x_wconf 82' lang='lat' dir='ltr'><strong>super</strong></span> 
     </span>
    </p>
   </div>
   <div class='ocr_carea' id='block_1_98' title="bbox 72 2683 550 2718">
    <p class='ocr_par' dir='ltr' id='par_1_98' title="bbox 72 2683 550 2718">
     <span class='ocr_line' id='line_1_99' title="bbox 72 2683 550 2718; baseline 0.01 -13"><span class='ocrx_word' id='word_1_776' title='bbox 72 2683 164 2714; x_wconf 73' lang='lat' dir='ltr'><strong>terram,</strong></span> <span class='ocrx_word' id='word_1_777' title='bbox 179 2688 201 2709; x_wconf 86' lang='lat' dir='ltr'><strong>et</strong></span> <span class='ocrx_word' id='word_1_778' title='bbox 219 2684 320 2710; x_wconf 76' lang='lat' dir='ltr'><strong>utinam</strong></span> <span class='ocrx_word' id='word_1_779' title='bbox 332 2684 392 2718; x_wconf 84' lang='lat' dir='ltr'><strong>jam</strong></span> <span class='ocrx_word' id='word_1_780' title='bbox 407 2683 499 2710; x_wconf 82' lang='lat' dir='ltr'><strong>ardeat</strong></span> <span class='ocrx_word' id='word_1_781' title='bbox 511 2683 550 2709; x_wconf 73' lang='lat'><strong>7’!</strong></span> 
     </span>
    </p>
   </div>
   <div class='ocr_carea' id='block_1_99' title="bbox 98 2727 816 2766">
    <p class='ocr_par' dir='ltr' id='par_1_99' title="bbox 98 2727 816 2766">
     <span class='ocr_line' id='line_1_100' title="bbox 98 2727 816 2766; baseline 0.003 -10"><span class='ocrx_word' id='word_1_782' title='bbox 98 2727 119 2745; x_wconf 79' lang='lat'><strong><em>&quot;</em></strong></span> <span class='ocrx_word' id='word_1_783' title='bbox 130 2729 158 2757; x_wconf 90' lang='lat' dir='ltr'><strong>Ill</strong></span> <span class='ocrx_word' id='word_1_784' title='bbox 174 2730 237 2766; x_wconf 72' lang='lat' dir='ltr'><strong>Reg.</strong></span> <span class='ocrx_word' id='word_1_785' title='bbox 259 2740 316 2764; x_wconf 79' lang='lat' dir='ltr'><strong>ut,</strong></span> <span class='ocrx_word' id='word_1_786' title='bbox 332 2732 378 2760; x_wconf 74' lang='lat'><strong>29.</strong></span> <span class='ocrx_word' id='word_1_787' title='bbox 416 2733 439 2748; x_wconf 86' lang='lat'><strong>&quot;</strong></span> <span class='ocrx_word' id='word_1_788' title='bbox 454 2732 536 2759; x_wconf 87' lang='lat' dir='ltr'><strong>lCor.</strong></span> <span class='ocrx_word' id='word_1_789' title='bbox 554 2740 599 2765; x_wconf 76' lang='lat' dir='ltr'><strong>xv,</strong></span> <span class='ocrx_word' id='word_1_790' title='bbox 612 2732 639 2759; x_wconf 88' lang='lat'><strong>9.</strong></span> <span class='ocrx_word' id='word_1_791' title='bbox 678 2731 700 2746; x_wconf 78' lang='grc'><strong>⁷⁸</strong></span> <span class='ocrx_word' id='word_1_792' title='bbox 717 2730 816 2766; x_wconf 82' lang='lat' dir='ltr'><strong>Ephes.</strong></span> 
     </span>
    </p>
   </div>
   <div class='ocr_carea' id='block_1_100' title="bbox 883 2728 1214 2761">
    <p class='ocr_par' dir='ltr' id='par_1_100' title="bbox 883 2728 1214 2761">
     <span class='ocr_line' id='line_1_101' title="bbox 883 2728 1214 2761; baseline -0.018 -3"><span class='ocrx_word' id='word_1_793' title='bbox 883 2731 928 2758; x_wconf 86' lang='lat'><strong>.8.</strong></span> <span class='ocrx_word' id='word_1_794' title='bbox 960 2730 981 2745; x_wconf 87' lang='grc'><strong>⁷⁷</strong></span> <span class='ocrx_word' id='word_1_795' title='bbox 998 2729 1006 2756; x_wconf 99' lang='lat'><em>|</em></span> <span class='ocrx_word' id='word_1_796' title='bbox 1022 2728 1092 2755; x_wconf 88' lang='lat' dir='ltr'><strong>Tim.</strong></span> <span class='ocrx_word' id='word_1_797' title='bbox 1121 2735 1140 2761; x_wconf 88' lang='lat' dir='ltr'><strong>I,</strong></span> <span class='ocrx_word' id='word_1_798' title='bbox 1170 2734 1214 2753; x_wconf 82' lang='lat' dir='ltr'><strong>xv.</strong></span> 
     </span>
    </p>
   </div>
   <div class='ocr_carea' id='block_1_101' title="bbox 891 2264 1678 2300">
    <p class='ocr_par' dir='ltr' id='par_1_101' title="bbox 891 2264 1678 2300">
     <span class='ocr_line' id='line_1_102' title="bbox 891 2264 1678 2300; baseline -0.001 -8"><span class='ocrx_word' id='word_1_799' title='bbox 891 2265 958 2299; x_wconf 81' lang='lat' dir='ltr'><strong>Quis</strong></span> <span class='ocrx_word' id='word_1_800' title='bbox 975 2265 1059 2299; x_wconf 89' lang='lat' dir='ltr'><strong>enim,</strong></span> <span class='ocrx_word' id='word_1_801' title='bbox 1078 2265 1176 2300; x_wconf 84' lang='lat' dir='ltr'><strong>inquit.</strong></span> <span class='ocrx_word' id='word_1_802' title='bbox 1189 2272 1296 2299; x_wconf 75' lang='lat' dir='ltr'><strong>surgere</strong></span> <span class='ocrx_word' id='word_1_803' title='bbox 1309 2264 1371 2299; x_wconf 81' lang='lat' dir='ltr'><strong>fecit</strong></span> <span class='ocrx_word' id='word_1_804' title='bbox 1381 2264 1414 2291; x_wconf 85' lang='lat' dir='ltr'><strong>ab</strong></span> <span class='ocrx_word' id='word_1_805' title='bbox 1426 2264 1678 2299; x_wconf 77' lang='lat' dir='ltr'><strong>orientejustitiam,</strong></span> 
     </span>
    </p>
   </div>
   <div class='ocr_carea' id='block_1_102' title="bbox 890 2309 1677 2345">
    <p class='ocr_par' dir='ltr' id='par_1_102' title="bbox 890 2309 1677 2345">
     <span class='ocr_line' id='line_1_103' title="bbox 890 2309 1677 2345; baseline -0.005 -5"><span class='ocrx_word' id='word_1_806' title='bbox 890 2316 915 2340; x_wconf 85' lang='lat' dir='ltr'><strong>et</strong></span> <span class='ocrx_word' id='word_1_807' title='bbox 932 2311 1033 2339; x_wconf 81' lang='lat' dir='ltr'><strong>vocavit</strong></span> <span class='ocrx_word' id='word_1_808' title='bbox 1048 2319 1105 2338; x_wconf 85' lang='lat' dir='ltr'><strong>eam</strong></span> <span class='ocrx_word' id='word_1_809' title='bbox 1128 2310 1162 2337; x_wconf 88' lang='lat' dir='ltr'><strong>ad</strong></span> <span class='ocrx_word' id='word_1_810' title='bbox 1175 2310 1251 2345; x_wconf 81' lang='lat' dir='ltr'><strong>pedes</strong></span> <span class='ocrx_word' id='word_1_811' title='bbox 1271 2318 1333 2336; x_wconf 85' lang='lat' dir='ltr'><strong>suos</strong></span> <span class='ocrx_word' id='word_1_812' title='bbox 1345 2309 1388 2336; x_wconf 74' lang='lat'><strong>&quot;‘3</strong></span> <span class='ocrx_word' id='word_1_813' title='bbox 1406 2309 1521 2337; x_wconf 84' lang='lat' dir='ltr'><strong>Vocavit</strong></span> <span class='ocrx_word' id='word_1_814' title='bbox 1532 2309 1677 2343; x_wconf 80' lang='lat' dir='ltr'><strong>justitiam.</strong></span> 
     </span>
    </p>
   </div>
   <div class='ocr_carea' id='block_1_103' title="bbox 890 2353 1680 2386">
    <p class='ocr_par' dir='ltr' id='par_1_103' title="bbox 890 2353 1680 2386">
     <span class='ocr_line' id='line_1_104' title="bbox 890 2353 1680 2386; baseline -0.004 0"><span class='ocrx_word' id='word_1_815' title='bbox 890 2353 1065 2386; x_wconf 61' lang='lat' dir='ltr'><strong>Manifestum</strong></span> <span class='ocrx_word' id='word_1_816' title='bbox 1088 2363 1130 2385; x_wconf 87' lang='lat' dir='ltr'><strong>est</strong></span> <span class='ocrx_word' id='word_1_817' title='bbox 1152 2357 1300 2384; x_wconf 71' lang='lat' dir='ltr'><strong>anim-alam</strong></span> <span class='ocrx_word' id='word_1_818' title='bbox 1334 2363 1394 2383; x_wconf 89' lang='lat' dir='ltr'><strong>eam</strong></span> <span class='ocrx_word' id='word_1_819' title='bbox 1422 2363 1484 2384; x_wconf 76' lang='lat' dir='ltr'><strong>esse</strong></span> <span class='ocrx_word' id='word_1_820' title='bbox 1511 2355 1535 2383; x_wconf 86' lang='lat' dir='ltr'><strong>si</strong></span> <span class='ocrx_word' id='word_1_821' title='bbox 1560 2355 1680 2383; x_wconf 73' lang='lat' dir='ltr'><strong>ambulet</strong></span> 
     </span>
    </p>
   </div>
   <div class='ocr_carea' id='block_1_104' title="bbox 891 2400 1680 2436">
    <p class='ocr_par' dir='ltr' id='par_1_104' title="bbox 891 2400 1680 2436">
     <span class='ocr_line' id='line_1_105' title="bbox 891 2400 1680 2436; baseline -0.005 -4"><span class='ocrx_word' id='word_1_822' title='bbox 891 2409 997 2432; x_wconf 81' lang='lat' dir='ltr'><strong>voeata.</strong></span> <span class='ocrx_word' id='word_1_823' title='bbox 1033 2403 1146 2431; x_wconf 80' lang='lat' dir='ltr'><strong>Vocavit</strong></span> <span class='ocrx_word' id='word_1_824' title='bbox 1169 2406 1260 2430; x_wconf 88' lang='lat' dir='ltr'><strong>autem</strong></span> <span class='ocrx_word' id='word_1_825' title='bbox 1284 2401 1426 2429; x_wconf 86' lang='lat' dir='ltr'><strong>Christum</strong></span> <span class='ocrx_word' id='word_1_826' title='bbox 1443 2400 1539 2433; x_wconf 80' lang='lat' dir='ltr'><strong>Pater,</strong></span> <span class='ocrx_word' id='word_1_827' title='bbox 1566 2408 1621 2436; x_wconf 90' lang='lat' dir='ltr'><strong>quo</strong></span> <span class='ocrx_word' id='word_1_828' title='bbox 1644 2401 1680 2429; x_wconf 90' lang='lat' dir='ltr'><strong>ob</strong></span> 
     </span>
    </p>
   </div>
   <div class='ocr_carea' id='block_1_105' title="bbox 891 2446 1680 2479">
    <p class='ocr_par' dir='ltr' id='par_1_105' title="bbox 891 2446 1680 2479">
     <span class='ocr_line' id='line_1_106' title="bbox 891 2446 1680 2479; baseline -0.006 -1"><span class='ocrx_word' id='word_1_829' title='bbox 891 2455 1012 2478; x_wconf 82' lang='lat' dir='ltr'><strong>nostram</strong></span> <span class='ocrx_word' id='word_1_830' title='bbox 1027 2450 1142 2477; x_wconf 87' lang='lat' dir='ltr'><strong>salutem</strong></span> <span class='ocrx_word' id='word_1_831' title='bbox 1156 2448 1190 2476; x_wconf 89' lang='lat' dir='ltr'><strong>ad</strong></span> <span class='ocrx_word' id='word_1_832' title='bbox 1206 2455 1256 2475; x_wconf 84' lang='lat' dir='ltr'><strong>nos</strong></span> <span class='ocrx_word' id='word_1_833' title='bbox 1271 2447 1322 2474; x_wconf 90' lang='lat' dir='ltr'><strong>iter</strong></span> <span class='ocrx_word' id='word_1_834' title='bbox 1336 2447 1447 2479; x_wconf 82' lang='lat' dir='ltr'><strong>laceret,</strong></span> <span class='ocrx_word' id='word_1_835' title='bbox 1463 2451 1490 2474; x_wconf 86' lang='lat' dir='ltr'><strong>et</strong></span> <span class='ocrx_word' id='word_1_836' title='bbox 1503 2446 1680 2474; x_wconf 84' lang='lat' dir='ltr'><strong>descenderet</strong></span> 
     </span>
    </p>
   </div>
   <div class='ocr_carea' id='block_1_106' title="bbox 890 2492 1679 2524">
    <p class='ocr_par' dir='ltr' id='par_1_106' title="bbox 890 2492 1679 2524">
     <span class='ocr_line' id='line_1_107' title="bbox 890 2492 1679 2524; baseline -0.008 0"><span class='ocrx_word' id='word_1_837' title='bbox 890 2497 924 2524; x_wconf 83' lang='lat' dir='ltr'><strong>de</strong></span> <span class='ocrx_word' id='word_1_838' title='bbox 940 2496 1010 2524; x_wconf 68' lang='lat' dir='ltr'><strong>coelo</strong></span> <span class='ocrx_word' id='word_1_839' title='bbox 1024 2495 1057 2522; x_wconf 91' lang='lat' dir='ltr'><strong>ad</strong></span> <span class='ocrx_word' id='word_1_840' title='bbox 1072 2502 1142 2522; x_wconf 86' lang='lat' dir='ltr'><strong>nos:</strong></span> <span class='ocrx_word' id='word_1_841' title='bbox 1157 2493 1241 2521; x_wconf 80' lang='lat' dir='ltr'><strong>Nemo</strong></span> <span class='ocrx_word' id='word_1_842' title='bbox 1261 2492 1333 2520; x_wconf 75' lang='lat' dir='ltr'><strong>enim</strong></span> <span class='ocrx_word' id='word_1_843' title='bbox 1354 2492 1473 2519; x_wconf 78' lang='lat' dir='ltr'><strong>ascendit</strong></span> <span class='ocrx_word' id='word_1_844' title='bbox 1484 2493 1513 2519; x_wconf 86' lang='lat' dir='ltr'><strong>in</strong></span> <span class='ocrx_word' id='word_1_845' title='bbox 1524 2492 1617 2519; x_wconf 69' lang='lat' dir='ltr'><strong>mlum</strong></span> <span class='ocrx_word' id='word_1_846' title='bbox 1628 2492 1679 2519; x_wconf 84' lang='lat' dir='ltr'><strong>nisi</strong></span> 
     </span>
    </p>
   </div>
   <div class='ocr_carea' id='block_1_107' title="bbox 890 2536 1680 2578">
    <p class='ocr_par' dir='ltr' id='par_1_107' title="bbox 890 2536 1680 2578">
     <span class='ocr_line' id='line_1_108' title="bbox 890 2536 1680 2578; baseline -0.008 -8"><span class='ocrx_word' id='word_1_847' title='bbox 890 2542 935 2578; x_wconf 71' lang='lat' dir='ltr'><strong>qui</strong></span> <span class='ocrx_word' id='word_1_848' title='bbox 952 2542 985 2569; x_wconf 81' lang='lat' dir='ltr'><strong>ds</strong></span> <span class='ocrx_word' id='word_1_849' title='bbox 1014 2540 1077 2568; x_wconf 65' lang='lat' dir='ltr'><strong>creto</strong></span> <span class='ocrx_word' id='word_1_850' title='bbox 1095 2539 1228 2567; x_wconf 78' lang='lat' dir='ltr'><strong>descendit</strong></span> <span class='ocrx_word' id='word_1_851' title='bbox 1250 2537 1337 2565; x_wconf 82' lang='lat' dir='ltr'><strong>Filius</strong></span> <span class='ocrx_word' id='word_1_852' title='bbox 1364 2537 1478 2565; x_wconf 81' lang='lat' dir='ltr'><strong>hominis</strong></span> <span class='ocrx_word' id='word_1_853' title='bbox 1500 2537 1534 2564; x_wconf 85' lang='lat'><strong>&quot;.</strong></span> <span class='ocrx_word' id='word_1_854' title='bbox 1566 2536 1680 2564; x_wconf 76' lang='lat' dir='ltr'><strong>Vocavit</strong></span> 
     </span>
    </p>
   </div>
   <div class='ocr_carea' id='block_1_108' title="bbox 890 2582 1679 2618">
    <p class='ocr_par' dir='ltr' id='par_1_108' title="bbox 890 2582 1679 2618">
     <span class='ocr_line' id='line_1_109' title="bbox 890 2582 1679 2618; baseline -0.009 -1"><span class='ocrx_word' id='word_1_855' title='bbox 890 2582 952 2618; x_wconf 67' lang='lat' dir='ltr'><strong>cum</strong></span> <span class='ocrx_word' id='word_1_856' title='bbox 974 2588 1008 2616; x_wconf 84' lang='lat' dir='ltr'><strong>de</strong></span> <span class='ocrx_word' id='word_1_857' title='bbox 1030 2587 1136 2615; x_wconf 88' lang='lat' dir='ltr'><strong>oriente</strong></span> <span class='ocrx_word' id='word_1_858' title='bbox 1156 2595 1163 2613; x_wconf 91' lang='lat'><strong><em>:</em></strong></span> <span class='ocrx_word' id='word_1_859' title='bbox 1186 2593 1240 2613; x_wconf 93' lang='lat' dir='ltr'><strong>non</strong></span> <span class='ocrx_word' id='word_1_860' title='bbox 1266 2585 1299 2612; x_wconf 92' lang='lat' dir='ltr'><strong>de</strong></span> <span class='ocrx_word' id='word_1_861' title='bbox 1322 2585 1374 2612; x_wconf 88' lang='lat' dir='ltr'><strong>isto</strong></span> <span class='ocrx_word' id='word_1_862' title='bbox 1398 2583 1542 2617; x_wconf 84' lang='lat' dir='ltr'><strong>sensibili,</strong></span> <span class='ocrx_word' id='word_1_863' title='bbox 1574 2584 1619 2611; x_wconf 86' lang='lat' dir='ltr'><strong>sed</strong></span> <span class='ocrx_word' id='word_1_864' title='bbox 1644 2585 1679 2610; x_wconf 81' lang='lat' dir='ltr'><strong>de</strong></span> 
     </span>
    </p>
   </div>
   <div class='ocr_carea' id='block_1_109' title="bbox 890 2629 1677 2666">
    <p class='ocr_par' dir='ltr' id='par_1_109' title="bbox 890 2629 1677 2666">
     <span class='ocr_line' id='line_1_110' title="bbox 890 2629 1677 2666; baseline -0.01 -3"><span class='ocrx_word' id='word_1_865' title='bbox 890 2635 995 2664; x_wconf 88' lang='lat' dir='ltr'><strong>oriente</strong></span> <span class='ocrx_word' id='word_1_866' title='bbox 1019 2633 1089 2661; x_wconf 90' lang='lat' dir='ltr'><strong>lucis</strong></span> <span class='ocrx_word' id='word_1_867' title='bbox 1113 2639 1193 2660; x_wconf 68' lang='lat' dir='ltr'><strong>verte.</strong></span> <span class='ocrx_word' id='word_1_868' title='bbox 1228 2631 1340 2666; x_wconf 78' lang='lat' dir='ltr'><strong>Propter</strong></span> <span class='ocrx_word' id='word_1_869' title='bbox 1365 2631 1438 2666; x_wconf 88' lang='lat' dir='ltr'><strong>quod</strong></span> <span class='ocrx_word' id='word_1_870' title='bbox 1466 2629 1597 2665; x_wconf 86' lang='lat' dir='ltr'><strong>scriptum</strong></span> <span class='ocrx_word' id='word_1_871' title='bbox 1619 2633 1677 2656; x_wconf 81' lang='lat' dir='ltr'><strong>est;</strong></span> 
     </span>
    </p>
   </div>
   <div class='ocr_carea' id='block_1_110' title="bbox 892 2675 1679 2715">
    <p class='ocr_par' dir='ltr' id='par_1_110' title="bbox 892 2675 1679 2715">
     <span class='ocr_line' id='line_1_111' title="bbox 892 2675 1679 2715; baseline -0.009 -7"><span class='ocrx_word' id='word_1_872' title='bbox 892 2681 957 2715; x_wconf 83' lang='lat' dir='ltr'><strong>Quis</strong></span> <span class='ocrx_word' id='word_1_873' title='bbox 971 2687 1110 2715; x_wconf 58' lang='lat' dir='ltr'><strong>exsurgere</strong></span> <span class='ocrx_word' id='word_1_874' title='bbox 1123 2677 1156 2705; x_wconf 84' lang='lat' dir='ltr'><strong>de</strong></span> <span class='ocrx_word' id='word_1_875' title='bbox 1169 2677 1268 2704; x_wconf 78' lang='lat' dir='ltr'><strong>oriente</strong></span> <span class='ocrx_word' id='word_1_876' title='bbox 1289 2677 1350 2711; x_wconf 78' lang='lat' dir='ltr'><strong>fecit</strong></span> <span class='ocrx_word' id='word_1_877' title='bbox 1365 2676 1515 2710; x_wconf 85' lang='lat' dir='ltr'><strong>justitiam,</strong></span> <span class='ocrx_word' id='word_1_878' title='bbox 1536 2679 1560 2702; x_wconf 86' lang='lat' dir='ltr'><strong>et</strong></span> <span class='ocrx_word' id='word_1_879' title='bbox 1578 2675 1679 2702; x_wconf 81' lang='lat' dir='ltr'><strong>vocavit</strong></span> 
     </span>
    </p>
   </div>
   <div class='ocr_carea' id='block_1_111' title="bbox 1262 2722 1678 2758">
    <p class='ocr_par' dir='ltr' id='par_1_111' title="bbox 1262 2722 1678 2758">
     <span class='ocr_line' id='line_1_112' title="bbox 1262 2722 1678 2758; baseline -0.005 -6"><span class='ocrx_word' id='word_1_880' title='bbox 1262 2725 1285 2741; x_wconf 86' lang='grc'><strong>⁷⁸</strong></span> <span class='ocrx_word' id='word_1_881' title='bbox 1296 2724 1363 2752; x_wconf 89' lang='lat' dir='ltr'><strong>Luc.</strong></span> <span class='ocrx_word' id='word_1_882' title='bbox 1388 2733 1438 2758; x_wconf 75' lang='lat' dir='ltr'><strong>sn,</strong></span> <span class='ocrx_word' id='word_1_883' title='bbox 1463 2724 1508 2752; x_wconf 70' lang='lat' dir='ltr'><strong>L9.</strong></span> <span class='ocrx_word' id='word_1_884' title='bbox 1546 2724 1568 2740; x_wconf 83' lang='grc'><strong>⁷⁹</strong></span> <span class='ocrx_word' id='word_1_885' title='bbox 1583 2722 1678 2751; x_wconf 79' lang='lat' dir='ltr'><strong>Matth.</strong></span> 
     </span>
    </p>
   </div>
   <div class='ocr_carea' id='block_1_112' title="bbox 73 2761 840 2801">
    <p class='ocr_par' dir='ltr' id='par_1_112' title="bbox 73 2761 838 2801">
     <span class='ocr_line' id='line_1_113' title="bbox 73 2761 838 2801; baseline 0.003 -10"><span class='ocrx_word' id='word_1_886' title='bbox 73 2765 174 2797; x_wconf 58' lang='lat' dir='ltr'><strong>qut.</strong></span> <span class='ocrx_word' id='word_1_887' title='bbox 211 2761 232 2783; x_wconf 70' lang='grc' dir='ltr'><strong>ῖ⁴¹</strong></span> <span class='ocrx_word' id='word_1_888' title='bbox 243 2761 396 2801; x_wconf 36' lang='lat' dir='ltr'><strong>Luc-utr,</strong></span> <span class='ocrx_word' id='word_1_889' title='bbox 411 2768 455 2797; x_wconf 71' lang='lat'><strong>32.</strong></span> <span class='ocrx_word' id='word_1_890' title='bbox 494 2767 516 2784; x_wconf 82' lang='grc'><strong>⁸¹</strong></span> <span class='ocrx_word' id='word_1_891' title='bbox 529 2768 539 2794; x_wconf 87' lang='grc'><strong>1</strong></span> <span class='ocrx_word' id='word_1_892' title='bbox 551 2761 614 2795; x_wconf 73' lang='lat' dir='ltr'><strong>Cor.</strong></span> <span class='ocrx_word' id='word_1_893' title='bbox 629 2776 648 2798; x_wconf 79' lang='grc' dir='ltr'>ι,</span> <span class='ocrx_word' id='word_1_894' title='bbox 661 2767 706 2794; x_wconf 75' lang='lat'><strong>30:</strong></span> <span class='ocrx_word' id='word_1_895' title='bbox 739 2761 765 2783; x_wconf 55' lang='grc' dir='ltr'>Ἦ</span> <span class='ocrx_word' id='word_1_896' title='bbox 784 2768 838 2795; x_wconf 82' lang='lat' dir='ltr'><strong>lsa.</strong></span> 
     </span>
    </p>
   </div>
   <div class='ocr_carea' id='block_1_113' title="bbox 927 2761 1238 2801">
    <p class='ocr_par' dir='ltr' id='par_1_113' title="bbox 937 2761 1238 2793">
     <span class='ocr_line' id='line_1_114' title="bbox 937 2761 1238 2793; baseline -0.01 -2"><span class='ocrx_word' id='word_1_897' title='bbox 937 2765 964 2792; x_wconf 56' lang='grc' dir='ltr'><strong>ἢ.</strong></span> <span class='ocrx_word' id='word_1_898' title='bbox 1003 2762 1114 2790; x_wconf 77' lang='lat' dir='ltr'><strong>&quot;Joan.</strong></span> <span class='ocrx_word' id='word_1_899' title='bbox 1132 2769 1174 2793; x_wconf 84' lang='grc' dir='ltr'><strong>ιιι.</strong></span> <span class='ocrx_word' id='word_1_900' title='bbox 1196 2761 1238 2788; x_wconf 72' lang='lat' dir='ltr'><strong>l5.</strong></span> 
     </span>
    </p>
   </div>
   <div class='ocr_carea' id='block_1_114' title="bbox 99 2819 833 2860">
    <p class='ocr_par' dir='ltr' id='par_1_114' title="bbox 99 2819 833 2860">
     <span class='ocr_line' id='line_1_115' title="bbox 99 2819 833 2860; baseline -0.008 -4"><span class='ocrx_word' id='word_1_901' title='bbox 99 2821 149 2860; x_wconf 72' lang='grc'><strong>(91)</strong></span> <span class='ocrx_word' id='word_1_902' title='bbox 161 2819 225 2854; x_wconf 76' lang='lat' dir='ltr'><strong>Tros</strong></span> <span class='ocrx_word' id='word_1_903' title='bbox 239 2833 305 2854; x_wconf 87' lang='lat' dir='ltr'><strong>mss.</strong></span> <span class='ocrx_word' id='word_1_904' title='bbox 322 2824 384 2854; x_wconf 87' lang='lat' dir='ltr'><strong>cod.</strong></span> <span class='ocrx_word' id='word_1_905' title='bbox 401 2826 442 2854; x_wconf 77' lang='lat' dir='ltr'><strong>sic</strong></span> <span class='ocrx_word' id='word_1_906' title='bbox 455 2826 571 2859; x_wconf 85' lang='lat' dir='ltr'><strong>habent,</strong></span> <span class='ocrx_word' id='word_1_907' title='bbox 592 2825 654 2853; x_wconf 86' lang='lat' dir='ltr'><strong>libri</strong></span> <span class='ocrx_word' id='word_1_908' title='bbox 670 2832 735 2852; x_wconf 73' lang='lat' dir='ltr'><strong>vero</strong></span> <span class='ocrx_word' id='word_1_909' title='bbox 755 2823 833 2857; x_wconf 86' lang='lat' dir='ltr'><strong>editi,</strong></span> 
     </span>
    </p>
   </div>
   <div class='ocr_carea' id='block_1_115' title="bbox 73 2860 660 2896">
    <p class='ocr_par' dir='ltr' id='par_1_115' title="bbox 73 2860 660 2896">
     <span class='ocr_line' id='line_1_116' title="bbox 73 2860 660 2896; baseline 0.009 -13"><span class='ocrx_word' id='word_1_910' title='bbox 73 2863 177 2891; x_wconf 78' lang='lat' dir='ltr'><strong>putamus</strong></span> <span class='ocrx_word' id='word_1_911' title='bbox 192 2861 223 2888; x_wconf 86' lang='lat' dir='ltr'><strong>ab</strong></span> <span class='ocrx_word' id='word_1_912' title='bbox 237 2861 362 2896; x_wconf 78' lang='lat' dir='ltr'><strong>Apostolo</strong></span> <span class='ocrx_word' id='word_1_913' title='bbox 379 2862 464 2888; x_wconf 77' lang='lat' dir='ltr'><strong>solum</strong></span> <span class='ocrx_word' id='word_1_914' title='bbox 478 2860 579 2888; x_wconf 83' lang='lat' dir='ltr'><strong>dictum</strong></span> <span class='ocrx_word' id='word_1_915' title='bbox 594 2868 660 2888; x_wconf 76' lang='lat' dir='ltr'><strong>esse.</strong></span> 
     </span>
    </p>
   </div>
   <div class='ocr_carea' id='block_1_116' title="bbox 213 2910 526 2941">
    <p class='ocr_par' dir='ltr' id='par_1_116' title="bbox 213 2910 526 2941">
     <span class='ocr_line' id='line_1_117' title="bbox 213 2910 526 2941; baseline 0 -1"><span class='ocrx_word' id='word_1_916' title='bbox 213 2910 342 2941; x_wconf 63' lang='lat' dir='ltr'><strong>Panos.</strong></span> <span class='ocrx_word' id='word_1_917' title='bbox 362 2910 420 2940; x_wconf 76' lang='lat' dir='ltr'><strong>(in.</strong></span> <span class='ocrx_word' id='word_1_918' title='bbox 442 2910 526 2941; x_wconf 76' lang='lat' dir='ltr'><strong>Xlll.</strong></span> 
     </span>
    </p>
   </div>
   <div class='ocr_carea' id='block_1_117' title="bbox 923 2815 1677 2857">
    <p class='ocr_par' dir='ltr' id='par_1_117' title="bbox 923 2815 1677 2857">
     <span class='ocr_line' id='line_1_118' title="bbox 923 2815 1677 2857; baseline -0.007 -8"><span class='ocrx_word' id='word_1_919' title='bbox 923 2821 980 2857; x_wconf 79' lang='lat'><strong>(9‘2)</strong></span> <span class='ocrx_word' id='word_1_920' title='bbox 1007 2819 1085 2857; x_wconf 79' lang='lat' dir='ltr'><strong>Libb.</strong></span> <span class='ocrx_word' id='word_1_921' title='bbox 1112 2817 1189 2852; x_wconf 77' lang='lat' dir='ltr'><strong>editi,</strong></span> <span class='ocrx_word' id='word_1_922' title='bbox 1207 2818 1268 2847; x_wconf 79' lang='lat' dir='ltr'><strong>non</strong></span> <span class='ocrx_word' id='word_1_923' title='bbox 1294 2817 1379 2844; x_wconf 72' lang='lat' dir='ltr'><strong>solum</strong></span> <span class='ocrx_word' id='word_1_924' title='bbox 1400 2815 1432 2843; x_wconf 86' lang='lat' dir='ltr'><strong>ab</strong></span> <span class='ocrx_word' id='word_1_925' title='bbox 1453 2815 1589 2851; x_wconf 76' lang='lat' dir='ltr'><strong>Apostolo.</strong></span> <span class='ocrx_word' id='word_1_926' title='bbox 1614 2815 1677 2845; x_wconf 66' lang='lat' dir='ltr'><strong>Mss.</strong></span> 
     </span>
    </p>
   </div>
   <div class='ocr_carea' id='block_1_118' title="bbox 893 2853 1132 2885">
    <p class='ocr_par' dir='ltr' id='par_1_118' title="bbox 893 2853 1132 2885">
     <span class='ocr_line' id='line_1_119' title="bbox 893 2853 1132 2885; baseline -0.008 -1"><span class='ocrx_word' id='word_1_927' title='bbox 893 2853 1022 2885; x_wconf 81' lang='lat' dir='ltr'><strong>omittunt</strong></span> <span class='ocrx_word' id='word_1_928' title='bbox 1035 2853 1132 2882; x_wconf 85' lang='lat' dir='ltr'><strong>solum.</strong></span> 
     </span>
    </p>
   </div>
   <div class='ocr_carea' id='block_1_119' title="bbox 1499 2899 1519 2930">
    <p class='ocr_par' dir='ltr' id='par_1_119' title="bbox 1499 2899 1519 2930">
     <span class='ocr_line' id='line_1_120' title="bbox 1499 2899 1519 2930; baseline 0 0"><span class='ocrx_word' id='word_1_929' title='bbox 1499 2899 1519 2930; x_wconf 89' lang='lat'><strong>8</strong></span> 
     </span>
    </p>
   </div>
  </div>
