1879 3046
174 146 229 173 Ἓῗῖὅ

920 143 1080 172 ORIGENIS

1759 146 1814 182 :35

177 212 235 230 cum
253 204 287 230 ad
306 203 380 237 pedes
395 203 481 231 suos!
496 204 574 232 Pater
598 203 703 231 vocavit
724 203 822 230 Filium
835 223 842 234 ,
862 203 918 230 imo
939 206 968 229 ιιι
984 205 1004 232 Α
1021 210 1081 230 meo
1095 203 1332 230 comntinationem
1349 202 1464 230 dicentis
1482 211 1488 228 :
1512 203 1541 230 Si
1562 212 1611 230 non
1632 204 1721 232 lavero
1734 208 1814 239 ped":

173 257 242 276 rvere
257 249 397 283 dicamus,
415 249 485 278 Dens
502 250 638 277 hominem
653 251 760 277 vocavit
779 249 914 284 justitiam
932 248 966 275 ad

174 295 262 327 pedes
286 301 368 326 suos,
392 294 417 321 id
443 299 485 322 est
509 295 720 322 incarnationem
737 293 798 320 Filii
824 294 876 321 sui.
902 294 967 319 Ideo

179 344 206 366 et
226 340 373 366 adoramus
393 340 543 367 scabellum
570 339 667 374 pedum
691 339 776 370 illitts,
799 339 876 373 juxta
894 339 967 373 quod

174 386 312 420 scriptum
329 390 370 412 est
386 393 393 411 :
411 385 528 412 Adorate
545 385 688 413 scabelhtm
707 385 802 418 pedum
818 385 887 419 ejus,
900 385 967 420 quia

177 438 301 458 sanctam
323 437 370 459 est.
391 432 462 459 Caro
484 432 615 467 siquidem
632 431 739 458 Domini
756 431 888 458 honorem
907 431 968 458 Dei-

178 477 244 504 tatis
272 477 397 504 assumit.
434 476 502 509 Quia
528 481 617 503 autent
650 476 814 511 principium
845 476 968 503 lectionis

180 523 270 549 altiori
287 523 386 557 indiget
401 522 578 557 expositione,
594 530 704 550 oremus
717 530 856 550 sumntum
868 522 966 558 Regem

178 574 210 596 ut
228 577 317 596 sermo
335 569 379 604 qui
403 573 515 595 vocatus
537 569 650 602 al-ierat,
675 568 709 595 ad
733 577 782 596 nos
804 569 902 596 iterum
923 577 964 596 re-

174 620 308 647 uertatur,
338 619 367 641 ut
391 622 477 649 pauca
504 614 581 648 juxta
611 615 820 650 possibilitatem
846 619 966 643 nostram

173 661 324 688 edisseram
330 668 370 688 us.

210 706 236 732 2.
259 706 293 732 Et
317 706 420 740 factum
447 710 485 732 est
509 707 535 733 i-r.
554 714 624 733 anno
644 715 695 742 quo
717 711 838 734 mortuus
860 712 898 734 est
923 715 968 734 rex

177 752 254 779 Osias
268 762 276 780 :
290 753 342 779 ridi
357 752 498 779 Dominum
511 753 641 779 sedentem
654 762 734 788 supra
749 754 872 780 thronum
884 754 969 780 excel-

176 807 245 831 sum,
263 804 287 826 ct
308 800 384 832 plena
403 805 458 826 erat
483 799 576 825 domus
594 799 679 834 gloria
700 799 767 834 ejus,
786 806 809 827 et
837 800 968 835 seraphin:

176 844 284 872 stabant
306 845 331 870 in
350 845 465 871 circuitu
485 845 558 878 ejus.
579 853 625 872 sea:
648 845 699 873 alte
719 846 783 878 uni,
817 851 840 873 et
859 853 904 873 sea:
918 846 969 873 ala:

1021 253 1090 280 tuos,
1105 257 1157 276 non
1170 249 1276 275 habebis
1289 254 1392 284 partem
1410 257 1509 276 mecum
1523 250 1556 277 ⁸⁷.
1576 250 1638 277 Ideo
1654 251 1714 277 lava
1731 251 1815 285 pedes

1017 301 1104 327 nteos,
1122 299 1150 321 ut
1165 294 1278 321 habt-am
1295 299 1397 329 partem
1413 299 1513 322 tecum.
1529 294 1582 322 Sed
1596 295 1662 330 quid
1681 296 1738 327 aio,
1753 295 1814 322 lava

1018 340 1100 374 pedes
1115 340 1211 368 meos?
1231 340 1329 367 Petrus
1342 340 1396 368 hoc
1411 341 1499 375 potuit
1512 341 1611 373 dicere,
1627 341 1675 376 qui
1693 349 1748 368 non
1766 341 1816 368 ha-

1019 385 1078 412 buit
1090 393 1217 418 arcesse,
1234 385 1286 412 nisi
1302 389 1407 417 tantum
1424 390 1452 413 ttt
1469 386 1549 420 pedes
1567 386 1628 421 ejus
1643 387 1816 419 lavarentur;

1020 435 1092 458 lotus
1107 431 1210 466 quippe
1234 432 1353 458 mundus
1373 435 1442 458 erat.
1461 431 1516 466 Ego
1532 432 1623 466 potius
1637 440 1701 460 cum
1726 434 1815 461 semel

1020 478 1091 505 lotus
1107 478 1169 510 sint,
1187 477 1233 504 illo
1249 478 1358 513 indigeo
1374 478 1549 513 baptismate,
1566 478 1598 505 de
1611 486 1666 514 quo
1681 479 1817 507 Dominus

1018 524 1057 551 ait
1070 533 1076 550 :
1089 523 1144 559 Ego
1160 523 1235 550 aliud
1249 523 1380 558 baptisma
1397 524 1478 551 habeo
1493 525 1624 559 baptizari
1634 525 1658 541 ⁸⁸
1672 526 1742 561 (95).
1759 526 1818 554 Cttr

1019 569 1070 596 ista
1086 569 1223 596 diximus?
1233 569 1360 604 Prmparo
1376 574 1402 596 et
1413 578 1455 596 tne
1464 575 1490 596 et
1500 570 1642 598 audientes
1652 571 1685 598 ad
1706 571 1816 605 majora

1019 616 1160 650 mysteria.
1191 614 1219 642 Si
1247 619 1337 642 tamen
1361 615 1462 647 veniat,
1489 616 1512 642 si
1536 616 1685 644 descendat
1707 616 1742 643 ad
1763 623 1817 643 nos

1019 668 1109 688 sernto
1124 660 1170 688 Dei
1184 681 1191 694 ,
1219 661 1300 688 timco
1319 660 1391 687 cttim
1410 668 1444 688 ne
1462 668 1505 688 me
1526 660 1624 696 fugiat,
1647 669 1681 688 ne
1702 661 1816 688 benedi-

1017 706 1136 734 ctionem
1149 715 1260 742 quoque
1275 714 1362 733 meam
1384 706 1554 742 dedignetur.
1575 707 1655 742 Fugit
1667 708 1811 742 quondam

1020 758 1109 778 sermo
1118 752 1247 786 populum
1257 757 1366 786 propter
1372 752 1462 778 Achar
1469 752 1526 788 (9i)
1535 760 1617 779 unum
1627 757 1815 787 peccatorem;

1019 797 1097 833 fugit,
1114 798 1237 833 inqttatn,
1254 805 1346 825 sermo
1363 798 1492 832 populum
1506 802 1616 833 propter
1643 806 1732 825 unum
1753 806 1817 833 pee—

1019 849 1139 872 catorem
1153 843 1256 877 Achar,
1269 844 1354 871 ﬁlium
1377 843 1498 876 Zamltri,
1516 843 1564 871 filii
1582 844 1662 875 Zara,
1681 852 1715 872 ex
1741 845 1815 872 trith

178 889 275 921 alteri;
300 896 323 916 et
345 889 448 915 duabus
471 889 575 923 quidem
598 889 718 917 vetabant
740 891 834 925 faciem
858 891 925 926 ejus,
944 896 968 918 et
987 887 1006 913 Β
1019 890 1099 924 Juda,
1116 891 1162 926 qui
1182 891 1342 918 inobediens
1356 890 1408 917 fuit.
1422 890 1488 923 Deo,
1505 895 1533 918 et
1547 891 1608 918 ideo
1624 891 1815 919 anathemati-

177 936 282 962 duabus
298 936 419 962 uelabant
434 936 510 968 jodes
521 955 528 966 ,
546 940 570 962 et
587 935 689 962 duabus
707 936 829 964 volabant
842 957 848 969 ,
867 942 892 964 et
912 937 967 964 cla-

178 981 285 1008 mabant
300 981 369 1008 alter
382 981 416 1007 ad
430 984 554 1012 alterum,
567 986 591 1007 et
604 981 728 1008 dicebant
742 990 750 1008 :
766 981 891 1016 Sanctus,
906 991 968 1009 san-

178 1032 247 1058 ctus,
260 1031 366 1054 stmctus
384 1026 510 1052 Dominus
528 1025 595 1052 Deus
610 1026 736 1061 Sabaoth,
753 1028 830 1063 plena
843 1034 881 1055 est
898 1034 968 1055 terra

178 1072 263 1106 gloria
278 1073 334 1107 ejus
346 1072 379 1106 3",
395 1078 419 1100 et
434 1073 547 1105 reliqua.
563 1071 662 1100 Verum
680 1078 709 1100 ut
721 1078 748 1100 et
764 1081 813 1100 ttos
827 1074 967 1102 videamus

180 1119 314 1146 visionem
335 1128 417 1154 quam
441 1121 508 1148 vidit
535 1121 629 1152 Isaias,
652 1127 781 1148 vocemus
804 1119 896 1147 Jcsum
921 1121 968 1156 qui

180 1174 233 1193 non
257 1166 412 1194 videntibus
439 1167 551 1202 largitus
573 1172 614 1195 est
641 1167 745 1195 oculos.
772 1166 865 1194 Potest
895 1168 967 1194 enittt

176 1211 258 1238 etiam
277 1219 348 1238 ttunc
363 1212 457 1239 venire
474 1217 500 1240 et
518 1211 618 1244 facere,
636 1218 665 1240 ut
679 1221 711 1240 ea
727 1220 788 1248 quae
805 1213 831 1240 in
854 1213 970 1241 lectione

177 1261 348 1285 sacramenta
373 1258 444 1285 dicta
462 1263 536 1292 sunt,
562 1259 665 1294 apertis
682 1260 769 1286 oculis
795 1260 968 1292 intueamur;

177 1297 401 1337 repromittainus
416 1304 440 1330 ei
457 1303 514 1338 jam
531 1312 582 1331 nos
605 1313 657 1332 non
676 1305 746 1332 ultra
764 1304 853 1333 facere
870 1312 970 1340 corpus

177 1349 281 1376 Christi
306 1357 404 1383 corpus
425 1350 594 1383 meretricis,
609 1358 660 1377 nec
679 1350 768 1378 facere
789 1359 871 1386 opera
888 1352 969 1387 digna

179 1394 264 1422 luctu.
293 1393 488 1430 Unusquisque
510 1401 634 1423 nostrunt
662 1397 718 1424 haec
739 1397 821 1424 corde
843 1397 971 1432 loquatur

179 1440 213 1467 ad
230 1440 324 1473 Deum,
337 1445 364 1468 et
379 1449 522 1476 precemur
537 1447 567 1469 ttt
580 1443 712 1470 adventus
725 1443 784 1478 ejus
799 1443 879 1470 ctiam
899 1451 970 1472 nunc

181 1487 237 1513 fiat.
263 1486 289 1513 Si
307 1487 380 1514 enim
404 1495 458 1514 non
476 1488 615 1515 advenerit
631 1487 721 1520 Iesus,
746 1488 797 1516 ista
811 1489 902 1516 videre
916 1497 970 1516 non

179 1542 337 1570 possumus.
365 1535 467 1562 Precor
489 1540 519 1562 ut
537 1536 661 1562 mittatur
682 1536 763 1562 etiam
786 1536 818 1562 ad
837 1544 880 1563 nte
896 1544 971 1564 sera-

180 1581 269 1616 phim,
291 1586 318 1608 et
338 1582 536 1616 comprehenso
559 1583 593 1609 de
617 1582 719 1617 forcipe
738 1582 856 1610 carbone
874 1587 971 1617 purget

179 1627 253 1654 labia
268 1635 339 1659 mea.
353 1634 381 1655 et
396 1627 461 1662 quid
478 1628 540 1656 dico
557 1628 626 1656 labia
652 1629 731 1656 mea?
748 1629 832 1656 Isaias
858 1635 970 1656 sanctus

179 1677 250 1706 erat,
263 1677 291 1699 et.
310 1673 370 1700 ideo
396 1677 500 1700 tantum
519 1674 589 1701 labia
604 1674 664 1709 ejus
684 1679 796 1709 purgata
815 1679 889 1706 sunt,
907 1675 970 1709 quia

183 1718 262 1746 labiis
277 1724 393 1752 tantum,
408 1719 433 1746 id
450 1724 491 1747 est
507 1728 634 1748 sermone
651 1721 812 1756 deliquerat.
832 1720 888 1756 Ego
907 1729 971 1749 vero

177 1771 236 1791 non
256 1771 316 1790 sum
335 1764 414 1797 talis,
432 1769 461 1791 ιιι
478 1764 579 1799 possim
598 1764 699 1794 dicere.
716 1765 788 1800 quod
807 1765 895 1792 solum
917 1765 970 1791 im~

178 1810 284 1837 munda
303 1810 373 1837 labia
396 1810 494 1843 habeo,
511 1811 557 1838 sed
578 1816 670 1838 metuo
687 1818 720 1837 tte
736 1811 908 1838 immundum
924 1817 972 1837 cor

182 1857 310 1888 habeam,
333 1857 489 1884 immundos
512 1857 616 1890 oculos,
633 1857 789 1884 immttndas
807 1863 898 1889 aures,
921 1856 972 1883 im—

178 1903 315 1929 mundum
331 1909 371 1930 os.
386 1901 513 1935 Quandiu
528 1902 554 1929 in
570 1903 697 1930 omnibus
713 1903 773 1930 istis
788 1909 880 1938 pecco,
899 1906 972 1929 totus

179 1948 342 1975 immundus
365 1955 437 1975 sum.
461 1947 490 1975 Si
516 1948 609 1976 videro
631 1948 772 1976 mulierem
795 1948 828 1975 ad
843 1947 973 1982 concupi-

180 1994 323 2026 scendum,
339 1993 395 2028 jam
418 1994 570 2021 matchatus
593 2002 653 2021 sum
674 2001 734 2021 eam
753 1994 780 2021 in
800 1993 882 2021 corde
901 2001 972 2020 meo.

180 2039 253 2067 Ecce
272 2040 431 2067 immundos
449 2040 547 2067 oculos
562 2040 660 2067 habeo.
697 2039 726 2066 Si
740 2040 773 2067 de
790 2043 898 2074 pectore
913 2046 974 2066 meo

180 2090 281 2111 exeant
296 2084 475 2119 cogitationes
495 2085 632 2119 pessimae,
654 2084 797 2116 adulteria,
816 2084 975 2112 fornicatio-

180 2138 244 2160 nes.
262 2130 330 2158 falsa
345 2131 512 2161 testimonia,
530 2137 594 2158 ecce
611 2138 659 2157 cor
684 2130 856 2157 immundum
875 2130 972 2157 habeo.

185 2174 273 2206 Quam
293 2175 404 2210 formosi
424 2175 502 2209 pedes
522 2175 761 2210 euangelizandum
781 2183 882 2210 pacem,
897 2184 976 2202 evan-

184 2221 355 2256 gelizantium
373 2220 440 2247 bona
450 2220 485 2246 ⁸η.
508 2219 564 2254 Ego
581 2228 644 2247 vero
662 2221 745 2247 timeo
761 2229 794 2247 ne
810 2228 924 2248 currens
941 2221 974 2249 ad

185 2268 257 2295 mala
266 2267 422 2294 immundos
432 2267 513 2300 pedes
523 2267 648 2294 habeam.
656 2266 778 2294 Extendo
787 2267 819 2294 ad
829 2266 973 2295 Dominum

187 2322 285 2342 manus
295 2321 378 2341 meas.
392 2312 426 2340 Et
436 2312 505 2340 forte
522 2317 647 2340 avertetts
655 2313 751 2341 faciem
762 2321 839 2341 suam
848 2314 931 2341 dicit:
946 2313 975 2342 Si

184 2358 355 2386 cztenderitis
371 2366 476 2390 manus,
495 2363 611 2384 avertam
626 2357 720 2392 faciem
736 2367 820 2385 meam
831 2367 847 2385 a
859 2359 930 2385 vobis
939 2359 972 2385 ".

186 2405 254 2438 Quis
260 2411 328 2439 ergo
337 2412 379 2431 me
388 2404 519 2432 mundat?
535 2403 603 2437 Quis
611 2404 685 2431 lavat
696 2404 778 2439 pedes
792 2405 887 2433 meos?
896 2404 972 2436 Jesu,

187 2452 260 2485 veni,
278 2451 403 2479 sordidos
416 2451 502 2478 habeo
519 2452 611 2486 pedes,
624 2456 734 2486 propter
745 2459 788 2478 tne
803 2452 851 2478 llas
866 2459 972 2483 servus,

188 2498 265 2526 mitte
276 2506 375 2533 aquam
387 2503 460 2526 tuam
472 2498 498 2525 itt
514 2499 610 2533 pelvitn
625 2503 715 2532 tuam;
733 2499 805 2533 veni,
821 2499 880 2526 lava
893 2499 976 2534 pedes

187 2551 273 2572 meos.
293 2543 328 2571 Et
347 2544 406 2571 scio
427 2543 600 2571 temerarium
623 2551 684 2572 esse
697 2544 770 2579 quod
785 2544 858 2576 dico,
874 2544 921 2572 sed
939 2545 976 2572 ti-

221 2622 244 2638 ”
257 2621 307 2650 lsa.
321 2629 358 2653 vr,
373 2621 396 2654 t,
407 2621 434 2654 ‘2,
447 2621 472 2648 5.

186 2664 234 2689 vlt,
249 2658 296 2685 25.

333 2657 357 2673 "
368 2656 446 2684 Joan.
462 2665 499 2690 Ix,
513 2657 557 2684 5|.

596 2658 616 2673 θ’
630 2657 680 2684 lsa.
701 2665 719 2691 I,
735 2658 776 2689 l8,
791 2658 832 2685 l9.

225 2737 280 2772 (95)
300 2737 345 2764 Sic
358 2744 436 2768 mss.:
450 2737 520 2765 male
531 2745 595 2765 vero
609 2738 684 2770 editi,
698 2737 842 2772 baptizare.

224 2772 281 2807 (9‘)
301 2772 445 2807 Pet-peram
460 2773 593 2801 editiones
610 2781 625 2800 a
638 2771 813 2801 Genebrardo
827 2777 854 2799 et
866 2771 979 2807 Erasmo

188 2812 342 2868 procurante
356 2806 458 2847 habent
472 2809 580 2840 Achaz;
597 2809 678 2842 paulo
693 2809 790 2848 melius
804 2807 888 2835 editio
906 2806 977 2834 Mer-

202 2850 237 2868 tnt
251 2841 352 2868 Achan.
368 2847 468 2868 onttme
483 2851 546 2868 vero
563 2844 622 2868 cod.
638 2842 747 2868 Ebrorc.
764 2843 860 2868 Achar.
875 2842 908 2868 de
923 2849 977 2868 ouo

189 2841 237 2868 lini
251 2841 352 2872 Achan,
368 2843 468 2875 optime
483 2851 546 2870 vero
563 2841 622 2870 cod.
638 2842 747 2869 Ebroic.
763 2843 860 2875 Achar,
875 2842 908 2869 de
923 2849 977 2877 quo

189 2876 281 2905 Josuo.
296 2884 342 2905 vtt.
356 2876 400 2903 25.

206 2885 281 2909 osuo,
296 2884 342 2908 vtt,
356 2884 400 2903 ’Ζά-

518 2622 540 2638 ⁸¹⁵
553 2621 603 2648 lsa.
619 2629 666 2654 ιιι,
682 2621 714 2654 7;
744 2621 824 2649 Rom.
842 2631 869 2653 x,
889 2623 928 2649 I5.
950 2621 1036 2650 “lsa.
1052 2631 1071 2653 ι,
1095 2622 1136 2649 l5.

518 2657 557 2684 5|.
596 2658 616 2673 θ’
630 2657 680 2684 lsa.
701 2665 719 2684 ι.
735 2658 832 2684 l8.19.
871 2658 893 2674 ’³
909 2657 928 2683 ll
944 2657 1005 2684 Par.
1018 2665 1093 2684 xxVI.
1105 2658 1131 2684 4.

965 2664 1005 2684 ar.
1018 2665 1093 2689 nrt,
1105 2664 1131 2684 4.

1019 943 1097 966 zatus
1119 942 1161 965 est
1173 937 1206 963 ⁸³.
1235 937 1267 964 Et
1290 937 1354 972 quia
1380 945 1454 965 nunc
1480 938 1570 972 populi
1598 937 1749 965 multitudo
1773 944 1817 966 est

1019 982 1302 1019 propterParasceven
1312 982 1379 1017 (95),
1390 988 1416 1010 et
1428 983 1545 1010 maxime
1558 983 1586 1010 in
1601 983 1748 1012 Dominica
1761 984 1814 1015 die,

1019 1038 1080 1065 qua:
1101 1029 1236 1065 passionis
1252 1028 1354 1056 Christi
1379 1030 1620 1057 commemorati-ix
1648 1034 1690 1057 est
1710 1030 1812 1065 (neque

1019 1076 1091 1103 ettint
1118 1075 1283 1103 resurrectio
1309 1075 1416 1102 Domini
1444 1075 1526 1103 semel
1552 1076 1579 1102 in
1601 1084 1684 1108 anno,
1708 1081 1739 1103 et
1761 1084 1814 1103 non

1020 1129 1128 1156 semper
1145 1126 1207 1156 post
1230 1125 1333 1156 scptem
1346 1121 1406 1148 dies
1430 1121 1604 1157 celebratur),
1628 1127 1705 1149 orate
1728 1121 1813 1149 Deum

1019 1169 1245 1203 omnipotentem,
1281 1172 1311 1195 ut
1343 1168 1435 1195 veniat
1469 1168 1502 1195 ad
1537 1175 1588 1195 nos
1619 1175 1711 1196 sermo
1743 1169 1813 1204 ejus.

1021 1214 1135 1242 Etiamsi
1156 1220 1313 1250 peccatores
1323 1214 1401 1248 estis,
1417 1218 1494 1242 orate
1508 1214 1666 1242 Dominunt.
1681 1213 1815 1242 Peccato-

1020 1268 1065 1287 res
1090 1261 1202 1288 exaudit
1216 1259 1298 1288 Deus.
1324 1260 1402 1293 Quod
1426 1261 1449 1288 si
1471 1260 1573 1288 timetis
1597 1261 1662 1288 illud
1689 1261 1764 1296 quod
1786 1261 1813 1288 in

1021 1306 1168 1342 Evangelia
1191 1306 1292 1334 dicitur
1308 1317 1314 1333 :
1328 1306 1432 1334 Scimus
1449 1307 1511 1342 quia
1525 1311 1674 1342 peccatores
1697 1315 1752 1334 non
1767 1314 1813 1334 ea:-

1021 1351 1116 1379 audiat
1130 1352 1197 1379 Deus
1208 1353 1244 1383 9°.
1264 1352 1347 1379 nolite
1362 1352 1566 1386 pertimescere,
1582 1352 1666 1379 nolite
1689 1352 1811 1379 credere.

1021 1396 1116 1424 Caecus
1132 1401 1191 1424 erat
1211 1397 1258 1432 qui
1282 1396 1335 1424 hoc
1351 1396 1430 1423 dixit.
1456 1395 1542 1432 Magis
1560 1401 1649 1423 autem
1667 1396 1771 1424 credite
1787 1396 1811 1424 ei

1022 1442 1069 1478 qui
1085 1442 1167 1475 dictt,
1186 1447 1213 1469 et
1231 1450 1284 1469 tton
1300 1442 1430 1469 mentitur
1453 1451 1460 1469 :
1485 1441 1520 1469 Et
1540 1442 1563 1468 si
1584 1442 1684 1476 fuerint
1703 1447 1812 1476 peccata

1023 1493 1107 1516 vestra
1123 1493 1151 1515 ut
1166 1489 1310 1521 coccinum,
1327 1492 1355 1514 ut
1371 1487 1462 1514 lanam
1479 1487 1617 1514 dealbabo.
1636 1487 1669 1514 Et
1685 1489 1709 1514 si
1724 1488 1814 1515 uolu-

1023 1534 1094 1567 ritis,
1114 1538 1138 1561 et
1152 1533 1292 1560 audieritis
1308 1541 1358 1564 me,
1373 1530 1442 1559 bona
1455 1538 1532 1560 terrm
1548 1533 1629 1559 ea'ctis
1640 1532 1674 1559 θ’.
1687 1532 1716 1560 Si
1733 1535 1814 1561 vultis

1023 1580 1064 1607 vel
1089 1586 1163 1606 nunc
1182 1579 1295 1611 audire,
1312 1585 1422 1606 oremus
1446 1578 1472 1604 in
1497 1585 1642 1605 contmune
1654 1578 1812 1611 Dominum,

1023 1625 1157 1653 utsaltetu
1174 1633 1257 1657 ttunc,
1275 1624 1434 1652 adveniente
1443 1623 1543 1656 Verbo,
1556 1624 1713 1659 propltetiea
1728 1626 1813 1653 verba

1022 1671 1094 1699 dicta
1110 1671 1250 1698 valeamus
1265 1670 1298 1697 ad
1304 1674 1417 1697 vertere.

1058 1718 1085 1745 ’5.
1107 1716 1221 1744 Factum
1242 1720 1296 1748 est,
1317 1716 1416 1751 inquit,
1438 1715 1465 1742 in
1482 1724 1550 1743 anno
1564 1724 1615 1751 quo
1634 1722 1755 1744 mortuus
1778 1722 1814 1744 est

1025 1763 1104 1791 Osias
1125 1770 1187 1796 rex,
1208 1763 1260 1790 vidi
1276 1762 1419 1790 Dominum
1442 1761 1573 1790 sedentem
1593 1771 1672 1798 super
1689 1763 1815 1790 thronqu

1022 1809 1163 1838 excelsum.
1185 1808 1257 1837 I'isio
1278 1809 1393 1844 ascripta
1407 1814 1458 1836 est.
1478 1808 1532 1836 Cur
1552 1810 1624 1844 regis
1645 1814 1755 1844 tempus
1777 1810 1816 1837 si-

1023 1856 1196 1891 gnificatum?
1216 1854 1350 1883 lntendite
1362 1855 1471 1890 quando
1482 1855 1559 1890 115
1571 1856 1665 1883 oborta
1682 1857 1720 1883 sit
1733 1857 1815 1883 visio.

1025 1901 1095 1928 Cum
1108 1905 1232 1928 mortuus
1240 1905 1281 1928 est
1290 1899 1368 1928 Osias
1374 1907 1432 1932 rex,
1445 1899 1510 1926 vidit
1517 1899 1600 1927 Isaias
1609 1899 1756 1927 Dominum
1766 1900 1816 1928 Sa‘

1023 1947 1106 1974 baotlt
1128 1946 1264 1974 sedentem
1292 1953 1373 1980 super
1392 1945 1520 1972 tltronunt
1540 1946 1690 1973 excelsum.
1709 1946 1738 1973 Si
1754 1947 1816 1981 quis

1024 2001 1056 2020 ex
1076 1993 1177 2020 nostris
1195 1993 1269 2019 novit
1288 1992 1335 2027 qui
1357 1991 1438 2019 fuerit
1459 1991 1549 2023 Osias.
1569 1996 1597 2019 ct
1612 2000 1673 2027 qua;
1688 1994 1814 2028 gesserit,

1024 2039 1069 2067 ille
1084 2044 1172 2074 potest
1189 2046 1270 2067 nosse
1289 2038 1354 2074 quid
1373 2038 1498 2066 docuerit
1513 2039 1644 2073 proplteta
1665 2047 1715 2074 per
1735 2041 1817 2075 spiri-

1025 2092 1094 2119 tum,
1112 2086 1177 2121 quid
1192 2085 1320 2113 exhibeat
1333 2084 1413 2112 nobis
1426 2092 1516 2112 sermo
1529 2085 1649 2112 divinus.
1668 2084 1773 2113 Vadam
1784 2087 1817 2114 ad

1025 2133 1107 2160 vitam
1125 2131 1206 2164 Osiw,
1221 2135 1246 2159 et
1263 2131 1399 2166 requiram
1415 2139 1448 2158 ex
1464 2130 1620 2165 Regnorum
1639 2131 1728 2165 libris,
1746 2137 1775 2159 et
1785 2141 1816 2160 ex

1025 2177 1252 2213 Paralipomenon
1270 2177 1382 2204 ltistoria
1398 2177 1430 2203 de
1443 2175 1522 2210 Osia;
1538 2177 1629 2212 ibique
1643 2178 1742 2206 videbo
1753 2180 1820 2214 quia

1027 2224 1212 2252 necessarium
1226 2224 1270 2256 sit,
1284 2224 1305 2251 si
1321 2223 1443 2250 futurum
1454 2223 1489 2250 sit
1503 2229 1533 2251 ut
1545 2224 1650 2251 videant
1670 2224 1818 2253 Dominum

1029 2270 1148 2298 Sabaoth
1166 2270 1303 2297 sedentem
1320 2278 1401 2304 super
1422 2270 1550 2298 tltrouum
1575 2270 1727 2304 excelsum,
1750 2273 1818 2298 mitti

1028 2316 1098 2343 mori
1111 2316 1203 2343 Osiam
1223 2323 1323 2350 regem.
1339 2315 1393 2344 Iste
1408 2316 1487 2344 Osias
1501 2324 1533 2343 ex
1549 2316 1652 2344 semine
1668 2316 1756 2345 David
1771 2319 1819 2346 de-

1028 2362 1171 2394 scendens,
1187 2366 1214 2388 et
1228 2369 1345 2396 regnans
1362 2362 1389 2389 in
1407 2362 1506 2397 populo
1521 2361 1601 2394 Juda,
1618 2363 1743 2397 quandiu
1759 2365 1820 2398 qui-

1028 2408 1090 2434 dem
1104 2406 1172 2434 vixit
1186 2406 1333 2434 Zacharias
1351 2407 1397 2441 qui
1415 2407 1580 2442 intelligebat
1594 2407 1646 2442 (sic
1659 2408 1736 2435 enim
1753 2409 1820 2436 scri-

1030 2457 1105 2488 ptum
1116 2457 1157 2480 est
1170 2453 1290 2480 secundo
1300 2453 1370 2480 libro
1380 2453 1628 2488 Paralipomenon),
1640 2453 1706 2481 fecit.
1715 2459 1820 2482 rectum

1030 2500 1057 2526 itt
1082 2504 1228 2534 cottspectu
1255 2499 1408 2526 Domini".
1431 2498 1486 2527 Nec
1509 2499 1646 2527 subiciens
1669 2499 1734 2534 isto,
1758 2500 1821 2527 fecit

1031 2545 1177 2572 luminaria
1195 2553 1292 2579 magna
1314 2544 1440 2578 Domino,
1465 2549 1492 2572 et
1515 2544 1669 2579 composuit
1689 2545 1820 2580 templum

1175 2623 1196 2637 "’
1209 2621 1288 2649 Joan.
1303 2629 1360 2656 xm,
1389 2621 1417 2650 8.
1454 2621 1617 2655 “Luc.xtt,
1643 2620 1689 2649 50.
1727 2621 1820 2649 "los.

1066 2737 1123 2772 (95)
1140 2737 1251 2772 Propter
1263 2737 1444 2772 Parasccveu,
1461 2740 1514 2763 etc.
1536 2734 1622 2772 Verba
1643 2734 1756 2772 quidem
1776 2736 1821 2772 in-

1031 2769 1234 2806 terpretationis
1249 2779 1280 2799 ex
1296 2771 1391 2806 Graeco
1411 2775 1540 2806 corrupto
1556 2770 1698 2797 adornatae
1719 2770 1760 2797 sic
1776 2771 1821 2797 ha—

1031 2805 1116 2848 bent:
1129 2813 1159 2848 at
1168 2815 1211 2848 res
1222 2807 1344 2848 postulat
1358 2815 1365 2833 :
1382 2805 1495 2848 Propter
1507 2805 1682 2848 Ιξανιιςεευεῃ,
1693 2813 1755 2846 quin
1767 2813 1822 2848 pas-

1031 2842 1113 2868 siom's
1127 2839 1233 2869 Christ:r
1246 2841 1476 2868 commemoratria:
1488 2846 1541 2869 est:
1556 2845 1580 2867 et
1594 2839 1713 2867 maxime
1730 2841 1758 2867 iu
1772 2841 1820 2868 lto-

1032 2877 1129 2904 miuica
1145 2877 1205 2909 die;
1226 2884 1306 2910 neque
1319 2877 1399 2910 enim,
1414 2880 1466 2904 etc.
