1879 3046
50 162 88 192 ξῦΐ
635 163 668 190 IN
689 163 803 191 ISAIAM
823 163 964 191 IIUMILIA
980 163 1022 191 VI.

1599 167 1650 194 235

49 226 129 256 liei.ct
151 224 240 252 multa:
266 223 376 252 fuerunt
404 224 430 250 in
453 223 586 259 religione
604 224 663 259 ejus
685 224 810 252 virtutes.
828 228 849 256 Α
864 225 938 259 pulo,
963 229 990 252 et
1014 224 1083 252 rexit
1106 224 1210 252 urbettt.
1236 223 1298 252 Iltec
1318 225 1415 252 diebus
1429 230 1456 253 et
1470 225 1596 254 noctibus
1613 227 1653 254 Ie-

48 271 143 304 Quando
157 275 244 298 autem
261 274 384 297 mortuus
409 274 450 297 est
473 268 621 298 Zacharias
647 270 810 306 intelligens,

48 322 100 344 tunc
112 316 169 343 fecit
182 316 342 351 malignum.
359 315 426 349 Quis
443 315 488 343 Itic
502 315 549 350 qui
567 315 630 343 fecit
646 315 812 351 malignum?

48 363 166 395 Rexerat,
182 370 234 389 non
252 362 389 390 sacerdos.
418 361 495 389 Alius
519 361 586 388 ordo
614 362 716 396 regius,
741 362 811 389 alius

48 410 102 437 ordo
116 408 295 436 sacerdotalis.
312 407 403 435 Voluit
418 407 522 442 ingredi
535 407 561 434 in
578 408 718 442 templum.
734 412 760 435 et
772 408 811 435 lo-

49 463 95 482 cum
105 462 176 490 agere
185 454 333 482 sacerdotis
344 458 370 481 et
384 453 473 481 facere
487 461 557 488 opus
568 453 640 488 quod
654 461 708 480 non
723 453 812 482 fuerat

48 502 66 528 ei
78 509 233 528 conoessum.
249 499 354 527 Introiit
367 499 535 534 prmvettiens
548 499 712 533 sacerdotes,
725 504 751 527 et
765 507 812 527 as-

47 547 143 582 sumpsit
155 555 199 574 vas
213 547 361 574 libantinis.
379 545 522 580 Ingressus
536 552 626 572 autem
641 550 669 572 et
683 546 810 580 princeps

48 593 205 624 sacerdotum,
222 593 267 627 qui
285 597 406 627 tempOre
426 592 473 619 illo
493 597 560 624 erat,
574 597 601 618 et
617 592 753 626 octoginta
767 600 812 619 sa-

46 639 149 666 cerdotes
162 647 220 666 cuttt
237 646 281 671 eo,
306 637 376 665 dixit
397 637 430 665 ad
456 645 518 664 eum
541 637 667 672 princeps
684 637 812 664 sacerdo-

47 691 90 712 tuttt
105 695 110 712 :
129 685 217 712 Nonne
238 690 266 712 tu
284 693 314 713 es
329 684 418 717 Osiris,
435 690 462 713 et
479 693 534 712 non
552 684 730 712 sacerdos"?
747 683 811 711 Vio-

46 731 116 758 Ictttcr
137 732 322 766 perseveravit.
347 736 373 759 et
396 732 470 766 lepra
494 731 616 758 ascendit
640 730 666 757 in
694 730 810 758 frontem

46 777 100 810 eius.
111 776 242 811 Projectus
252 782 294 804 est
307 781 442 809 tnortuus,
455 783 584 812 egressus
598 780 638 802 est
653 775 686 802 de
700 776 810 810 tetttplo,

46 824 117 849 eduxit
130 831 186 850 cttnt
200 823 339 851 Dominus.
357 822 440 858 Igitur
454 823 578 857 leprosus
596 822 683 849 factus
695 827 810 857 estpro-

46 873 91 902 pler
99 869 337 903 praevaricationem
357 868 432 904 legis.
449 867 643 902 Unusquisque
659 867 710 894 sub
725 874 809 902 regno

46 920 86 948 est,
103 916 153 943 sive
171 916 284 951 peccati,
303 916 360 943 sive
381 915 505 951 justitiaa.
523 914 552 942 Si
577 919 717 950 peccatunt
740 914 807 941 milti

46 967 128 996 regnat,
146 970 213 990 unus
229 971 290 990 sttnt
308 962 340 989 de
358 962 468 997 regibus
494 962 588 993 Israel,
612 962 656 996 qui
677 962 807 997 templum

45 1009 151 1036 violenter
166 1009 277 1044 ingressi
295 1015 367 1036 sunt.
385 1008 413 1035 Si
426 1009 519 1044 justus
533 1016 592 1036 suttt
607 1009 685 1042 juxta
699 1016 809 1036 mensu-

47 1062 90 1080 ram
105 1054 232 1089 profectus
247 1055 313 1087 mei,
338 1060 364 1081 et
382 1054 453 1082 facio
478 1058 594 1085 rectum,
620 1057 647 1080 et
664 1061 808 1088 perscvero

45 1105 91 1127 ante
104 1105 270 1135 conspectum
290 1100 349 1133 Dei,
363 1104 458 1135 regnat
475 1099 539 1126 mihi
551 1099 668 1134 justitia.
682 1099 807 1132 Quandiu

45 1154 93 1174 veru
103 1146 161 1174 vixit
173 1147 308 1182 leprosus,
326 1146 412 1173 Isaias
437 1145 578 1172 inttnttnda
603 1145 675 1172 labia
702 1145 805 1172 habuit.

45 1192 145 1225 Quandiu
162 1193 226 1220 vixit
244 1193 358 1227 irtiquus
380 1200 433 1218 non
456 1191 543 1226 potuit
557 1189 641 1218 Isaias
658 1191 806 1219 Dominum

45 1237 140 1265 Sabaoth
155 1239 254 1271 videre,
272 1243 300 1266 et
318 1238 457 1265 imtttunda
473 1237 546 1265 labia
562 1237 666 1270 habuit,
683 1237 734 1264 sub
754 1237 807 1265 ini-

44 1292 85 1319 quo
96 1285 183 1320 quippe
200 1293 262 1320 rege
289 1289 359 1312 erat.
387 1283 502 1317 Quando
517 1283 589 1311 enim
605 1283 700 1317 incipit
716 1283 807 1311 videre

43 1331 150 1358 visionem
164 1331 227 1359 Dei?
242 1339 316 1358 anno
330 1339 385 1365 quo
401 1334 527 1358 mortuus
541 1334 584 1357 est
601 1328 691 1357 Osias.
706 1329 754 1357 llis
769 1330 807 1357 si-

42 1377 99 1404 milia
110 1382 132 1404 et
147 1377 178 1405 de
201 1378 295 1405 rttultis
318 1377 425 1412 scriptis
442 1377 543 1411 poteris
558 1376 649 1403 dicere
669 1376 807 1404 tribuente

43 1423 93 1450 lico.
112 1422 137 1450 In
153 1423 243 1451 Exodo
266 1423 421 1450 istiusmodi
441 1423 570 1458 quiddam
589 1422 721 1457 scriptum
739 1427 804 1450 est:

44 1469 69 1495 Et
81 1469 167 1504 factum
185 1476 221 1497 est
244 1474 305 1505 post
329 1469 385 1496 dies
414 1469 527 1504 aliquot,
556 1473 675 1495 mortuus
697 1473 734 1495 est
760 1475 805 1495 rex

43 1514 139 1550 Egypti,
154 1521 177 1543 et
190 1517 388 1551 suspiraveruttt
403 1515 454 1550 ﬁlii
468 1514 565 1547 Israel,
579 1519 603 1542 et
616 1514 733 1542 ascendit
747 1514 805 1542 cla-

43 1567 86 1586 mor
99 1569 178 1587 eorum
195 1562 228 1588 ad
243 1561 328 1588 Deum
339 1561 371 1587 ’³.
391 1560 518 1594 Quandiu
535 1560 602 1587 vixit
616 1559 732 1593 Pharao,
750 1568 803 1589 tton

43 1606 219 1641 suspiravcrunt
240 1607 286 1634 lilii
314 1605 406 1639 Israel,
430 1612 456 1634 et
475 1606 503 1633 itt
520 1605 596 1641 pejus
612 1606 694 1641 positi
712 1614 746 1633 tte
759 1614 805 1643 ge-

43 1652 111 1678 mendi
122 1653 223 1687 quidem
238 1653 396 1680 habuerunt
409 1652 522 1679 liberam
538 1651 706 1679 facultatem.
722 1650 804 1679 Vive-

43 1698 76 1724 bat
86 1698 173 1733 quippe
184 1707 227 1725 rex
240 1699 287 1733 qui
304 1698 454 1733 imperabat
469 1698 509 1725 eis
524 1702 550 1724 et
564 1697 662 1725 lateres
676 1702 702 1725 et
713 1697 804 1732 paleas

43 1739 120 1769 facere.
141 1742 260 1776 Quandiu
277 1743 349 1770 vixit
365 1742 472 1769 Pharao
485 1763 492 1775 ,
521 1750 575 1769 ttort
597 1743 805 1778 suspiraverttnt

42 1787 67 1814 ad
79 1787 161 1821 Deum;
176 1797 235 1816 cum
252 1794 380 1816 mortuus
395 1792 437 1816 est.
451 1787 568 1820 Pharao,
585 1793 649 1815 tune
661 1789 806 1816 valuerunt

43 1834 127 1860 madida
143 1834 245 1862 (Ictibus
259 1843 310 1863 ora
332 1834 486 1862 sustollere.
502 1833 576 1861 Vivit
598 1842 644 1861 rex
667 1835 804 1870 malignus

41 1878 62 1905 in
78 1886 171 1914 pectore
190 1887 295 1915 nostro,
321 1881 443 1916 quandiu
467 1881 533 1908 vivit
548 1880 656 1908 Pharao
671 1881 802 1909 Zahulus.

41 1923 100 1953 Tunc
116 1927 205 1955 lateres
224 1935 374 1963 operantur
396 1931 423 1954 et
444 1927 553 1962 paleas,
579 1931 644 1955 tunc
669 1927 804 1963 Iaerymas

42 1970 95 1999 intra
120 1974 247 2001 silentium
283 1974 456 2007 devorantus,
485 1979 512 2001 et
538 1974 692 2009 iniquitatis
720 1983 802 2010 opera

41 2018 108 2050 prima
121 2019 238 2048 facimus.
259 2020 332 2048 Cum
348 2026 438 2047 autem
457 2025 582 2048 tnortuus
599 2014 692 2053 fuerit,
709 2020 802 2048 Domi-

44 2073 67 2090 no
77 2065 122 2093 Deo
131 2075 176 2095 nos
185 2068 325 2100 visitante,
341 2072 405 2095 tunc
416 2067 587 2102 suspiramus
598 2068 631 2094 ad
644 2067 801 2095 Dominum.

44 2110 126 2138 Idcirco
141 2119 245 2141 oremus
261 2113 422 2144 Dominum,
440 2117 469 2140 ut
486 2121 598 2148 regnum
612 2113 714 2148 peccati
730 2113 802 2147 qttod

41 2161 72 2182 est
89 2157 112 2183 in
126 2159 226 2185 mortali
242 2163 340 2186 nostro
355 2166 479 2192 corpore,
500 2159 642 2186 moriatur.
660 2158 802 2186 Peccatum

42 2201 106 2235 ettittt,
119 2208 162 2234 att,
177 2209 313 2230 mortuum
330 2209 380 2234 est,
405 2211 451 2238 ego
478 2208 565 2230 autent
586 2203 678 2230 revixi.
693 2203 726 2230 Et
741 2211 802 2230 rur-

864 275 957 305 gentes
981 275 1006 297 et
1033 270 1174 297 audientes
1189 269 1333 297 Dorttinutn
1350 270 1483 298 dicentem
1499 280 1506 298 :
1528 270 1652 306 Oportuit

863 320 887 342 te
898 315 1000 342 mittere
1016 315 1153 349 pecuniam
1167 323 1250 342 nteant
1267 316 1301 342 ad
1313 323 1439 348 mensam,
1454 320 1480 343 et
1491 324 1538 352 ego
1549 318 1653 345 veniens

862 369 920 388 cum
935 362 1022 388 usuris
1040 369 1098 388 eam
1113 362 1254 396 exegissem
1266 361 1299 395 ",
1318 369 1372 389 non
1387 363 1545 398 colligemus
1562 363 1589 390 in
1604 371 1652 391 su-

862 409 940 435 dario
966 416 1055 435 mnam
1079 407 1220 440 creditam,
1239 416 1288 436 nec
1303 409 1446 444 pecuniam
1465 410 1606 437 mittatttus
1624 410 1652 439 in

863 458 980 486 tcrratn,
1001 453 1049 481 sed
1069 452 1224 481 fertererttur
1245 462 1305 482 eam
1327 455 1444 490 populis.
1466 455 1498 482 Et
1519 463 1581 483 cum
1602 463 1652 483 nos

863 499 1060 527 crediderimus
1085 499 1253 527 Dominicam
1281 500 1414 528 rationem
1435 501 1522 534 vobis,
1545 502 1598 529 erit
1614 502 1652 529 vi-

862 544 980 571 dendttm
1004 545 1140 579 quomodo
1163 545 1267 573 credita
1291 553 1354 573 cum
1379 547 1471 575 usuris
1494 547 1650 576 ersolvatis.

862 590 961 624 Quam,
977 595 1030 618 etc.
1042 590 1139 618 Amen.

1151 657 1293 686 HOMILIA
1313 658 1357 687 VI.

863 713 899 740 De
913 713 1029 753 eoqttod
1041 713 1173 748 scriptum
1186 719 1227 753 est
1241 723 1248 741 :
1262 714 1344 753 Quem
1360 717 1475 749 mittam,
1489 723 1513 744 et
1529 720 1588 753 quis
1603 719 1652 746 Ibit

899 748 982 781 nobis,
997 753 1062 781 etc.,
1085 757 1172 783 usque
1191 750 1224 776 ad
1244 757 1315 788 eum
1331 751 1421 778 locum
1443 748 1472 786 iri
1486 748 1542 787 quo
1563 757 1610 788 ait,
1627 760 1652 781 et

898 788 1094 816 εοηυενιωιιιιν,
1108 789 1132 810 ει
1148 793 1237 811 saltem
1249 793 1292 812 εοδ
1307 786 1378 821 (οη).
1394 795 1442 822 VI).

898 855 924 882 I.
945 854 1046 883 Videns
1063 855 1148 883 Isaias
1162 855 1306 884 Dominum
1322 856 1441 885 Sabaoth
1453 859 1592 887 sedent-snt
1606 868 1652 887 stt-

826 906 844 932 B
860 907 907 935 per
921 901 1049 930 thronum
1071 904 1209 932 excelsum
1229 909 1256 932 et
1273 905 1418 939 elevatum,
1442 906 1536 934 videns
1560 912 1652 934 autern

860 952 887 975 et
907 949 1044 984 seraphim
1067 951 1368 986 circumstatttia'eum,
1393 956 1420 980 et
1440 954 1582 982 remissam
1595 954 1651 991 (9G)

859 999 1032 1029 peccatorum
1049 996 1185 1031 accipiens
1197 1005 1244 1032 per
1254 1004 1315 1024 eum
1331 997 1433 1033 ignem,
1446 999 1492 1033 qui
1508 999 1606 1027 allatus
1618 1000 1653 1029 de

859 1041 959 1068 altario
976 1041 1046 1068 labia
1064 1042 1125 1077 ejus
1141 1046 1267 1070 contactu
1287 1045 1422 1079 purgavit,
1443 1045 1481 1072 ait
1497 1053 1526 1072 se
1541 1046 1652 1074 audisse

858 1094 954 1114 vocem
970 1087 1078 1114 Domini
1094 1096 1148 1115 rton
1163 1089 1333 1124 imperantis,
1353 1090 1400 1118 sed
1414 1092 1559 1120 exeitantis
1571 1097 1652 1128 atque

858 1133 973 1161 dicentis
991 1133 1075 1168 (vers.
1092 1134 1119 1166 8,
1137 1134 1164 1169 9)
1179 1142 1185 1161 ε
1201 1134 1283 1167 Quem
1304 1137 1418 1169 mittam,
1440 1143 1463 1164 et
1480 1138 1538 1173 quis
1552 1138 1600 1165 ibit
1616 1139 1652 1166 ad

857 1180 980 1214 populum
998 1180 1108 1214 ipsum?
1125 1179 1226 1207 Deinde
1238 1180 1304 1208 dicit
1320 1189 1349 1209 se
1366 1183 1540 1217 respondisse
1558 1183 1650 1212 Domi-

858 1231 914 1251 no:
931 1224 999 1251 Ecce
1011 1233 1069 1252 sunt
1085 1234 1142 1261 ego,
1165 1227 1239 1253 mitte
1262 1235 1311 1254 me.
1327 1227 1428 1256 Factus
1441 1233 1531 1256 autem
1554 1230 1581 1256 in
1599 1230 1652 1258 hoc

858 1269 930 1303 loco,
947 1275 974 1298 et
989 1275 1118 1299 serutans
1133 1279 1163 1299 ea
1177 1280 1237 1307 quae
1252 1273 1352 1308 scripta
1367 1278 1440 1307 sunt,
1457 1275 1565 1302 invenio
1576 1276 1649 1303 aliud

858 1317 958 1346 fecisse
972 1318 1094 1354 Moysen,
1111 1319 1184 1346 aliud
1204 1320 1312 1347 Isaiam.
1334 1319 1441 1356 Moyses
1461 1321 1532 1348 enint
1548 1322 1650 1350 electus

858 1365 891 1392 ad
904 1365 1076 1393 eductionem
1093 1366 1185 1401 populi
1198 1366 1231 1393 de
1245 1371 1318 1394 terra
1334 1365 1454 1402 Egypti,
1470 1368 1524 1395 ait:
1538 1367 1651 1395 Provide

858 1411 943 1438 alium
964 1421 1040 1447 quem
1060 1413 1151 1440 mittas
1162 1413 1195 1446 ³⁷,
1224 1414 1305 1441 etiattt
1330 1414 1437 1441 videtur
1464 1415 1652 1443 contradicere

857 1455 924 1485 Deo.
948 1457 1032 1486 Isaias
1052 1466 1117 1486 vero
1138 1467 1192 1486 ttort
1214 1460 1327 1491 electus,
1352 1460 1399 1487 sed
1419 1459 1549 1487 audiens:
1567 1460 1650 1492 Quem

857 1506 973 1538 mittam,
991 1511 1015 1532 et
1039 1505 1096 1541 quia
1119 1506 1166 1532 ibit
1181 1505 1282 1538 Hicce,
1305 1505 1403 1540 iuqttit,
1423 1514 1469 1540 ego
1486 1513 1554 1539 sunt,
1576 1507 1651 1534 mitte

858 1561 907 1579 me.
925 1552 1041 1588 Dignum
1057 1557 1099 1580 est
1122 1561 1187 1587 ergo
1206 1552 1376 1587 spiritalibus
1392 1553 1524 1587 spiritalia
1537 1561 1649 1588 compa-

859 1607 930 1631 rare,
939 1604 966 1626 et
978 1599 1115 1634 requirere
1125 1598 1273 1634 116quis
1287 1606 1302 1626 e
1312 1598 1420 1626 duobus
1433 1599 1530 1626 melius
1540 1598 1648 1627 fecerit:

858 1645 1011 1680 Moysesne,
1029 1645 1075 1680 qui
1092 1651 1238 1680 postquam
1253 1644 1357 1672 electus
1373 1649 1424 1677 cst,
1445 1645 1598 1678 recusavit;
1614 1653 1648 1672 att

856 1691 942 1720 Isaias
961 1691 1008 1727 qui
1025 1700 1057 1719 ne
1070 1692 1173 1719 electus
1188 1692 1298 1726 quidem
1317 1691 1375 1727 ipse
1396 1691 1493 1719 obtulit
1510 1696 1539 1719 ut
1560 1691 1649 1720 mitte-

857 1745 933 1767 retur
956 1739 989 1766 ad
1011 1739 1152 1773 populum.
1167 1737 1265 1765 Nescio
1279 1737 1352 1766 enim
1367 1738 1390 1766 si
1406 1743 1497 1774 potest
1511 1739 1574 1774 quis
1588 1747 1649 1766 eam

856 1785 1075 1813 contrarietatem
1100 1785 1270 1819 negotiorum
1289 1792 1349 1819 quae
1363 1784 1390 1812 in
1405 1789 1520 1820 utroque
1531 1785 1650 1818 videtur,

857 1830 1012 1863 intendens,
1024 1830 1114 1858 dicere
1126 1829 1192 1865 quia
1204 1829 1231 1856 id
1242 1829 1331 1864 ipsum
1344 1830 1438 1857 fecerit
1447 1829 1563 1865 Moyses,
1574 1830 1648 1865 quod

856 1876 952 1905 Isaias.
967 1875 1023 1910 Ego
1038 1874 1168 1903 audacter
1179 1874 1229 1902 feci
1241 1882 1404 1909 comparans
1417 1875 1485 1902 duos
1501 1880 1610 1903 sanctos
1621 1881 1648 1903 et

855 1923 950 1951 beatos
971 1923 1057 1954 viros,
1072 1926 1099 1949 et
1121 1922 1281 1953 decernens,
1302 1925 1328 1948 et
1350 1921 1445 1948 dicens
1465 1922 1648 1949 verecundius

854 1968 964 2004 Moysen
990 1967 1087 1995 fecisse
1111 1975 1192 2002 quam
1208 1967 1317 1994 Isaiam.
1337 1966 1443 2003 Moyses
1466 1966 1566 2002 quippe
1589 1969 1647 1994 ma-'

855 2013 1023 2048 gnitudinem
1041 2011 1242 2042 considerabat.
1266 2018 1383 2045 praeesse
1405 2011 1506 2046 populo
1526 2011 1559 2038 ad
1580 2011 1647 2038 edu-

854 2059 970 2087 cendum
990 2066 1053 2086 eum
1069 2057 1102 2085 de
1127 2062 1198 2085 terra
1218 2056 1339 2093 Egypti,
1355 2062 1382 2084 et
1393 2064 1544 2092 repugnare
1559 2056 1645 2093 Egy-

854 2107 973 2141 ptiorunt
995 2104 1228 2132 incantationibus
1245 2108 1271 2131 et
1286 2103 1436 2131 tttaleliciis.
1457 2103 1572 2139 Propter
1593 2103 1647 2131 hoc

853 2152 892 2178 ait
907 2161 913 2178 :
929 2151 1043 2178 Provide
1057 2151 1140 2177 alium
1151 2157 1227 2185 quem
1240 2150 1345 2178 mittas.
1357 2149 1410 2176 Iste
1426 2154 1516 2177 autem
1531 2157 1585 2177 non
1597 2157 1645 2177 ex—

853 2202 980 2234 spectans
1002 2197 1097 2225 audire
1117 2197 1183 2232 quid
1204 2197 1228 2224 ei
1242 2196 1385 2231 juberetur
1399 2201 1429 2223 ut
1444 2197 1555 2229 diceret,
1573 2204 1606 2224 ac
1621 2196 1644 2224 si

42 2254 86 2275 sum
101 2259 107 2276 :
122 2249 250 2277 Peccatum
268 2251 376 2282 revixit,
394 2257 440 2284 ego
456 2254 542 2276 autent
558 2255 678 2277 mortuus
696 2258 754 2276 rum
765 2250 798 2277 ".

898 2251 955 2272 etus
978 2243 1096 2271 fuisset:
1113 2243 1189 2275 Ecce,
1210 2243 1310 2278 inquit,
1334 2252 1393 2270 sum
1415 2251 1471 2279 ego,
1498 2245 1572 2270 mitte
1593 2251 1643 2271 me.

42 2292 145 2324 IIoricnle
158 2305 209 2325 uno
221 2298 269 2333 qui
284 2297 387 2332 potitur
407 2303 491 2331 regno
507 2296 609 2331 peccati
626 2295 701 2329 Osia,
719 2296 803 2323 mori-

43 2344 76 2366 tur
86 2346 107 2368 et
122 2341 228 2371 Pharao.
246 2344 318 2371 Cum
332 2343 448 2369 moritur
462 2350 509 2369 rex
521 2342 668 2376 pessimus,
680 2342 756 2377 origo
768 2342 802 2369 ad

42 2387 119 2414 ctelutn
140 2389 239 2421 oculos,
262 2394 292 2417 et
312 2388 449 2415 exaudivit
476 2395 570 2415 vocem
601 2396 688 2415 meam
718 2388 801 2422 Deus,

42 2435 151 2466 quomodo
162 2436 309 2468 Abraham,
325 2440 352 2462 et
367 2435 453 2467 Isaac,
466 2439 493 2462 et
504 2434 588 2462 Iacob
599 2444 607 2467 ;
619 2440 646 2462 et
659 2435 737 2462 video
749 2434 803 2462 Do-

42 2479 122 2506 mittmu
136 2480 248 2509 Sabaoth
270 2482 410 2509 sedentem
434 2486 461 2508 et
486 2486 642 2516 regnantem
658 2489 740 2518 super
754 2488 802 2508 ex-

44 2524 122 2552 mlsum
138 2528 240 2561 solium,
258 2535 341 2563 quem
367 2527 483 2561 populus
498 2534 551 2553 non
569 2527 645 2553 vidit.
673 2525 798 2553 Nondum

42 2570 96 2597 enim
110 2572 180 2601 Osias
193 2579 319 2601 mortuus
337 2573 436 2602 fuerat.
464 2572 532 2599 Volo
556 2573 684 2608 quiddam
711 2573 800 2599 simile

43 2615 182 2652 interponere
196 2621 272 2648 bonae
297 2621 348 2653 rei,
374 2627 437 2654 quae
451 2619 514 2647 huic
529 2619 666 2646 contraria
681 2622 731 2646 est.
749 2618 801 2646 Iste

42 2662 86 2696 IP56
102 2665 188 2700 Osias,
213 2667 336 2702 quattdiu
359 2667 428 2693 vixit
453 2665 600 2693 Zacharias
627 2665 797 2699 intelligens,

43 2716 84 2738 non
107 2711 162 2741 fecit
187 2720 327 2749 peccatum
352 2715 379 2741 in
406 2717 553 2747 conspectu
574 2712 638 2744 Dei;
664 2712 799 2738 moriente

43 2755 149 2786 Zacltaria
169 2760 312 2788 declinavit
333 2767 348 2786 a
367 2759 498 2790 Domino,
516 2758 561 2785 ubi
584 2757 727 2792 imperavit
746 2763 797 2790 po-

855 2289 933 2318 Unde
947 2290 1011 2325 quia
1029 2290 1157 2324 ignorans
1173 2289 1238 2324 quid
1253 2289 1277 2316 ei
1288 2289 1430 2324 juberetur
1443 2295 1473 2316 ut
1483 2289 1596 2322 diceret,
1612 2297 1646 2317 ac

854 2338 877 2365 si
894 2338 996 2364 electus
1018 2336 1130 2363 fuisset:
1156 2335 1234 2367 Ecce,
1257 2335 1305 2366 ait,
1327 2344 1372 2371 ego
1390 2344 1460 2366 sum,
1485 2336 1561 2362 mitte
1585 2343 1644 2367 me;

854 2384 912 2411 hac
930 2383 1042 2418 jttbetur
1064 2387 1094 2409 ut
1115 2382 1189 2409 dicat
1207 2389 1267 2417 qua:
1288 2386 1367 2408 erant
1389 2382 1507 2416 ittoptata
1531 2381 1641 2411 dicenti.

853 2430 950 2458 Annon
968 2433 1026 2457 erat
1041 2428 1188 2463 inoptabile
1209 2428 1300 2455 statim
1317 2428 1425 2462 iussum
1443 2428 1642 2463 prophetizare,

852 2483 867 2504 a
883 2475 1120 2503 maledictionibus
1136 2474 1256 2508 incipere
1272 2474 1407 2501 dicentem
1431 2474 1514 2508 (vers.
1530 2475 1557 2509 9,
1571 2475 1613 2510 I0)
1633 2484 1641 2504 :

852 2523 923 2550 Aure
935 2521 1060 2554 audietis,
1076 2526 1100 2548 et
1113 2529 1163 2547 non
1179 2520 1375 2556 itttelligetis,et
1391 2521 1506 2548 videntes
1519 2522 1641 2556 cernetis,

851 2573 876 2596 et
897 2576 948 2595 non
970 2566 1091 2594 videbitis
1110 2575 1118 2594 :
1137 2567 1315 2594 incrassatum
1334 2572 1372 2594 est
1394 2567 1462 2593 enint
1485 2575 1530 2594 cor
1550 2567 1642 2602 populi

851 2615 941 2650 hujus.
959 2618 986 2641 et
1001 2614 1116 2648 reliqua.
1146 2613 1228 2641 Forte
1244 2621 1318 2648 ergo,
1347 2612 1369 2640 si
1393 2617 1483 2640 tamen
1509 2613 1641 2640 audenter

851 2661 960 2696 expedit
984 2660 1083 2691 dicere,
1109 2659 1268 2687 temeritatis
1291 2663 1319 2686 et
1340 2659 1461 2686 audacia:
1484 2658 1638 2687 mercedem

852 2710 1015 2734 consecutus
1037 2709 1087 2738 est,
1110 2709 1139 2731 ut
1161 2712 1192 2732 ea
1204 2704 1335 2739 jubeatur
1347 2705 1436 2732 dicere
1448 2712 1509 2739 quae
1521 2705 1639 2740 prophe-

852 2746 938 2779 tizare
955 2750 1072 2777 nolebat.
1093 2749 1160 2782 Quia
1187 2754 1277 2777 autem
1302 2751 1521 2785 eomparavimus
1538 2745 1643 2779 Istaiam"

64 2817 110 2845 "II
118 2817 198 2846 Paral.
213 2827 283 2853 xxvt,
296 2820 323 2851 4,
338 2819 380 2846 I8.
400 2816 423 2833 “
437 2816 522 2844 Exod.
537 2824 565 2849 tt,
576 2815 621 2842 23.
641 2815 664 2831 ³⁸
674 2814 753 2842 Rom.
766 2820 813 2846 vtt,
824 2813 850 2846 9,
863 2813 906 2841 I0.
926 2813 950 2829 “
963 2812 1058 2840 Matth.
1073 2820 1135 2845 xxv,
1146 2812 1195 2845 27;
1206 2811 1271 2838 Luc.
1284 2817 1338 2842 χιχ,
1349 2809 1395 2837 23.
1415 2809 1438 2825 ’⁷
1451 2809 1538 2837 Exod.
1549 2817 1586 2841 tv,
1599 2809 1645 2852 13,

67 2875 110 2909 l9l5)
123 2876 207 2915 Codex
227 2877 411 2910 Turonensis,
435 2876 627 2915 remissionem,
644 2875 687 2901 alii
705 2873 799 2915 remis-

44 2914 214 2941 Mmtremiua
232 2919 321 2942 autem
340 2921 390 2948 pro
414 2912 571 2940 remissione
594 2914 738 2946 usurpatur
755 2912 798 2937 in-

854 2872 960 2934 terdltttn
974 2880 989 2899 a
1003 2872 1140 2900 veteribus
1162 2869 1302 2905 theologis,
1317 2867 1494 2904 Tcrtulliano,
1511 2867 1645 2904 Cypriane

854 2913 878 2934 ct
897 2916 911 2934 EI
924 2915 964 2934 IIS.

854 2913 878 2937 cl
897 2913 964 2935 atus.
