1879 3046
207 177 261 206 ’289

210 242 238 266 et
251 238 371 274 Moysen,
396 245 593 273 cornponamus
611 242 638 264 et
655 245 734 264 suam
752 237 903 271 proximam
925 243 1001 263 eom-
1018 238 1039 266 Α

213 285 384 319 parationem
399 282 477 311 Isaize
489 288 516 311 et
533 282 609 310 Jonas
619 283 652 309 ".
668 282 714 309 llle
726 283 844 309 mittitur
856 281 1003 317 praedicare

208 330 382 358 eversionem
408 328 535 357 Ninivitis
560 333 621 364 post
645 333 699 355 tres
715 328 784 361 dies,
806 332 833 355 et
852 327 925 362 piget
939 334 1003 354 eum

212 374 348 409 proficisci
373 375 507 401 nolentem
535 381 617 400 causa
637 373 771 400 malorum
799 372 929 400 civitatis.
951 371 1004 399 Iste

211 427 277 447 vero
289 429 340 447 non
353 425 512 456 exspectans
526 420 590 454 quid
607 419 632 445 ei
647 419 826 454 imperaretur
844 424 874 445 ut
889 419 1001 451 diceret,

213 467 251 494 ait
265 476 272 494 :
290 465 356 494 Ecce
370 475 415 502 ego
431 474 500 498 sum,
517 466 590 492 mitte
605 473 655 492 me.
671 465 774 492 Bonum
793 469 834 491 est
848 472 901 492 non
914 464 1003 499 prosi-

213 511 263 539 lire
275 511 308 539 ad
319 519 366 539 eas
379 519 440 546 qua:
452 518 467 538 a
483 510 537 538 Dto
549 515 614 538 sunt
624 511 770 546 dignitates
780 514 808 537 et
820 510 1001 544 principatus,

212 562 240 584 et
256 557 406 584 ministeria
424 556 478 592 (97)
496 555 634 589 Ecclesiae.
651 556 698 584 sed
718 557 818 584 imitari
837 555 957 591 Moysen,
977 559 1004 582 et

211 603 301 630 dicere
315 610 376 630 cum
391 610 424 629 co
444 611 450 629 :
469 601 579 629 Provide
601 602 685 629 alium
698 610 775 637 quem
792 602 893 629 ntittas.
910 600 1004 637 Neque

210 648 283 674 enim
294 647 326 674 ad
338 647 520 681 principatum
533 646 662 674 Ecclesiae
677 647 751 674 venit
759 646 806 681 qui
819 646 920 674 salvari
934 647 1001 679 vult,

209 699 236 720 et
253 693 275 720 si
291 697 397 727 praeest,
410 694 457 720 sed
477 693 510 720 ad
527 693 687 720 servitutem
701 692 840 725 Ecclesia,
862 693 885 720 si
898 697 1004 728 oportet

208 740 299 766 dicere
314 739 388 766 etde
406 738 553 774 Evangelia
574 749 580 766 :
601 739 737 774 Principes
756 739 863 774 quidem
887 739 1002 774 gentium

208 785 383 812 dominantur
393 786 442 817 eis,
461 791 485 812 et
502 786 548 821 qui
560 790 716 820 potestatem
730 786 825 812 habent
840 786 867 812 in
877 785 932 812 illis
945 794 1003 812 ma-

208 832 337 866 gistratus
362 837 500 860 rocantur.
526 831 587 859 Non
608 832 647 859 sic
668 838 756 859 autem
776 832 826 858 erit
841 832 870 858 in
882 832 1001 865 vobis";

210 886 260 906 nec
282 878 355 905 enirn
378 878 556 906 dominantur
573 878 711 913 principes
729 878 755 905 in
770 878 860 911 vobis,
885 878 932 905 sed
954 878 1001 913 qui

208 925 267 951 vult
291 929 410 952 vestrum
438 932 499 953 esse
524 924 624 959 maior,
647 925 700 952 erit
720 925 843 952 omnittm
859 924 1001 952 minimus.

209 970 261 1005 Qui
278 971 334 998 vult
347 979 407 999 csse
422 971 538 1006 primus,
552 971 604 998 crit
617 971 739 999 omnium
757 971 935 999 novissimus.
948 970 1002 1004 Qui

209 1022 324 1044 vocatur
340 1025 405 1052 ergo
421 1017 454 1044 ad
474 1017 673 1053 episcopatum,
697 1025 751 1044 non
769 1017 802 1044 ad
818 1017 1001 1052 principatum

209 1069 334 1096 vocatur,
357 1063 404 1090 sed
422 1064 454 1090 ad
477 1063 636 1091 servitutem
654 1063 739 1090 totius
762 1062 900 1090 Ecclesiae.
918 1062 947 1090 Si
961 1062 1003 1090 vis

204 1109 320 1137 credere
340 1109 373 1137 de
391 1108 550 1145 Scripturis,
575 1109 638 1145 qttia
661 1109 688 1136 in
711 1109 833 1137 Ecclesia
854 1117 949 1137 servus
968 1109 1004 1136 sit

209 1157 333 1184 omnium
348 1157 394 1192 qui
416 1161 524 1192 prmst,
544 1157 657 1184 suadeat
680 1156 728 1183 tibi
753 1156 811 1192 ipse
833 1155 958 1184 Salvator
977 1160 1003 1184 et

212 1203 353 1236 Dominus,
376 1203 422 1239 qui
447 1203 508 1231 talis
533 1207 681 1237 tantusque
703 1202 792 1230 factus
813 1202 895 1230 estin
913 1202 1003 1230 medio

209 1251 419 1286 discipulorum,
436 1258 489 1277 non
505 1250 584 1285 quasi
596 1249 784 1282 discumbens,
798 1249 844 1276 sed
860 1248 939 1283 quasi
953 1247 1004 1276 mi-

210 1298 341 1324 nistrans.
364 1296 508 1330 Accipiens
521 1296 594 1323 enim
612 1296 725 1323 linteum
742 1299 888 1330 postquam
904 1299 1004 1322 exutus

201 1346 252 1369 .est
273 1341 455 1372 vestimentis,
472 1340 614 1376 praecinxit
636 1347 676 1373 se,
693 1344 721 1366 ct
736 1339 847 1367 mittens
859 1347 958 1375 aquam
974 1338 1003 1366 in

210 1387 309 1422 pelvim
327 1386 409 1421 cmpit
427 1386 519 1412 lavare
538 1385 621 1420 pech
641 1383 850 1420 discipulorum,
868 1390 895 1412 et
913 1383 1004 1412 deter-

210 1441 275 1468 gere
295 1432 379 1460 linteo
401 1439 456 1467 quo
479 1437 538 1459 erat
559 1431 734 1467 przecinctus.
750 1429 782 1458 Et
797 1431 897 1458 docens
907 1430 1004 1466 quales

207 1483 337 1514 oporteat
351 1486 410 1506 esse
425 1478 562 1514 principes
583 1482 712 1514 tanquam
730 1485 834 1507 servos.
857 1477 895 1504 ait
916 1486 923 1504 :
952 1476 1003 1505 Vos

212 1527 310 1553 roratis
330 1533 370 1552 me
385 1523 546 1560 Magistratu
565 1529 590 1551 et
611 1523 763 1556 Dominum,
780 1527 805 1550 et
825 1524 886 1550 bene
900 1523 1002 1557 dicitis,

210 1580 270 1599 sum
284 1571 391 1598 etenim.
406 1569 439 1598 Si
452 1578 512 1605 ergo
528 1568 657 1596 Dominus
671 1573 696 1596 et
711 1568 840 1604 Magister
854 1573 938 1596 uester
951 1568 1004 1596 laci

208 1618 282 1644 uobis
295 1617 383 1652 pedes,
400 1621 424 1643 et
442 1625 485 1643 vos
499 1615 597 1642 debetis
612 1615 771 1642 alterutrum
788 1614 878 1642 lauare
892 1615 968 1650 pedes
981 1615 1002 1643 ¹.

212 1663 242 1689 1η
259 1661 418 1688 servitutem
436 1661 518 1695 igitur
539 1664 653 1687 vocatur
676 1659 805 1687 Ecclesia-
819 1660 956 1695 princeps,
973 1664 1004 1689 ut

210 1707 299 1743 possit
315 1714 348 1734 ex
362 1707 492 1734 servitute
508 1706 559 1733 ista
574 1706 613 1733 ire
629 1705 662 1733 ad
678 1705 779 1734 solium
794 1706 917 1739 cmieste,
932 1706 1004 1734 sicut

211 1754 343 1788 scriptum
357 1758 399 1780 est
413 1760 420 1779 :
436 1751 566 1780 Sedebitis
582 1761 660 1787 super
674 1752 781 1780 thronos
796 1753 945 1786 duodecim,
957 1752 1004 1787 ju-

207 1800 329 1828 dicantes
343 1799 482 1827 duodecim
497 1798 581 1826 tribus
594 1798 681 1826 Israel
691 1799 712 1826 '.
728 1798 798 1826 Audi
811 1807 876 1826 vero
890 1802 916 1826 et
933 1798 1005 1826 Pau-

209 1847 268 1874 Ium
283 1851 338 1874 tam
356 1846 518 1881 praclarum
537 1845 626 1872 virum
651 1845 798 1878 dicentem,
822 1845 888 1880 quia
908 1852 1005 1872 servus

209 1892 294 1921 fuerit
310 1892 433 1920 omnium
452 1892 633 1920 credentium.
651 1890 707 1927 Ego
722 1899 791 1924 sum,
809 1891 858 1925 ait,
877 1891 1003 1918 minimus

210 1938 410 1974 apostolorum;
426 1946 476 1965 non
492 1946 549 1965 sum
563 1937 659 1973 dignus
674 1937 763 1965 uocari
779 1937 926 1972 apostolus,
940 1937 1005 1973 quia

206 1990 360 2020 persecutus
386 1993 445 2012 sum
471 1983 617 2012 Ecclesium
639 1983 688 2011 Dei
700 1984 720 2011 ³.
738 1983 824 2011 Porro
841 1983 864 2012 si
880 1984 932 2012 hoc
948 1991 1004 2011 non

208 2033 318 2061 videtur
337 2032 489 2067 approbare
503 2032 661 2059 servitutem
677 2031 749 2066 ejus,
764 2030 813 2058 sed
831 2035 938 2058 tantum
953 2030 1005 2058 hu-

207 2077 365 2108 militatem,
379 2075 442 2103 audi
454 2083 516 2103 eum
529 2076 665 2103 dicentem
677 2084 684 2102 :
701 2074 781 2102 Facti
795 2083 887 2102 sumus
900 2075 1005 2110 parvuli

208 2122 238 2148 in
255 2122 342 2148 medio
366 2126 494 2154 oestrum,
518 2121 596 2156 quasi
612 2121 705 2148 nutriat
727 2120 814 2155 foveat
837 2121 908 2155 ﬁlios
932 2129 1005 2155 suos,

210 2175 272 2194 cum
286 2175 422 2201 possemus
438 2174 528 2201 graves
541 2174 607 2198 esse,
624 2172 653 2193 ut
667 2166 767 2193 Christi
781 2166 925 2201 apostoli‘.
942 2165 1006 2194 lmi-

206 2218 314 2241 ‘tatores
326 2221 392 2248 ergo
407 2221 457 2240 nos
481 2220 541 2239 esse
563 2212 672 2247 expedit
690 2212 835 2240 humilium
849 2213 935 2248 ipsius
951 2212 1006 2241 Do-

212 2259 278 2286 mini
294 2266 454 2286 sermonum
479 2263 560 2293 atque
583 2257 729 2292 laetorum,
756 2263 784 2286 et
798 2260 915 2294 apostoli
930 2259 1001 2295 eius,
1017 2257 1041 2287 D

209 2309 236 2333 et
250 2305 339 2333 facere
354 2304 426 2339 quod
441 2303 543 2331 factum
557 2308 599 2331 est
612 2312 628 2332 a
642 2303 745 2340 Moyse,
766 2309 797 2332 ut
814 2305 896 2332 etiam
915 2305 938 2333 si
953 2313 1003 2332 vo-

209 2356 289 2379 eatur
303 2351 405 2386 aliquis
423 2349 457 2377 ad
475 2350 658 2385 principatum
678 2350 772 2378 dicat:
787 2350 902 2378 Provide
917 2351 1002 2378 alium

209 2405 287 2433 quem
300 2397 402 2423 mittas.
418 2396 473 2424 Deo
489 2395 555 2424 dicit
570 2405 577 2424 :
595 2395 656 2423 Non
671 2405 730 2423 sum
754 2397 850 2432 dignus
870 2402 930 2424 ante
946 2397 1003 2424 heri

209 2449 234 2470 et
248 2443 450 2470 nudiustertius.
470 2441 558 2470 Exilis
575 2442 645 2470 vocis
664 2450 733 2475 sum,
755 2447 780 2470 et
801 2442 972 2478 tardilinguis
981 2442 1001 2469 '.

210 2488 244 2516 Et
260 2488 324 2524 quia
346 2487 402 2516 Deo
422 2488 492 2516 dixit
512 2488 652 2516 humiliter
668 2498 675 2515 -.
698 2487 786 2515 Exilis
802 2488 873 2516 vocis
890 2496 960 2520 tum,
979 2491 1004 2515 et

210 2535 394 2570 tardilinguis,
411 2534 488 2562 audit
508 2543 523 2562 a
538 2533 593 2562 Deo
609 2533 694 2568 :Quis
709 2534 780 2562 dedit
806 2542 835 2561 os
855 2534 967 2567 homini,
980 2538 1005 2561 et

208 2580 269 2615 quis
291 2579 353 2615 fecit
373 2580 484 2607 surdum
507 2584 533 2607 et
555 2583 671 2611 mutum,
696 2578 825 2605 videntem
843 2581 869 2604 et
884 2577 1006 2604 aecum!

211 2625 305 2653 Nonne
317 2634 363 2660 ego
382 2625 508 2653 Dominus
525 2625 594 2652 Deus
607 2625 637 2651 ‘?
650 2624 738 2651 Crede
749 2622 814 2655 Deo,
831 2629 961 2650 consecro
978 2627 1004 2651 te

209 2671 246 2698 ei.
260 2670 336 2700 Licet
354 2671 464 2699 subtilis
482 2671 558 2698 vocis
577 2670 617 2698 sis
638 2668 779 2704 tardaeque
795 2668 907 2704 linguas,
926 2669 1003 2697 trade

212 2720 240 2742 te
260 2716 379 2742 sermoni
400 2714 458 2743 Dei.
478 2714 557 2742 Dices
581 2719 699 2750 postea:
715 2713 752 2740 0s
767 2718 854 2739 meum
873 2715 965 2749 aperui
976 2720 1002 2742 et

1017 1584 1039 1613 C

213 2825 225 2841 ⁸
247 2796 271 2813 ⁸³
285 2797 348 2825 Jon.
363 2805 381 2825 ι.
437 2799 460 2814 ’³
478 2799 544 2826 Luc.
564 2806 632 2832 xxtt,
644 2798 749 2829 25,26.
786 2798 793 2813 ¹
809 2797 889 2826 Joan.
907 2807 922 2826 κ

235 2829 321 2859 Exod.
337 2841 374 2866 tv,
391 2833 434 2860 £0.
465 2833 475 2848 ⁸
488 2833 553 2861 ibid.
571 2834 614 2861 11.
641 2834 650 2849 ⁷
666 2832 739 2861 Psal.
754 2840 849 2866 cxvnl,
867 2834 926 2861 151.

251 2899 307 2935 (97)
321 2899 405 2932 Ias"
419 2900 583 2932 ministeria;
598 2899 674 2933 editi,
692 2901 828 2935 mysteria.

951 174 1111 202 ORICENIS

1802 175 1851 201 ΞΗ)

1053 237 1156 263 attraxi
1173 237 1296 271 spiritum
1310 236 1331 263 ".
1357 235 1420 263 llaec
1442 235 1552 270 quidem
1575 239 1690 270 propter
1712 234 1765 262 hoc
1780 236 1850 270 quod

1054 283 1093 309 ait
1103 281 1204 309 Isaias:
1218 282 1283 309 Ecce
1300 289 1357 309 sum
1373 289 1429 316 ego,
1444 281 1518 308 mitte
1532 289 1582 308 me.

1088 328 1116 354 ‘2.
1137 327 1282 355 Faciamus
1303 332 1393 354 autem
1412 335 1444 354 ex
1468 331 1545 361 parte
1566 331 1594 354 ct
1610 334 1674 354 cum
1693 334 1738 354 co.
1762 325 1854 354 Voluit

1053 375 1126 402 enim
1141 381 1203 402 cum
1219 374 1371 409 accepisset
1383 373 1438 408 jam
1451 374 1566 409 gratiam
1584 381 1598 400 a
1612 373 1679 405 Deo,
1694 381 1752 400 non
1766 374 1795 400 in
1808 381 1854 400 va-

1053 428 1136 448 cuum
1147 427 1207 447 eam
1220 420 1353 454 accipere,
1366 419 1413 446 sed
1426 419 1465 445 uti
1477 426 1507 445 ea
1520 419 1553 445 ad
1565 418 1738 445 necessaria.
1753 417 1855 445 Videtis

1054 466 1202 501 scraphim,
1215 466 1311 493 videns
1323 465 1470 493 Dominum
1483 464 1602 492 Sabaoth
1615 464 1761 492 sedentem
1774 471 1856 498 super

1055 513 1185 540 thronum
1206 512 1345 540 excelsum
1361 515 1389 539 ct
1405 512 1550 544 elevatum,
1576 511 1644 538 dixit
1660 511 1749 546 (vers.
1762 511 1792 545 5)
1809 520 1815 536 :
1835 509 1856 536 0

1055 559 1133 584 miser
1146 565 1203 593 ego,
1219 558 1344 592 quoniam
1358 561 1528 591 compunctus
1541 564 1611 588 sunt,
1623 557 1688 591 quia
1703 564 1766 583 cum
1780 556 1856 582 homo

1053 603 1115 635 sim,
1138 607 1162 629 et
1186 603 1324 629 immunda
1351 601 1424 628 labia
1450 601 1572 632 habeam,
1600 601 1629 626 in
1646 600 1739 627 medio
1755 608 1857 634 quoque

1053 650 1144 685 populi
1160 649 1232 676 labia
1250 650 1387 676 immunda
1403 648 1522 676 habentis
1541 648 1668 680 habitent,
1688 655 1782 683 regem
1803 646 1857 673 Do—

1054 697 1156 724 mian
1170 695 1290 723 Sabaoth
1305 696 1359 722 uidi
1377 695 1460 722 oculis
1475 695 1551 721 meis.
1567 693 1624 721 Hoc
1636 693 1750 724 dicens.
1769 698 1797 720 et
1809 694 1857 720 mi‘

1053 750 1144 770 serum
1167 749 1197 769 se
1221 741 1341 773 faciens,
1366 745 1486 768 meretur
1506 739 1656 772 auxilium,
1682 739 1857 774 suscipiente

1054 787 1110 815 Deo
1133 788 1316 815 humilitatem
1342 787 1414 822 ejus.
1441 785 1519 819 Quod
1543 791 1585 814 est
1607 786 1680 813 istud
1694 786 1857 813 auxilium?

1054 833 1143 869 (Vers.
1154 834 1181 866 ϐ,
1196 833 1223 868 7)
1239 832 1338 860 Missus
1350 838 1400 867 est,
1413 833 1461 865 ait,
1473 833 1508 860 ad
1524 840 1565 859 me
1577 840 1646 859 unus
1659 832 1692 859 de
1706 832 1856 866 seraphin.

1053 885 1077 907 et
1100 879 1210 907 habebat
1234 880 1262 906 in
1285 880 1385 914 forcipe
1406 879 1555 912 carbonem,
1573 887 1649 914 quem
1670 879 1809 906 attulerat
1828 880 1858 904 de

1055 925 1148 958 altari,
1171 929 1196 952 et
1221 926 1306 960 tetigit
1326 925 1400 952 labia
1422 933 1490 958 mea,
1514 925 1618 951 etdiait
1634 932 1644 951 :
1660 924 1732 951 Ecce
1756 924 1857 952 abstuli

1054 972 1208 1007 iniquitates
1224 977 1285 999 tuas
1298 977 1323 998 et
1338 976 1446 1006 peccata
1467 976 1513 998 tua
1536 971 1768 1006 circumpurgavi.
1783 971 1859 998 Con-

1053 1023 1164 1046 secutus
1182 1023 1224 1046 est
1243 1017 1418 1051 beneﬁcium,
1434 1018 1555 1045 mundus
1566 1018 1691 1051 ell'ectns,
1707 1024 1738 1045 et
1756 1019 1857 1046 remis-

1053 1066 1160 1094 sionem
1175 1065 1312 1100 accipiens
1324 1069 1508 1101 peccatorum.
1523 1065 1592 1092 Cum
1608 1066 1735 1094 audisset
1751 1076 1758 1093 :
1773 1066 1856 1098 Quem

1054 1112 1159 1139 mittam
1174 1112 1208 1138 ad
1223 1111 1361 1146 populum,
1382 1115 1407 1139 et
1417 1111 1477 1147 quis
1493 1111 1540 1139 ibit
1555 1112 1630 1139 nobis
1641 1113 1654 1139 1'
1668 1119 1724 1139 non
1743 1117 1858 1147 propter

1054 1156 1174 1192 priorem
1189 1156 1387 1184 conscientiam
1407 1164 1492 1184 ausus
1509 1156 1560 1184 l'nit
1576 1157 1669 1184 dicere
1686 1166 1693 1184 :
1707 1156 1783 1184 Ecce
1799 1166 1856 1192 ego,

1055 1205 1130 1231 ntitte
1144 1212 1194 1237 me,
1212 1204 1259 1231 sed
1273 1203 1320 1231 ubi
1335 1203 1460 1231 audierat
1475 1212 1481 1231 :
1496 1203 1564 1230 Ecce
1579 1202 1679 1230 abstuli
1695 1204 1856 1238 iniquitates

1055 1255 1123 1276 tuas.
1137 1249 1222 1285 igitur
1235 1249 1299 1285 quia
1312 1249 1398 1277 sancti
1412 1253 1645 1284 compunguntur,
1661 1254 1689 1276 et
1702 1249 1857 1284 requiritur

1055 1297 1126 1324 inter
1138 1296 1248 1332 Moysen
1258 1300 1286 1323 et
1294 1296 1405 1328 Isaiam,
1421 1295 1623 1323 satisfaciamus
1639 1302 1690 1330 pro
1704 1294 1814 1331 Moyse,
1831 1301 1856 1322 et

1054 1343 1138 1371 etiam
1154 1350 1204 1378 pro
1211 1341 1396 1376 lsaia,dantes
1407 1346 1433 1369 et
1441 1342 1480 1368 eis
1488 1342 1521 1369 de
1534 1340 1612 1377 117
1624 1340 1781 1376 Scripturis
1794 1350 1856 1369 sor-

1055 1393 1111 1418 tem
1122 1397 1211 1418 suam.
1227 1389 1335 1424 Moyses
1351 1396 1406 1416 non
1423 1389 1529 1424 accepit
1546 1389 1741 1416 remissionem
1757 1396 1857 1424 pecca-

1055 1439 1157 1468 torum,
1171 1441 1200 1462 ltt
1211 1435 1314 1463 diceret
1325 1435 1403 1470 quasi
1413 1434 1470 1470 jam
1485 1434 1613 1462 conscius
1630 1442 1660 1462 se
1674 1434 1855 1467 mundatum,

1060 1481 1134 1509 Mitte
1156 1490 1208 1514 me,
1234 1485 1345 1516 propter
1360 1480 1432 1516 quod
1449 1481 1487 1508 ait
1503 1490 1511 1508 :
1527 1480 1642 1508 Provide
1667 1480 1756 1507 alium
1779 1489 1856 1516 quem

1055 1529 1159 1561 mittas,
1176 1527 1294 1555 habebat
1311 1527 1382 1554 enim
1402 1528 1428 1554 in
1444 1526 1611 1554 conscientia
1630 1526 1855 1554 interfectionem

1056 1573 1194 1609 Egyplii;
1218 1573 1287 1600 forte
1306 1577 1396 1600 autem
1419 1577 1449 1600 ut
1463 1572 1546 1599 homo
1566 1572 1670 1600 sciebat
1685 1580 1716 1600 se
1733 1577 1763 1600 et
1779 1581 1856 1608 quae-

1055 1620 1119 1647 dam
1146 1619 1200 1646 alia
1221 1618 1322 1646 habere
1342 1623 1464 1653 peccata.
1487 1623 1628 1652 propterea
1655 1622 1780 1646 recusat.
1805 1617 1857 1646 Iste

1056 1670 1147 1692 autem
1174 1672 1228 1691 non
1251 1664 1329 1699 quasi
1348 1669 1444 1691 natura
1463 1663 1556 1699 justus
1583 1663 1705 1698 postulat
1727 1663 1858 1691 ministe-

1056 1709 1139 1743 rium,
1153 1710 1200 1737 sed
1213 1710 1290 1744 quasi
1307 1709 1423 1745 gratiam
1440 1713 1616 1736 consecutus.
1636 1708 1683 1736 Sic
1700 1714 1728 1737 et
1745 1705 1856 1746 Moyses

1055 1756 1078 1784 si
1094 1755 1212 1783 similem
1235 1755 1348 1791 gratiam
1368 1755 1543 1790 percepisset.
1559 1755 1739 1790 audissetque
1758 1765 1766 1783 :
1790 1755 1857 1783 Ecce

1055 1801 1154 1829 abstuli
1174 1801 1327 1836 iniquitates
1356 1806 1433 1833 tuas;
1458 1806 1486 1829 ct
1509 1801 1560 1829 hoc
1581 1810 1586 1828 :
1614 1801 1857 1829 Circnmmundari

1054 1852 1161 1882 peccata
1176 1852 1232 1880 tua,
1250 1854 1390 1882 nunquam
1405 1846 1475 1875 forte
1485 1847 1600 1875 dixisset
1615 1856 1622 1874 :
1635 1846 1756 1875 Provide
1772 1849 1856 1875 alium

1056 1901 1132 1928 quem
1147 1893 1249 1919 mittas.
1264 1891 1351 1919 Habet
1365 1899 1429 1927 ergo
1444 1893 1546 1928 aliquid
1562 1893 1691 1927 rationis,
1705 1898 1734 1921 et
1745 1893 1857 1930 Moyses

1056 1946 1198 1971 recusans,
1214 1942 1240 1966 et
1257 1938 1343 1966 Isaias
1357 1939 1451 1967 dicens
1464 1948 1470 1966 :
1485 1939 1551 1966 Ecce
1564 1947 1611 1974 ego
1625 1947 1697 1971 sum,
1711 1942 1793 1967 mitte
1807 1949 1854 1966 mc.

1091 1984 1120 2011 5.
1138 1983 1191 2012 Sed
1208 1983 1349 2012 videamus
1360 1992 1392 2012 ea
1407 1984 1490 2011 etiam
1502 1992 1563 2019 quae
1577 1985 1702 2020 praecipit
1718 1985 1857 2013 Dominus

1056 2034 1087 2057 ut
1102 2030 1202 2065 populo
1218 2030 1342 2057 diceret:
1363 2029 1446 2062 Vade,
1465 2034 1490 2056 et
1506 2029 1549 2057 dic
1569 2030 1666 2064 populo
1685 2038 1695 2058 :
1718 2031 1796 2059 Alre
1810 2041 1858 2058 au-

1056 2074 1146 2108 dietis,
1161 2081 1185 2102 et
1200 2083 1252 2102 non
1263 2075 1426 2110 intelligetis,
1443 2079 1468 2102 et
1483 2075 1599 2102 videntes
1614 2077 1740 2110 cernetis,
1760 2082 1787 2104 et
1807 2086 1858 2104 non

1056 2119 1188 2148 uidebitis.
1215 2118 1401 2148 Incrassatum
1415 2125 1453 2147 est
1471 2121 1540 2148 enim
1554 2129 1599 2147 cor
1613 2123 1707 2157 popu’i
1726 2123 1824 2158 hujus,
1835 2130 1858 2151 ct

1057 2166 1168 2194 auribus
1179 2167 1295 2202 graviter
1310 2167 1464 2200 audierunt,
1487 2172 1511 2194 et
1526 2167 1616 2195 oculos
1627 2167 1802 2203 clauserant,
1819 2176 1859 2196 ne-

1056 2213 1162 2248 quando
1183 2213 1289 2240 videant
1304 2213 1399 2246 oculis,
1416 2219 1443 2241 et
1460 2214 1570 2241 auribus
1587 2215 1714 2248 audiant,
1735 2221 1763 2243 et
1779 2218 1858 2244 corda

1054 2259 1214 2294 intelligant,
1226 2264 1251 2287 et
1272 2264 1475 2293 convertantur,
1493 2266 1517 2287 et
1531 2261 1629 2288 salvam
1641 2270 1705 2295 eos;
1726 2263 1857 2292 bifariam

1056 2306 1146 2334 sciens
1169 2306 1304 2333 sermonis
1325 2306 1505 2340 auditionem,
1523 2310 1551 2334 et
1568 2307 1709 2342 duplicem
1735 2317 1858 2338 noscens

1057 2352 1297 2387 constitutionem,
1327 2353 1379 2380 hoc
1402 2357 1444 2381 est
1466 2353 1540 2381 aliud
1568 2361 1663 2381 eorum
1696 2358 1857 2392 corporale,

1057 2398 1130 2426 aliud
1142 2398 1275 2433 spiritale,
1292 2403 1340 2426 aut
1355 2399 1388 2427 ad
1401 2400 1532 2435 populum
1549 2401 1749 2436 prophetizans
1762 2403 1800 2430 de
1817 2404 1858 2430 bis

1058 2449 1119 2477 qua:
1135 2442 1162 2469 in
1187 2442 1304 2470 adventu
1324 2442 1427 2471 Christi
1456 2444 1550 2472 futura
1572 2450 1664 2479 erant,
1688 2447 1757 2481 quia
1785 2453 1857 2476 essrt

1058 2490 1165 2522 tempus
1190 2488 1301 2523 quando
1317 2489 1452 2523 audirent,
1480 2494 1508 2517 et
1527 2498 1583 2517 non
1600 2490 1792 2526 intelligerent
1815 2501 1857 2520 ea.

1058 2531 1086 2559 Si
1103 2533 1212 2568 quidem
1229 2539 1293 2561 cum
1316 2534 1443 2562 audirent
1469 2535 1615 2563 Dominum
1642 2544 1738 2565 meum
1759 2537 1857 2566 Jesum

1055 2578 1206 2612 Christum,
1234 2585 1330 2607 vocem
1358 2584 1465 2608 tantum
1491 2580 1629 2608 dictorum
1645 2582 1773 2615 audiere,
1803 2591 1857 2610 non

1055 2631 1177 2652 sensum.
1193 2623 1227 2652 Et
1239 2624 1292 2653 hoc
1301 2633 1335 2653 ex
1349 2633 1382 2653 eo
1396 2625 1570 2654 manifestum
1585 2631 1639 2662 est,
1654 2628 1720 2662 quia
1738 2628 1810 2656 foris
1823 2629 1856 2655 ad

1056 2671 1187 2706 populum
1205 2672 1231 2698 in
1247 2671 1387 2707 parabolis
1400 2672 1585 2708 loquebatur;
1600 2671 1748 2709 discipulis
1762 2679 1856 2702 autem

1056 2721 1162 2744 secreto
1189 2715 1357 2745 dissolvebat
1383 2722 1441 2746 eas.
1477 2717 1626 2753 Prophetat
1650 2722 1745 2746 autem
1781 2720 1855 2755 quod

437 2799 544 2836 ".l1“_°_-
564 2806 632 2836 at".
641 2798 692 2836 βεεν
703 2798 749 2836 9.6-
786 2798 793 2813 ¹
809 2797 896 2836 ιοειηε
906 2807 922 2836 ,x

1118 2802 1128 2817 ¹
1144 2800 1239 2830 Matth.
1251 2809 1309 2835 sis,
1326 2802 1372 2830 28.
1404 2802 1415 2818 ³
1430 2801 1440 2829 l
1453 2801 1518 2829 Cor.
1530 2809 1576 2834 xv,
1610 2802 1621 2817 ⁸
1636 2800 1645 2828 l
1659 2800 1762 2830 These.
1778 2810 1811 2836 ιι,
1827 2801 1853 2830 7.
