1879 3046
55 93 95 119 ‘2“

642 90 675 118 ΙΝ
695 88 811 118 ιεΑιΑιιι
831 86 972 115 HOMILIA
989 85 1034 113 Vl.

1619 85 1673 111 242

54 152 148 181 evenit:
163 153 234 180 Anre
243 152 393 187 audietis,“
409 159 460 179 non
475 151 639 187 intelligetis.
657 151 741 179 Porro
755 151 826 186 quod
843 151 864 180 Α
880 148 917 175 cit
937 148 1066 176 Salomon
1083 157 1089 174 :
1109 146 1159 174 Pes
1179 150 1240 177 tuus
1262 154 1314 174 non
1335 146 1451 181 oﬂ'endat
1469 145 1501 173 “.
1522 145 1558 172 De
1574 145 1675 180 quibus

54 201 81 227 de
94 199 205 227 adventu
229 197 335 225 Domini
361 198 413 224 hoc
442 197 478 225 sit
502 197 603 232 populo
622 196 826 232 prophetatum,

56 247 104 279 ipse
118 243 242 271 Salvator
252 244 318 272 dicit
331 252 338 270 :
350 242 419 269 Bene
431 242 595 277 prophetavit
610 242 642 268 de
653 241 725 269 vobis
739 240 828 268 Isaias

54 290 160 326 inquiens
176 297 185 316 :
199 289 270 317 Aure
290 289 415 321 audietis,
443 293 468 316 et
484 297 536 316 non
553 288 705 324 intelligetis
718 289 739 316 '.
757 287 829 316 Cou-

55 335 169 365 eedamus
189 343 255 371 ergo
267 335 331 371 quia
348 342 488 363 sermones
504 334 612 362 Domini
642 334 758 370 populus
777 343 829 362 au—

57 382 165 410 scultans
172 388 221 409 nos
230 383 328 417 poterit
343 389 424 410 nosse
440 389 501 417 qua:
512 382 585 409 dicta
598 382 663 410 sint.
681 381 828 409 Videamus

55 432 131 454 autem
145 427 207 461 quid
219 427 314 456 sithoc
328 428 401 463 quod
415 429 540 464 sequitur
558 438 565 456 :
585 428 621 456 Et
630 429 745 457 videntes
761 430 829 457 ride-

55 473 116 504 bilis,
125 477 210 500 etnon
222 474 322 502 scietis.
335 473 393 502 Non
406 474 498 511 siquis
507 474 574 502 vidit
589 482 620 504 ea
634 483 695 510 quae
703 475 828 503 Salvator

55 518 165 550 iaciebat,
189 520 282 547 statim
300 520 395 548 videns
416 521 506 556 potuit
527 521 678 557 intelligere
696 530 745 550 cur
757 522 828 550 facta

55 567 108 594 sint.
126 566 207 595 Veluti
227 566 391 603 (exemplum
412 568 597 604 assumamus)
613 569 678 596 lavit
694 569 776 604 pedes
787 569 829 596 di-

54 613 204 647 scipulorum
226 620 234 641 :
255 618 282 642 et
305 614 433 642 videbant
462 615 572 650 quidem
601 615 670 643 bene
692 616 829 650 quomodo

56 658 148 686 lavabat
169 659 250 694 pedes
266 659 397 696 Magister
418 661 580 696 discipulis;
596 661 723 689 videbant
737 666 827 689 autem

54 709 75 732 et
86 704 127 732 alii
139 705 183 740 qui
199 710 278 733 erant
295 710 444 741 praesentes
454 727 462 741 ,
475 706 522 735 sed
539 707 565 735 id
581 711 686 735 tantum
698 708 771 743 quod
783 709 830 735 lie-

54 752 101 786 bat,
124 759 176 780 non
202 753 285 781 etiam
303 761 353 781 cur
374 753 464 782 ﬁebat.
483 753 637 782 Similitudo
653 755 754 790 quippe
771 760 830 783 erat

54 797 139 826 lavatio
161 798 270 833 pedutn,
297 807 350 835 qua
367 799 432 827 lavit
448 799 566 828 Verbum
586 800 633 829 Dei
649 802 730 836 pedes
744 801 829 830 disci-

881 195 947 222 etin
967 194 1082 222 Psalmis
1104 193 1236 229 scriptum
1261 197 1303 220 est
1325 201 1331 219 :
1352 191 1404 219 Mei
1429 197 1517 218 autem
1533 200 1596 226 pene
1610 198 1674 217 num

879 244 940 266 sunt
949 239 1026 274 pedes
1041 239 1073 265 ".
1088 237 1188 266 Verum
1204 243 1231 265 et
1245 245 1305 273 quae
1324 237 1529 264 constituuntur
1543 236 1632 262 vidua:
1647 235 1673 261 in

879 286 1007 315 Ecclesiis
1023 295 1029 313 :
1047 285 1078 313 Si
1100 291 1263 318 sanctorum,
1288 284 1388 319 inquit,
1410 283 1487 318 pedes
1504 283 1570 309 lauit
1583 283 1614 310 ”.
1644 280 1672 307 Si

879 337 969 360 autem
993 331 1035 359 vis
1060 331 1181 366 apertius
1204 329 1300 357 audire
1327 328 1466 364 quomodo
1496 328 1575 354 vidua
1602 327 1674 353 lavat

879 383 1036 406 sanctorum
1050 377 1132 412 pedes
1145 397 1152 409 ,
1168 375 1232 403 audi
1250 375 1366 402 Paulum
1383 375 1409 402 in
1424 374 1477 401 alio
1495 373 1556 400 loco
1570 372 1673 399 emisti-

879 429 999 451 tuenlein
1016 423 1117 454 viduis,
1138 427 1165 449 et
1187 421 1321 449 dicentem
1335 429 1342 448 :
1357 420 1428 447 Bene
1446 420 1569 446 docentes
1584 422 1613 444 ut
1624 426 1672 451 pu.

879 469 954 496 dices
967 469 1080 504 efﬁciant
1099 466 1311 494 adolescentulus
1324 465 1362 499 ",
1380 464 1503 491 lavantes
1518 463 1613 490 sordes
1625 469 1673 497 pe-

879 516 944 544 dum
963 514 1184 551 juvencul-arum.
1213 512 1246 539 Et
1262 512 1320 539 istae
1338 511 1426 539 viduae
1445 510 1534 545 digna:
1550 514 1612 536 sunt
1626 515 1674 534 ec-

879 561 1034 590 clesiastico
1046 561 1160 593 honore,
1175 566 1346 595 quaecunque
1360 562 1517 585 sanctorum
1536 556 1617 591 pedes
1635 554 1674 581 la-

878 613 943 636 vant
951 615 1078 636 sermone
1086 606 1217 641 spiritalis
1228 606 1368 637 doctrina),
1378 607 1535 631 sanctorum
1545 610 1610 628 vero
1618 609 1671 628 non

879 653 1064 681 masculorum
1077 672 1084 685 ,
1101 652 1148 680 sed
1159 651 1315 679 mulierum.
1330 649 1433 676 Docere
1443 648 1514 675 enim
1531 647 1671 674 mulierem

880 707 933 727 non
946 698 1088 734 permittit,
1104 705 1191 732 neque
1199 696 1346 732 principari
1354 695 1423 722 viro.
1433 693 1498 721 Vult
1505 701 1566 721 esse
1577 693 1674 719 mulie-

880 753 924 774 res
931 745 1000 773 bene
1010 745 1150 777 docentes,
1160 748 1189 771 ut
1201 743 1234 771 ad
1244 740 1594 770 castitatemsuadeantnon
1607 739 1671 767 ado-

880 788 1024 822 lescentes,
1035 788 1082 816 sed
1099 788 1337 820 adolescentulus;
1357 786 1487 814 indecens
1501 785 1602 821 quippe
1618 788 1672 817 est,

54 843 175 878 pulcrum.
204 833 313 873 Idcircov
332 845 371 873 ait
397 846 521 874 salvam,-
536 847 570 875 αα
590 833 763 876 rem—samem
779 848 830 876 pc_
846 840 866 868 Β
881 840 912 864 ut
927 836 1025 863 mulier
1040 835 1170 871 magistra
1189 834 1239 861 viri
1255 834 1320 867 ﬁat;
1337 833 1384 861 sed
1400 838 1428 860 ut
1442 833 1595 861 castitatem
1609 839 1675 859 sua-

55 895 113 917 trum
123 911 129 922 ,
150 895 176 918 et
192 891 327 920 dicentem
347 902 355 920 :
374 892 436 919 Non
451 893 553 921 locabis
567 893 644 927 pedes
659 902 740 922 meos.
758 894 829 928 Quid

53 936 186 971 ait?Quod
207 947 255 975 ego
270 940 358 974 facio,
383 945 411 967 tu
437 940 519 967 nescis
543 941 630 973 ntodo,
653 941 718 968 scies
741 947 828 969 autem

54 989 129 1016 postea
140 985 159 1012 ’.
176 985 246 1018 Quid
261 991 351 1014 autem
371 985 439 1014 facis
456 986 559 1014 modo?
574 987 641 1014 dicit
653 987 760 1016 Petrus.
784 987 829 1016 Vi-

53 1028 94 1056 deo
109 1035 132 1058 le
151 1030 284 1058 lavantem
303 1032 385 1066 pedes
402 1037 520 1063 nostros.
537 1038 563 1060 et
581 1033 680 1068 pclvim
698 1033 826 1069 positam,

54 1074 122 1103 linteo
137 1080 160 1103 te
170 1077 359 1112 praecinctum,
377 1084 405 1106 et
417 1079 579 1107 servientem
594 1080 685 1113 nobis,
696 1086 723 1108 et
735 1081 827 1109 deter-

54 1125 142 1154 gentem
166 1123 248 1158 pedes
270 1129 388 1152 nostros.
416 1124 514 1153 Verum
529 1126 594 1161 quia
613 1134 668 1155 non
691 1132 749 1155 erat
777 1128 828 1156 hoc

56 1167 175 1202 negotium
187 1170 341 1204 corporale,
352 1169 398 1197 sed
413 1170 550 1205 spiritale,
567 1171 693 1201 Salvator
707 1173 827 1201 nudatus

55 1212 125 1240 mittit
145 1214 295 1250 spiritalem
312 1222 411 1250 aquam
426 1215 453 1242 in
469 1216 569 1251 pelvim
581 1217 731 1245 secundum
750 1217 827 1246 Scri-

53 1263 142 1293 pturas,
154 1265 180 1287 et
188 1261 262 1289 lavat
273 1262 356 1296 pedes
369 1262 567 1297 discipulorum
583 1271 709 1296 suorum,
721 1268 751 1291 ut
763 1272 827 1292 eum

53 1306 132 1332 mundi
147 1305 259 1339 fuerint,
277 1308 425 1335 ascendant
448 1308 482 1336 ad
507 1308 642 1337 dicentem
659 1319 665 1337 :
684 1309 740 1345 Ego
767 1318 827 1338 sum

53 1350 130 1384 ria";
152 1356 177 1379 et
200 1360 256 1379 non
275 1353 346 1387 pleni
362 1354 483 1388 pulvere,
502 1363 582 1390 quem
599 1361 727 1384 excutere
743 1356 827 1384 voluit

53 1404 122 1431 super
140 1397 283 1433 indignos,
301 1405 329 1427 et
348 1408 401 1426 non
419 1401 598 1436 suscipientes
612 1409 718 1437 pacem,
738 1410 827 1437 neque

52 1443 133 1479 dignos
152 1451 246 1473 eorum
265 1453 327 1480 qua;
350 1445 520 1474 dicebantur.
548 1447 581 1474 Et
609 1448 674 1482 quia
693 1448 745 1475 hoc
768 1452 828 1476 erat

52 1489 112 1524 quod
126 1490 340 1527 signiﬁcabatur,
359 1491 421 1520 ideo
437 1492 476 1520 ait
497 1501 504 1521 :
527 1492 605 1526 Quod
628 1502 675 1529 ego
696 1494 778 1530 facio,
797 1499 827 1522 tu

57 1539 126 1565 nescis
145 1543 228 1573 modo,
251 1541 319 1568 scies
332 1545 421 1569 autem
440 1547 530 1577 postea
547 1543 580 1571 “.
593 1544 658 1571 Erat
676 1548 767 1571 autem
781 1544 832 1574 hoc

56 1585 114 1618 quod
134 1589 160 1613 et
184 1586 298 1621 reliquis
317 1587 417 1616 dictum
441 1593 483 1616 est
502 1598 508 1616 :
531 1588 600 1622 Quia
619 1597 664 1617 uos
679 1590 777 1617 vocatis
791 1599 833 1618 me

56 1630 194 1666 Magistrum
207 1637 231 1660 et
249 1632 404 1666 Dominum,
420 1639 444 1661 et
455 1635 518 1662 bene
532 1635 628 1663 dicitis.
645 1635 710 1663 Sum
725 1637 830 1664 etenim.

56 1673 79 1700 Si
90 1675 163 1711 igitur
177 1686 222 1713 ego
239 1677 368 1706 Dominus
380 1684 404 1706 et
416 1680 541 1716 Magister
557 1681 611 1709 [aui
625 1682 702 1716 pedes
720 1686 829 1714 vestros,

56 1724 75 1745 et
88 1729 127 1748 vos
141 1722 234 1750 debetis
260 1724 372 1751 inuicem
395 1724 486 1752 lavare
506 1727 538 1752 ".
555 1726 627 1762 Ergo
641 1727 693 1755 hoc
712 1727 778 1755 dicit
800 1731 831 1756 ut

55 1764 180 1800 episcopus
194 1769 307 1796 mittens
321 1777 416 1804 aquam
429 1770 456 1798 in
472 1771 581 1805 pelvim,
599 1776 627 1799 et
639 1777 737 1801 exutus
750 1773 831 1801 vesti-

53 1806 94 1834 bus
110 1808 172 1842 suis,
190 1814 217 1837 et
237 1810 402 1845 praecinctus
417 1811 502 1839 linteo
519 1819 563 1840 me
579 1813 742 1841 extendente
757 1813 831 1841 lavet

52 1853 120 1885 pedes
131 1856 219 1884 meos?
236 1855 379 1891 Siquidem
396 1865 457 1891 vos,
473 1857 572 1894 inquit,
587 1858 692 1887 debetis
710 1859 826 1887 invicem

52 1898 128 1927 lavare
142 1901 221 1935 pedes
239 1906 357 1930 vestros.
378 1902 406 1930 Si
430 1903 482 1931 hoc
497 1909 540 1931 est
562 1904 635 1939 quod
650 1904 762 1937 dicitur,
778 1912 826 1931 ne-

52 1953 88 1972 mo
101 1952 214 1977 vestrum
235 1951 397 1978 mandatum
414 1952 546 1980 servabit.
571 1951 657 1980 Nemo
671 1953 745 1981 enim
764 1953 826 1988 qui-

52 1991 192 2029 buscunque
210 1996 386 2025 venientibus
403 2005 549 2026 assumens
565 1998 677 2026 linteum
693 1999 826 2027 diaconus

52 2038 85 2065 vel
107 2041 251 2076 presbyter,
283 2042 341 2069 sive
362 2043 508 2078 episcopus
529 2044 603 2071 lavat
619 2044 713 2079 pedes.
729 2045 783 2072 Sed
802 2045 825 2072 si

52 2082 168 2121 intelligas
187 2095 218 2114 ea
238 2095 303 2122 quae
323 2088 423 2123 scripta
439 2093 518 2122 sunt,
533 2090 579 2124 qui
599 2097 663 2118 vere
676 2090 747 2118 beati
762 2095 826 2119 sunt

51 2130 152 2167 episcopi
176 2134 331 2161 servientes
355 2133 485 2163 Ecclesia:
499 2156 507 2169 ,
534 2135 645 2163 mittunt
667 2143 767 2170 aquam
791 2137 825 2165 de

52 2175 181 2213 Scriptnris
202 2180 230 2208 in
259 2180 359 2215 pelvim
377 2181 492 2215 animae,
515 2182 587 2217 quod
615 2187 657 2210 est
674 2183 824 2210 secundum

881 882 964 909 deant
988 880 1219 914 adolescentulis,
1245 885 1272 907 et
1300 887 1394 907 amare
1420 879 1495 906 viros
1519 883 1546 906 et
1573 877 1674 906 liberos

880 934 957 954 suos.
987 926 1128 954 Discamus
1150 933 1215 961 ergo
1240 925 1332 952 lavare
1355 924 1437 960 pedes
1461 923 1670 958 discipulorum.

880 972 931 1001 Ista
950 979 1059 1008 propter
1074 973 1125 1000 hoc
1141 972 1213 1000 dicta
1237 976 1302 999 sunt
1326 980 1334 998 :
1364 970 1486 998 Videntes
1501 969 1633 1002 videbitis,
1648 973 1673 996 et

879 1028 931 1047 non
957 1020 1059 1048 scietis.
1087 1019 1222 1053 Quoniam
1247 1019 1270 1046 si
1295 1019 1360 1053 quid
1385 1018 1467 1045 tiebat
1482 1026 1498 1045 a
1516 1017 1673 1050 Salvatore,

878 1066 913 1093 ab
938 1066 980 1093 his
1005 1066 1116 1101 quidem
1142 1065 1189 1100 qtti
1211 1072 1267 1092 non
1297 1064 1502 1099 intelligebant,
1531 1064 1673 1091 videbatur

876 1112 953 1147 juxta
965 1119 1076 1147 corpus,
1089 1119 1142 1139 non
1156 1110 1389 1146 videbaturjuxta
1404 1110 1538 1138 rationem
1552 1118 1559 1142 ς
1582 1109 1616 1136 ab
1630 1109 1673 1137 his

878 1166 943 1186 vero
956 1158 1003 1194 qui
1021 1158 1218 1194 intelligebant,
1230 1157 1373 1185 videbatur
1383 1156 1493 1191 quidem
1508 1156 1671 1191 118juxta

878 1205 983 1237 oeulos,
1001 1205 1146 1232 videbatur
1154 1208 1245 1232 autem
1257 1203 1370 1239 etjuxta
1385 1203 1571 1236 intellectum;
1589 1202 1625 1229 ita
1642 1204 1673 1229 ιιι

878 1258 933 1278 non
948 1251 1132 1286 compleretnr
1156 1257 1239 1284 super
1262 1249 1341 1276 beate
1370 1249 1508 1281 videntes,
1531 1248 1584 1275 hoc
1598 1247 1670 1282 quod

877 1298 980 1326 dictum
997 1301 1062 1326 est:
1084 1297 1207 1324 Videntes
1223 1295 1357 1328 videbitis,
1381 1300 1405 1322 et
1431 1303 1484 1321 non
1502 1294 1600 1326 scietis,
1623 1292 1670 1320 sed

877 1353 961 1380 super
974 1348 1141 1380 peccatores.
1159 1343 1210 1370 Sed
1225 1347 1254 1370 et
1267 1347 1365 1370 cuncta
1381 1341 1591 1376 Evangeliorum
1608 1347 1670 1367 ore-

877 1399 940 1419 mus
957 1389 1080 1417 videntes
1092 1389 1236 1424 dupliciter
1252 1388 1343 1416 videre
1354 1409 1362 1421 ,
1381 1387 1518 1422 quomodo
1534 1386 1604 1414 facta
1616 1386 1671 1414 sint

875 1437 955 1472 juxta
986 1443 1096 1470 corpus,
1128 1434 1238 1470 quando
1262 1433 1388 1461 Salvator
1416 1436 1510 1460 noster
1537 1432 1613 1459 venit
1636 1432 1670 1459 ad

880 1487 976 1511 terras.
999 1481 1106 1510 Etenim
1124 1481 1275 1509 similitudo
1291 1484 1359 1512 erat,
1378 1483 1405 1506 et
1420 1484 1500 1515 typus
1515 1478 1670 1506 futurorum

880 1528 1096 1564 unumquodque
1109 1527 1182 1563 quod
1196 1526 1277 1554 ﬁebat
1291 1526 1318 1554 iu
1334 1534 1459 1561 corpore.
1478 1524 1566 1552 Veluti
1579 1525 1671 1553 nescio

879 1575 942 1611 quis
957 1582 973 1602 a
986 1574 1128 1602 nativitate
1146 1580 1237 1601 caecus
1255 1573 1342 1601 visum
1359 1572 1531 1607 recuperavit
1545 1571 1568 1587 ¹¹⁴
1583 1580 1590 1598 :
1607 1576 1672 1598 vera

879 1626 969 1650 autem
985 1627 1075 1648 caecus
1090 1619 1143 1647 iste
1154 1627 1170 1646 a
1185 1619 1326 1647 nativitate
1340 1623 1399 1646 erat
1417 1618 1558 1653 gentilium
1582 1624 1670 1652 papu-

879 1667 932 1698 lus,
948 1666 993 1695 cui
1009 1666 1134 1694 Salvator
1149 1665 1266 1693 reddidit
1281 1665 1382 1698 visum,
1401 1664 1485 1692 saliva
1502 1671 1551 1691 sua
1565 1670 1671 1699 ungens

878 1713 973 1740 oculos
983 1712 1054 1747 ejus,
1066 1716 1093 1739 et
1106 1711 1214 1739 mittens
1225 1711 1259 1738 ad
1274 1710 1388 1743 Siloam,
1397 1710 1470 1746 quod
1479 1709 1672 1744 interpretatur

878 1758 984 1784 missus.
1009 1756 1133 1784 Mittebat
1157 1757 1257 1792 quippe
1278 1763 1326 1783 eos
1347 1763 1417 1791 quos
1431 1755 1529 1790 spiritu
1545 1754 1624 1782 unxit
1642 1758 1672 1781 ut

877 1803 1029 1835 crederent,
1045 1802 1079 1830 ad
1096 1801 1209 1834 Siloam,
1226 1801 1252 1829 id
1272 1806 1315 1829 est
1333 1802 1367 1829 ad
1383 1801 1522 1836 apostolos
1539 1805 1565 1828 et
1582 1800 1672 1835 magi-

877 1853 960 1881 stros,
974 1853 1084 1884 propter
1100 1847 1174 1883 quod
1190 1848 1323 1882 scriptum
1338 1853 1380 1875 est
1390 1848 1424 1875 de
1445 1847 1518 1874 Siloa
1530 1868 1537 1880 ,
1552 1847 1617 1882 quia
1629 1847 1671 1874 in-

877 1894 1140 1929 terpretatnrmiuus
1155 1894 1186 1921 ".
1203 1893 1235 1921 Et
1247 1894 1465 1930 quotiescunque
1478 1893 1625 1928 incipinms
1636 1893 1672 1920 ab

875 1940 941 1968 Jesn
966 1940 1082 1973 visitari,
1097 1945 1127 1968 ut
1149 1940 1313 1976 recipiamus
1337 1940 1436 1967 animae
1453 1940 1561 1972 oculos,
1585 1939 1669 1966 mittit

876 1994 927 2013 nos
945 1985 980 2013 ad
1006 1985 1120 2020 Siloam,
1141 1986 1194 2013 hoc
1219 1990 1260 2013 est
1283 1985 1395 2013 missus.
1425 1984 1456 2013 Et
1480 1985 1670 2020 unusquisque

875 2040 941 2068 ergo
958 2036 1082 2060 nostrum
1097 2031 1209 2068 quando
1222 2031 1286 2067 legit
1302 2039 1334 2059 ea
1345 2039 1407 2067 quin
1421 2031 1449 2058 in
1463 2030 1619 2066 Evangeliis
1630 2029 1670 2058 fa-

875 2082 918 2105 cta
933 2081 1007 2109 sunt,
1020 2081 1080 2104 oret
1093 2084 1127 2105 ne
1139 2076 1221 2104 etiam
1235 2076 1263 2103 in
1279 2084 1308 2103 se
1323 2075 1492 2111 compleatur
1511 2083 1518 2102 :
1547 2073 1668 2102 Videntes

876 2123 1009 2156 videbitis,
1029 2127 1054 2149 et
1066 2130 1117 2149 non
1129 2122 1228 2149 scietis.

911 2181 938 2208 4.
955 2180 984 2208 Si
996 2184 1103 2213 autem,
1123 2183 1151 2207 ut
1163 2179 1324 2206 existimant
1343 2178 1534 2214 simpliciores,
1552 2178 1597 2206 illa
1607 2186 1668 2214 quae

52 2221 199 2257 scripturas,
223 2231 252 2252 et
278 2230 384 2254 tentant
401 2227 501 2262 pedum
520 2227 717 2262 discipulorum
729 2229 826 2257 sordes
841 2226 863 2254 D
878 2226 948 2255 facta
967 2230 1032 2254 sunt
1046 2234 1100 2254 non
1116 2229 1228 2261 propter
1242 2232 1309 2259 nos,
1327 2225 1374 2253 sed
1394 2231 1505 2260 propter
1518 2233 1548 2253 se
1561 2229 1667 2253 tantum

52 2267 143 2304 lavare,
160 2276 185 2299 et
200 2272 295 2300 eluere
306 2291 314 2304 ,
334 2277 362 2300 et
385 2273 529 2308 projicere.
557 2273 590 2300 Et
607 2274 648 2301 sic
666 2275 825 2304 cttstodiunt

51 2314 154 2351 episcopi
169 2319 331 2346 mandatum
349 2319 487 2347 imitantes
502 2318 607 2354 Iesum,
620 2320 661 2348 sic
673 2325 699 2348 et
712 2321 823 2357 presby-

53 2359 102 2388 Ieri.
116 2360 219 2391 Utinam
231 2369 260 2392 et
271 2372 324 2400 ego
341 2365 474 2401 accipiam
486 2373 560 2393 nunc
570 2373 670 2400 aquam
686 2374 746 2401 quas
762 2374 824 2401 pos-

51 2405 80 2432 sit
91 2408 178 2436 animae
197 2414 298 2438 vestrae
312 2412 395 2446 pedes
410 2411 514 2444 lavare,
530 2416 557 2440 et
571 2412 762 2448 unusquisque
778 2421 824 2441 ve-

51 2455 123 2480 strum
135 2454 205 2483 dicat
217 2464 282 2484 cum
297 2456 379 2486 fuerit
389 2457 461 2486 lotus
476 2466 484 2484 :
503 2457 567 2485 Lavi
577 2458 655 2492 pedes
668 2466 823 2494 παροιμιασ-

51 2498 114 2525 modo
125 2500 263 2536 inquinabo
278 2502 340 2530 illas
353 2503 391 2530 "?
416 2503 474 2531 Hoc
487 2504 561 2531 enim
580 2511 682 2539 sponsa
703 2504 770 2533 dicit
795 2505 822 2532 in

51 2543 153 2575 Canticis
173 2549 357 2580 canticorum.
379 2557 433 2577 non
454 2550 601 2578 ostendens
615 2558 762 2586 corporeos
774 2559 822 2587 pe~

50 2590 88 2616 des
100 2591 174 2624 lotos,
189 2595 236 2622 sed
250 2594 336 2631 pedes
349 2603 403 2622 non
421 2595 599 2623 ollendentes.
618 2595 656 2623 De
667 2596 768 2631 quibus
779 2596 821 2624 di-

52 2659 271 2708 ηὶξίἒιῑιιῖ-ιιιι,
294 2663 408 2708 Ἆλιν,
441 2665 467 2692 7.
504 2665 614 2708 1303!):
629 2674 691 2708 ΞιιιιΞ
707 2667 734 2701 7,
748 2668 775 2694 8.
815 2668 836 2684 "

52 2694 69 2739 ξς
80 2694 151 2736 _Ca_nt.
179 2706 214 2730 ν,
232 2699 260 2726 3.

81 2730 149 2764 tlnd.,
160 2733 186 2760 7.

877 2272 947 2301 facta
960 2277 1036 2306 sunt,
1049 2277 1076 2300 et
1091 2280 1146 2300 non
1160 2276 1240 2300 erant
1253 2271 1379 2307 exempla
1392 2272 1505 2300 alterius
1518 2272 1569 2304 rei,
1583 2279 1668 2306 expo-

880 2325 947 2347 nant
959 2327 1040 2355 quem
1052 2319 1106 2346 hoc
1116 2318 1190 2354 quod
1202 2318 1306 2345 dictum
1315 2322 1358 2346 est
1369 2327 1376 2345 :
1395 2317 1516 2345 Videntes
1533 2317 1666 2348 videbitis,

874 2371 899 2393 et
914 2374 966 2392 non
979 2365 1069 2392 scietis
1079 2385 1088 2397 ,
1100 2364 1201 2392 habeat
1222 2371 1346 2392 sensum.
1366 2363 1435 2392 Nam
1449 2364 1472 2391 si
1487 2371 1541 2391 non
1557 2371 1589 2390 ea
1605 2371 1667 2398 quae

874 2411 1037 2439 videbantur
1056 2411 1192 2438 habebant
1209 2411 1327 2446 aliquem
1345 2417 1456 2438 sensum
1471 2413 1617 2442 secretum,
1637 2413 1667 2436 ut

874 2467 937 2487 cum
952 2458 1108 2486 carnalibus
1120 2457 1208 2486 oculis
1226 2458 1309 2485 etiam
1327 2456 1483 2492 spiritaliter
1498 2456 1665 2491 inspiceren-

874 2510 930 2536 tur,
954 2511 1095 2539 nunquam
1113 2503 1228 2532 dixisset
1245 2513 1251 2530 :
1274 2502 1396 2530 Videntes
1412 2501 1545 2535 videbitis,
1570 2505 1594 2528 et
1613 2508 1663 2527 non

874 2551 974 2580 scietis.
990 2550 1031 2578 Ad
1049 2549 1273 2585 approbationem
1289 2553 1379 2577 autem
1395 2548 1492 2575 horum
1509 2546 1565 2583 (98)
1578 2550 1605 2573 et
1622 2545 1664 2573 al-

875 2597 962 2625 terius
974 2595 1068 2631 scripti
1085 2595 1118 2623 de
1127 2595 1275 2631 Evangelia
1285 2593 1470 2623 testimonium
1481 2591 1664 2626 proferemus,
1679 2623 1682 2624 ν

873 2669 953 2696 Joan.
986 2675 1041 2700 xw,
1070 2667 1096 2694 6.
1137 2667 1156 2682 “
1174 2667 1254 2694 Joan.
1280 2674 1342 2698 sui,
1359 2666 1385 2692 8.
1425 2665 1446 2680 "
1463 2663 1541 2700 ibid,
1559 2662 1662 2697 15,“.

300 2698 324 2716 ”
334 2698 416 2728 Prov.
445 2709 485 2734 nl,
505 2701 550 2729 25.
591 2702 612 2717 ¹¹
629 2698 701 2730 Psal.
727 2698 815 2736 Lxxtl,

911 2702 955 2730 ιιι
981 2698 1052 2730 Tim.
1082 2709 1109 2734 ν,
1126 2700 1170 2729 10.
1209 2703 1230 2718 ’⁷
1247 2701 1300 2729 Tit.
1325 2709 1355 2732 ιι,
1377 2701 1404 2733 5,
1424 2700 1451 2728 4.
1491 2699 1513 2716 ³⁸
1523 2699 1602 2728 Joan.
1624 2705 1664 2728 Ix.

39 2842 41 2845 η
80 2811 127 2844 (98)
145 2815 183 2842 Ad
201 2816 419 2853 approbationem
434 2821 522 2844 autent
539 2818 649 2852 horum,
675 2823 726 2847 etc.
744 2818 811 2848 Vide
823 2820 1010 2852 praelationem
1027 2823 1148 2847 nostram
1167 2817 1200 2845 ad
1220 2822 1284 2845 tom.
1302 2815 1334 2850 ll,
1356 2824 1417 2852 pag.
1434 2824 1472 2844 ιι.
