1879 3046
191 85 244 112 Si?»

941 91 1101 120 ORIGENIS

1779 91 1831 119 ΞΗ

201 152 270 188 quod
295 151 374 188 juxta
395 160 443 180 eos
470 153 516 187 qui
545 156 650 180 tantum
676 153 791 179 litteram
819 156 988 186 sequuntur,
1004 155 1026 183 Α
1042 159 1087 178 reo
1101 152 1181 179 corde
1200 152 1334 179 vocabulo
1351 152 1449 179 animae
1463 156 1563 179 nostra:
1576 151 1730 186 principale
1745 151 1833 178 nomi-

202 197 370 225 mendacium
395 203 446 224 est.
466 197 536 226 Dicit
557 197 682 225 Salvator
698 202 724 225 et
743 197 874 224 Dominus
895 201 988 224 noster

201 243 234 270 ad
247 243 396 278 discipulos
413 244 439 271 in
457 243 606 279 Evangelio
623 244 771 271 secundum
785 242 917 270 Joannem
933 251 940 270 :
957 241 988 269 Si

200 287 377 320 credideritis,
397 297 447 315 non
461 289 545 315 solum
559 297 616 324 qute
629 297 674 324 ego
687 289 758 323 facio
769 288 873 322 facietis
884 297 893 320 ,'
905 286 950 314 sed
963 292 988 314 et

198 333 303 368 majora
322 334 414 361 horum
429 335 533 369 furialis
551 335 582 361 '°.
602 334 748 362 Videamus
761 342 827 369 ergo
844 334 867 361 si
883 333 987 368 majora

198 380 289 414 aliqua
313 379 424 408 fecerim
453 381 588 416 discipuli.
618 380 687 413 Quid
719 381 807 415 majus
835 384 877 407 est
905 388 986 415 quam

198 431 336 453 mortuum
364 427 516 454 suscitare?
534 426 600 460 Quis
621 435 674 454 non
692 427 755 453 dico
777 431 913 457 nostrum,
940 425 986 452 sed

195 471 381 505 apostolorum
398 478 532 498 mortuum
551 472 713 499 suscitavit?
726 471 818 498 Refert
835 471 948 497 historia
963 471 985 486 ἰ

195 516 259 549 quia
277 516 378 544 Paulus
391 517 539 553 Eutychum
559 518 765 545 resuscitaverit
784 525 799 543 a
815 516 943 547 mortuis,
959 519 986 543 et.

195 561 292 588 Petrus
310 561 451 589 Tabithanl
474 570 534 597 qua:
551 563 744 598 interpretatur
766 562 867 588 Dorcas
886 562 918 588 ".
934 560 985 588 lsta

194 611 284 633 autem
302 612 328 635 et
351 608 402 634 alia
429 608 584 636 istiusmodi
615 608 731 635 inveniri
756 611 870 642 possunt
900 615 907 634 :
939 605 986 633 ubi

192 656 256 679 sunt
273 654 401 687 majora?
426 653 478 681 Sed
504 659 530 682 et
555 661 642 681 ctecos
662 653 788 680 Salvator
801 651 864 679 fecit
875 658 984 678 rursum

190 698 283 726 videre
303 699 336 730 ’³.
364 705 390 727 et
414 700 487 735 quod
505 701 594 734 majus
608 705 658 732 est,
672 707 720 727 eos
734 699 781 734 qui
795 698 836 726 sic
852 697 907 724 nati
924 696 983 724 fue-

190 750 265 772 runt.
288 744 441 773 Exhibeant
455 753 525 780 quos
540 753 626 773 CKECOS
641 745 676 772 ab
688 749 766 772 utero
780 743 907 771 manibus
918 748 984 776 apo-

188 791 323 820 stolorum
340 796 450 819 curatos
467 792 635 827 aspexerint.
658 790 691 818 Et
702 791 755 818 alia
770 789 874 817 inﬁnita
891 790 982 823 potest

1039 201 1128 229 natur,
1146 202 1174 224 ut
1193 198 1366 225 manifestum
1388 202 1430 225 est.
1450 206 1483 225 ex
1502 206 1535 225 eo
1546 197 1619 232 quod
1637 198 1663 224 in
1682 196 1829 232 Erangelio

1037 242 1137 269 dicitur
1167 251 1174 269 :
1202 242 1280 269 Beati
1307 243 1404 270 mundo
1431 243 1509 270 corde
1522 244 1555 269 “.
1587 242 1684 278 Neque
1710 243 1783 270 enim
1805 243 1832 270 bi

1038 287 1141 314 mundo
1155 289 1236 315 corde
1253 293 1327 321 sunt,
1340 289 1387 324 qui
1403 289 1576 323 sanguinem,
1593 289 1635 316 vel
1647 289 1833 324 quodcunque

1038 333 1159 360 materiae
1175 335 1326 368 corporalis
1350 335 1514 363 intrinsecus
1526 343 1581 362 non
1597 336 1710 362 habent.
1727 335 1779 362 Sed
1792 336 1832 362 di-

1037 383 1110 406 ctum
1133 384 1174 407 est
1193 388 1200 406 :
1217 380 1296 407 Beati
1316 381 1414 407 mundo
1440 382 1527 413 corde,
1556 388 1606 415 pro
1626 388 1661 407 eo
1687 381 1762 415 quod
1781 385 1832 412 est,

1038 424 1108 452 beati
1143 425 1189 460 qui
1229 426 1360 453 mundum
1397 426 1498 453 habent
1533 427 1684 461 principale
1723 426 1832 454 anima).

1037 469 1190 506 Principalc
1215 473 1375 500 nominatur
1396 480 1445 508 pro
1466 473 1557 500 Corde.
1581 473 1721 506 Quoniam
1752 472 1835 507 igitur

1036 515 1185 551 principale
1196 517 1295 545 anima:
1311 523 1411 546 nostra;
1425 518 1498 552 quod
1513 525 1573 545 esse
1589 518 1692 545 dicitur
1706 518 1735 544 in
1752 518 1835 545 corde

1036 563 1238 597 corporeo,sive
1251 564 1382 591 mundum
1395 568 1492 592 estcor
1505 569 1641 597 nostrum,
1650 565 1835 591 siveimmun-

1036 607 1117 640 dum;
1134 608 1304 636 immundum
1312 610 1421 644 quidem
1431 611 1541 645 quando
1552 610 1737 645 cogitationes
1747 611 1834 644 pessi-

1036 661 1088 680 ma:
1103 654 1280 689 egrediuntur
1297 663 1328 683 cx
1343 663 1385 688 eo,
1400 656 1561 690 homicidia,
1577 656 1727 688 adulteria,
1749 656 1832 689 furta,

1034 697 1134 726 falsum
1152 701 1338 728 testimonium
1350 722 1358 734 ,
1375 702 1571 737 blasphemize;
1588 703 1726 729 mundum
1741 709 1832 730 autem

1034 746 1145 780 quando
1158 747 1337 782 cogitationes
1353 753 1464 780 sanctaz,
1480 753 1508 776 et
1524 749 1680 776 intellectus
1692 748 1793 782 divini,
1806 754 1832 775 et

1035 798 1112 819 mens
1135 800 1220 827 pura;
1238 798 1348 828 propter
1366 794 1418 822 hoc
1438 795 1628 822 arbitrandum
1645 799 1687 821 est
1705 799 1834 822 attenua-

189 837 223 864 de
239 836 394 872 Evangeliis
410 838 531 865 invenire
543 838 589 872 qui
604 837 703 873 qumrit
713 858 721 871 ,
738 837 802 872 quia
816 843 904 871 neque
919 840 985 869 apo-
1000 830 1021 858 Β
1035 841 1093 864 tum
1106 839 1215 873 quidem
1231 847 1291 867 esse
1304 841 1418 873 dictum,
1434 846 1604 868 attenuatum
1621 848 1636 868 a
1650 845 1750 868 sancto
1767 839 1831 876 Spi-

189 883 253 911 stoli
267 884 310 910 his
326 883 429 918 majora
445 883 568 916 fecerint,
584 891 671 919 neque
685 891 780 911 eorum
797 889 980 910 successores.

190 928 292 956 Verum
307 936 399 956 sermo
414 928 563 964 Scriptura:
583 930 636 956 tale
651 929 779 964 quiddam
794 928 901 955 locutus
915 931 957 954 est
973 936 980 954 :

190 976 234 1004 his
245 983 307 1011 qua:
326 984 375 1010 ego
394 976 444 1002 feci
461 975 660 1010 corporalibus,
675 983 723 1002 vos
742 975 845 1010 majora
865 973 978 1001 facietis.

190 1021 247 1056 Ego
265 1021 316 1048 feci
339 1029 483 1056 resurgere
509 1029 542 1048 ex
572 1021 688 1048 mortuis
715 1020 906 1054 corporaliter,
931 1027 981 1046 vos

189 1075 332 1102 resurgere
347 1067 452 1094 l‘aeietis
466 1059 628 1094 ex'mortuis
641 1066 808 1102 spiritaliter.
827 1066 883 1100 Ego
900 1067 980 1094 calcis

188 1113 320 1141 sensibile
339 1114 391 1141 hoc
417 1114 508 1141 lumen
525 1113 623 1146 inludi,
644 1121 692 1140 vos
717 1113 867 1148 spiritalem
890 1114 978 1140 lucem

187 1167 240 1187 non
254 1160 409 1187 videntibus
424 1160 534 1187 dabitis.
560 1159 651 1195 Usque
667 1159 700 1186 ad
716 1160 786 1186 hanc
802 1164 892 1186 autem
908 1159 979 1186 diem

185 1208 244 1234 hate
268 1206 372 1241 majora
388 1206 465 1241 signa
490 1213 504 1233 a
531 1206 718 1240 corporalibus
731 1214 792 1240 qua:
809 1205 873 1233 fecit
887 1204 978 1238 Jesus,

183 1260 235 1288 ego
260 1252 340 1280 video
366 1253 422 1279 lieri
447 1259 495 1286 per
520 1251 696 1279 fidelissimos
728 1251 878 1285 discipulos
902 1250 977 1278 Jesn.

183 1299 282 1325 Annon
301 1298 366 1325 caeci
388 1305 461 1324 nunc
476 1297 590 1330 vident,
615 1302 642 1324 et
660 1296 749 1323 claudi
777 1297 928 1328 ambulant,
953 1302 977 1324 et

183 1345 286 1380 leprosi
301 1345 479 1376 mundantur,
495 1348 523 1371 et
540 1344 644 1378 reliqua
664 1343 751 1370 ﬁunt?
767 1343 794 1370 Si
813 1344 835 1371 is
851 1344 898 1378 qui
920 1344 978 1371 heri

184 1391 339 1418 obcaecatus
357 1395 398 1418 est
411 1390 544 1418 accedens
564 1390 597 1417 ad
612 1390 713 1417 idolum
732 1391 810 1425 quasi
831 1391 863 1417 ad
881 1390 977 1424 Deum,

184 1437 265 1464 hodie
289 1436 396 1463 invocet
417 1435 503 1463 Deum
518 1436 610 1463 vivum
632 1436 748 1471 pristina
774 1436 976 1471 derelinquens,

185 1487 276 1506 nonne
298 1479 392 1507 videt?
409 1479 507 1507 Annon
526 1481 570 1515 qui
590 1481 647 1507 heri
671 1480 784 1508 claudus
796 1485 854 1508 erat
867 1485 978 1516 propter
990 1500 1012 1529 α

182 1529 338 1558 peccatum,
365 1532 438 1552 nunc
463 1530 574 1560 propter
599 1525 795 1560 discipulorum
824 1526 975 1554 doctrinam

183 1571 235 1598 iter
256 1578 350 1598 verum
366 1571 480 1598 edoctus
502 1571 591 1598 stabili
607 1571 731 1606 graditur
747 1571 832 1606 pede?
854 1571 976 1605 Quiheri

182 1617 288 1644 aridam
311 1616 429 1644 habebat
444 1625 568 1649 manum,
581 1623 606 1644 et
625 1617 742 1644 otiosam
755 1618 788 1645 ad
802 1617 976 1646 benefacien-

182 1664 261 1695 dum,
277 1663 358 1690 hodie
376 1663 511 1698 recipiens
526 1672 638 1692 manum
652 1665 734 1692 habet
750 1673 810 1692 eam
821 1664 978 1692 viventem?

183 1708 212 1736 Si
227 1709 328 1737 videris
347 1710 464 1745 aliquem
484 1711 631 1746 pollutum,
658 1716 683 1739 et
701 1711 804 1747 lepram
832 1711 859 1738 in
884 1711 976 1738 anima

183 1756 327 1783 habentem
355 1757 446 1784 subito
471 1757 613 1792 poenitere,
637 1765 669 1785 ac
693 1758 826 1785 doctrinm
850 1765 977 1785 sermone

181 1807 387 1838 compunctum,
405 1812 458 1831 non
476 1808 502 1831 te
513 1805 603 1840 pigeat
625 1805 732 1837 dicere,
755 1804 821 1840 quia
836 1806 925 1840 majus
941 1805 976 1832 sit

181 1850 256 1878 hunc
271 1851 430 1886 spiritaliter
447 1851 598 1886 leprosum,
620 1859 701 1886 quam
717 1851 863 1887 quemdam
877 1858 976 1878 carna-

180 1897 244 1924 liter
262 1897 345 1925 fuisse
368 1902 526 1934 purgatum.
544 1897 578 1925 Et
593 1898 651 1926 bzec
663 1898 772 1933 quidem
795 1897 897 1933 largius
913 1904 975 1932 pro-

181 1944 252 1971 ludit
274 1944 374 1977 oratio,
401 1945 515 1980 cupiens
535 1945 680 1973 Ostendcre
697 1945 762 1978 quid
780 1945 815 1972 sit
835 1944 887 1972 hoc
902 1945 974 1979 quod

178 1990 282 2017 dictum
296 1995 338 2017 est
351 1999 357 2017 :
369 1989 404 2018 Et
417 1991 532 2018 videntes
550 1991 671 2018 videbitis
682 2011 689 2023 ,
705 1995 728 2017 ct
743 1999 794 2017 non
809 1990 974 2025 intelligetis.

213 2036 240 2063 5.
256 2035 323 2069 Qua:
337 2041 428 2063 autem
443 2045 527 2064 causa
551 2041 594 2064 est
616 2037 770 2064 audientem
793 2045 847 2064 non
872 2037 975 2064 intelli-

178 2090 253 2117 gere,
273 2088 300 2110 et
312 2083 450 2110 videntem
467 2091 522 2110 non
539 2083 646 2110 videre?
665 2077 850 2110 [incrassatum
868 2089 918 2116 est,
933 2084 976 2110 in-

178 2127 250 2161 quit,
274 2135 320 2153 cor
341 2127 432 2162 populi
457 2128 548 2162 hujus.
569 2127 710 2163 Siquidem
732 2129 917 2156 necessarium
933 2133 976 2156 est

1032 884 1087 910 ritu
1108 885 1189 920 119
1208 885 1269 920 ejus
1288 886 1335 921 qui
1359 888 1479 914 salvatur
1502 897 1509 914 :
1532 888 1719 915 incrassatum
1738 892 1831 914 autem

1032 933 1058 956 et
1075 931 1251 964 pmfocatum
1279 939 1294 959 a
1318 933 1421 960 malitia
1446 933 1506 969 ejus
1523 934 1570 968 qui
1587 938 1694 968 peccat.
1724 933 1832 961 Dicitur

1030 974 1104 1002 enim
1119 975 1152 1002 de
1169 980 1264 1003 sancto
1286 976 1388 1011 Spiritu
1409 977 1455 1012 qui
1476 982 1518 1004 est
1543 977 1694 1004 secundum
1719 977 1833 1010 sapien-

1033 1020 1112 1054 tiam,
1127 1022 1191 1056 quia
1206 1023 1241 1049 sit
1253 1024 1430 1058 multifan‘us,
1446 1024 1541 1056 tenuis,
1556 1023 1703 1055 mobilis”,
1723 1028 1751 1049 et
1765 1023 1830 1057 quia

1031 1065 1123 1101 justus
1152 1068 1269 1103 accipiat
1296 1069 1370 1097 hunc
1397 1069 1525 1097 subtilem
1556 1069 1695 1104 spiritum.
1735 1068 1832 1095 Ditlert

1031 1113 1131 1148 quippe
1149 1114 1193 1142 hic
1218 1115 1332 1149 spiritus
1353 1116 1387 1142 ab
1403 1115 1530 1143 omnibus
1553 1115 1698 1150 spiritibus
1723 1115 1831 1141 intelle-

1030 1159 1167 1187 ctualibus
1177 1179 1184 1192 ,
1200 1161 1310 1188 mundis
1320 1181 1328 1194 ,
1353 1161 1510 1188 subtilibus.
1533 1160 1582 1188 Est
1597 1169 1663 1196 ergo
1677 1161 1830 1196 principale

1030 1206 1120 1233 cordis
1146 1210 1227 1234 tenue
1244 1207 1353 1242 quidem
1381 1207 1454 1242 quod
1482 1207 1606 1242 spiritale
1631 1212 1673 1234 est
1695 1216 1702 1233 :
1727 1207 1831 1243 pingue

1030 1257 1119 1279 autem
1134 1253 1206 1287 quod
1225 1259 1259 1279 ex
1272 1253 1424 1288 corporalis
1441 1253 1562 1281 materia:
1582 1254 1649 1280 vitio
1664 1259 1827 1280 cancretuni

1029 1303 1072 1326 est
1084 1318 1091 1330 ,
1108 1299 1218 1333 plenum
1235 1299 1448 1333 cogitationibus
1463 1299 1665 1334 corporalibus,
1684 1306 1747 1333 qua!
1764 1303 1829 1326 sunt

1030 1344 1057 1370 in
1073 1345 1296 1378 reprehensione.
1319 1344 1364 1372 Sic
1379 1345 1479 1372 dicitur
1493 1353 1500 1372 :
1519 1345 1706 1372 Incrassatum
1726 1351 1766 1371 est
1783 1352 1829 1371 cor

1028 1391 1119 1425 populi
1141 1391 1229 1425 hujus.
1246 1391 1368 1425 Intelligo
1388 1399 1421 1417 ex
1436 1398 1468 1418 eo
1489 1391 1673 1418 incrassatum
1691 1398 1755 1418 esse
1770 1397 1827 1423 cor,

1028 1437 1093 1471 quia
1120 1436 1187 1463 nihil
1207 1437 1243 1464 sit
1260 1437 1286 1463 in
1314 1444 1346 1464 eo
1364 1443 1463 1472 prteter
1488 1437 1625 1464 humanas
1649 1442 1677 1464 et
1702 1436 1828 1464 carnales

1029 1482 1234 1510 sollicitudines.
1264 1482 1408 1515 Quomodo
1442 1483 1516 1511 enim
1552 1483 1667 1510 materia
1701 1484 1828 1518 corporis

1029 1529 1138 1564 pinguis
1152 1534 1203 1562 est,
1221 1529 1315 1557 eodem
1331 1530 1412 1557 modo
1429 1530 1511 1557 etiam
1527 1530 1653 1565 corporei
1671 1529 1827 1557 intellectus

1028 1580 1055 1602 et
1069 1576 1257 1610 cogitationes.
1283 1575 1320 1602 Ex
1338 1584 1392 1611 quo
1417 1584 1479 1604 cum
1503 1576 1558 1603 duo
1576 1576 1667 1610 posita
1686 1575 1741 1602 sint
1754 1595 1762 1606 ,
1787 1576 1829 1602 in-

1028 1621 1146 1648 crassari
1162 1629 1210 1648 cor
1225 1630 1257 1648 ex
1274 1622 1450 1649 saecularibus
1464 1622 1556 1654 curis,
1582 1627 1609 1648 et
1628 1621 1770 1648 attenuari
1794 1630 1827 1648 ex

1028 1667 1211 1694 sollicitudine
1226 1668 1352 1702 spiritali,
1370 1676 1431 1695 cum
1446 1668 1508 1703 quis
1522 1667 1625 1702 cogitat
1645 1675 1678 1695 ea
1697 1675 1761 1702 qua:
1774 1667 1829 1694 Do-

1028 1713 1095 1740 mini
1122 1718 1203 1746 sunt,
1229 1714 1376 1748 projiciens
1401 1714 1595 1749 pinguedinem
1616 1721 1651 1741 ex
1675 1714 1782 1747 corde,
1801 1718 1828 1740 et

1027 1759 1117 1787 sciens
1131 1759 1196 1794 quia
1213 1760 1234 1787 si
1259 1759 1442 1787 incrassatum
1464 1759 1546 1787 fuerit
1569 1767 1618 1786 cor
1634 1759 1697 1794 ejus
1710 1780 1717 1792 ,
1738 1766 1829 1794 neque

1028 1806 1144 1840 accipiat
1161 1812 1302 1833 sermones
1320 1805 1386 1838 Dei,
1402 1813 1490 1840 neque
1509 1806 1601 1832 videat
1616 1805 1718 1832 salutis
1733 1812 1829 1832 sacra-

1028 1856 1119 1878 menta
1133 1859 1140 1876 :
1160 1851 1327 1886 deponamus
1340 1857 1367 1878 et
1380 1860 1431 1879 nos
1455 1851 1670 1879 crassitudinem
1681 1871 1688 1883 ,
1706 1856 1734 1878 et
1747 1859 1828 1878 assu-

1027 1904 1134 1923 mamus
1147 1903 1207 1923 eam
1223 1903 1284 1931 quae
1298 1896 1370 1923 dicta
1384 1901 1425 1924 est
1440 1896 1614 1929 tenuitatem,
1633 1903 1663 1923 ut
1678 1902 1706 1923 et
1721 1903 1774 1922 nos
1788 1895 1830 1922 di-

1027 1949 1122 1970 camus
1145 1941 1283 1976 quomodo
1297 1941 1448 1976 Prophetes
1470 1949 1477 1967 :
1509 1940 1601 1968 Sitivit
1627 1942 1655 1968 in
1685 1946 1710 1968 te
1736 1942 1829 1968 anima

1027 1995 1084 2014 mea
1095 2007 1102 2021 ,
1118 1995 1196 2022 quam
1213 1987 1395 2022 multipliciter
1408 1987 1456 2014 tibi
1471 1995 1534 2014 caro
1548 1995 1618 2014 mea.
1638 1986 1672 2014 In
1689 1992 1764 2014 terra
1783 1989 1830 2015 de-

1026 2040 1108 2066 serta,
1124 2033 1196 2060 invia
1210 2039 1234 2060 et
1248 2034 1387 2068 iuaquosa,
1400 2033 1439 2060 sic
1453 2033 1481 2059 iu
1493 2037 1587 2060 sancto
1603 2035 1723 2068 apparui
1737 2034 1788 2060 tibi
1796 2034 1828 2060 ":

1026 2088 1080 2107 non
1098 2080 1176 2115 quasi
1196 2085 1306 2107 sanctus
1329 2079 1426 2107 fuerim
1444 2079 1616 2112 naturaliter,
1633 2080 1682 2106 sed
1699 2080 1722 2106 si
1739 2081 1832 2108 carnis

1026 2125 1171 2160 prudentia
1193 2124 1323 2157 tabescit,
1341 2129 1368 2151 et
1386 2125 1407 2152 si
1423 2124 1568 2159 prudentia
1586 2124 1681 2151 carnis
1693 2125 1832 2152 extabue-

178 2173 294 2209 intelligi
310 2178 337 2200 et
353 2174 404 2201 hoc
418 2174 490 2200 unde
505 2174 559 2206 sit,
583 2182 637 2201 non
654 2175 750 2201 eadem
764 2179 805 2201 est
822 2175 974 2210 corporalis
991 2170 1013 2197 D
1028 2171 1074 2203 rit,
1094 2176 1159 2199 tunc
1173 2171 1199 2197 in
1215 2175 1310 2198 sancto
1325 2171 1462 2206 apparebo
1476 2170 1512 2197 ei.
1529 2169 1595 2197 llaec
1614 2170 1643 2197 in
1656 2171 1834 2206 explanatio-

177 2224 207 2247 et
219 2219 351 2254 spiritalis
366 2219 502 2254 pinguedo
516 2239 523 2252 ,
551 2227 640 2254 neque
654 2219 749 2246 eadem
765 2225 806 2247 est
824 2221 974 2255 corporalis

178 2265 311 2298 tenuitas,
339 2270 366 2293 et
394 2265 536 2301 spiritalis.
565 2265 672 2292 Etenim
696 2266 767 2300 quod
795 2267 976 2301 corporaliter

178 2321 306 2341 crassum
321 2316 363 2340 est
377 2333 384 2346 ,
402 2313 429 2339 in
448 2320 530 2340 carne
550 2312 596 2346 lit,
623 2317 649 2339 et
667 2313 733 2339 nihil
752 2313 817 2340 mihi
838 2318 975 2340 nocetcor

178 2367 310 2387 carneum
326 2359 348 2386 si
362 2359 530 2386 incrassetur
544 2379 551 2390 ,
569 2366 658 2394 neque
673 2359 782 2394 prodest
798 2367 813 2386 a
831 2359 974 2395 languore,

177 2405 222 2431 vel
249 2412 265 2431 a
292 2411 458 2439 quacunque
487 2411 570 2431 causa
595 2408 762 2432 attenuetur.
791 2404 857 2433 Tale
882 2410 972 2433 autem

177 2450 310 2478 existimo
334 2450 391 2477 ﬁeri
418 2458 466 2477 cor
493 2458 623 2477 carncum
647 2458 742 2478 eorum
761 2451 807 2486 qui
827 2451 974 2479 formidine

177 2497 365 2525 continentur.
403 2495 548 2529 Quomodo
580 2497 653 2524 enim
685 2497 734 2524 toti
763 2497 908 2524 tabcscunt
939 2497 974 2524 ab

177 2543 368 2580 '«egrotatione,
395 2543 434 2570 sic
457 2543 534 2569 aiunt
555 2547 581 2570 et
596 2543 827 2577 crassitudinem,
849 2549 875 2571 et
892 2544 972 2578 quid—

177 2591 243 2627 quid
265 2591 367 2626 pingue
394 2594 435 2616 est
461 2589 534 2616 circa
559 2596 607 2616 cor
621 2596 716 2616 eorum
734 2590 889 2617 extenuari.
902 2589 972 2622 Quid

177 2645 243 2672 ergo
267 2636 335 2664 mihi
358 2640 438 2663 nocet
459 2635 482 2662 si
503 2635 645 2669 corporale
661 2642 710 2662 cor
728 2643 819 2663 meum
839 2635 974 2664 incrasse-

178 2682 242 2709 tur!
260 2681 326 2710 Esto
339 2689 405 2709 vero
420 2685 448 2708 et
469 2681 606 2708 attenuari
623 2688 671 2708 cor
687 2689 789 2712 meum,
815 2681 880 2716 quid
906 2681 974 2709 mihi

178 2733 212 2754 ex
227 2727 280 2754 isto
303 2727 431 2762 prodest?
453 2726 505 2754 Sed
525 2734 574 2754 cor
594 2726 782 2762 nuncupativo
796 2733 858 2753 cum
873 2733 974 2761 corpo-

215 2783 238 2798 '°
256 2782 334 2810 Joan.
355 2792 412 2817 xlv,
425 2784 467 2811 1‘2.
506 2785 527 2801 "
545 2784 605 2812 Act.
623 2791 668 2811 xx.
708 2783 730 2799 "
744 2783 804 2812 Act.
824 2791 862 2812 Ix.

179 2825 234 2847 uti
243 2839 249 2849 ,
272 2818 300 2851 2,
318 2818 344 2846 3.

901 2784 923 2799 ”
933 2783 1028 2812 Matth.
1048 2791 1076 2811 Ix
1112 2781 1135 2800 ’⁵
1151 2780 1245 2809 Matth.
1272 2787 1297 2814 ν,
1311 2779 1337 2808 8.

1028 2225 1089 2245 nem
1115 2217 1174 2252 ejus
1201 2217 1272 2252 quod
1300 2217 1402 2244 dictum
1428 2220 1491 2243 est:
1511 2215 1701 2243 lncrassatum
1723 2223 1762 2244 est
1790 2226 1833 2244 t'or

1026 2263 1115 2298 populi
1132 2262 1222 2297 hujus.

1063 2310 1090 2336 6.
1113 2309 1243 2343 Sequitur
1259 2313 1349 2335 autent
1368 2317 1374 2335 :
1394 2307 1428 2334 Et
1445 2309 1554 2335 auribus
1567 2309 1625 2335 suis
1638 2309 1763 2344 graviter
1786 2318 1833 2336 au-

1028 2357 1146 2383 dierunt.
1161 2355 1232 2382 Nihil
1246 2355 1311 2382 mihi
1326 2359 1405 2382 nocet
1418 2355 1441 2381 si
1459 2355 1579 2389 graviter
1595 2357 1711 2382 audiam
1730 2364 1830 2391 corpo-

1028 2403 1138 2433 raliter,
1162 2408 1249 2436 neque
1271 2401 1321 2428 ista
1339 2401 1406 2427 mihi
1430 2408 1513 2428 causa
1540 2400 1569 2427 fit
1587 2406 1618 2427 ut
1633 2409 1692 2428 non
1719 2403 1832 2429 audiam

1028 2455 1168 2476 sermones
1184 2446 1243 2474 Dei.
1258 2446 1401 2479 Quomodo
1417 2446 1491 2473 enim
1507 2446 1575 2473 nihil
1595 2446 1666 2473 mihi
1683 2452 1769 2474 nocet
1783 2455 1832 2474 caa-

1028 2495 1097 2522 citas
1121 2493 1291 2528 corporalis,
1321 2493 1343 2520 si
1373 2500 1427 2519 non
1455 2492 1539 2520 fuerit
1564 2493 1709 2520 obcaecata
1739 2494 1831 2520 anima

1027 2549 1088 2568 mea
1105 2550 1111 2567 :
1129 2541 1168 2567 sic
1184 2547 1271 2575 neque
1288 2539 1392 2572 levitas,
1407 2547 1495 2574 neque
1513 2539 1661 2574 gravitudo
1677 2540 1830 2567 auditionis

1029 2585 1179 2621 corporalis
1195 2585 1307 2620 impedit
1323 2585 1471 2619 quidquam
1498 2585 1576 2611 mihi.
1603 2584 1654 2612 Est
1681 2586 1738 2612 alia
1758 2594 1831 2621 qua:-

1028 2633 1091 2660 dam
1110 2632 1251 2667 gravitudo
1267 2631 1429 2663 auditionis,
1451 2637 1512 2665 qua:
1529 2634 1630 2657 noceat
1651 2632 1758 2659 animae
1784 2632 1835 2658 ho-

1029 2679 1122 2706 minis.
1140 2677 1206 2711 Quae
1220 2682 1261 2704 est
1278 2677 1329 2704 ista
1347 2676 1489 2712 gravitudo
1500 2696 1508 2710 ,
1524 2684 1586 2712 qua:
1601 2683 1645 2705 est
1660 2678 1690 2704 in
1710 2678 1832 2705 auditio-

1029 2732 1091 2753 nem
1106 2723 1223 2758 animaa?
1236 2722 1392 2755 Peccatum,
1401 2723 1553 2750 secundum
1562 2722 1740 2758 Scripturas,
1751 2731 1830 2760 grave

1397 2779 1419 2796 "
1441 2778 1504 2814 Sap.
1531 2787 1587 2812 vn,
1615 2777 1664 2806 22.
1714 2781 1739 2797 "
1759 2780 1817 2809 νει]
