1879 3046
60 122 106 148 Ἡνό

667 123 700 150 IN
717 123 835 152 ISAIAM
856 124 998 152 HOMILIA
1020 124 1074 151 VII.

1630 123 1688 152 ιικ,

61 183 105 206 εδι.
118 178 228 214 Propter
243 180 316 214 quod
339 179 457 207 sentiens
470 180 533 214 quis
545 185 655 216 peccata
672 190 720 209 sua
731 202 738 214 ,
753 183 818 210 dicit
833 192 840 210 :
857 187 880 214 Α
893 183 983 209 dicitis
1001 183 1063 218 quia
1077 182 1206 214 videmus,
1226 187 1360 217 peccatum
1373 187 1486 210 vestrum
1505 187 1591 210 manet
1604 182 1638 210 ³⁸.
1653 183 1687 209 Et

62 226 135 255 Quasi
151 234 215 253 onus
229 234 308 260 grave
322 230 438 260 gravata:
454 231 515 252 sunt
531 235 609 261 super
623 235 662 254 me
672 227 704 254 ".
732 227 765 254 Et
778 229 841 262 quia

61 271 143 301 gravis
164 275 206 298 est
232 271 377 305 iniquitas,
401 275 511 306 propter
539 271 592 299 hoc
612 280 693 307 super
711 273 841 300 talentum

63 316 153 350 plumbi
177 316 271 349 sedet.
306 321 337 344 ut
367 317 393 344 in
429 315 563 344 Zacharia
590 317 722 352 scriptum
757 318 840 345 est".

61 361 168 398 .Egyptii
184 367 276 390 autem
297 371 351 390 non
372 363 502 398 quoniam
517 364 610 398 gravia
628 364 763 391 habebant
779 372 840 391 cor-

62 417 117 442 pora
129 409 263 436 submersi
281 414 344 437 sunt
370 409 448 444 tptasi
468 409 610 444 plumbqu
631 410 658 436 in
674 418 744 445 aqua
761 410 842 436 vehe-

62 455 179 488 menti",
214 456 263 482 sed
290 456 360 490 quia.
386 455 485 482 animm
509 463 606 483 eorum
639 455 673 483 ad
708 456 838 483 talentum

61 500 170 534 plumbi,
185 508 270 534 super
289 500 368 535 quod.
383 501 494 527 sedebat
520 501 667 536 iniquitas.
689 506 841 536 aggravata:

60 549 127 572 erant
137 553 144 570 :
156 551 267 580 propter
282 545 358 580 quod
371 545 508 573 submersi
524 550 590 573 sunt
607 550 734 581 tanquam
751 546 840 581 plum-

61 593 115 618 bum
130 591 153 618 in
171 599 242 626 aqua
258 591 425 619 vehementi.
448 590 598 618 Gravitudo
618 599 683 627 ergo
701 592 808 618 aurium
823 600 838 619 a

62 642 158 671 peccato
182 638 228 671 lit,
243 643 270 665 et
286 638 382 666 levitas
398 646 413 665 ιι
435 637 553 672 justitia.
569 637 640 670 Quid
656 638 781 673 estquod
797 638 839 665 ia-

61 684 106 710 dat
126 684 247 711 auditum
285 692 340 711 non
375 684 493 719 graviter
516 684 628 716 audire,
656 683 703 711 sed
729 684 840 711 leviter?

62 728 148 756 Pennae
162 730 255 761 verbi,
271 737 368 764 penna:
383 729 502 757 virtutis.
526 729 632 756 Ezenim
653 737 748 764 penna:
767 730 838 757 verbi

61 775 162 801 multum
186 775 307 803 levitatis
322 775 449 802 aderunt.
467 775 533 808 Quis
563 775 636 802 dabit
660 775 724 802 milii
740 784 839 810 pennas

61 818 117 844 sicut
132 819 256 846 columba?
266 840 274 853 ,
287 825 312 847 et
333 821 492 855 requiescam
506 820 548 847 ὀἳ
561 819 618 847 IIoc
633 819 698 847 dicit
716 819 837 855 Prophe-

894 229 964 256 beue
978 231 1028 261 ait,
1046 229 1137 255 dicitis
1151 229 1214 263 quia
1230 229 1358 262 uidemus,
1372 237 1436 256 vere
1452 228 1523 255 enim
1539 228 1603 255 dicit
1619 229 1682 263 quia

893 273 1020 307 videant,
1047 278 1074 302 et
1099 274 1216 301 habeant
1252 274 1456 309 possibilitatem
1483 274 1607 305 videndi.
1636 275 1681 301 sed

892 319 1049 347 claudentes
1063 320 1157 347 oculos
1173 328 1226 347 non
1244 321 1347 348 vident.
1376 319 1408 347 Et
1422 320 1444 347 si
1459 320 1569 354 quando
1583 319 1682 346 videris

893 364 1062 398 ingeniosam
1079 364 1112 391 ad
1133 365 1337 399 intelligendum
1364 364 1482 391 animam
1500 369 1526 391 et
1539 363 1660 391 velocem
1673 385 1680 396 ,

891 413 918 435 et
932 409 1063 441 alacrem,
1090 416 1144 435 non
1161 408 1335 435 meditantem
1349 407 1458 442 eloquia
1471 407 1529 441 Dei,
1548 414 1682 442 cognosce

891 453 955 487 quia
972 460 1026 480 non
1042 456 1154 488 propter
1170 453 1321 480 caecitatem
1337 460 1391 479 non
1408 453 1479 479 videt
1492 459 1524 479 ca
1544 460 1604 486 qua:
1619 459 1680 478 con-

891 499 1012 526 tinentur
1034 499 1063 526 in
1087 499 1247 534 Scripturis,
1270 507 1323 526 non
1344 499 1379 525 ob
1399 499 1425 526 id
1439 498 1506 532 quia
1520 498 1547 525 in
1562 497 1681 525 tenebris

891 545 935 577 sit,
954 545 1001 573 sed
1016 546 1081 580 quia
1097 546 1199 573 claudit
1213 545 1322 573 oculos-
1341 545 1369 572 Si
1391 553 1454 580 ergo
1469 545 1588 572 audieris
1605 543 1680 572 Scri-

890 594 996 624 pturam
1012 591 1132 617 divinam
1149 590 1285 618 dicentem
1310 591 1352 617 his
1364 590 1411 625 qui
1429 590 1558 617 claudunt
1574 589 1679 622 oculos,

890 637 964 670 aperi
982 637 1076 664 oculos
1090 641 1160 670 tuos,
1184 641 1211 663 et
1225 641 1299 664 recta
1311 636 1473 671 vide;aperi
1488 636 1583 663 oculos
1597 635 1632 662 ab
1646 643 1680 662 eo

890 683 962 717 quod
980 683 1132 716 clauseras,
1149 687 1214 710 tunc
1231 683 1334 718 poteris
1348 682 1441 710 videre
1458 682 1537 717 120
1549 687 1621 709 recta
1631 702 1639 714 ,
1652 685 1680 708 et

890 728 1066 756 considerare
1082 729 1173 756 lumen
1187 729 1319 756 veritatis.
1334 728 1366 755 Et
1381 734 1492 756 accusat
1507 727 1615 763 quidem
1632 734 1680 754 eos

892 773 925 802 de
948 775 1048 809 quibus
1073 775 1224 810 quaeritur,
1246 782 1296 802 cur
1321 775 1415 802 oculos
1437 775 1566 802 claudant
1589 782 1622 800 ne
1637 773 1678 800 vi-

890 821 982 849 deant.
998 821 1057 850 Non
1071 826 1162 850 autem
1177 827 1203 850 et
1225 822 1276 850 hoc
1290 822 1371 854 dicit,
1390 822 1454 857 quia
1478 830 1532 848 non
1552 821 1678 854 expediat

62 869 96 891 tes
114 872 163 892 non
182 874 266 894 orans
292 872 322 893 ut
344 866 496 901 corporalis
521 874 624 901 pennas
650 867 766 902 accipiat
789 875 837 894 co-
855 860 877 887 Β
891 867 1039 902 aliquando
1051 872 1078 896 et
1092 868 1220 896 claudere
1232 869 1330 895 animae
1347 868 1454 896 oculos.
1465 866 1579 902 Expedit
1592 867 1676 899 enim,

61 910 161 945 tumbae,
180 913 226 940 sed
244 920 352 948 pennas
371 912 507 940 columine
519 911 637 948 Spiritus
653 913 750 940 sancti.
767 912 838 940 Dicit

61 962 138 984 autem
155 966 254 986 rursus
279 958 410 988 Salomon
426 961 461 989 de
473 961 556 988 divite
569 971 575 988 ε
590 961 733 996 Componet
749 966 838 989 autem

60 1004 101 1031 sibi
117 1013 209 1040 pennas
222 1008 355 1042 quomodo
370 1008 461 1044 aquila
473 1028 480 1040 ,
497 1013 522 1036 et
537 1010 699 1036 convertitur
714 1010 742 1037 in
757 1010 836 1037 domo

60 1050 107 1084 ejus
123 1053 164 1086 qui
177 1058 272 1087 prteest
290 1053 375 1081 illi".
399 1053 427 1081 Si
442 1055 610 1090 accipiamus
627 1056 708 1091 igitur
721 1064 835 1091 pennas,

61 1095 142 1123 leviter
159 1098 316 1126 audiemus.
342 1099 370 1126 Si
396 1105 486 1128 autem
503 1102 724 1136 peccaverimus,
747 1107 774 1130 et
790 1111 837 1130 ne-

61 1141 177 1176 gligentes
191 1143 330 1172 fuerimus
342 1145 415 1173 circa
429 1147 497 1179 alas,
520 1152 547 1174 et
563 1147 725 1175 deduxerint
743 1157 837 1183 pennae

62 1192 154 1220 nostrae,
168 1190 357 1224 gravabimur,
368 1195 394 1218 et
410 1192 530 1227 graviter
545 1193 699 1221 audiemus.
713 1194 835 1224 Auribus

60 1239 114 1267 ergo
133 1235 188 1261 suis
219 1241 380 1270 peceatores
403 1238 520 1271 graviter
547 1239 702 1267 audierunt.
735 1240 835 1270 Omnes

60 1280 154 1312 quidem
174 1280 284 1314 Judiei,
312 1283 360 1317 qui
386 1287 451 1310 tunc
479 1284 627 1312 audierunt
650 1286 834 1320 Salvatorem,

59 1326 162 1360 graviter
176 1335 239 1355 eum
257 1328 416 1362 audierunt,
434 1329 496 1357 ideo
512 1338 567 1358 non
582 1331 766 1359 crediderunt.
784 1332 835 1360 Us—

59 1379 104 1407 que
123 1373 198 1400 hodie
221 1379 316 1402 autem
339 1380 474 1410 quotquot
493 1375 635 1404 audientes
659 1376 833 1412 Scripturas,

60 1426 103 1445 non
117 1419 230 1447 audiunt
253 1428 408 1448 sermonem
425 1421 603 1456 spiritaliter,
621 1423 667 1457 qui
691 1423 758 1451 levis
774 1430 833 1458 est,

59 1464 97 1490 sud
118 1464 230 1492 litteram
255 1474 320 1501 qua:
335 1472 377 1494 est
397 1468 486 1503 gravis
506 1472 533 1495 et
555 1469 700 1502 occidens,
717 1471 835 1505 graviter

59 1510 166 1538 audiunt.
179 1514 268 1547 Atque
287 1513 324 1541 ita
340 1513 485 1548 dupliciter
499 1515 610 1542 auditur
623 1515 775 1550 Scriptura.
793 1517 834 1545 Ab

58 1564 84 1581 eo
96 1557 137 1591 qui
151 1566 204 1585 non
222 1558 348 1594 intelligit
375 1568 435 1595 qua).
457 1561 601 1594 dicuntur,
618 1562 737 1597 graviter
754 1564 833 1590 audi-

60 1606 109 1635 tur;
121 1603 152 1630 ab
166 1612 198 1632 eo
211 1612 276 1632 vero
289 1605 337 1640 qui
355 1606 481 1642 intelligit
506 1615 578 1640 eam,
597 1615 651 1635 non
674 1608 763 1636 solum
783 1616 833 1636 au-

59 1648 120 1675 ditur
134 1658 184 1677 non
201 1652 332 1686 graviter,
356 1653 402 1680 sed
421 1653 512 1688 potius
535 1657 626 1681 acute.
645 1652 722 1682 Unde
744 1659 769 1682 et
786 1656 832 1690 qui

60 1693 84 1719 tit
95 1694 251 1731 intelligens,
268 1698 299 1725 ﬁt
312 1697 433 1728 auditor.

88 1739 111 1766 7.
130 1740 174 1769 Est
195 1747 223 1770 et
248 1744 325 1771 aliud
345 1749 434 1772 autem
448 1745 521 1780 quod
546 1746 723 1781 prophetatur
738 1747 772 1775 de
786 1756 833 1783 po-

59 1785 113 1817 pqu
122 1785 286 1821 Judaeorum,
303 1795 331 1817 et
342 1790 376 1818 de
392 1791 521 1819 omnibus
533 1793 624 1825 nobis,
637 1793 661 1820 si
676 1795 831 1828 peccaveri-

59 1836 121 1859 mus.
146 1831 177 1860 Et
193 1835 283 1862 oculos
302 1844 364 1863 suos
379 1837 531 1864 clauserunt
544 1857 552 1869 ,
568 1839 705 1873 nequando
728 1839 831 1867 videant

60 1876 138 1911 oculis,
152 1883 175 1905 et
195 1881 306 1909 auribus
325 1883 446 1916 audiant,
461 1889 485 1910 et
501 1884 578 1911 corde
601 1884 760 1920 intelligant.
776 1885 831 1913 Eo-

60 1930 109 1950 rum
125 1927 167 1960 qui
179 1935 232 1955 non
246 1928 357 1961 vident,
372 1929 483 1964 quidam
498 1930 563 1956 eieci
587 1935 666 1964 sunt,
680 1936 707 1958 ct
723 1935 833 1966 propter

59 1971 188 2000 cecitatem
207 1982 260 2001 non
274 1974 384 2007 vident;
406 1975 516 2009 quidam
533 1975 559 2002 in
574 1976 693 2004 tenebris
707 1982 787 2010 sunt,
804 1982 831 2006 et

59 2020 183 2050 Propterea
198 2026 252 2046 non
269 2019 373 2046 vident.
387 2020 439 2047 Alii
456 2025 546 2048 autem
566 2030 654 2057 neque
668 2022 695 2050 in
713 2023 831 2051 tenebris

59 2065 126 2093 sunt.
145 2070 228 2098 neque
243 2065 310 2092 czeci
327 2071 409 2097 sunt,
427 2066 473 2092 sed
490 2067 555 2101 quia
576 2067 704 2095 claudunt
724 2069 830 2102 oculos,

59 2112 102 2133 non
112 2108 205 2137 vident.
220 2110 252 2137 Et
265 2111 320 2138 scit
333 2111 382 2138 has
395 2111 572 2144 diil‘erentias,
587 2121 648 2148 qua:
663 2114 828 2150 principales

59 2153 133 2181 cordis
150 2157 233 2183 nostri
260 2161 342 2188 sunt,
372 2156 510 2192 Scriptura
538 2159 640 2187 divina.
663 2159 732 2188 Dicit
756 2161 829 2188 enim

889 915 960 942 sicut
977 914 1154 942 manifestum
1181 914 1246 942 fecit
1269 915 1371 946 Isaias,
1396 914 1490 941 dicens
1506 914 1532 940 in
1554 914 1596 941 his
1617 921 1678 948 qua:

888 966 1061 996 sequuntur:
1079 961 1144 994 Quis
1158 962 1326 989 annuntiavit
1341 961 1412 988 vobis
1430 960 1515 987 locum
1532 961 1679 988 (sternunt?

889 1005 942 1039 Qui
957 1005 1076 1033 ambulat
1091 1005 1237 1040 iujustitia
1249 1026 1257 1039 ,
1278 1011 1302 1033 et
1324 1006 1444 1041 loquitur
1460 1014 1548 1033 veram
1569 1007 1638 1032 riam
1651 1011 1674 1032 et

887 1058 998 1084 rectam,
1012 1052 1138 1079 obturant
1154 1060 1232 1079 aures
1244 1057 1271 1078 ut
1291 1060 1342 1078 non
1365 1051 1602 1087 audiutjudiciurn
1615 1059 1677 1077 san—

888 1099 993 1134 guinis,
1016 1103 1040 1125 et
1063 1098 1188 1125 claudens
1212 1097 1302 1125 oculos
1320 1102 1348 1125 ut
1371 1106 1422 1124 non
1439 1098 1525 1124 videat
1547 1098 1676 1132 iniquita-

887 1151 939 1173 tem
950 1146 983 1173 “.
1012 1144 1041 1172 Si
1065 1144 1188 1172 futurum
1205 1149 1246 1172 est
1264 1149 1294 1172 ut
1315 1144 1440 1179 aperiens
1464 1144 1559 1172 oculos
1579 1144 1676 1170 anima:

886 1193 996 1220 audiam
1009 1197 1037 1219 et
1055 1192 1170 1219 sentiam
1186 1191 1365 1226 turpiloquia,
1382 1191 1480 1218 melius
1492 1195 1534 1218 est
1549 1190 1676 1218 claudere

886 1239 1012 1270 auditus,
1034 1246 1116 1274 quam
1132 1238 1228 1266 audire
1245 1246 1306 1273 qua:
1331 1242 1459 1264 noceant.
1478 1237 1593 1270 Quando
1609 1244 1676 1272 ergo

885 1285 1030 1313 claudam?
1045 1284 1162 1317 Quando
1178 1285 1248 1311 mala
1263 1284 1404 1315 dicuntur,
1426 1288 1455 1310 ut
1471 1290 1559 1318 neque
1575 1283 1675 1310 intelli-

885 1339 946 1367 gam
961 1339 1004 1358 ea.
1018 1331 1133 1363 Quando
1148 1330 1262 1358 videnda
1278 1334 1342 1357 sunt
1354 1329 1463 1363 eloquia
1479 1328 1545 1356 Dei?
1560 1328 1674 1361 Quando

885 1377 1081 1409 convertimur,
1105 1382 1132 1404 et
1148 1381 1227 1404 sanat
1245 1384 1296 1404 nos
1319 1376 1391 1403 Deus
1403 1395 1410 1407 ,
1436 1375 1547 1402 mittens
1562 1375 1673 1402 verbum

885 1424 958 1458 quod
980 1427 1059 1451 sanat
1079 1431 1125 1451 eos
1142 1423 1188 1458 qui
1201 1422 1294 1449 volunt
1311 1422 1401 1450 curari
1425 1422 1451 1448 in
1464 1422 1573 1448 Christo
1589 1420 1652 1448 Jesu
1666 1441 1674 1454 ,

886 1471 929 1497 cui
947 1475 989 1498 est
1005 1470 1092 1505 gloria
1110 1474 1137 1496 et
1153 1469 1298 1504 imperium
1324 1469 1350 1495 in
1376 1469 1475 1496 saecula
1500 1468 1674 1496 saeculorum.

885 1517 982 1544 Amen.

1170 1562 1310 1592 IIOMILIA
1334 1561 1387 1589 VII.

885 1621 923 1648 De
941 1628 974 1648 co
987 1621 1060 1656 quod
1079 1621 1210 1692 scriptun:
1228 1624 1269 1647 est
1286 1630 1291 1646 :
1312 1619 1378 1683 Εἶτα
1399 1627 1444 1654 ego
1461 1625 1483 1646 et
1505 1620 1595 1654 pueri,
1619 1625 1671 1648 etc.

1208 1664 1268 1690 cap.
1284 1663 1353 1690 vin].

1208 1664 1268 1690 cap.
1284 1663 1353 1690 vin).

922 1703 946 1729 l.
967 1702 1009 1730 Da
1023 1702 1137 1737 sapienti
1161 1703 1342 1733 occasionem,
1369 1706 1395 1728 et
1416 1701 1562 1736 sapientior
1577 1701 1672 1733 erit“,

883 1748 949 1775 dicit
963 1755 1053 1776 sermo
1067 1747 1188 1775 divinus.
1205 1747 1383 1774 Occasionem
1397 1751 1488 1773 autem
1509 1751 1673 1781 acceperunt

883 1794 1062 1822 sacratissimi
1084 1793 1200 1829 apostoli
1217 1793 1250 1820 ad
1267 1792 1434 1820 intellectum
1453 1792 1672 1826 propheticorum

883 1847 1051 1868 sermonum.
1073 1838 1190 1866 Oremus
1212 1839 1296 1866 Deum
1321 1843 1351 1866 ut
1373 1839 1542 1873 accipiamus
1563 1839 1671 1873 sapien-

884 1887 960 1919 tiam,
975 1890 1002 1913 et
1017 1886 1155 1920 possimus
1170 1885 1226 1912 ﬁeri
1243 1885 1424 1920 sapientiores
1439 1893 1487 1919 per
1498 1885 1670 1912 occasionem

882 1932 1068 1968 apostolorum
1088 1931 1124 1958 ad
1147 1931 1293 1965 prophetas
1315 1930 1502 1965 exponendos.
1525 1930 1672 1964 Apostolus

883 1977 1030 2004 recordans
1044 1975 1127 2009 hujus
1142 1975 1206 2002 dicti
1223 1975 1306 2010 (vers.
1323 1975 1367 2010 18)
1384 1984 1390 2002 :
1411 1974 1478 2002 Ecce
1497 1983 1542 2010 ego
1557 1979 1580 2002 et
1597 1976 1671 2008 pueri

881 2031 946 2057 quos
967 2022 1036 2048 Deus
1057 2021 1130 2048 dedit
1148 2021 1231 2053 mihi;
1252 2021 1350 2048 deinde
1365 2021 1462 2054 infert,
1478 2027 1505 2048 et
1521 2021 1647 2048 edisserit
1663 2030 1670 2048 :

883 2069 954 2101 Quia
971 2076 1031 2103 ergo
1049 2068 1122 2100 pueri
1135 2068 1392 2094 communicaverunt
1408 2068 1530 2102 sanguini
1545 2072 1568 2094 et
1585 2068 1671 2099 carni,

881 2121 903 2142 et
917 2115 972 2148 ipse
986 2113 1105 2148 proxime
1119 2121 1162 2140 eos
1179 2112 1265 2147 factus
1290 2119 1329 2140 est
1352 2114 1396 2148 qui
1414 2114 1608 2149 participantur
1627 2122 1671 2140 eo-

882 2169 940 2188 rum
953 2168 962 2186 :
976 2164 1004 2186 ut
1019 2167 1066 2194 per
1080 2164 1188 2186 mortem
1210 2159 1329 2186 destruat
1340 2167 1399 2186 eum
1412 2160 1458 2194 qui
1472 2159 1610 2194 imperium
1624 2160 1671 2186 Ita-

59 2196 166 2227 Salvator
181 2201 220 2228 liis
232 2202 280 2236 qui
294 2202 392 2228 suntin
410 2203 532 2236 vinculis,
550 2205 637 2236 exite;
652 2211 675 2232 et
689 2206 730 2232 liis
744 2206 790 2241 qui
804 2206 831 2233 in
849 2214 869 2241 ι)
884 2204 923 2232 bet
937 2205 1029 2231 mortis
1039 2225 1046 2237 ,
1063 2204 1110 2231 ltoc
1125 2209 1163 2231 est
1185 2203 1305 2230 Zabulon
1315 2225 1322 2237 ,
1343 2209 1368 2230 et
1379 2209 1454 2231 eruat
1467 2212 1510 2231 eos
1525 2205 1671 2240 quicunque

59 2242 161 2276 tenebris,
175 2250 203 2272 ut
216 2247 254 2274 eis
270 2248 415 2281 reveletur;
431 2254 455 2276 et
468 2250 620 2277 sedentibus
637 2251 666 2277 iu
685 2251 789 2285 regione
805 2256 830 2278 et

59 2289 136 2315 umbra
154 2293 256 2326 mortis,
282 2292 330 2319 luat
341 2299 400 2321 orta
417 2299 456 2322 est
475 2296 513 2322 eis
525 2295 558 2322 ".
576 2295 622 2322 Isti
637 2303 690 2322 non
706 2296 831 2323 viderunt

59 2332 120 2367 ideo,
132 2336 192 2370 quia
206 2337 321 2366 fuerunt
340 2340 367 2367 iu
382 2341 518 2374 tenebris,
541 2341 629 2369 donec
653 2341 772 2369 oriretur
791 2343 831 2371 eis

59 2377 105 2407 lux.
127 2381 218 2417 Surdi,
235 2385 346 2417 audite,
370 2391 398 2414 et
413 2387 495 2420 caeci,
518 2388 641 2423 aspicite.
661 2388 694 2416 Et
711 2389 771 2417 ideo
787 2389 831 2416 isti

59 2431 103 2452 non
113 2427 231 2458 viderunt
247 2436 322 2463 ante,
340 2433 403 2466 quia
418 2435 580 2462 naturaliter
592 2435 656 2462 caeci
672 2439 759 2462 erant.
775 2435 827 2468 Qui

59 2478 112 2498 vero
132 2480 203 2504 extra
227 2477 281 2505 ista
308 2483 387 2511 sunt,
411 2479 513 2514 quique
536 2481 569 2507 ad
593 2481 826 2515 comparationem

58 2523 174 2565 {acorum
187 2528 214 2550 et
225 2532 324 2551 eorum
339 2524 385 2558 qui
400 2525 426 2552 in
441 2525 560 2553 tenebris
586 2531 666 2559 sunt,
682 2527 767 2554 multo
782 2535 828 2562 pe-

57 2568 117 2594 iores
127 2571 205 2595 sunt:
219 2569 236 2596 ii
252 2574 318 2597 sunt
332 2571 379 2605 qui
392 2571 452 2598 ideo
466 2579 521 2599 non
539 2573 640 2606 vident,
655 2574 719 2608 quia
733 2573 828 2601 oculos

58 2614 138 2641 sPonte
151 2614 314 2643 clauserant.
339 2615 396 2643 Iloc
411 2621 502 2644 autem
527 2617 562 2645 ita
584 2626 645 2645 esse
660 2623 690 2646 ut
708 2620 828 2647 asserui-

59 2659 121 2704 Iiius,
149 2657 272 2704 Salvator
295 2661 362 2688 mihi
389 2662 548 2691 testimonio
571 2664 637 2697 erit,
657 2664 777 2693 dicens:
798 2665 828 2694 Si

57 2702 107 2724 tit-ct
126 2702 223 2736 essetis,
241 2710 292 2730 non
314 2703 444 2732 haberetis
464 2711 616 2740 peccatum,-
640 2715 709 2734 nunc
731 2713 820 2735 autem

86 2777 104 2792 "
119 2778 186 2807 l‘sal.
200 2789 306 2810 xxxvii.
325 2781 353 2809 5.

56 2809 82 2841 ἲς
94 2813 178 2843 Matth.
192 2824 228 2850 tv,
246 2809 293 2844 iiii
329 2818 354 2835 ”
365 2809 557 2852 Jozuiiﬁrsﬂli

394 2783 416 2799 ³⁸
430 2783 512 2811 Zach.
530 2791 556 2811 v.
594 2785 618 2801 "
631 2783 716 2812 Exod.
739 2792 783 2812 xv.
823 2785 832 2800 ³

925 2805 930 2812 .
947 2793 1001 2816 LIV,
1019 2785 1044 2812 'l.
1083 2785 1103 2801 ³¹
1122 2784 1202 2812 Prov.
1222 2792 1301 2816 χχιιι,
1317 2785 1343 2811 5.

597 2819 619 2836 ”
635 2820 685 2848 Isn.
703 2819 859 2854 “11:1,”,
877 2820 919 2847 I5.

881 2254 951 2277 metu
965 2250 1058 2277 mortis
1080 2250 1108 2276 in
1130 2250 1313 2284 sempiternam
1329 2249 1411 2276 uitam
1425 2249 1462 2276 rei
1472 2250 1670 2277 erantseruitu-

881 2296 914 2322 tis
924 2296 956 2322 “.
976 2296 1063 2331 Igitur
1079 2295 1143 2330 quia
1160 2295 1239 2330 pueri.
1254 2295 1399 2330 participes
1414 2295 1503 2323 eﬂ‘ecti
1527 2301 1590 2322 sunt
1606 2304 1670 2323 san-

879 2341 971 2376 guinis
988 2345 1016 2368 et
1031 2342 1140 2372 carnis,
1158 2346 1185 2368 et
1208 2341 1333 2368 Salvator
1347 2346 1440 2368 noster
1457 2342 1670 2369 communicavit

880 2387 956 2415 carui
980 2392 1062 2422 atque
1084 2387 1221 2422 sanguini.
1238 2387 1362 2414 Alienum
1382 2387 1455 2414 enim
1471 2392 1529 2415 erat
1543 2395 1558 2415 a
1573 2392 1669 2417 natura

881 2439 908 2461 et
924 2433 1066 2461 divinitate
1089 2434 1158 2468 ejus,
1173 2434 1333 2469 sanguinein
1347 2438 1375 2461 et
1387 2441 1496 2461 carnem
1510 2434 1668 2470 suscipere:

881 2483 993 2514 propter
1009 2487 1059 2506 nos
1074 2484 1165 2506 autent
1181 2486 1212 2506 ea
1229 2487 1289 2514 qua:
1306 2479 1356 2506 sibi
1380 2483 1459 2506 erant
1473 2479 1560 2506 aliena
1576 2487 1670 2507 susce-

882 2526 940 2560 pit,
957 2530 986 2552 ut
1004 2525 1170 2553 domesticos
1185 2525 1236 2552 sibi
1257 2525 1359 2553 iaceret
1371 2525 1417 2560 qui
1434 2525 1573 2554 fueramus
1588 2527 1669 2555 alieni

881 2579 928 2606 per
947 2575 1102 2606 peccatum.
1127 2570 1161 2598 Et
1175 2571 1285 2606 quidem
1301 2571 1448 2606 Apostolus
1468 2571 1508 2598 sic
1526 2572 1668 2606 exposuit,

880 2617 974 2645 dicens
990 2627 997 2645 :
1014 2617 1084 2650 Quia
1099 2626 1159 2653 ergo
1179 2618 1252 2652 pueri
1270 2619 1528 2645 communicaverunt
1545 2618 1668 2651 sanguini

878 2669 903 2691 et
918 2664 1002 2698 carni,
1012 2659 1037 2690 et
1050 2664 1105 2698 ipse
1115 2665 1233 2699 proxime
1246 2672 1288 2691 eos
1302 2663 1388 2698 [actus
1397 2669 1435 2690 est
1446 2663 1493 2699 qui
1503 2664 1668 2698 participan-

878 2712 922 2735 tur
935 2716 1036 2736 eorum.
1053 2708 1109 2743 Ego
1121 2712 1211 2735 autem
1225 2708 1325 2738 dicam,
1341 2708 1471 2742 quoniam
1489 2707 1625 2742 quomodo
1634 2711 1663 2735 et

1383 2785 1404 2800 "
1417 2786 1469 2812 Isa.
1487 2794 1559 2819 uix,
1573 2787 1606 2820 9;
1623 2795 1660 2819 lx,

960 2820 982 2837 ⁸³
996 2819 1075 2848 Prov.
1095 2829 1132 2851 ix.
1147 2821 1172 2848 9.
1212 2820 1233 2835 ³⁸
1248 2819 1332 2848 Hebr.
1347 2829 1377 2853 Il,
1396 2821 1440 2852 15,
1458 2821 1500 2853 Η,
1519 2822 1560 2849 15.
