  <div class='ocr_page' id='page_1' title='image "/cluster/home/n/w/nwhite01/storage/ocr_20150623/13/njp.32101077772430/171.png"; bbox 0 0 1879 3046; ppageno 0'>
   <div class='ocr_carea' id='block_1_1' title="bbox 173 117 221 145">
    <p class='ocr_par' dir='ltr' id='par_1_1' title="bbox 173 117 221 145">
     <span class='ocr_line' id='line_1_1' title="bbox 173 117 221 145; baseline -0.063 1"><span class='ocrx_word' id='word_1_1' title='bbox 173 117 221 145; x_wconf 65' lang='grc'><strong>231</strong></span> 
     </span>
    </p>
   </div>
   <div class='ocr_carea' id='block_1_2' title="bbox 899 106 1061 135">
    <p class='ocr_par' dir='ltr' id='par_1_2' title="bbox 899 106 1061 135">
     <span class='ocr_line' id='line_1_2' title="bbox 899 106 1061 135; baseline -0.006 -1"><span class='ocrx_word' id='word_1_2' title='bbox 899 106 1061 135; x_wconf 78' lang='lat' dir='ltr'><strong>ORIGENIS</strong></span> 
     </span>
    </p>
   </div>
   <div class='ocr_carea' id='block_1_3' title="bbox 1745 100 1796 128">
    <p class='ocr_par' dir='ltr' id='par_1_3' title="bbox 1745 100 1796 128">
     <span class='ocr_line' id='line_1_3' title="bbox 1745 100 1796 128; baseline 0 0"><span class='ocrx_word' id='word_1_3' title='bbox 1745 100 1796 128; x_wconf 66' lang='lat' dir='ltr'><strong>Q39</strong></span> 
     </span>
    </p>
   </div>
   <div class='ocr_carea' id='block_1_4' title="bbox 174 159 1797 212">
    <p class='ocr_par' dir='ltr' id='par_1_4' title="bbox 174 159 1797 212">
     <span class='ocr_line' id='line_1_4' title="bbox 174 159 1797 212; baseline -0.011 -8"><span class='ocrx_word' id='word_1_4' title='bbox 174 179 255 212; x_wconf 72' lang='lat' dir='ltr'><strong>pedes</strong></span> <span class='ocrx_word' id='word_1_5' title='bbox 271 174 440 204; x_wconf 82' lang='lat' dir='ltr'><strong>abscondunt</strong></span> <span class='ocrx_word' id='word_1_6' title='bbox 459 178 520 200; x_wconf 88' lang='lat' dir='ltr'><strong>ante</strong></span> <span class='ocrx_word' id='word_1_7' title='bbox 535 172 659 199; x_wconf 81' lang='lat' dir='ltr'><strong>homines</strong></span> <span class='ocrx_word' id='word_1_8' title='bbox 672 171 819 206; x_wconf 80' lang='lat' dir='ltr'><strong>seraphim.</strong></span> <span class='ocrx_word' id='word_1_9' title='bbox 837 169 957 196; x_wconf 75' lang='lat' dir='ltr'><strong>Novissi-</strong></span> <span class='ocrx_word' id='word_1_10' title='bbox 975 174 995 200; x_wconf 78' lang='grc' dir='ltr'><strong>Α</strong></span> <span class='ocrx_word' id='word_1_11' title='bbox 1011 172 1085 198; x_wconf 86' lang='lat' dir='ltr'><strong>sunt,</strong></span> <span class='ocrx_word' id='word_1_12' title='bbox 1102 175 1115 193; x_wconf 84' lang='lat' dir='ltr'><strong>a</strong></span> <span class='ocrx_word' id='word_1_13' title='bbox 1134 164 1268 200; x_wconf 83' lang='lat' dir='ltr'><strong>scraphim</strong></span> <span class='ocrx_word' id='word_1_14' title='bbox 1285 162 1472 198; x_wconf 79' lang='lat' dir='ltr'><strong>prophetatur,</strong></span> <span class='ocrx_word' id='word_1_15' title='bbox 1489 161 1552 195; x_wconf 89' lang='lat' dir='ltr'><strong>quia</strong></span> <span class='ocrx_word' id='word_1_16' title='bbox 1576 159 1700 187; x_wconf 84' lang='lat' dir='ltr'><strong>futurum</strong></span> <span class='ocrx_word' id='word_1_17' title='bbox 1716 161 1750 186; x_wconf 90' lang='lat' dir='ltr'><strong>sit</strong></span> <span class='ocrx_word' id='word_1_18' title='bbox 1770 165 1797 187; x_wconf 88' lang='lat' dir='ltr'><strong>ut</strong></span> 
     </span>
    </p>
   </div>
   <div class='ocr_carea' id='block_1_5' title="bbox 175 215 960 252">
    <p class='ocr_par' dir='ltr' id='par_1_5' title="bbox 175 215 960 252">
     <span class='ocr_line' id='line_1_5' title="bbox 175 215 960 252; baseline -0.013 -2"><span class='ocrx_word' id='word_1_19' title='bbox 175 232 218 250; x_wconf 87' lang='lat' dir='ltr'><strong>ma</strong></span> <span class='ocrx_word' id='word_1_20' title='bbox 235 223 306 250; x_wconf 91' lang='lat' dir='ltr'><strong>enim</strong></span> <span class='ocrx_word' id='word_1_21' title='bbox 321 227 350 250; x_wconf 93' lang='lat' dir='ltr'><strong>ut</strong></span> <span class='ocrx_word' id='word_1_22' title='bbox 365 225 438 252; x_wconf 87' lang='lat' dir='ltr'><strong>sunt,</strong></span> <span class='ocrx_word' id='word_1_23' title='bbox 457 227 510 246; x_wconf 89' lang='lat' dir='ltr'><strong>non</strong></span> <span class='ocrx_word' id='word_1_24' title='bbox 528 220 618 245; x_wconf 86' lang='lat' dir='ltr'><strong>valent</strong></span> <span class='ocrx_word' id='word_1_25' title='bbox 629 217 760 245; x_wconf 74' lang='lat' dir='ltr'><strong>enarrari.</strong></span> <span class='ocrx_word' id='word_1_26' title='bbox 776 215 841 248; x_wconf 82' lang='lat' dir='ltr'><strong>Quis</strong></span> <span class='ocrx_word' id='word_1_27' title='bbox 855 223 960 241; x_wconf 78' lang='lat' dir='ltr'><strong>annun-</strong></span> 
     </span>
    </p>
   </div>
   <div class='ocr_carea' id='block_1_6' title="bbox 176 262 960 299">
    <p class='ocr_par' dir='ltr' id='par_1_6' title="bbox 176 262 960 299">
     <span class='ocr_line' id='line_1_6' title="bbox 176 262 960 299; baseline -0.011 -3"><span class='ocrx_word' id='word_1_28' title='bbox 176 270 293 296; x_wconf 80' lang='lat' dir='ltr'><strong>tiavitae</strong></span> <span class='ocrx_word' id='word_1_29' title='bbox 308 267 455 295; x_wconf 78' lang='lat' dir='ltr'><strong>novissimis</strong></span> <span class='ocrx_word' id='word_1_30' title='bbox 476 266 516 292; x_wconf 66' lang='grc' dir='ltr'><strong>⁵θῖ</strong></span> <span class='ocrx_word' id='word_1_31' title='bbox 533 265 569 292; x_wconf 87' lang='lat' dir='ltr'><strong>ait</strong></span> <span class='ocrx_word' id='word_1_32' title='bbox 587 265 736 299; x_wconf 85' lang='lat' dir='ltr'><strong>Scriptura.</strong></span> <span class='ocrx_word' id='word_1_33' title='bbox 758 263 823 295; x_wconf 72' lang='lat' dir='ltr'><strong>Qum</strong></span> <span class='ocrx_word' id='word_1_34' title='bbox 836 262 960 289; x_wconf 77' lang='lat' dir='ltr'><strong>videmus</strong></span> 
     </span>
    </p>
   </div>
   <div class='ocr_carea' id='block_1_7' title="bbox 178 307 960 349">
    <p class='ocr_par' dir='ltr' id='par_1_7' title="bbox 178 307 960 349">
     <span class='ocr_line' id='line_1_7' title="bbox 178 307 960 349; baseline -0.01 -8"><span class='ocrx_word' id='word_1_35' title='bbox 178 317 218 349; x_wconf 84' lang='lat' dir='ltr'><strong>(ut</strong></span> <span class='ocrx_word' id='word_1_36' title='bbox 230 319 319 342; x_wconf 88' lang='lat' dir='ltr'><strong>tamen</strong></span> <span class='ocrx_word' id='word_1_37' title='bbox 334 313 515 344; x_wconf 72' lang='lat' dir='ltr'><strong>concedatur,</strong></span> <span class='ocrx_word' id='word_1_38' title='bbox 533 312 594 346; x_wconf 90' lang='lat' dir='ltr'><strong>quia</strong></span> <span class='ocrx_word' id='word_1_39' title='bbox 612 311 701 344; x_wconf 85' lang='lat' dir='ltr'><strong>aliqua</strong></span> <span class='ocrx_word' id='word_1_40' title='bbox 724 309 856 341; x_wconf 75' lang='lat' dir='ltr'><strong>videmus)</strong></span> <span class='ocrx_word' id='word_1_41' title='bbox 872 307 960 334; x_wconf 88' lang='lat' dir='ltr'><strong>media</strong></span> 
     </span>
    </p>
   </div>
   <div class='ocr_carea' id='block_1_8' title="bbox 178 353 961 394">
    <p class='ocr_par' dir='ltr' id='par_1_8' title="bbox 178 353 961 394">
     <span class='ocr_line' id='line_1_8' title="bbox 178 353 961 394; baseline -0.01 -7"><span class='ocrx_word' id='word_1_42' title='bbox 178 365 242 387; x_wconf 82' lang='lat' dir='ltr'><strong>snnt</strong></span> <span class='ocrx_word' id='word_1_43' title='bbox 258 370 264 387; x_wconf 86' lang='lat'>:</span> <span class='ocrx_word' id='word_1_44' title='bbox 279 368 339 394; x_wconf 73' lang='lat' dir='ltr'><strong>qua:</strong></span> <span class='ocrx_word' id='word_1_45' title='bbox 350 365 412 386; x_wconf 92' lang='lat' dir='ltr'><strong>ante</strong></span> <span class='ocrx_word' id='word_1_46' title='bbox 427 358 554 385; x_wconf 91' lang='lat' dir='ltr'><strong>mundum</strong></span> <span class='ocrx_word' id='word_1_47' title='bbox 573 356 683 388; x_wconf 80' lang='lat' dir='ltr'><strong>fuerim,</strong></span> <span class='ocrx_word' id='word_1_48' title='bbox 708 355 875 389; x_wconf 79' lang='lat' dir='ltr'><strong>ignoramus.</strong></span> <span class='ocrx_word' id='word_1_49' title='bbox 892 353 961 379; x_wconf 86' lang='lat' dir='ltr'><strong>Fue—</strong></span> 
     </span>
    </p>
   </div>
   <div class='ocr_carea' id='block_1_9' title="bbox 178 401 962 441">
    <p class='ocr_par' dir='ltr' id='par_1_9' title="bbox 178 401 962 441">
     <span class='ocr_line' id='line_1_9' title="bbox 178 401 962 441; baseline -0.011 -7"><span class='ocrx_word' id='word_1_50' title='bbox 178 412 241 434; x_wconf 93' lang='lat' dir='ltr'><strong>runt</strong></span> <span class='ocrx_word' id='word_1_51' title='bbox 253 414 336 441; x_wconf 89' lang='lat' dir='ltr'><strong>porro</strong></span> <span class='ocrx_word' id='word_1_52' title='bbox 352 406 475 440; x_wconf 72' lang='lat' dir='ltr'><strong>quredam</strong></span> <span class='ocrx_word' id='word_1_53' title='bbox 490 408 551 431; x_wconf 90' lang='lat' dir='ltr'><strong>ante</strong></span> <span class='ocrx_word' id='word_1_54' title='bbox 566 403 706 430; x_wconf 90' lang='lat' dir='ltr'><strong>mundum.</strong></span> <span class='ocrx_word' id='word_1_55' title='bbox 719 401 785 434; x_wconf 67' lang='lat' dir='ltr'><strong>Qua:</strong></span> <span class='ocrx_word' id='word_1_56' title='bbox 806 404 868 434; x_wconf 86' lang='lat' dir='ltr'><strong>post</strong></span> <span class='ocrx_word' id='word_1_57' title='bbox 882 408 962 426; x_wconf 91' lang='lat' dir='ltr'><strong>mun-</strong></span> 
     </span>
    </p>
   </div>
   <div class='ocr_carea' id='block_1_10' title="bbox 178 445 960 482">
    <p class='ocr_par' dir='ltr' id='par_1_10' title="bbox 178 445 960 482">
     <span class='ocr_line' id='line_1_10' title="bbox 178 445 960 482; baseline -0.012 -3"><span class='ocrx_word' id='word_1_58' title='bbox 178 453 242 480; x_wconf 89' lang='lat' dir='ltr'><strong>dum</strong></span> <span class='ocrx_word' id='word_1_59' title='bbox 259 455 385 479; x_wconf 84' lang='lat' dir='ltr'><strong>secutura</strong></span> <span class='ocrx_word' id='word_1_60' title='bbox 402 451 465 482; x_wconf 87' lang='lat' dir='ltr'><strong>sint,</strong></span> <span class='ocrx_word' id='word_1_61' title='bbox 482 449 514 476; x_wconf 90' lang='lat' dir='ltr'><strong>ad</strong></span> <span class='ocrx_word' id='word_1_62' title='bbox 528 453 631 476; x_wconf 90' lang='lat' dir='ltr'><strong>certum</strong></span> <span class='ocrx_word' id='word_1_63' title='bbox 647 455 700 474; x_wconf 91' lang='lat' dir='ltr'><strong>non</strong></span> <span class='ocrx_word' id='word_1_64' title='bbox 721 445 960 481; x_wconf 86' lang='lat' dir='ltr'><strong>apprehendimus.</strong></span> 
     </span>
    </p>
   </div>
   <div class='ocr_carea' id='block_1_11' title="bbox 179 490 963 530">
    <p class='ocr_par' dir='ltr' id='par_1_11' title="bbox 179 490 963 530">
     <span class='ocr_line' id='line_1_11' title="bbox 179 490 963 530; baseline -0.011 -5"><span class='ocrx_word' id='word_1_65' title='bbox 179 497 264 524; x_wconf 88' lang='lat' dir='ltr'><strong>Erunt</strong></span> <span class='ocrx_word' id='word_1_66' title='bbox 279 501 367 524; x_wconf 78' lang='lat' dir='ltr'><strong>autem</strong></span> <span class='ocrx_word' id='word_1_67' title='bbox 384 497 433 523; x_wconf 88' lang='lat' dir='ltr'><strong>alia</strong></span> <span class='ocrx_word' id='word_1_68' title='bbox 448 499 507 530; x_wconf 88' lang='lat' dir='ltr'><strong>post</strong></span> <span class='ocrx_word' id='word_1_69' title='bbox 521 494 663 521; x_wconf 91' lang='lat' dir='ltr'><strong>mundum.</strong></span> <span class='ocrx_word' id='word_1_70' title='bbox 675 492 711 519; x_wconf 88' lang='lat' dir='ltr'><strong>Ea</strong></span> <span class='ocrx_word' id='word_1_71' title='bbox 726 492 808 527; x_wconf 84' lang='lat' dir='ltr'><strong>igitur</strong></span> <span class='ocrx_word' id='word_1_72' title='bbox 820 499 880 526; x_wconf 64' lang='lat' dir='ltr'><strong>qua:</strong></span> <span class='ocrx_word' id='word_1_73' title='bbox 894 490 963 517; x_wconf 90' lang='lat' dir='ltr'><strong>scri-</strong></span> 
     </span>
    </p>
   </div>
   <div class='ocr_carea' id='block_1_12' title="bbox 178 537 962 579">
    <p class='ocr_par' dir='ltr' id='par_1_12' title="bbox 178 537 962 579">
     <span class='ocr_line' id='line_1_12' title="bbox 178 537 962 579; baseline -0.014 -7"><span class='ocrx_word' id='word_1_74' title='bbox 178 550 223 579; x_wconf 87' lang='lat' dir='ltr'><strong>pta</strong></span> <span class='ocrx_word' id='word_1_75' title='bbox 243 548 306 571; x_wconf 87' lang='lat' dir='ltr'><strong>sunt</strong></span> <span class='ocrx_word' id='word_1_76' title='bbox 320 552 326 570; x_wconf 86' lang='lat'><strong>:</strong></span> <span class='ocrx_word' id='word_1_77' title='bbox 343 542 373 568; x_wconf 87' lang='lat' dir='ltr'><strong>In</strong></span> <span class='ocrx_word' id='word_1_78' title='bbox 385 541 514 576; x_wconf 82' lang='lat' dir='ltr'><strong>principio</strong></span> <span class='ocrx_word' id='word_1_79' title='bbox 533 540 594 574; x_wconf 84' lang='lat' dir='ltr'><strong>fecit</strong></span> <span class='ocrx_word' id='word_1_80' title='bbox 620 538 688 565; x_wconf 85' lang='lat' dir='ltr'><strong>Deus</strong></span> <span class='ocrx_word' id='word_1_81' title='bbox 704 537 796 564; x_wconf 65' lang='lat' dir='ltr'><strong>caelum</strong></span> <span class='ocrx_word' id='word_1_82' title='bbox 812 542 836 564; x_wconf 83' lang='lat' dir='ltr'><strong>et</strong></span> <span class='ocrx_word' id='word_1_83' title='bbox 854 541 962 568; x_wconf 80' lang='lat' dir='ltr'><strong>terram,</strong></span> 
     </span>
    </p>
   </div>
   <div class='ocr_carea' id='block_1_13' title="bbox 180 582 964 618">
    <p class='ocr_par' dir='ltr' id='par_1_13' title="bbox 180 582 964 618">
     <span class='ocr_line' id='line_1_13' title="bbox 180 582 964 618; baseline -0.011 -2"><span class='ocrx_word' id='word_1_84' title='bbox 180 596 250 617; x_wconf 83' lang='lat' dir='ltr'><strong>terra</strong></span> <span class='ocrx_word' id='word_1_85' title='bbox 262 594 346 615; x_wconf 74' lang='lat' dir='ltr'><strong>autem</strong></span> <span class='ocrx_word' id='word_1_86' title='bbox 358 593 412 614; x_wconf 83' lang='lat' dir='ltr'><strong>erat</strong></span> <span class='ocrx_word' id='word_1_87' title='bbox 424 586 561 613; x_wconf 78' lang='lat' dir='ltr'><strong>invisibilis</strong></span> <span class='ocrx_word' id='word_1_88' title='bbox 576 589 600 611; x_wconf 87' lang='lat' dir='ltr'><strong>et</strong></span> <span class='ocrx_word' id='word_1_89' title='bbox 617 585 800 618; x_wconf 77' lang='lat' dir='ltr'><strong>incomposita,</strong></span> <span class='ocrx_word' id='word_1_90' title='bbox 817 589 840 609; x_wconf 81' lang='lat' dir='ltr'><strong>at</strong></span> <span class='ocrx_word' id='word_1_91' title='bbox 854 582 964 608; x_wconf 67' lang='lat' dir='ltr'><strong>tenebrat</strong></span> 
     </span>
    </p>
   </div>
   <div class='ocr_carea' id='block_1_14' title="bbox 178 629 965 668">
    <p class='ocr_par' dir='ltr' id='par_1_14' title="bbox 178 629 965 668">
     <span class='ocr_line' id='line_1_14' title="bbox 178 629 965 668; baseline -0.013 -5"><span class='ocrx_word' id='word_1_92' title='bbox 178 640 252 663; x_wconf 66' lang='lat' dir='ltr'><strong>erant</strong></span> <span class='ocrx_word' id='word_1_93' title='bbox 268 643 344 668; x_wconf 83' lang='lat' dir='ltr'><strong>super</strong></span> <span class='ocrx_word' id='word_1_94' title='bbox 354 634 486 668; x_wconf 83' lang='lat' dir='ltr'><strong>abyssum,</strong></span> <span class='ocrx_word' id='word_1_95' title='bbox 501 637 525 658; x_wconf 89' lang='lat' dir='ltr'><strong>el</strong></span> <span class='ocrx_word' id='word_1_96' title='bbox 539 631 649 666; x_wconf 81' lang='lat' dir='ltr'><strong>spiritus</strong></span> <span class='ocrx_word' id='word_1_97' title='bbox 667 630 712 656; x_wconf 79' lang='lat' dir='ltr'><strong>Dei</strong></span> <span class='ocrx_word' id='word_1_98' title='bbox 730 629 864 664; x_wconf 75' lang='lat' dir='ltr'><strong>ferebatur</strong></span> <span class='ocrx_word' id='word_1_99' title='bbox 887 636 965 662; x_wconf 82' lang='lat' dir='ltr'><strong>super</strong></span> 
     </span>
    </p>
   </div>
   <div class='ocr_carea' id='block_1_15' title="bbox 178 674 963 716">
    <p class='ocr_par' dir='ltr' id='par_1_15' title="bbox 178 674 963 716">
     <span class='ocr_line' id='line_1_15' title="bbox 178 674 963 716; baseline -0.009 -9"><span class='ocrx_word' id='word_1_100' title='bbox 178 689 260 716; x_wconf 67' lang='lat' dir='ltr'><strong>aquas</strong></span> <span class='ocrx_word' id='word_1_101' title='bbox 277 680 309 712; x_wconf 78' lang='grc'><strong>⁸⁷,</strong></span> <span class='ocrx_word' id='word_1_102' title='bbox 320 678 570 713; x_wconf 77' lang='lat' dir='ltr'><strong>apprehenduntur.</strong></span> <span class='ocrx_word' id='word_1_103' title='bbox 590 676 696 703; x_wconf 74' lang='lat' dir='ltr'><strong>Mundae</strong></span> <span class='ocrx_word' id='word_1_104' title='bbox 710 679 787 702; x_wconf 87' lang='lat' dir='ltr'><strong>erant</strong></span> <span class='ocrx_word' id='word_1_105' title='bbox 804 682 881 709; x_wconf 73' lang='lat' dir='ltr'><strong>aqua:</strong></span> <span class='ocrx_word' id='word_1_106' title='bbox 895 674 963 705; x_wconf 62' lang='lat' dir='ltr'><strong>istae,</strong></span> 
     </span>
    </p>
   </div>
   <div class='ocr_carea' id='block_1_16' title="bbox 180 720 966 760">
    <p class='ocr_par' dir='ltr' id='par_1_16' title="bbox 180 720 966 760">
     <span class='ocr_line' id='line_1_16' title="bbox 180 720 966 760; baseline -0.01 -7"><span class='ocrx_word' id='word_1_107' title='bbox 180 727 205 752; x_wconf 90' lang='lat' dir='ltr'><strong>in</strong></span> <span class='ocrx_word' id='word_1_108' title='bbox 222 726 320 760; x_wconf 90' lang='lat' dir='ltr'><strong>quibus</strong></span> <span class='ocrx_word' id='word_1_109' title='bbox 345 724 490 751; x_wconf 87' lang='lat' dir='ltr'><strong>incubabat</strong></span> <span class='ocrx_word' id='word_1_110' title='bbox 512 723 624 757; x_wconf 86' lang='lat' dir='ltr'><strong>spiritus</strong></span> <span class='ocrx_word' id='word_1_111' title='bbox 645 721 700 748; x_wconf 89' lang='lat' dir='ltr'><strong>Dei.</strong></span> <span class='ocrx_word' id='word_1_112' title='bbox 724 721 775 747; x_wconf 90' lang='lat' dir='ltr'><strong>Sed</strong></span> <span class='ocrx_word' id='word_1_113' title='bbox 801 726 827 747; x_wconf 89' lang='lat' dir='ltr'><strong>et</strong></span> <span class='ocrx_word' id='word_1_114' title='bbox 850 720 966 747; x_wconf 70' lang='lat' dir='ltr'><strong>tcuehra:</strong></span> 
     </span>
    </p>
   </div>
   <div class='ocr_carea' id='block_1_17' title="bbox 178 765 964 806">
    <p class='ocr_par' dir='ltr' id='par_1_17' title="bbox 178 765 964 806">
     <span class='ocr_line' id='line_1_17' title="bbox 178 765 964 806; baseline -0.009 -8"><span class='ocrx_word' id='word_1_115' title='bbox 178 779 238 806; x_wconf 63' lang='lat' dir='ltr'><strong>quae</strong></span> <span class='ocrx_word' id='word_1_116' title='bbox 264 779 346 806; x_wconf 91' lang='lat' dir='ltr'><strong>super</strong></span> <span class='ocrx_word' id='word_1_117' title='bbox 373 771 501 805; x_wconf 78' lang='lat' dir='ltr'><strong>abyssum</strong></span> <span class='ocrx_word' id='word_1_118' title='bbox 528 773 624 799; x_wconf 81' lang='lat' dir='ltr'><strong>erant,</strong></span> <span class='ocrx_word' id='word_1_119' title='bbox 652 775 705 793; x_wconf 93' lang='lat' dir='ltr'><strong>non</strong></span> <span class='ocrx_word' id='word_1_120' title='bbox 735 770 799 793; x_wconf 91' lang='lat' dir='ltr'><strong>sunt</strong></span> <span class='ocrx_word' id='word_1_121' title='bbox 829 765 964 799; x_wconf 74' lang='lat' dir='ltr'><strong>ingenitze.</strong></span> 
     </span>
    </p>
   </div>
   <div class='ocr_carea' id='block_1_18' title="bbox 180 809 965 851">
    <p class='ocr_par' dir='ltr' id='par_1_18' title="bbox 180 809 965 851">
     <span class='ocr_line' id='line_1_18' title="bbox 180 809 965 851; baseline -0.011 -7"><span class='ocrx_word' id='word_1_122' title='bbox 180 816 329 851; x_wconf 88' lang='lat' dir='ltr'><strong>Utrumque</strong></span> <span class='ocrx_word' id='word_1_123' title='bbox 357 815 429 842; x_wconf 88' lang='lat' dir='ltr'><strong>enim</strong></span> <span class='ocrx_word' id='word_1_124' title='bbox 453 822 484 840; x_wconf 84' lang='lat' dir='ltr'><strong>ex</strong></span> <span class='ocrx_word' id='word_1_125' title='bbox 513 813 597 840; x_wconf 91' lang='lat' dir='ltr'><strong>nihilo</strong></span> <span class='ocrx_word' id='word_1_126' title='bbox 622 817 742 838; x_wconf 78' lang='lat' dir='ltr'><strong>creatum</strong></span> <span class='ocrx_word' id='word_1_127' title='bbox 768 815 818 838; x_wconf 88' lang='lat' dir='ltr'><strong>cst.</strong></span> <span class='ocrx_word' id='word_1_128' title='bbox 842 810 909 836; x_wconf 81' lang='lat' dir='ltr'><strong>Audi</strong></span> <span class='ocrx_word' id='word_1_129' title='bbox 939 809 965 835; x_wconf 93' lang='lat' dir='ltr'><strong>in</strong></span> 
     </span>
    </p>
   </div>
   <div class='ocr_carea' id='block_1_19' title="bbox 179 854 967 892">
    <p class='ocr_par' dir='ltr' id='par_1_19' title="bbox 179 854 967 892">
     <span class='ocr_line' id='line_1_19' title="bbox 179 854 967 892; baseline -0.011 -3"><span class='ocrx_word' id='word_1_130' title='bbox 179 863 247 889; x_wconf 80' lang='lat' dir='ltr'><strong>Isaia</strong></span> <span class='ocrx_word' id='word_1_131' title='bbox 265 862 399 888; x_wconf 73' lang='lat' dir='ltr'><strong>dicentem</strong></span> <span class='ocrx_word' id='word_1_132' title='bbox 416 859 561 886; x_wconf 85' lang='lat' dir='ltr'><strong>Dominum</strong></span> <span class='ocrx_word' id='word_1_133' title='bbox 583 867 589 885; x_wconf 93' lang='lat'><strong>:</strong></span> <span class='ocrx_word' id='word_1_134' title='bbox 608 857 662 892; x_wconf 81' lang='lat' dir='ltr'><strong>Ego</strong></span> <span class='ocrx_word' id='word_1_135' title='bbox 680 856 749 882; x_wconf 85' lang='lat' dir='ltr'><strong>Deus</strong></span> <span class='ocrx_word' id='word_1_136' title='bbox 767 856 811 890; x_wconf 85' lang='lat' dir='ltr'><strong>qui</strong></span> <span class='ocrx_word' id='word_1_137' title='bbox 832 854 967 881; x_wconf 73' lang='lat' dir='ltr'><strong>roustruxi</strong></span> 
     </span>
    </p>
   </div>
   <div class='ocr_carea' id='block_1_20' title="bbox 181 899 966 940">
    <p class='ocr_par' dir='ltr' id='par_1_20' title="bbox 181 899 966 940">
     <span class='ocr_line' id='line_1_20' title="bbox 181 899 966 940; baseline -0.011 -6"><span class='ocrx_word' id='word_1_138' title='bbox 181 908 275 938; x_wconf 87' lang='lat' dir='ltr'><strong>lucem,</strong></span> <span class='ocrx_word' id='word_1_139' title='bbox 292 911 315 933; x_wconf 82' lang='grc' dir='ltr'>ει</span> <span class='ocrx_word' id='word_1_140' title='bbox 334 906 384 940; x_wconf 84' lang='lat' dir='ltr'><strong>feci</strong></span> <span class='ocrx_word' id='word_1_141' title='bbox 399 904 517 931; x_wconf 78' lang='lat' dir='ltr'><strong>tenebras</strong></span> <span class='ocrx_word' id='word_1_142' title='bbox 532 903 564 929; x_wconf 67' lang='grc'><strong>⁸⁵.</strong></span> <span class='ocrx_word' id='word_1_143' title='bbox 591 902 661 928; x_wconf 85' lang='lat' dir='ltr'><strong>Audi</strong></span> <span class='ocrx_word' id='word_1_144' title='bbox 675 901 835 936; x_wconf 85' lang='lat' dir='ltr'><strong>sapientiam</strong></span> <span class='ocrx_word' id='word_1_145' title='bbox 857 900 883 926; x_wconf 93' lang='lat' dir='ltr'><strong>in</strong></span> <span class='ocrx_word' id='word_1_146' title='bbox 899 899 966 925; x_wconf 84' lang='lat' dir='ltr'><strong>Pro-</strong></span> 
     </span>
    </p>
   </div>
   <div class='ocr_carea' id='block_1_21' title="bbox 181 944 967 983">
    <p class='ocr_par' dir='ltr' id='par_1_21' title="bbox 181 944 967 983">
     <span class='ocr_line' id='line_1_21' title="bbox 181 944 967 983; baseline -0.009 -7"><span class='ocrx_word' id='word_1_147' title='bbox 181 949 283 976; x_wconf 84' lang='lat' dir='ltr'><strong>verbiis</strong></span> <span class='ocrx_word' id='word_1_148' title='bbox 309 949 498 983; x_wconf 69' lang='lat' dir='ltr'><strong>prmdicantcm</strong></span> <span class='ocrx_word' id='word_1_149' title='bbox 526 955 533 973; x_wconf 89' lang='lat'><strong><em>:</em></strong></span> <span class='ocrx_word' id='word_1_150' title='bbox 568 947 634 972; x_wconf 78' lang='lat' dir='ltr'><strong>Ante</strong></span> <span class='ocrx_word' id='word_1_151' title='bbox 658 952 747 971; x_wconf 84' lang='lat' dir='ltr'><strong>omnes</strong></span> <span class='ocrx_word' id='word_1_152' title='bbox 776 944 882 978; x_wconf 85' lang='lat' dir='ltr'><strong>abyssos</strong></span> <span class='ocrx_word' id='word_1_153' title='bbox 905 948 967 970; x_wconf 83' lang='lat' dir='ltr'><strong>nuta</strong></span> 
     </span>
    </p>
   </div>
   <div class='ocr_carea' id='block_1_22' title="bbox 183 987 968 1025">
    <p class='ocr_par' dir='ltr' id='par_1_22' title="bbox 183 987 968 1025">
     <span class='ocr_line' id='line_1_22' title="bbox 183 987 968 1025; baseline -0.009 -5"><span class='ocrx_word' id='word_1_154' title='bbox 183 1002 241 1020; x_wconf 82' lang='lat' dir='ltr'><strong>sum</strong></span> <span class='ocrx_word' id='word_1_155' title='bbox 261 993 293 1019; x_wconf 67' lang='grc' dir='ltr'><strong>θ’.</strong></span> <span class='ocrx_word' id='word_1_156' title='bbox 310 992 368 1019; x_wconf 85' lang='lat' dir='ltr'><strong>Non</strong></span> <span class='ocrx_word' id='word_1_157' title='bbox 385 996 464 1019; x_wconf 87' lang='lat' dir='ltr'><strong>erant</strong></span> <span class='ocrx_word' id='word_1_158' title='bbox 483 991 532 1018; x_wconf 85' lang='lat' dir='ltr'><strong>ista</strong></span> <span class='ocrx_word' id='word_1_159' title='bbox 551 990 668 1025; x_wconf 77' lang='lat' dir='ltr'><strong>ingenita</strong></span> <span class='ocrx_word' id='word_1_160' title='bbox 680 1009 687 1021; x_wconf 82' lang='lat'><strong>,</strong></span> <span class='ocrx_word' id='word_1_161' title='bbox 705 989 751 1016; x_wconf 90' lang='lat' dir='ltr'><strong>sed</strong></span> <span class='ocrx_word' id='word_1_162' title='bbox 774 988 900 1022; x_wconf 82' lang='lat' dir='ltr'><strong>quando,</strong></span> <span class='ocrx_word' id='word_1_163' title='bbox 929 987 968 1013; x_wconf 79' lang='lat' dir='ltr'><strong>\cI</strong></span> 
     </span>
    </p>
   </div>
   <div class='ocr_carea' id='block_1_23' title="bbox 183 1034 969 1074">
    <p class='ocr_par' dir='ltr' id='par_1_23' title="bbox 183 1034 969 1074">
     <span class='ocr_line' id='line_1_23' title="bbox 183 1034 969 1074; baseline -0.009 -9"><span class='ocrx_word' id='word_1_164' title='bbox 183 1038 322 1074; x_wconf 88' lang='lat' dir='ltr'><strong>quomodo</strong></span> <span class='ocrx_word' id='word_1_165' title='bbox 335 1043 398 1065; x_wconf 91' lang='lat' dir='ltr'><strong>sunt</strong></span> <span class='ocrx_word' id='word_1_166' title='bbox 413 1042 486 1068; x_wconf 92' lang='lat' dir='ltr'><strong>nala,</strong></span> <span class='ocrx_word' id='word_1_167' title='bbox 504 1036 606 1063; x_wconf 88' lang='lat' dir='ltr'><strong>nescio.</strong></span> <span class='ocrx_word' id='word_1_168' title='bbox 625 1035 754 1062; x_wconf 80' lang='lat' dir='ltr'><strong>VcIantur</strong></span> <span class='ocrx_word' id='word_1_169' title='bbox 767 1034 838 1061; x_wconf 89' lang='lat' dir='ltr'><strong>enim</strong></span> <span class='ocrx_word' id='word_1_170' title='bbox 860 1041 875 1059; x_wconf 92' lang='lat' dir='ltr'><strong>a</strong></span> <span class='ocrx_word' id='word_1_171' title='bbox 893 1040 969 1059; x_wconf 79' lang='lat' dir='ltr'><strong>scra-</strong></span> 
     </span>
    </p>
   </div>
   <div class='ocr_carea' id='block_1_24' title="bbox 184 1079 969 1119">
    <p class='ocr_par' dir='ltr' id='par_1_24' title="bbox 184 1079 969 1119">
     <span class='ocr_line' id='line_1_24' title="bbox 184 1079 969 1119; baseline -0.008 -8"><span class='ocrx_word' id='word_1_172' title='bbox 184 1085 257 1119; x_wconf 89' lang='lat' dir='ltr'><strong>phim</strong></span> <span class='ocrx_word' id='word_1_173' title='bbox 273 1085 362 1119; x_wconf 86' lang='lat' dir='ltr'><strong>priora</strong></span> <span class='ocrx_word' id='word_1_174' title='bbox 377 1091 488 1118; x_wconf 85' lang='lat' dir='ltr'><strong>operum</strong></span> <span class='ocrx_word' id='word_1_175' title='bbox 505 1082 562 1114; x_wconf 89' lang='lat' dir='ltr'><strong>Dei,</strong></span> <span class='ocrx_word' id='word_1_176' title='bbox 579 1082 605 1108; x_wconf 85' lang='lat' dir='ltr'><strong>id</strong></span> <span class='ocrx_word' id='word_1_177' title='bbox 618 1087 658 1109; x_wconf 90' lang='lat' dir='ltr'><strong>est</strong></span> <span class='ocrx_word' id='word_1_178' title='bbox 671 1081 754 1108; x_wconf 82' lang='lat' dir='ltr'><strong>facies</strong></span> <span class='ocrx_word' id='word_1_179' title='bbox 770 1080 827 1113; x_wconf 89' lang='lat' dir='ltr'><strong>Dei;</strong></span> <span class='ocrx_word' id='word_1_180' title='bbox 844 1079 969 1107; x_wconf 90' lang='lat' dir='ltr'><strong>similiter</strong></span> 
     </span>
    </p>
   </div>
   <div class='ocr_carea' id='block_1_25' title="bbox 183 1125 968 1164">
    <p class='ocr_par' dir='ltr' id='par_1_25' title="bbox 183 1125 968 1164">
     <span class='ocr_line' id='line_1_25' title="bbox 183 1125 968 1164; baseline -0.008 -7"><span class='ocrx_word' id='word_1_181' title='bbox 183 1134 273 1157; x_wconf 85' lang='lat' dir='ltr'><strong>autem</strong></span> <span class='ocrx_word' id='word_1_182' title='bbox 291 1135 316 1156; x_wconf 91' lang='lat' dir='ltr'><strong>et</strong></span> <span class='ocrx_word' id='word_1_183' title='bbox 334 1129 425 1164; x_wconf 74' lang='lat' dir='ltr'><strong>pedes.</strong></span> <span class='ocrx_word' id='word_1_184' title='bbox 451 1129 486 1155; x_wconf 80' lang='lat' dir='ltr'><strong>Ea</strong></span> <span class='ocrx_word' id='word_1_185' title='bbox 504 1136 564 1162; x_wconf 73' lang='lat' dir='ltr'><strong>qua:</strong></span> <span class='ocrx_word' id='word_1_186' title='bbox 586 1131 648 1162; x_wconf 84' lang='lat' dir='ltr'><strong>post</strong></span> <span class='ocrx_word' id='word_1_187' title='bbox 670 1131 821 1153; x_wconf 84' lang='lat' dir='ltr'><strong>extremum</strong></span> <span class='ocrx_word' id='word_1_188' title='bbox 838 1125 968 1152; x_wconf 66' lang='lat' dir='ltr'><strong>saeculum</strong></span> 
     </span>
    </p>
   </div>
   <div class='ocr_carea' id='block_1_26' title="bbox 185 1172 970 1206">
    <p class='ocr_par' dir='ltr' id='par_1_26' title="bbox 185 1172 970 1206">
     <span class='ocr_line' id='line_1_26' title="bbox 185 1172 970 1206; baseline -0.005 -5"><span class='ocrx_word' id='word_1_189' title='bbox 185 1175 275 1202; x_wconf 83' lang='lat' dir='ltr'><strong>futura</strong></span> <span class='ocrx_word' id='word_1_190' title='bbox 290 1178 354 1202; x_wconf 89' lang='lat' dir='ltr'><strong>sunt</strong></span> <span class='ocrx_word' id='word_1_191' title='bbox 368 1174 394 1200; x_wconf 88' lang='lat' dir='ltr'><strong>in</strong></span> <span class='ocrx_word' id='word_1_192' title='bbox 410 1173 508 1201; x_wconf 75' lang='lat' dir='ltr'><strong>szecula</strong></span> <span class='ocrx_word' id='word_1_193' title='bbox 524 1173 695 1203; x_wconf 76' lang='lat' dir='ltr'><strong>saeculorum,</strong></span> <span class='ocrx_word' id='word_1_194' title='bbox 707 1172 769 1206; x_wconf 85' lang='lat' dir='ltr'><strong>quis</strong></span> <span class='ocrx_word' id='word_1_195' title='bbox 785 1175 874 1206; x_wconf 88' lang='lat' dir='ltr'><strong>potest</strong></span> <span class='ocrx_word' id='word_1_196' title='bbox 887 1178 970 1205; x_wconf 80' lang='lat' dir='ltr'><strong>expo-</strong></span> 
     </span>
    </p>
   </div>
   <div class='ocr_carea' id='block_1_27' title="bbox 185 1217 969 1247">
    <p class='ocr_par' dir='ltr' id='par_1_27' title="bbox 185 1217 969 1247">
     <span class='ocr_line' id='line_1_27' title="bbox 185 1217 969 1247; baseline -0.005 0"><span class='ocrx_word' id='word_1_197' title='bbox 185 1220 267 1247; x_wconf 80' lang='lat' dir='ltr'><strong>nere?</strong></span> <span class='ocrx_word' id='word_1_198' title='bbox 287 1219 463 1247; x_wconf 86' lang='lat' dir='ltr'><strong>Garrulorum</strong></span> <span class='ocrx_word' id='word_1_199' title='bbox 489 1223 531 1246; x_wconf 88' lang='lat' dir='ltr'><strong>est</strong></span> <span class='ocrx_word' id='word_1_200' title='bbox 555 1219 695 1246; x_wconf 89' lang='lat' dir='ltr'><strong>hominum</strong></span> <span class='ocrx_word' id='word_1_201' title='bbox 722 1218 818 1244; x_wconf 94' lang='lat' dir='ltr'><strong>horum</strong></span> <span class='ocrx_word' id='word_1_202' title='bbox 845 1217 969 1244; x_wconf 86' lang='lat' dir='ltr'><strong>notitiam</strong></span> 
     </span>
    </p>
   </div>
   <div class='ocr_carea' id='block_1_28' title="bbox 184 1265 971 1300">
    <p class='ocr_par' dir='ltr' id='par_1_28' title="bbox 184 1265 971 1300">
     <span class='ocr_line' id='line_1_28' title="bbox 184 1265 971 1300; baseline -0.006 -7"><span class='ocrx_word' id='word_1_203' title='bbox 184 1265 313 1300; x_wconf 89' lang='lat' dir='ltr'><strong>polliceri,</strong></span> <span class='ocrx_word' id='word_1_204' title='bbox 327 1265 504 1292; x_wconf 83' lang='lat' dir='ltr'><strong>nescientium</strong></span> <span class='ocrx_word' id='word_1_205' title='bbox 517 1265 579 1299; x_wconf 85' lang='lat' dir='ltr'><strong>quia</strong></span> <span class='ocrx_word' id='word_1_206' title='bbox 596 1265 679 1291; x_wconf 91' lang='lat' dir='ltr'><strong>homo</strong></span> <span class='ocrx_word' id='word_1_207' title='bbox 702 1271 733 1290; x_wconf 85' lang='lat' dir='ltr'><strong>ea</strong></span> <span class='ocrx_word' id='word_1_208' title='bbox 760 1267 864 1290; x_wconf 89' lang='lat' dir='ltr'><strong>tantum</strong></span> <span class='ocrx_word' id='word_1_209' title='bbox 881 1266 971 1296; x_wconf 83' lang='lat' dir='ltr'><strong>potest</strong></span> 
     </span>
    </p>
   </div>
   <div class='ocr_carea' id='block_1_29' title="bbox 183 1308 969 1346">
    <p class='ocr_par' dir='ltr' id='par_1_29' title="bbox 183 1308 969 1346">
     <span class='ocr_line' id='line_1_29' title="bbox 183 1308 969 1346; baseline -0.005 -8"><span class='ocrx_word' id='word_1_210' title='bbox 183 1319 280 1346; x_wconf 81' lang='lat' dir='ltr'><strong>capere</strong></span> <span class='ocrx_word' id='word_1_211' title='bbox 294 1319 354 1345; x_wconf 82' lang='lat' dir='ltr'><strong>qtue</strong></span> <span class='ocrx_word' id='word_1_212' title='bbox 373 1311 460 1338; x_wconf 88' lang='lat' dir='ltr'><strong>media</strong></span> <span class='ocrx_word' id='word_1_213' title='bbox 486 1314 559 1342; x_wconf 89' lang='lat' dir='ltr'><strong>sunt,</strong></span> <span class='ocrx_word' id='word_1_214' title='bbox 572 1314 598 1336; x_wconf 92' lang='lat' dir='ltr'><strong>et</strong></span> <span class='ocrx_word' id='word_1_215' title='bbox 617 1317 648 1336; x_wconf 81' lang='lat' dir='ltr'><strong>ea</strong></span> <span class='ocrx_word' id='word_1_216' title='bbox 666 1317 725 1343; x_wconf 67' lang='lat' dir='ltr'><strong>qua:</strong></span> <span class='ocrx_word' id='word_1_217' title='bbox 753 1312 813 1342; x_wconf 89' lang='lat' dir='ltr'><strong>post</strong></span> <span class='ocrx_word' id='word_1_218' title='bbox 841 1308 969 1335; x_wconf 86' lang='lat' dir='ltr'><strong>mundum</strong></span> 
     </span>
    </p>
   </div>
   <div class='ocr_carea' id='block_1_30' title="bbox 185 1353 969 1391">
    <p class='ocr_par' dir='ltr' id='par_1_30' title="bbox 185 1353 969 1391">
     <span class='ocr_line' id='line_1_30' title="bbox 185 1353 969 1391; baseline -0.004 -8"><span class='ocrx_word' id='word_1_219' title='bbox 185 1364 272 1391; x_wconf 91' lang='lat' dir='ltr'><strong>usque</strong></span> <span class='ocrx_word' id='word_1_220' title='bbox 287 1357 319 1382; x_wconf 91' lang='lat' dir='ltr'><strong>ad</strong></span> <span class='ocrx_word' id='word_1_221' title='bbox 336 1355 599 1382; x_wconf 85' lang='lat' dir='ltr'><strong>consummationem</strong></span> <span class='ocrx_word' id='word_1_222' title='bbox 616 1355 642 1380; x_wconf 93' lang='lat' dir='ltr'><strong>in</strong></span> <span class='ocrx_word' id='word_1_223' title='bbox 662 1353 765 1388; x_wconf 82' lang='lat' dir='ltr'><strong>judicio</strong></span> <span class='ocrx_word' id='word_1_224' title='bbox 783 1358 846 1380; x_wconf 91' lang='lat' dir='ltr'><strong>sunt</strong></span> <span class='ocrx_word' id='word_1_225' title='bbox 867 1353 969 1384; x_wconf 83' lang='lat' dir='ltr'><strong>futura.</strong></span> 
     </span>
    </p>
   </div>
   <div class='ocr_carea' id='block_1_31' title="bbox 185 1399 970 1436">
    <p class='ocr_par' dir='ltr' id='par_1_31' title="bbox 185 1399 970 1436">
     <span class='ocr_line' id='line_1_31' title="bbox 185 1399 970 1436; baseline -0.003 -8"><span class='ocrx_word' id='word_1_226' title='bbox 185 1402 218 1428; x_wconf 86' lang='lat' dir='ltr'><strong>de</strong></span> <span class='ocrx_word' id='word_1_227' title='bbox 233 1402 331 1436; x_wconf 69' lang='lat' dir='ltr'><strong>pmnis,</strong></span> <span class='ocrx_word' id='word_1_228' title='bbox 344 1401 376 1428; x_wconf 81' lang='lat' dir='ltr'><strong>de</strong></span> <span class='ocrx_word' id='word_1_229' title='bbox 390 1401 575 1427; x_wconf 85' lang='lat' dir='ltr'><strong>retributione.</strong></span> <span class='ocrx_word' id='word_1_230' title='bbox 597 1399 630 1426; x_wconf 88' lang='lat' dir='ltr'><strong>Et</strong></span> <span class='ocrx_word' id='word_1_231' title='bbox 644 1399 741 1426; x_wconf 92' lang='lat' dir='ltr'><strong>horum</strong></span> <span class='ocrx_word' id='word_1_232' title='bbox 761 1407 870 1434; x_wconf 86' lang='lat' dir='ltr'><strong>quoque</strong></span> <span class='ocrx_word' id='word_1_233' title='bbox 887 1400 970 1426; x_wconf 84' lang='lat' dir='ltr'><strong>multa</strong></span> 
     </span>
    </p>
   </div>
   <div class='ocr_carea' id='block_1_32' title="bbox 186 1444 971 1479">
    <p class='ocr_par' dir='ltr' id='par_1_32' title="bbox 186 1444 971 1479">
     <span class='ocr_line' id='line_1_32' title="bbox 186 1444 971 1479; baseline -0.004 -6"><span class='ocrx_word' id='word_1_234' title='bbox 186 1446 318 1473; x_wconf 86' lang='lat' dir='ltr'><strong>absconsa</strong></span> <span class='ocrx_word' id='word_1_235' title='bbox 334 1450 397 1472; x_wconf 80' lang='lat' dir='ltr'><strong>sunt</strong></span> <span class='ocrx_word' id='word_1_236' title='bbox 411 1445 498 1476; x_wconf 83' lang='lat' dir='ltr'><strong>nobis,</strong></span> <span class='ocrx_word' id='word_1_237' title='bbox 519 1449 548 1471; x_wconf 91' lang='lat' dir='ltr'><strong>ut</strong></span> <span class='ocrx_word' id='word_1_238' title='bbox 563 1448 673 1479; x_wconf 76' lang='lat' dir='ltr'><strong>propter</strong></span> <span class='ocrx_word' id='word_1_239' title='bbox 699 1444 750 1472; x_wconf 87' lang='lat' dir='ltr'><strong>hoc</strong></span> <span class='ocrx_word' id='word_1_240' title='bbox 767 1444 876 1478; x_wconf 87' lang='lat' dir='ltr'><strong>quidem</strong></span> <span class='ocrx_word' id='word_1_241' title='bbox 904 1444 971 1471; x_wconf 90' lang='lat' dir='ltr'><strong>scri-</strong></span> 
     </span>
    </p>
   </div>
   <div class='ocr_carea' id='block_1_33' title="bbox 187 1489 969 1526">
    <p class='ocr_par' dir='ltr' id='par_1_33' title="bbox 187 1489 969 1526">
     <span class='ocr_line' id='line_1_33' title="bbox 187 1489 969 1526; baseline -0.003 -8"><span class='ocrx_word' id='word_1_242' title='bbox 187 1496 261 1525; x_wconf 85' lang='lat' dir='ltr'><strong>ptum</strong></span> <span class='ocrx_word' id='word_1_243' title='bbox 279 1491 314 1518; x_wconf 86' lang='lat' dir='ltr'><strong>sit</strong></span> <span class='ocrx_word' id='word_1_244' title='bbox 328 1490 416 1526; x_wconf 84' lang='lat' dir='ltr'><strong>(Vers.</strong></span> <span class='ocrx_word' id='word_1_245' title='bbox 432 1491 460 1525; x_wconf 73' lang='grc'>2)</span> <span class='ocrx_word' id='word_1_246' title='bbox 478 1499 484 1517; x_wconf 90' lang='lat'><strong>:</strong></span> <span class='ocrx_word' id='word_1_247' title='bbox 507 1490 616 1517; x_wconf 81' lang='lat' dir='ltr'><strong>Duabus</strong></span> <span class='ocrx_word' id='word_1_248' title='bbox 639 1489 759 1517; x_wconf 73' lang='lat' dir='ltr'><strong>uelabant</strong></span> <span class='ocrx_word' id='word_1_249' title='bbox 782 1489 886 1524; x_wconf 76' lang='lat' dir='ltr'><strong>facient.</strong></span> <span class='ocrx_word' id='word_1_250' title='bbox 911 1489 969 1516; x_wconf 84' lang='lat' dir='ltr'><strong>Non</strong></span> 
     </span>
    </p>
   </div>
   <div class='ocr_carea' id='block_1_34' title="bbox 187 1534 973 1569">
    <p class='ocr_par' dir='ltr' id='par_1_34' title="bbox 187 1534 973 1569">
     <span class='ocr_line' id='line_1_34' title="bbox 187 1534 973 1569; baseline -0.004 -6"><span class='ocrx_word' id='word_1_251' title='bbox 187 1537 274 1563; x_wconf 88' lang='lat' dir='ltr'><strong>solum</strong></span> <span class='ocrx_word' id='word_1_252' title='bbox 288 1541 377 1563; x_wconf 87' lang='lat' dir='ltr'><strong>atttem</strong></span> <span class='ocrx_word' id='word_1_253' title='bbox 395 1536 530 1567; x_wconf 87' lang='lat' dir='ltr'><strong>velabant,</strong></span> <span class='ocrx_word' id='word_1_254' title='bbox 546 1535 592 1562; x_wconf 88' lang='lat' dir='ltr'><strong>sed</strong></span> <span class='ocrx_word' id='word_1_255' title='bbox 614 1539 641 1561; x_wconf 87' lang='lat' dir='ltr'><strong>et</strong></span> <span class='ocrx_word' id='word_1_256' title='bbox 658 1535 855 1569; x_wconf 72' lang='lat' dir='ltr'><strong>contegebant,</strong></span> <span class='ocrx_word' id='word_1_257' title='bbox 879 1534 903 1561; x_wconf 89' lang='lat' dir='ltr'><strong>id</strong></span> <span class='ocrx_word' id='word_1_258' title='bbox 931 1538 973 1561; x_wconf 86' lang='lat' dir='ltr'><strong>est</strong></span> 
     </span>
    </p>
   </div>
   <div class='ocr_carea' id='block_1_35' title="bbox 188 1579 971 1614">
    <p class='ocr_par' dir='ltr' id='par_1_35' title="bbox 188 1579 971 1614">
     <span class='ocr_line' id='line_1_35' title="bbox 188 1579 971 1614; baseline -0.004 -6"><span class='ocrx_word' id='word_1_259' title='bbox 188 1582 227 1608; x_wconf 83' lang='lat' dir='ltr'><strong>sic</strong></span> <span class='ocrx_word' id='word_1_260' title='bbox 242 1582 377 1613; x_wconf 84' lang='lat' dir='ltr'><strong>velabant,</strong></span> <span class='ocrx_word' id='word_1_261' title='bbox 399 1585 429 1608; x_wconf 93' lang='lat' dir='ltr'><strong>ut</strong></span> <span class='ocrx_word' id='word_1_262' title='bbox 450 1588 500 1607; x_wconf 89' lang='lat' dir='ltr'><strong>nec</strong></span> <span class='ocrx_word' id='word_1_263' title='bbox 521 1579 658 1606; x_wconf 89' lang='lat' dir='ltr'><strong>modicum</strong></span> <span class='ocrx_word' id='word_1_264' title='bbox 681 1579 817 1606; x_wconf 70' lang='lat' dir='ltr'><strong>videretur</strong></span> <span class='ocrx_word' id='word_1_265' title='bbox 839 1579 971 1614; x_wconf 86' lang='lat' dir='ltr'><strong>priorum,</strong></span> 
     </span>
    </p>
   </div>
   <div class='ocr_carea' id='block_1_36' title="bbox 187 1624 974 1660">
    <p class='ocr_par' dir='ltr' id='par_1_36' title="bbox 187 1624 974 1660">
     <span class='ocr_line' id='line_1_36' title="bbox 187 1624 974 1660; baseline -0.004 -6"><span class='ocrx_word' id='word_1_266' title='bbox 187 1627 249 1654; x_wconf 86' lang='lat' dir='ltr'><strong>dico</strong></span> <span class='ocrx_word' id='word_1_267' title='bbox 266 1631 355 1654; x_wconf 86' lang='lat' dir='ltr'><strong>autem</strong></span> <span class='ocrx_word' id='word_1_268' title='bbox 372 1626 461 1659; x_wconf 88' lang='lat' dir='ltr'><strong>faciei;</strong></span> <span class='ocrx_word' id='word_1_269' title='bbox 479 1633 566 1660; x_wconf 80' lang='lat' dir='ltr'><strong>neque</strong></span> <span class='ocrx_word' id='word_1_270' title='bbox 582 1625 720 1660; x_wconf 87' lang='lat' dir='ltr'><strong>paululum</strong></span> <span class='ocrx_word' id='word_1_271' title='bbox 734 1624 797 1659; x_wconf 86' lang='lat' dir='ltr'><strong>quid</strong></span> <span class='ocrx_word' id='word_1_272' title='bbox 814 1631 974 1659; x_wconf 83' lang='lat' dir='ltr'><strong>agnoscere-</strong></span> 
     </span>
    </p>
   </div>
   <div class='ocr_carea' id='block_1_37' title="bbox 190 1668 975 1704">
    <p class='ocr_par' dir='ltr' id='par_1_37' title="bbox 190 1668 975 1704">
     <span class='ocr_line' id='line_1_37' title="bbox 190 1668 975 1704; baseline -0.006 -5"><span class='ocrx_word' id='word_1_273' title='bbox 190 1678 234 1699; x_wconf 85' lang='lat' dir='ltr'><strong>tur</strong></span> <span class='ocrx_word' id='word_1_274' title='bbox 248 1672 471 1702; x_wconf 85' lang='lat' dir='ltr'><strong>novissimorum,</strong></span> <span class='ocrx_word' id='word_1_275' title='bbox 488 1670 540 1697; x_wconf 89' lang='lat' dir='ltr'><strong>hoc</strong></span> <span class='ocrx_word' id='word_1_276' title='bbox 554 1675 595 1697; x_wconf 90' lang='lat' dir='ltr'><strong>est</strong></span> <span class='ocrx_word' id='word_1_277' title='bbox 608 1670 705 1704; x_wconf 87' lang='lat' dir='ltr'><strong>pedum</strong></span> <span class='ocrx_word' id='word_1_278' title='bbox 718 1669 789 1703; x_wconf 83' lang='lat' dir='ltr'><strong>ejus.</strong></span> <span class='ocrx_word' id='word_1_279' title='bbox 811 1668 917 1695; x_wconf 79' lang='lat' dir='ltr'><strong>Duabus</strong></span> <span class='ocrx_word' id='word_1_280' title='bbox 931 1675 975 1694; x_wconf 86' lang='lat' dir='ltr'><strong>vo-</strong></span> 
     </span>
    </p>
   </div>
   <div class='ocr_carea' id='block_1_38' title="bbox 190 1713 974 1752">
    <p class='ocr_par' dir='ltr' id='par_1_38' title="bbox 190 1713 974 1752">
     <span class='ocr_line' id='line_1_38' title="bbox 190 1713 974 1752; baseline -0.005 -8"><span class='ocrx_word' id='word_1_281' title='bbox 190 1718 292 1745; x_wconf 85' lang='lat' dir='ltr'><strong>labant.</strong></span> <span class='ocrx_word' id='word_1_282' title='bbox 310 1717 409 1752; x_wconf 85' lang='lat' dir='ltr'><strong>Aperta</strong></span> <span class='ocrx_word' id='word_1_283' title='bbox 429 1720 494 1743; x_wconf 89' lang='lat' dir='ltr'><strong>sunt</strong></span> <span class='ocrx_word' id='word_1_284' title='bbox 515 1716 602 1742; x_wconf 88' lang='lat' dir='ltr'><strong>media</strong></span> <span class='ocrx_word' id='word_1_285' title='bbox 616 1716 648 1742; x_wconf 87' lang='lat' dir='ltr'><strong>ad</strong></span> <span class='ocrx_word' id='word_1_286' title='bbox 666 1715 912 1748; x_wconf 87' lang='lat' dir='ltr'><strong>contemplandum.</strong></span> <span class='ocrx_word' id='word_1_287' title='bbox 939 1713 974 1740; x_wconf 83' lang='lat' dir='ltr'><strong>Et</strong></span> 
     </span>
    </p>
   </div>
   <div class='ocr_carea' id='block_1_39' title="bbox 190 1758 973 1792">
    <p class='ocr_par' dir='ltr' id='par_1_39' title="bbox 190 1758 973 1792">
     <span class='ocr_line' id='line_1_39' title="bbox 190 1758 973 1792; baseline -0.006 -2"><span class='ocrx_word' id='word_1_288' title='bbox 190 1762 342 1790; x_wconf 78' lang='lat' dir='ltr'><strong>clantabant</strong></span> <span class='ocrx_word' id='word_1_289' title='bbox 364 1761 431 1788; x_wconf 85' lang='lat' dir='ltr'><strong>alter</strong></span> <span class='ocrx_word' id='word_1_290' title='bbox 454 1760 488 1787; x_wconf 85' lang='lat' dir='ltr'><strong>ad</strong></span> <span class='ocrx_word' id='word_1_291' title='bbox 509 1760 630 1787; x_wconf 86' lang='lat' dir='ltr'><strong>alterum.</strong></span> <span class='ocrx_word' id='word_1_292' title='bbox 653 1759 711 1786; x_wconf 83' lang='lat' dir='ltr'><strong>Non</strong></span> <span class='ocrx_word' id='word_1_293' title='bbox 729 1759 796 1786; x_wconf 87' lang='lat' dir='ltr'><strong>alter</strong></span> <span class='ocrx_word' id='word_1_294' title='bbox 819 1759 852 1785; x_wconf 90' lang='lat' dir='ltr'><strong>ad</strong></span> <span class='ocrx_word' id='word_1_295' title='bbox 871 1758 973 1792; x_wconf 84' lang='lat' dir='ltr'><strong>plures,</strong></span> 
     </span>
    </p>
   </div>
   <div class='ocr_carea' id='block_1_40' title="bbox 191 1805 974 1836">
    <p class='ocr_par' dir='ltr' id='par_1_40' title="bbox 191 1805 974 1836">
     <span class='ocr_line' id='line_1_40' title="bbox 191 1805 974 1836; baseline -0.008 0"><span class='ocrx_word' id='word_1_296' title='bbox 191 1809 239 1836; x_wconf 85' lang='lat' dir='ltr'><strong>sed</strong></span> <span class='ocrx_word' id='word_1_297' title='bbox 259 1809 328 1836; x_wconf 79' lang='lat' dir='ltr'><strong>alter</strong></span> <span class='ocrx_word' id='word_1_298' title='bbox 349 1807 382 1835; x_wconf 84' lang='lat' dir='ltr'><strong>ad</strong></span> <span class='ocrx_word' id='word_1_299' title='bbox 407 1807 532 1834; x_wconf 86' lang='lat' dir='ltr'><strong>alterum.</strong></span> <span class='ocrx_word' id='word_1_300' title='bbox 557 1806 657 1833; x_wconf 83' lang='lat' dir='ltr'><strong>Audire</strong></span> <span class='ocrx_word' id='word_1_301' title='bbox 676 1807 748 1833; x_wconf 88' lang='lat' dir='ltr'><strong>enim</strong></span> <span class='ocrx_word' id='word_1_302' title='bbox 765 1805 974 1833; x_wconf 89' lang='lat' dir='ltr'><strong>sanctitudinem</strong></span> 
     </span>
    </p>
   </div>
   <div class='ocr_carea' id='block_1_41' title="bbox 191 1850 974 1888">
    <p class='ocr_par' dir='ltr' id='par_1_41' title="bbox 191 1850 974 1888">
     <span class='ocr_line' id='line_1_41' title="bbox 191 1850 974 1888; baseline -0.005 -8"><span class='ocrx_word' id='word_1_303' title='bbox 191 1854 239 1880; x_wconf 87' lang='lat' dir='ltr'><strong>Dei</strong></span> <span class='ocrx_word' id='word_1_304' title='bbox 253 1861 314 1888; x_wconf 65' lang='lat' dir='ltr'><strong>quae</strong></span> <span class='ocrx_word' id='word_1_305' title='bbox 326 1852 503 1880; x_wconf 89' lang='lat' dir='ltr'><strong>annuntiatur</strong></span> <span class='ocrx_word' id='word_1_306' title='bbox 516 1859 531 1878; x_wconf 89' lang='lat' dir='ltr'><strong>a</strong></span> <span class='ocrx_word' id='word_1_307' title='bbox 549 1851 698 1883; x_wconf 88' lang='lat' dir='ltr'><strong>Salvatore,</strong></span> <span class='ocrx_word' id='word_1_308' title='bbox 716 1851 793 1885; x_wconf 84' lang='lat' dir='ltr'><strong>juxta</strong></span> <span class='ocrx_word' id='word_1_309' title='bbox 818 1850 974 1885; x_wconf 83' lang='lat' dir='ltr'><strong>dignitatem</strong></span> 
     </span>
    </p>
   </div>
   <div class='ocr_carea' id='block_1_42' title="bbox 148 1896 976 1933">
    <p class='ocr_par' dir='ltr' id='par_1_42' title="bbox 148 1896 976 1933">
     <span class='ocr_line' id='line_1_42' title="bbox 148 1896 976 1933; baseline -0.006 -7"><span class='ocrx_word' id='word_1_310' title='bbox 148 1913 152 1918; x_wconf 75' lang='grc' dir='ltr'><strong>ι</strong></span> <span class='ocrx_word' id='word_1_311' title='bbox 191 1899 231 1926; x_wconf 86' lang='lat' dir='ltr'><strong>rei</strong></span> <span class='ocrx_word' id='word_1_312' title='bbox 244 1905 323 1925; x_wconf 89' lang='lat' dir='ltr'><strong>nemo</strong></span> <span class='ocrx_word' id='word_1_313' title='bbox 337 1902 425 1933; x_wconf 87' lang='lat' dir='ltr'><strong>potest</strong></span> <span class='ocrx_word' id='word_1_314' title='bbox 435 1898 488 1925; x_wconf 89' lang='lat' dir='ltr'><strong>nisi</strong></span> <span class='ocrx_word' id='word_1_315' title='bbox 505 1897 622 1932; x_wconf 86' lang='lat' dir='ltr'><strong>Spiritus</strong></span> <span class='ocrx_word' id='word_1_316' title='bbox 631 1901 754 1929; x_wconf 89' lang='lat' dir='ltr'><strong>sanctus;</strong></span> <span class='ocrx_word' id='word_1_317' title='bbox 767 1896 903 1931; x_wconf 86' lang='lat' dir='ltr'><strong>quomodo</strong></span> <span class='ocrx_word' id='word_1_318' title='bbox 914 1903 976 1922; x_wconf 87' lang='lat' dir='ltr'><strong>rur-</strong></span> 
     </span>
    </p>
   </div>
   <div class='ocr_carea' id='block_1_43' title="bbox 191 1941 975 1977">
    <p class='ocr_par' dir='ltr' id='par_1_43' title="bbox 191 1941 975 1977">
     <span class='ocr_line' id='line_1_43' title="bbox 191 1941 975 1977; baseline -0.005 -6"><span class='ocrx_word' id='word_1_319' title='bbox 191 1953 250 1972; x_wconf 82' lang='lat' dir='ltr'><strong>sum</strong></span> <span class='ocrx_word' id='word_1_320' title='bbox 268 1944 420 1971; x_wconf 88' lang='lat' dir='ltr'><strong>inhabitare</strong></span> <span class='ocrx_word' id='word_1_321' title='bbox 434 1943 640 1970; x_wconf 85' lang='lat' dir='ltr'><strong>sanctimoniam</strong></span> <span class='ocrx_word' id='word_1_322' title='bbox 664 1942 709 1969; x_wconf 88' lang='lat' dir='ltr'><strong>Dei</strong></span> <span class='ocrx_word' id='word_1_323' title='bbox 725 1949 785 1977; x_wconf 57' lang='lat' dir='ltr'><strong>qua).</strong></span> <span class='ocrx_word' id='word_1_324' title='bbox 798 1941 975 1968; x_wconf 83' lang='lat' dir='ltr'><strong>annuntiatur</strong></span> 
     </span>
    </p>
   </div>
   <div class='ocr_carea' id='block_1_44' title="bbox 191 1985 973 2025">
    <p class='ocr_par' dir='ltr' id='par_1_44' title="bbox 191 1985 973 2025">
     <span class='ocr_line' id='line_1_44' title="bbox 191 1985 973 2025; baseline -0.006 -8"><span class='ocrx_word' id='word_1_325' title='bbox 191 1998 207 2017; x_wconf 82' lang='lat' dir='ltr'><strong>a</strong></span> <span class='ocrx_word' id='word_1_326' title='bbox 221 1989 320 2025; x_wconf 86' lang='lat' dir='ltr'><strong>Spiritu</strong></span> <span class='ocrx_word' id='word_1_327' title='bbox 334 1993 440 2021; x_wconf 85' lang='lat' dir='ltr'><strong>sancto,</strong></span> <span class='ocrx_word' id='word_1_328' title='bbox 456 1995 535 2016; x_wconf 88' lang='lat' dir='ltr'><strong>nemo</strong></span> <span class='ocrx_word' id='word_1_329' title='bbox 552 1992 640 2023; x_wconf 90' lang='lat' dir='ltr'><strong>potest</strong></span> <span class='ocrx_word' id='word_1_330' title='bbox 659 1988 711 2015; x_wconf 90' lang='lat' dir='ltr'><strong>nisi</strong></span> <span class='ocrx_word' id='word_1_331' title='bbox 738 1988 812 2015; x_wconf 89' lang='lat' dir='ltr'><strong>solus</strong></span> <span class='ocrx_word' id='word_1_332' title='bbox 838 1985 973 2014; x_wconf 86' lang='lat' dir='ltr'><strong>Salvator.</strong></span> 
     </span>
    </p>
   </div>
   <div class='ocr_carea' id='block_1_45' title="bbox 191 2032 973 2065">
    <p class='ocr_par' dir='ltr' id='par_1_45' title="bbox 191 2032 973 2065">
     <span class='ocr_line' id='line_1_45' title="bbox 191 2032 973 2065; baseline -0.006 -3"><span class='ocrx_word' id='word_1_333' title='bbox 191 2036 231 2063; x_wconf 91' lang='lat' dir='ltr'><strong>0b</strong></span> <span class='ocrx_word' id='word_1_334' title='bbox 255 2036 280 2062; x_wconf 87' lang='lat' dir='ltr'><strong>id</strong></span> <span class='ocrx_word' id='word_1_335' title='bbox 306 2035 374 2062; x_wconf 85' lang='lat' dir='ltr'><strong>alter</strong></span> <span class='ocrx_word' id='word_1_336' title='bbox 396 2034 430 2061; x_wconf 88' lang='lat' dir='ltr'><strong>ad</strong></span> <span class='ocrx_word' id='word_1_337' title='bbox 452 2034 565 2061; x_wconf 87' lang='lat' dir='ltr'><strong>alterum</strong></span> <span class='ocrx_word' id='word_1_338' title='bbox 583 2033 748 2065; x_wconf 79' lang='lat' dir='ltr'><strong>clamabant,</strong></span> <span class='ocrx_word' id='word_1_339' title='bbox 765 2037 793 2059; x_wconf 88' lang='lat' dir='ltr'><strong>et</strong></span> <span class='ocrx_word' id='word_1_340' title='bbox 817 2032 944 2059; x_wconf 82' lang='lat' dir='ltr'><strong>dicebant</strong></span> <span class='ocrx_word' id='word_1_341' title='bbox 966 2038 973 2056; x_wconf 90' lang='lat'>:</span> 
     </span>
    </p>
   </div>
   <div class='ocr_carea' id='block_1_46' title="bbox 191 2075 975 2117">
    <p class='ocr_par' dir='ltr' id='par_1_46' title="bbox 191 2075 975 2117">
     <span class='ocr_line' id='line_1_46' title="bbox 191 2075 975 2117; baseline -0.006 -11"><span class='ocrx_word' id='word_1_342' title='bbox 191 2081 280 2116; x_wconf 84' lang='lat' dir='ltr'><strong>(Vers.</strong></span> <span class='ocrx_word' id='word_1_343' title='bbox 296 2081 323 2117; x_wconf 79' lang='grc'><strong>5)</strong></span> <span class='ocrx_word' id='word_1_344' title='bbox 338 2080 462 2112; x_wconf 86' lang='lat' dir='ltr'><strong>Sanctus,</strong></span> <span class='ocrx_word' id='word_1_345' title='bbox 477 2084 595 2111; x_wconf 77' lang='lat' dir='ltr'><strong>sanctus,</strong></span> <span class='ocrx_word' id='word_1_346' title='bbox 608 2083 726 2105; x_wconf 84' lang='lat' dir='ltr'><strong>sanctus.</strong></span> <span class='ocrx_word' id='word_1_347' title='bbox 739 2077 798 2104; x_wconf 84' lang='lat' dir='ltr'><strong>Non</strong></span> <span class='ocrx_word' id='word_1_348' title='bbox 819 2076 860 2103; x_wconf 83' lang='lat' dir='ltr'><strong>eis</strong></span> <span class='ocrx_word' id='word_1_349' title='bbox 876 2075 975 2102; x_wconf 75' lang='lat' dir='ltr'><strong>sufﬁcit</strong></span> 
     </span>
    </p>
   </div>
   <div class='ocr_carea' id='block_1_47' title="bbox 190 2120 973 2158">
    <p class='ocr_par' dir='ltr' id='par_1_47' title="bbox 190 2120 973 2158">
     <span class='ocr_line' id='line_1_47' title="bbox 190 2120 973 2158; baseline -0.013 -3"><span class='ocrx_word' id='word_1_350' title='bbox 190 2128 273 2155; x_wconf 82' lang='lat' dir='ltr'><strong>semel</strong></span> <span class='ocrx_word' id='word_1_351' title='bbox 285 2127 404 2154; x_wconf 89' lang='lat' dir='ltr'><strong>clamare</strong></span> <span class='ocrx_word' id='word_1_352' title='bbox 420 2135 427 2152; x_wconf 88' lang='lat'>:</span> <span class='ocrx_word' id='word_1_353' title='bbox 443 2125 567 2158; x_wconf 81' lang='lat' dir='ltr'><strong>Sanctus,</strong></span> <span class='ocrx_word' id='word_1_354' title='bbox 583 2131 671 2158; x_wconf 90' lang='lat' dir='ltr'><strong>neque</strong></span> <span class='ocrx_word' id='word_1_355' title='bbox 687 2123 738 2156; x_wconf 89' lang='lat' dir='ltr'><strong>bis,</strong></span> <span class='ocrx_word' id='word_1_356' title='bbox 764 2122 810 2150; x_wconf 87' lang='lat' dir='ltr'><strong>sed</strong></span> <span class='ocrx_word' id='word_1_357' title='bbox 825 2120 973 2156; x_wconf 86' lang='lat' dir='ltr'><strong>perfectum</strong></span> 
     </span>
    </p>
   </div>
   <div class='ocr_carea' id='block_1_48' title="bbox 191 2165 973 2201">
    <p class='ocr_par' dir='ltr' id='par_1_48' title="bbox 191 2165 973 2201">
     <span class='ocr_line' id='line_1_48' title="bbox 191 2165 973 2201; baseline -0.012 -1"><span class='ocrx_word' id='word_1_358' title='bbox 191 2179 335 2200; x_wconf 91' lang='lat' dir='ltr'><strong>numerum</strong></span> <span class='ocrx_word' id='word_1_359' title='bbox 364 2171 506 2197; x_wconf 88' lang='lat' dir='ltr'><strong>Trinitatis</strong></span> <span class='ocrx_word' id='word_1_360' title='bbox 532 2172 697 2201; x_wconf 89' lang='lat' dir='ltr'><strong>assumunt,</strong></span> <span class='ocrx_word' id='word_1_361' title='bbox 723 2171 754 2194; x_wconf 86' lang='lat' dir='ltr'><strong>ut</strong></span> <span class='ocrx_word' id='word_1_362' title='bbox 774 2165 973 2194; x_wconf 87' lang='lat' dir='ltr'><strong>multitudinem</strong></span> 
     </span>
    </p>
   </div>
   <div class='ocr_carea' id='block_1_49' title="bbox 191 2212 973 2248">
    <p class='ocr_par' dir='ltr' id='par_1_49' title="bbox 191 2212 973 2248">
     <span class='ocr_line' id='line_1_49' title="bbox 191 2212 973 2248; baseline -0.01 -3"><span class='ocrx_word' id='word_1_363' title='bbox 191 2217 344 2246; x_wconf 85' lang='lat' dir='ltr'><strong>sanctitatis</strong></span> <span class='ocrx_word' id='word_1_364' title='bbox 358 2216 532 2244; x_wconf 87' lang='lat' dir='ltr'><strong>manifestent</strong></span> <span class='ocrx_word' id='word_1_365' title='bbox 545 2215 603 2246; x_wconf 85' lang='lat' dir='ltr'><strong>Dei,</strong></span> <span class='ocrx_word' id='word_1_366' title='bbox 618 2221 678 2248; x_wconf 69' lang='lat' dir='ltr'><strong>qua:</strong></span> <span class='ocrx_word' id='word_1_367' title='bbox 694 2217 736 2240; x_wconf 88' lang='lat' dir='ltr'><strong>est</strong></span> <span class='ocrx_word' id='word_1_368' title='bbox 751 2213 830 2240; x_wconf 56' lang='lat' dir='ltr'><strong>trinae.</strong></span> <span class='ocrx_word' id='word_1_369' title='bbox 843 2212 973 2239; x_wconf 87' lang='lat' dir='ltr'><strong>sanctita-</strong></span> 
     </span>
    </p>
   </div>
   <div class='ocr_carea' id='block_1_50' title="bbox 191 2257 976 2298">
    <p class='ocr_par' dir='ltr' id='par_1_50' title="bbox 191 2257 976 2298">
     <span class='ocr_line' id='line_1_50' title="bbox 191 2257 976 2298; baseline -0.009 -7"><span class='ocrx_word' id='word_1_370' title='bbox 191 2265 228 2292; x_wconf 80' lang='lat' dir='ltr'><strong>tis</strong></span> <span class='ocrx_word' id='word_1_371' title='bbox 240 2263 352 2298; x_wconf 88' lang='lat' dir='ltr'><strong>repetita</strong></span> <span class='ocrx_word' id='word_1_372' title='bbox 366 2261 560 2292; x_wconf 78' lang='lat' dir='ltr'><strong>communitas,</strong></span> <span class='ocrx_word' id='word_1_373' title='bbox 576 2259 706 2287; x_wconf 85' lang='lat' dir='ltr'><strong>sanctitas</strong></span> <span class='ocrx_word' id='word_1_374' title='bbox 725 2257 824 2291; x_wconf 86' lang='lat' dir='ltr'><strong>Patris,</strong></span> <span class='ocrx_word' id='word_1_375' title='bbox 845 2257 976 2285; x_wconf 83' lang='lat' dir='ltr'><strong>sanctitas</strong></span> 
     </span>
    </p>
   </div>
   <div class='ocr_carea' id='block_1_51' title="bbox 191 2303 977 2345">
    <p class='ocr_par' dir='ltr' id='par_1_51' title="bbox 191 2303 977 2345">
     <span class='ocr_line' id='line_1_51' title="bbox 191 2303 977 2345; baseline -0.009 -9"><span class='ocrx_word' id='word_1_376' title='bbox 191 2309 324 2345; x_wconf 76' lang='lat' dir='ltr'><strong>unigeniti</strong></span> <span class='ocrx_word' id='word_1_377' title='bbox 352 2307 434 2339; x_wconf 85' lang='lat' dir='ltr'><strong>Filii,</strong></span> <span class='ocrx_word' id='word_1_378' title='bbox 463 2311 491 2334; x_wconf 89' lang='lat' dir='ltr'><strong>et</strong></span> <span class='ocrx_word' id='word_1_379' title='bbox 522 2305 638 2341; x_wconf 87' lang='lat' dir='ltr'><strong>Spiritus</strong></span> <span class='ocrx_word' id='word_1_380' title='bbox 660 2304 756 2332; x_wconf 87' lang='lat' dir='ltr'><strong>sancti.</strong></span> <span class='ocrx_word' id='word_1_381' title='bbox 781 2303 885 2330; x_wconf 81' lang='lat' dir='ltr'><strong>Etenim</strong></span> <span class='ocrx_word' id='word_1_382' title='bbox 914 2311 977 2330; x_wconf 75' lang='lat' dir='ltr'><strong>san-</strong></span> 
     </span>
    </p>
   </div>
   <div class='ocr_carea' id='block_1_52' title="bbox 191 2349 977 2389">
    <p class='ocr_par' dir='ltr' id='par_1_52' title="bbox 191 2349 977 2389">
     <span class='ocr_line' id='line_1_52' title="bbox 191 2349 977 2389; baseline -0.01 -7"><span class='ocrx_word' id='word_1_383' title='bbox 191 2355 310 2389; x_wconf 79' lang='lat' dir='ltr'><strong>ctiﬁcans</strong></span> <span class='ocrx_word' id='word_1_384' title='bbox 326 2358 350 2380; x_wconf 81' lang='lat' dir='ltr'><strong>et</strong></span> <span class='ocrx_word' id='word_1_385' title='bbox 362 2353 522 2387; x_wconf 75' lang='lat' dir='ltr'><strong>sanctiﬁcati</strong></span> <span class='ocrx_word' id='word_1_386' title='bbox 536 2359 567 2379; x_wconf 72' lang='lat' dir='ltr'><strong>ex</strong></span> <span class='ocrx_word' id='word_1_387' title='bbox 579 2359 630 2378; x_wconf 86' lang='lat' dir='ltr'><strong>uno</strong></span> <span class='ocrx_word' id='word_1_388' title='bbox 640 2359 725 2377; x_wconf 81' lang='lat' dir='ltr'><strong>omnes</strong></span> <span class='ocrx_word' id='word_1_389' title='bbox 737 2350 770 2377; x_wconf 76' lang='grc' dir='ltr'><strong>⁷ο.</strong></span> <span class='ocrx_word' id='word_1_390' title='bbox 786 2349 838 2382; x_wconf 84' lang='lat' dir='ltr'><strong>Qui</strong></span> <span class='ocrx_word' id='word_1_391' title='bbox 858 2349 977 2377; x_wconf 78' lang='lat' dir='ltr'><strong>sanctifi-</strong></span> 
     </span>
    </p>
   </div>
   <div class='ocr_carea' id='block_1_53' title="bbox 192 2395 977 2433">
    <p class='ocr_par' dir='ltr' id='par_1_53' title="bbox 192 2395 977 2433">
     <span class='ocr_line' id='line_1_53' title="bbox 192 2395 977 2433; baseline -0.009 -6"><span class='ocrx_word' id='word_1_392' title='bbox 192 2406 235 2428; x_wconf 86' lang='lat' dir='ltr'><strong>cat</strong></span> <span class='ocrx_word' id='word_1_393' title='bbox 251 2399 373 2426; x_wconf 83' lang='lat' dir='ltr'><strong>Salvator</strong></span> <span class='ocrx_word' id='word_1_394' title='bbox 385 2403 437 2431; x_wconf 86' lang='lat' dir='ltr'><strong>est,</strong></span> <span class='ocrx_word' id='word_1_395' title='bbox 458 2399 536 2433; x_wconf 75' lang='lat' dir='ltr'><strong>juxta</strong></span> <span class='ocrx_word' id='word_1_396' title='bbox 550 2398 601 2424; x_wconf 89' lang='lat' dir='ltr'><strong>hoc</strong></span> <span class='ocrx_word' id='word_1_397' title='bbox 621 2396 693 2432; x_wconf 90' lang='lat' dir='ltr'><strong>quod</strong></span> <span class='ocrx_word' id='word_1_398' title='bbox 715 2397 795 2423; x_wconf 92' lang='lat' dir='ltr'><strong>homo</strong></span> <span class='ocrx_word' id='word_1_399' title='bbox 815 2400 857 2423; x_wconf 84' lang='lat' dir='ltr'><strong>est</strong></span> <span class='ocrx_word' id='word_1_400' title='bbox 881 2403 896 2422; x_wconf 85' lang='lat' dir='ltr'><strong>a</strong></span> <span class='ocrx_word' id='word_1_401' title='bbox 921 2395 977 2421; x_wconf 89' lang='lat' dir='ltr'><strong>Deo</strong></span> 
     </span>
    </p>
   </div>
   <div class='ocr_carea' id='block_1_54' title="bbox 192 2439 975 2480">
    <p class='ocr_par' dir='ltr' id='par_1_54' title="bbox 192 2439 975 2480">
     <span class='ocr_line' id='line_1_54' title="bbox 192 2439 975 2480; baseline -0.009 -7"><span class='ocrx_word' id='word_1_402' title='bbox 192 2446 272 2473; x_wconf 81' lang='lat' dir='ltr'><strong>Patre</strong></span> <span class='ocrx_word' id='word_1_403' title='bbox 296 2445 432 2480; x_wconf 87' lang='lat' dir='ltr'><strong>accipiens</strong></span> <span class='ocrx_word' id='word_1_404' title='bbox 452 2444 633 2471; x_wconf 85' lang='lat' dir='ltr'><strong>sanctitatem.</strong></span> <span class='ocrx_word' id='word_1_405' title='bbox 648 2442 752 2475; x_wconf 77' lang='lat' dir='ltr'><strong>,Dicunt</strong></span> <span class='ocrx_word' id='word_1_406' title='bbox 771 2442 861 2476; x_wconf 84' lang='lat' dir='ltr'><strong>itaque</strong></span> <span class='ocrx_word' id='word_1_407' title='bbox 882 2449 889 2467; x_wconf 89' lang='lat'><strong>:</strong></span> <span class='ocrx_word' id='word_1_408' title='bbox 906 2439 975 2467; x_wconf 70' lang='lat' dir='ltr'><strong>Sau-</strong></span> 
     </span>
    </p>
   </div>
   <div class='ocr_carea' id='block_1_55' title="bbox 191 2486 974 2527">
    <p class='ocr_par' dir='ltr' id='par_1_55' title="bbox 191 2486 974 2527">
     <span class='ocr_line' id='line_1_55' title="bbox 191 2486 974 2527; baseline -0.011 -6"><span class='ocrx_word' id='word_1_409' title='bbox 191 2501 260 2527; x_wconf 77' lang='lat' dir='ltr'><strong>cfus,</strong></span> <span class='ocrx_word' id='word_1_410' title='bbox 272 2497 390 2525; x_wconf 81' lang='lat' dir='ltr'><strong>sanctus,</strong></span> <span class='ocrx_word' id='word_1_411' title='bbox 404 2497 511 2518; x_wconf 79' lang='lat' dir='ltr'><strong>sanctus</strong></span> <span class='ocrx_word' id='word_1_412' title='bbox 526 2490 650 2517; x_wconf 78' lang='lat' dir='ltr'><strong>Dominus</strong></span> <span class='ocrx_word' id='word_1_413' title='bbox 661 2489 730 2516; x_wconf 83' lang='lat' dir='ltr'><strong>Deus</strong></span> <span class='ocrx_word' id='word_1_414' title='bbox 744 2487 869 2516; x_wconf 80' lang='lat' dir='ltr'><strong>Sabaoth.</strong></span> <span class='ocrx_word' id='word_1_415' title='bbox 889 2486 974 2513; x_wconf 88' lang='lat' dir='ltr'><strong>Inter-</strong></span> 
     </span>
    </p>
   </div>
   <div class='ocr_carea' id='block_1_56' title="bbox 193 2531 976 2577">
    <p class='ocr_par' dir='ltr' id='par_1_56' title="bbox 193 2531 976 2577">
     <span class='ocr_line' id='line_1_56' title="bbox 193 2531 976 2577; baseline -0.015 -8"><span class='ocrx_word' id='word_1_416' title='bbox 193 2545 314 2577; x_wconf 83' lang='lat' dir='ltr'><strong>pretatur</strong></span> <span class='ocrx_word' id='word_1_417' title='bbox 326 2538 457 2571; x_wconf 88' lang='lat' dir='ltr'><strong>Sabaoth,</strong></span> <span class='ocrx_word' id='word_1_418' title='bbox 472 2542 502 2564; x_wconf 88' lang='lat' dir='ltr'><strong>ut</strong></span> <span class='ocrx_word' id='word_1_419' title='bbox 515 2536 609 2572; x_wconf 87' lang='lat' dir='ltr'><strong>Aquila</strong></span> <span class='ocrx_word' id='word_1_420' title='bbox 623 2535 742 2567; x_wconf 79' lang='lat' dir='ltr'><strong>tradidit,</strong></span> <span class='ocrx_word' id='word_1_421' title='bbox 760 2534 887 2560; x_wconf 77' lang='lat' dir='ltr'><strong>Dominus</strong></span> <span class='ocrx_word' id='word_1_422' title='bbox 903 2531 976 2558; x_wconf 87' lang='lat' dir='ltr'><strong>mili-</strong></span> 
     </span>
    </p>
   </div>
   <div class='ocr_carea' id='block_1_57' title="bbox 192 2588 302 2615">
    <p class='ocr_par' dir='ltr' id='par_1_57' title="bbox 192 2588 302 2615">
     <span class='ocr_line' id='line_1_57' title="bbox 192 2588 302 2615; baseline -0.018 0"><span class='ocrx_word' id='word_1_423' title='bbox 192 2588 302 2615; x_wconf 77' lang='lat' dir='ltr'><strong>tiaram.</strong></span> 
     </span>
    </p>
   </div>
   <div class='ocr_carea' id='block_1_58' title="bbox 226 2632 978 2673">
    <p class='ocr_par' dir='ltr' id='par_1_58' title="bbox 226 2632 978 2673">
     <span class='ocr_line' id='line_1_58' title="bbox 226 2632 978 2673; baseline -0.017 -3"><span class='ocrx_word' id='word_1_424' title='bbox 226 2643 254 2670; x_wconf 74' lang='grc'><strong>2.</strong></span> <span class='ocrx_word' id='word_1_425' title='bbox 272 2642 355 2669; x_wconf 79' lang='lat' dir='ltr'><strong>Plena</strong></span> <span class='ocrx_word' id='word_1_426' title='bbox 366 2645 404 2668; x_wconf 72' lang='lat' dir='ltr'><strong>est</strong></span> <span class='ocrx_word' id='word_1_427' title='bbox 415 2639 499 2667; x_wconf 76' lang='lat' dir='ltr'><strong>omnis</strong></span> <span class='ocrx_word' id='word_1_428' title='bbox 512 2643 581 2666; x_wconf 76' lang='lat' dir='ltr'><strong>terra</strong></span> <span class='ocrx_word' id='word_1_429' title='bbox 593 2637 677 2673; x_wconf 87' lang='lat' dir='ltr'><strong>gloria</strong></span> <span class='ocrx_word' id='word_1_430' title='bbox 685 2636 752 2670; x_wconf 79' lang='lat' dir='ltr'><strong>ejus.</strong></span> <span class='ocrx_word' id='word_1_431' title='bbox 762 2633 831 2661; x_wconf 89' lang='lat' dir='ltr'><strong>Olim</strong></span> <span class='ocrx_word' id='word_1_432' title='bbox 845 2633 922 2668; x_wconf 89' lang='lat' dir='ltr'><strong>plena</strong></span> <span class='ocrx_word' id='word_1_433' title='bbox 933 2632 978 2658; x_wconf 89' lang='lat' dir='ltr'><strong>do-</strong></span> 
     </span>
    </p>
   </div>
   <div class='ocr_carea' id='block_1_59' title="bbox 195 2681 976 2722">
    <p class='ocr_par' dir='ltr' id='par_1_59' title="bbox 195 2681 976 2722">
     <span class='ocr_line' id='line_1_59' title="bbox 195 2681 976 2722; baseline -0.017 -7"><span class='ocrx_word' id='word_1_434' title='bbox 195 2696 255 2715; x_wconf 90' lang='lat' dir='ltr'><strong>mus</strong></span> <span class='ocrx_word' id='word_1_435' title='bbox 269 2692 327 2715; x_wconf 86' lang='lat' dir='ltr'><strong>erat</strong></span> <span class='ocrx_word' id='word_1_436' title='bbox 344 2687 440 2722; x_wconf 78' lang='lat' dir='ltr'><strong>gloria,</strong></span> <span class='ocrx_word' id='word_1_437' title='bbox 464 2693 536 2712; x_wconf 89' lang='lat' dir='ltr'><strong>nunc</strong></span> <span class='ocrx_word' id='word_1_438' title='bbox 554 2691 618 2712; x_wconf 88' lang='lat' dir='ltr'><strong>vero</strong></span> <span class='ocrx_word' id='word_1_439' title='bbox 637 2683 679 2710; x_wconf 89' lang='lat' dir='ltr'><strong>his</strong></span> <span class='ocrx_word' id='word_1_440' title='bbox 705 2681 751 2716; x_wconf 90' lang='lat' dir='ltr'><strong>qui</strong></span> <span class='ocrx_word' id='word_1_441' title='bbox 772 2685 853 2713; x_wconf 84' lang='lat' dir='ltr'><strong>super</strong></span> <span class='ocrx_word' id='word_1_442' title='bbox 876 2682 976 2704; x_wconf 89' lang='lat' dir='ltr'><strong>terram</strong></span> 
     </span>
    </p>
   </div>
   <div class='ocr_carea' id='block_1_60' title="bbox 229 2731 980 2774">
    <p class='ocr_par' dir='ltr' id='par_1_60' title="bbox 229 2731 980 2774">
     <span class='ocr_line' id='line_1_60' title="bbox 229 2731 980 2774; baseline -0.019 -2"><span class='ocrx_word' id='word_1_443' title='bbox 229 2744 253 2760; x_wconf 85' lang='lat'><strong>“</strong></span> <span class='ocrx_word' id='word_1_444' title='bbox 268 2744 317 2771; x_wconf 84' lang='lat' dir='ltr'><strong>Isa.</strong></span> <span class='ocrx_word' id='word_1_445' title='bbox 335 2752 389 2774; x_wconf 80' lang='lat' dir='ltr'><strong>xu.</strong></span> <span class='ocrx_word' id='word_1_446' title='bbox 406 2742 450 2769; x_wconf 71' lang='lat'><strong>26.</strong></span> <span class='ocrx_word' id='word_1_447' title='bbox 478 2742 499 2757; x_wconf 84' lang='grc'><strong>⁶⁷</strong></span> <span class='ocrx_word' id='word_1_448' title='bbox 515 2740 612 2767; x_wconf 77' lang='lat' dir='ltr'><strong>Cenes.</strong></span> <span class='ocrx_word' id='word_1_449' title='bbox 629 2747 647 2771; x_wconf 86' lang='lat' dir='ltr'><strong>I,</strong></span> <span class='ocrx_word' id='word_1_450' title='bbox 662 2738 687 2771; x_wconf 72' lang='lat' dir='ltr'><strong>l,</strong></span> <span class='ocrx_word' id='word_1_451' title='bbox 706 2736 733 2763; x_wconf 73' lang='lat'><strong>2.</strong></span> <span class='ocrx_word' id='word_1_452' title='bbox 772 2735 795 2752; x_wconf 75' lang='grc'><strong>⁸⁸</strong></span> <span class='ocrx_word' id='word_1_453' title='bbox 812 2734 863 2761; x_wconf 88' lang='lat' dir='ltr'><strong>Isa.</strong></span> <span class='ocrx_word' id='word_1_454' title='bbox 878 2740 938 2766; x_wconf 74' lang='lat' dir='ltr'><strong>XLV,</strong></span> <span class='ocrx_word' id='word_1_455' title='bbox 954 2731 980 2758; x_wconf 90' lang='lat'><strong>7.</strong></span> 
     </span>
    </p>
   </div>
   <div class='ocr_carea' id='block_1_61' title="bbox 195 2774 653 2812">
    <p class='ocr_par' dir='ltr' id='par_1_61' title="bbox 195 2774 653 2812">
     <span class='ocr_line' id='line_1_61' title="bbox 195 2774 653 2812; baseline -0.013 -6"><span class='ocrx_word' id='word_1_456' title='bbox 195 2779 218 2794; x_wconf 87' lang='lat'><strong><em>“</em></strong></span> <span class='ocrx_word' id='word_1_457' title='bbox 235 2778 311 2805; x_wconf 82' lang='lat' dir='ltr'><strong>Rom.</strong></span> <span class='ocrx_word' id='word_1_458' title='bbox 341 2786 387 2812; x_wconf 86' lang='lat' dir='ltr'><strong>vn,</strong></span> <span class='ocrx_word' id='word_1_459' title='bbox 405 2777 450 2804; x_wconf 66' lang='grc'><strong>24.</strong></span> <span class='ocrx_word' id='word_1_460' title='bbox 488 2776 511 2791; x_wconf 85' lang='grc'><strong>⁷³</strong></span> <span class='ocrx_word' id='word_1_461' title='bbox 528 2775 593 2803; x_wconf 83' lang='lat' dir='ltr'><strong>ibid.</strong></span> <span class='ocrx_word' id='word_1_462' title='bbox 608 2774 653 2800; x_wconf 70' lang='grc'><strong>25.</strong></span> 
     </span>
    </p>
   </div>
   <div class='ocr_carea' id='block_1_62' title="bbox 1011 205 1797 243">
    <p class='ocr_par' dir='ltr' id='par_1_62' title="bbox 1011 205 1797 243">
     <span class='ocr_line' id='line_1_62' title="bbox 1011 205 1797 243; baseline -0.008 -4"><span class='ocrx_word' id='word_1_463' title='bbox 1011 213 1165 240; x_wconf 74' lang='lat' dir='ltr'><strong>universam</strong></span> <span class='ocrx_word' id='word_1_464' title='bbox 1182 216 1280 237; x_wconf 73' lang='lat' dir='ltr'><strong>terram</strong></span> <span class='ocrx_word' id='word_1_465' title='bbox 1295 208 1380 243; x_wconf 79' lang='lat' dir='ltr'><strong>gloria</strong></span> <span class='ocrx_word' id='word_1_466' title='bbox 1397 207 1442 234; x_wconf 82' lang='lat' dir='ltr'><strong>Dei</strong></span> <span class='ocrx_word' id='word_1_467' title='bbox 1459 207 1510 233; x_wconf 85' lang='lat' dir='ltr'><strong>mei</strong></span> <span class='ocrx_word' id='word_1_468' title='bbox 1531 206 1659 233; x_wconf 88' lang='lat' dir='ltr'><strong>Christus</strong></span> <span class='ocrx_word' id='word_1_469' title='bbox 1678 205 1797 240; x_wconf 80' lang='lat' dir='ltr'><strong>impleat.</strong></span> 
     </span>
    </p>
   </div>
   <div class='ocr_carea' id='block_1_63' title="bbox 1013 253 1798 291">
    <p class='ocr_par' dir='ltr' id='par_1_63' title="bbox 1013 253 1798 291">
     <span class='ocr_line' id='line_1_63' title="bbox 1013 253 1798 291; baseline -0.009 -5"><span class='ocrx_word' id='word_1_470' title='bbox 1013 260 1039 286; x_wconf 97' lang='lat' dir='ltr'><strong>In</strong></span> <span class='ocrx_word' id='word_1_471' title='bbox 1055 258 1182 285; x_wconf 84' lang='lat' dir='ltr'><strong>omnibus</strong></span> <span class='ocrx_word' id='word_1_472' title='bbox 1197 257 1295 291; x_wconf 86' lang='lat' dir='ltr'><strong>quippe</strong></span> <span class='ocrx_word' id='word_1_473' title='bbox 1310 256 1355 290; x_wconf 90' lang='lat' dir='ltr'><strong>qui</strong></span> <span class='ocrx_word' id='word_1_474' title='bbox 1368 254 1573 282; x_wconf 78' lang='lat' dir='ltr'><strong>conversatione</strong></span> <span class='ocrx_word' id='word_1_475' title='bbox 1585 261 1634 280; x_wconf 80' lang='lat' dir='ltr'><strong>sua</strong></span> <span class='ocrx_word' id='word_1_476' title='bbox 1648 253 1798 287; x_wconf 78' lang='lat' dir='ltr'><strong>gloriﬁcent</strong></span> 
     </span>
    </p>
   </div>
   <div class='ocr_carea' id='block_1_64' title="bbox 1013 299 1798 339">
    <p class='ocr_par' dir='ltr' id='par_1_64' title="bbox 1013 299 1798 339">
     <span class='ocr_line' id='line_1_64' title="bbox 1013 299 1798 339; baseline -0.011 -7"><span class='ocrx_word' id='word_1_477' title='bbox 1013 306 1108 336; x_wconf 87' lang='lat' dir='ltr'><strong>Deum,</strong></span> <span class='ocrx_word' id='word_1_478' title='bbox 1126 304 1211 339; x_wconf 83' lang='lat' dir='ltr'><strong>gloria</strong></span> <span class='ocrx_word' id='word_1_479' title='bbox 1227 302 1275 329; x_wconf 82' lang='lat' dir='ltr'><strong>Dei</strong></span> <span class='ocrx_word' id='word_1_480' title='bbox 1287 306 1339 332; x_wconf 89' lang='lat' dir='ltr'><strong>est,</strong></span> <span class='ocrx_word' id='word_1_481' title='bbox 1355 306 1435 335; x_wconf 86' lang='lat' dir='ltr'><strong>atque</strong></span> <span class='ocrx_word' id='word_1_482' title='bbox 1449 301 1484 326; x_wconf 88' lang='lat' dir='ltr'><strong>ita</strong></span> <span class='ocrx_word' id='word_1_483' title='bbox 1497 300 1622 326; x_wconf 85' lang='lat' dir='ltr'><strong>universa</strong></span> <span class='ocrx_word' id='word_1_484' title='bbox 1632 303 1706 325; x_wconf 80' lang='lat' dir='ltr'><strong>terra</strong></span> <span class='ocrx_word' id='word_1_485' title='bbox 1721 299 1798 333; x_wconf 83' lang='lat' dir='ltr'><strong>plena</strong></span> 
     </span>
    </p>
   </div>
   <div class='ocr_carea' id='block_1_65' title="bbox 1012 345 1800 385">
    <p class='ocr_par' dir='ltr' id='par_1_65' title="bbox 1012 345 1800 385">
     <span class='ocr_line' id='line_1_65' title="bbox 1012 345 1800 385; baseline -0.01 -7"><span class='ocrx_word' id='word_1_486' title='bbox 1012 355 1054 378; x_wconf 79' lang='lat' dir='ltr'><strong>est.</strong></span> <span class='ocrx_word' id='word_1_487' title='bbox 1078 351 1163 385; x_wconf 79' lang='lat' dir='ltr'><strong>gloria</strong></span> <span class='ocrx_word' id='word_1_488' title='bbox 1189 349 1246 375; x_wconf 88' lang='lat' dir='ltr'><strong>Dei.</strong></span> <span class='ocrx_word' id='word_1_489' title='bbox 1268 347 1338 375; x_wconf 90' lang='lat' dir='ltr'><strong>Olim</strong></span> <span class='ocrx_word' id='word_1_490' title='bbox 1358 354 1411 373; x_wconf 90' lang='lat' dir='ltr'><strong>non</strong></span> <span class='ocrx_word' id='word_1_491' title='bbox 1436 345 1526 372; x_wconf 80' lang='lat' dir='ltr'><strong>omnis</strong></span> <span class='ocrx_word' id='word_1_492' title='bbox 1543 349 1614 371; x_wconf 88' lang='lat' dir='ltr'><strong>terra</strong></span> <span class='ocrx_word' id='word_1_493' title='bbox 1637 345 1719 379; x_wconf 86' lang='lat' dir='ltr'><strong>plena</strong></span> <span class='ocrx_word' id='word_1_494' title='bbox 1742 350 1800 371; x_wconf 81' lang='lat' dir='ltr'><strong>erat</strong></span> 
     </span>
    </p>
   </div>
   <div class='ocr_carea' id='block_1_66' title="bbox 1013 389 1800 431">
    <p class='ocr_par' dir='ltr' id='par_1_66' title="bbox 1013 389 1800 431">
     <span class='ocr_line' id='line_1_66' title="bbox 1013 389 1800 431; baseline -0.01 -8"><span class='ocrx_word' id='word_1_495' title='bbox 1013 396 1099 431; x_wconf 88' lang='lat' dir='ltr'><strong>gloria</strong></span> <span class='ocrx_word' id='word_1_496' title='bbox 1115 395 1172 428; x_wconf 87' lang='lat' dir='ltr'><strong>Dei,</strong></span> <span class='ocrx_word' id='word_1_497' title='bbox 1190 394 1235 421; x_wconf 87' lang='lat' dir='ltr'><strong>sed</strong></span> <span class='ocrx_word' id='word_1_498' title='bbox 1254 401 1324 420; x_wconf 87' lang='lat' dir='ltr'><strong>unus</strong></span> <span class='ocrx_word' id='word_1_499' title='bbox 1337 391 1453 426; x_wconf 83' lang='lat' dir='ltr'><strong>angulus</strong></span> <span class='ocrx_word' id='word_1_500' title='bbox 1467 395 1554 420; x_wconf 66' lang='lat' dir='ltr'><strong>terrzr,</strong></span> <span class='ocrx_word' id='word_1_501' title='bbox 1567 389 1678 424; x_wconf 88' lang='lat' dir='ltr'><strong>quando</strong></span> <span class='ocrx_word' id='word_1_502' title='bbox 1691 389 1800 416; x_wconf 83' lang='lat' dir='ltr'><strong>diccba-</strong></span> 
     </span>
    </p>
   </div>
   <div class='ocr_carea' id='block_1_67' title="bbox 1014 435 1800 470">
    <p class='ocr_par' dir='ltr' id='par_1_67' title="bbox 1014 435 1800 470">
     <span class='ocr_line' id='line_1_67' title="bbox 1014 435 1800 470; baseline -0.011 -1"><span class='ocrx_word' id='word_1_503' title='bbox 1014 448 1058 470; x_wconf 91' lang='lat' dir='ltr'><strong>tur</strong></span> <span class='ocrx_word' id='word_1_504' title='bbox 1071 451 1076 468; x_wconf 94' lang='lat'>:</span> <span class='ocrx_word' id='word_1_505' title='bbox 1092 441 1177 468; x_wconf 80' lang='lat' dir='ltr'><strong>Notus</strong></span> <span class='ocrx_word' id='word_1_506' title='bbox 1194 441 1221 466; x_wconf 83' lang='lat' dir='ltr'><strong>in</strong></span> <span class='ocrx_word' id='word_1_507' title='bbox 1232 439 1326 466; x_wconf 71' lang='lat' dir='ltr'><strong>ludam</strong></span> <span class='ocrx_word' id='word_1_508' title='bbox 1338 437 1417 467; x_wconf 75' lang='lat' dir='ltr'><strong>Deus,</strong></span> <span class='ocrx_word' id='word_1_509' title='bbox 1433 437 1461 462; x_wconf 86' lang='lat' dir='ltr'><strong>in</strong></span> <span class='ocrx_word' id='word_1_510' title='bbox 1476 435 1559 462; x_wconf 79' lang='lat' dir='ltr'><strong>Israel</strong></span> <span class='ocrx_word' id='word_1_511' title='bbox 1571 443 1697 470; x_wconf 86' lang='lat' dir='ltr'><strong>magnum</strong></span> <span class='ocrx_word' id='word_1_512' title='bbox 1708 443 1800 461; x_wconf 76' lang='lat' dir='ltr'><strong>noinen</strong></span> 
     </span>
    </p>
   </div>
   <div class='ocr_carea' id='block_1_68' title="bbox 1013 481 1800 522">
    <p class='ocr_par' dir='ltr' id='par_1_68' title="bbox 1013 481 1800 522">
     <span class='ocr_line' id='line_1_68' title="bbox 1013 481 1800 522; baseline -0.01 -8"><span class='ocrx_word' id='word_1_513' title='bbox 1013 488 1069 522; x_wconf 84' lang='lat' dir='ltr'><strong>ejus</strong></span> <span class='ocrx_word' id='word_1_514' title='bbox 1085 488 1118 513; x_wconf 71' lang='grc' dir='ltr'><strong>τί.</strong></span> <span class='ocrx_word' id='word_1_515' title='bbox 1132 486 1223 513; x_wconf 84' lang='lat' dir='ltr'><strong>Gloria</strong></span> <span class='ocrx_word' id='word_1_516' title='bbox 1240 484 1305 517; x_wconf 90' lang='lat' dir='ltr'><strong>Deo,</strong></span> <span class='ocrx_word' id='word_1_517' title='bbox 1322 483 1368 518; x_wconf 89' lang='lat' dir='ltr'><strong>qui</strong></span> <span class='ocrx_word' id='word_1_518' title='bbox 1387 482 1461 509; x_wconf 89' lang='lat' dir='ltr'><strong>misit</strong></span> <span class='ocrx_word' id='word_1_519' title='bbox 1476 481 1573 508; x_wconf 83' lang='lat' dir='ltr'><strong>Filium</strong></span> <span class='ocrx_word' id='word_1_520' title='bbox 1588 489 1679 513; x_wconf 89' lang='lat' dir='ltr'><strong>suum,</strong></span> <span class='ocrx_word' id='word_1_521' title='bbox 1693 485 1724 508; x_wconf 90' lang='lat' dir='ltr'><strong>ut</strong></span> <span class='ocrx_word' id='word_1_522' title='bbox 1743 488 1800 507; x_wconf 67' lang='lat' dir='ltr'><strong>om.</strong></span> 
     </span>
    </p>
   </div>
   <div class='ocr_carea' id='block_1_69' title="bbox 1015 526 1802 567">
    <p class='ocr_par' dir='ltr' id='par_1_69' title="bbox 1015 526 1802 567">
     <span class='ocr_line' id='line_1_69' title="bbox 1015 526 1802 567; baseline -0.013 -6"><span class='ocrx_word' id='word_1_523' title='bbox 1015 535 1058 561; x_wconf 89' lang='lat' dir='ltr'><strong>nis</strong></span> <span class='ocrx_word' id='word_1_524' title='bbox 1073 538 1143 560; x_wconf 87' lang='lat' dir='ltr'><strong>terra</strong></span> <span class='ocrx_word' id='word_1_525' title='bbox 1159 532 1236 567; x_wconf 86' lang='lat' dir='ltr'><strong>plena</strong></span> <span class='ocrx_word' id='word_1_526' title='bbox 1250 531 1323 557; x_wconf 85' lang='lat' dir='ltr'><strong>ﬁeret</strong></span> <span class='ocrx_word' id='word_1_527' title='bbox 1333 529 1417 565; x_wconf 82' lang='lat' dir='ltr'><strong>gloria</strong></span> <span class='ocrx_word' id='word_1_528' title='bbox 1436 535 1496 556; x_wconf 90' lang='lat' dir='ltr'><strong>sua.</strong></span> <span class='ocrx_word' id='word_1_529' title='bbox 1514 527 1566 554; x_wconf 86' lang='lat' dir='ltr'><strong>Sed</strong></span> <span class='ocrx_word' id='word_1_530' title='bbox 1581 526 1647 562; x_wconf 90' lang='lat' dir='ltr'><strong>quid</strong></span> <span class='ocrx_word' id='word_1_531' title='bbox 1659 526 1708 553; x_wconf 91' lang='lat' dir='ltr'><strong>tibi</strong></span> <span class='ocrx_word' id='word_1_532' title='bbox 1720 526 1802 561; x_wconf 88' lang='lat' dir='ltr'><strong>prod-</strong></span> 
     </span>
    </p>
   </div>
   <div class='ocr_carea' id='block_1_70' title="bbox 1014 572 1800 611">
    <p class='ocr_par' dir='ltr' id='par_1_70' title="bbox 1014 572 1800 611">
     <span class='ocr_line' id='line_1_70' title="bbox 1014 572 1800 611; baseline -0.01 -6"><span class='ocrx_word' id='word_1_533' title='bbox 1014 583 1071 611; x_wconf 86' lang='lat' dir='ltr'><strong>cst,</strong></span> <span class='ocrx_word' id='word_1_534' title='bbox 1086 578 1108 605; x_wconf 85' lang='lat' dir='ltr'><strong>si</strong></span> <span class='ocrx_word' id='word_1_535' title='bbox 1130 582 1200 604; x_wconf 88' lang='lat' dir='ltr'><strong>terra</strong></span> <span class='ocrx_word' id='word_1_536' title='bbox 1214 577 1291 611; x_wconf 85' lang='lat' dir='ltr'><strong>plena</strong></span> <span class='ocrx_word' id='word_1_537' title='bbox 1307 575 1343 602; x_wconf 91' lang='lat' dir='ltr'><strong>sit</strong></span> <span class='ocrx_word' id='word_1_538' title='bbox 1364 580 1474 610; x_wconf 81' lang='lat' dir='ltr'><strong>propter</strong></span> <span class='ocrx_word' id='word_1_539' title='bbox 1493 573 1622 601; x_wconf 86' lang='lat' dir='ltr'><strong>ecclesias</strong></span> <span class='ocrx_word' id='word_1_540' title='bbox 1646 572 1800 602; x_wconf 85' lang='lat' dir='ltr'><strong>beatorum,</strong></span> 
     </span>
    </p>
   </div>
   <div class='ocr_carea' id='block_1_71' title="bbox 1015 617 1803 659">
    <p class='ocr_par' dir='ltr' id='par_1_71' title="bbox 1015 617 1803 659">
     <span class='ocr_line' id='line_1_71' title="bbox 1015 617 1803 659; baseline -0.01 -8"><span class='ocrx_word' id='word_1_541' title='bbox 1015 624 1062 659; x_wconf 90' lang='lat' dir='ltr'><strong>qui</strong></span> <span class='ocrx_word' id='word_1_542' title='bbox 1075 624 1228 657; x_wconf 86' lang='lat' dir='ltr'><strong>ubicunque</strong></span> <span class='ocrx_word' id='word_1_543' title='bbox 1243 627 1316 654; x_wconf 89' lang='lat' dir='ltr'><strong>sunt,</strong></span> <span class='ocrx_word' id='word_1_544' title='bbox 1338 621 1423 656; x_wconf 78' lang='lat' dir='ltr'><strong>gloria</strong></span> <span class='ocrx_word' id='word_1_545' title='bbox 1438 620 1503 652; x_wconf 91' lang='lat' dir='ltr'><strong>Dei,</strong></span> <span class='ocrx_word' id='word_1_546' title='bbox 1528 625 1554 646; x_wconf 92' lang='lat' dir='ltr'><strong>tu</strong></span> <span class='ocrx_word' id='word_1_547' title='bbox 1576 623 1665 645; x_wconf 84' lang='lat' dir='ltr'><strong>autem</strong></span> <span class='ocrx_word' id='word_1_548' title='bbox 1686 624 1743 644; x_wconf 89' lang='lat' dir='ltr'><strong>non</strong></span> <span class='ocrx_word' id='word_1_549' title='bbox 1766 617 1803 644; x_wconf 89' lang='lat' dir='ltr'><strong>sis</strong></span> 
     </span>
    </p>
   </div>
   <div class='ocr_carea' id='block_1_72' title="bbox 1015 663 1802 705">
    <p class='ocr_par' dir='ltr' id='par_1_72' title="bbox 1015 663 1802 705">
     <span class='ocr_line' id='line_1_72' title="bbox 1015 663 1802 705; baseline -0.011 -8"><span class='ocrx_word' id='word_1_550' title='bbox 1015 670 1152 705; x_wconf 72' lang='lat' dir='ltr'><strong>particeps</strong></span> <span class='ocrx_word' id='word_1_551' title='bbox 1165 668 1257 702; x_wconf 70' lang='lat' dir='ltr'><strong>gloria:</strong></span> <span class='ocrx_word' id='word_1_552' title='bbox 1272 666 1447 701; x_wconf 84' lang='lat' dir='ltr'><strong>plenitudinis</strong></span> <span class='ocrx_word' id='word_1_553' title='bbox 1462 665 1521 692; x_wconf 85' lang='lat' dir='ltr'><strong>Dei?</strong></span> <span class='ocrx_word' id='word_1_554' title='bbox 1531 664 1563 691; x_wconf 87' lang='lat' dir='ltr'><strong>Et</strong></span> <span class='ocrx_word' id='word_1_555' title='bbox 1581 669 1607 691; x_wconf 93' lang='lat' dir='ltr'><strong>tu</strong></span> <span class='ocrx_word' id='word_1_556' title='bbox 1619 671 1685 698; x_wconf 75' lang='lat' dir='ltr'><strong>ergo</strong></span> <span class='ocrx_word' id='word_1_557' title='bbox 1697 663 1802 692; x_wconf 79' lang='lat' dir='ltr'><strong>labora,</strong></span> 
     </span>
    </p>
   </div>
   <div class='ocr_carea' id='block_1_73' title="bbox 1017 709 1803 746">
    <p class='ocr_par' dir='ltr' id='par_1_73' title="bbox 1017 709 1803 746">
     <span class='ocr_line' id='line_1_73' title="bbox 1017 709 1803 746; baseline -0.009 -4"><span class='ocrx_word' id='word_1_558' title='bbox 1017 721 1043 742; x_wconf 87' lang='lat' dir='ltr'><strong>et</strong></span> <span class='ocrx_word' id='word_1_559' title='bbox 1060 715 1086 742; x_wconf 94' lang='lat' dir='ltr'><strong>in</strong></span> <span class='ocrx_word' id='word_1_560' title='bbox 1100 714 1205 741; x_wconf 88' lang='lat' dir='ltr'><strong>cunctis</strong></span> <span class='ocrx_word' id='word_1_561' title='bbox 1219 713 1320 740; x_wconf 85' lang='lat' dir='ltr'><strong>enitere</strong></span> <span class='ocrx_word' id='word_1_562' title='bbox 1334 717 1363 739; x_wconf 88' lang='lat' dir='ltr'><strong>ut</strong></span> <span class='ocrx_word' id='word_1_563' title='bbox 1379 712 1416 738; x_wconf 85' lang='lat' dir='ltr'><strong>sis</strong></span> <span class='ocrx_word' id='word_1_564' title='bbox 1432 711 1544 746; x_wconf 80' lang='lat' dir='ltr'><strong>gloriam</strong></span> <span class='ocrx_word' id='word_1_565' title='bbox 1563 709 1607 736; x_wconf 88' lang='lat' dir='ltr'><strong>Dei</strong></span> <span class='ocrx_word' id='word_1_566' title='bbox 1620 716 1760 744; x_wconf 68' lang='lat' dir='ltr'><strong>qumtcns,</strong></span> <span class='ocrx_word' id='word_1_567' title='bbox 1776 713 1803 735; x_wconf 89' lang='lat' dir='ltr'><strong>ut</strong></span> 
     </span>
    </p>
   </div>
   <div class='ocr_carea' id='block_1_74' title="bbox 1017 755 1802 787">
    <p class='ocr_par' dir='ltr' id='par_1_74' title="bbox 1017 755 1802 787">
     <span class='ocr_line' id='line_1_74' title="bbox 1017 755 1802 787; baseline -0.009 0"><span class='ocrx_word' id='word_1_568' title='bbox 1017 760 1149 787; x_wconf 81' lang='lat' dir='ltr'><strong>inhabitet</strong></span> <span class='ocrx_word' id='word_1_569' title='bbox 1168 764 1196 786; x_wconf 88' lang='lat' dir='ltr'><strong>ct</strong></span> <span class='ocrx_word' id='word_1_570' title='bbox 1220 759 1339 785; x_wconf 84' lang='lat' dir='ltr'><strong>inveniat</strong></span> <span class='ocrx_word' id='word_1_571' title='bbox 1361 757 1450 784; x_wconf 91' lang='lat' dir='ltr'><strong>locum</strong></span> <span class='ocrx_word' id='word_1_572' title='bbox 1473 757 1498 783; x_wconf 90' lang='lat' dir='ltr'><strong>in</strong></span> <span class='ocrx_word' id='word_1_573' title='bbox 1517 760 1551 787; x_wconf 88' lang='lat' dir='ltr'><strong>te,</strong></span> <span class='ocrx_word' id='word_1_574' title='bbox 1567 760 1593 782; x_wconf 90' lang='lat' dir='ltr'><strong>et</strong></span> <span class='ocrx_word' id='word_1_575' title='bbox 1612 755 1660 782; x_wconf 81' lang='lat' dir='ltr'><strong>fias</strong></span> <span class='ocrx_word' id='word_1_576' title='bbox 1673 755 1758 782; x_wconf 85' lang='lat' dir='ltr'><strong>etiam</strong></span> <span class='ocrx_word' id='word_1_577' title='bbox 1776 758 1802 780; x_wconf 89' lang='lat' dir='ltr'><strong>tu</strong></span> 
     </span>
    </p>
   </div>
   <div class='ocr_carea' id='block_1_75' title="bbox 1019 801 1803 839">
    <p class='ocr_par' dir='ltr' id='par_1_75' title="bbox 1019 801 1803 839">
     <span class='ocr_line' id='line_1_75' title="bbox 1019 801 1803 839; baseline -0.009 -6"><span class='ocrx_word' id='word_1_578' title='bbox 1019 815 1080 834; x_wconf 86' lang='lat' dir='ltr'><strong>cum</strong></span> <span class='ocrx_word' id='word_1_579' title='bbox 1094 807 1166 833; x_wconf 90' lang='lat' dir='ltr'><strong>omni</strong></span> <span class='ocrx_word' id='word_1_580' title='bbox 1183 811 1253 832; x_wconf 86' lang='lat' dir='ltr'><strong>terra</strong></span> <span class='ocrx_word' id='word_1_581' title='bbox 1267 805 1293 831; x_wconf 91' lang='lat' dir='ltr'><strong>in</strong></span> <span class='ocrx_word' id='word_1_582' title='bbox 1307 811 1360 839; x_wconf 88' lang='lat' dir='ltr'><strong>qua</strong></span> <span class='ocrx_word' id='word_1_583' title='bbox 1377 808 1418 831; x_wconf 86' lang='lat' dir='ltr'><strong>est</strong></span> <span class='ocrx_word' id='word_1_584' title='bbox 1433 803 1518 838; x_wconf 76' lang='lat' dir='ltr'><strong>gloria</strong></span> <span class='ocrx_word' id='word_1_585' title='bbox 1538 802 1582 828; x_wconf 82' lang='lat' dir='ltr'><strong>Dei</strong></span> <span class='ocrx_word' id='word_1_586' title='bbox 1599 802 1695 836; x_wconf 87' lang='lat' dir='ltr'><strong>plena,</strong></span> <span class='ocrx_word' id='word_1_587' title='bbox 1719 801 1803 835; x_wconf 83' lang='lat' dir='ltr'><strong>gloria</strong></span> 
     </span>
    </p>
   </div>
   <div class='ocr_carea' id='block_1_76' title="bbox 1018 846 1805 887">
    <p class='ocr_par' dir='ltr' id='par_1_76' title="bbox 1018 846 1805 887">
     <span class='ocr_line' id='line_1_76' title="bbox 1018 846 1805 887; baseline -0.008 -8"><span class='ocrx_word' id='word_1_588' title='bbox 1018 852 1087 887; x_wconf 75' lang='lat' dir='ltr'><strong>ejus.</strong></span> <span class='ocrx_word' id='word_1_589' title='bbox 1104 851 1245 884; x_wconf 85' lang='lat' dir='ltr'><strong>Quomodo</strong></span> <span class='ocrx_word' id='word_1_590' title='bbox 1260 851 1288 876; x_wconf 90' lang='lat' dir='ltr'><strong>lit</strong></span> <span class='ocrx_word' id='word_1_591' title='bbox 1304 857 1352 884; x_wconf 78' lang='lat' dir='ltr'><strong>per</strong></span> <span class='ocrx_word' id='word_1_592' title='bbox 1372 849 1494 884; x_wconf 79' lang='lat' dir='ltr'><strong>singulos</strong></span> <span class='ocrx_word' id='word_1_593' title='bbox 1519 852 1643 875; x_wconf 88' lang='lat' dir='ltr'><strong>nostrum</strong></span> <span class='ocrx_word' id='word_1_594' title='bbox 1664 846 1805 881; x_wconf 88' lang='lat' dir='ltr'><strong>plenitudo</strong></span> 
     </span>
    </p>
   </div>
   <div class='ocr_carea' id='block_1_77' title="bbox 1019 892 1804 933">
    <p class='ocr_par' dir='ltr' id='par_1_77' title="bbox 1019 892 1804 933">
     <span class='ocr_line' id='line_1_77' title="bbox 1019 892 1804 933; baseline -0.009 -8"><span class='ocrx_word' id='word_1_595' title='bbox 1019 898 1113 933; x_wconf 69' lang='lat' dir='ltr'><strong>gloria:</strong></span> <span class='ocrx_word' id='word_1_596' title='bbox 1131 897 1189 924; x_wconf 76' lang='lat' dir='ltr'><strong>Dei?</strong></span> <span class='ocrx_word' id='word_1_597' title='bbox 1203 896 1231 923; x_wconf 88' lang='lat' dir='ltr'><strong>Si</strong></span> <span class='ocrx_word' id='word_1_598' title='bbox 1248 904 1308 930; x_wconf 71' lang='lat' dir='ltr'><strong>quze</strong></span> <span class='ocrx_word' id='word_1_599' title='bbox 1324 895 1393 922; x_wconf 87' lang='lat' dir='ltr'><strong>facio</strong></span> <span class='ocrx_word' id='word_1_600' title='bbox 1405 915 1412 926; x_wconf 88' lang='lat'><strong>.</strong></span> <span class='ocrx_word' id='word_1_601' title='bbox 1432 902 1492 929; x_wconf 71' lang='lat' dir='ltr'><strong>qua:</strong></span> <span class='ocrx_word' id='word_1_602' title='bbox 1507 894 1621 928; x_wconf 87' lang='lat' dir='ltr'><strong>loquor,</strong></span> <span class='ocrx_word' id='word_1_603' title='bbox 1638 893 1666 919; x_wconf 94' lang='lat' dir='ltr'><strong>in</strong></span> <span class='ocrx_word' id='word_1_604' title='bbox 1689 892 1804 927; x_wconf 78' lang='lat' dir='ltr'><strong>gloriam</strong></span> 
     </span>
    </p>
   </div>
   <div class='ocr_carea' id='block_1_78' title="bbox 1020 938 1804 976">
    <p class='ocr_par' dir='ltr' id='par_1_78' title="bbox 1020 938 1804 976">
     <span class='ocr_line' id='line_1_78' title="bbox 1020 938 1804 976; baseline -0.006 -7"><span class='ocrx_word' id='word_1_605' title='bbox 1020 944 1065 970; x_wconf 72' lang='lat' dir='ltr'><strong>Dei</strong></span> <span class='ocrx_word' id='word_1_606' title='bbox 1087 943 1162 974; x_wconf 79' lang='lat' dir='ltr'><strong>fiant,</strong></span> <span class='ocrx_word' id='word_1_607' title='bbox 1189 941 1283 976; x_wconf 85' lang='lat' dir='ltr'><strong>plenus</strong></span> <span class='ocrx_word' id='word_1_608' title='bbox 1309 948 1399 968; x_wconf 81' lang='lat' dir='ltr'><strong>sermo</strong></span> <span class='ocrx_word' id='word_1_609' title='bbox 1424 948 1501 967; x_wconf 88' lang='lat' dir='ltr'><strong>meus</strong></span> <span class='ocrx_word' id='word_1_610' title='bbox 1523 943 1550 966; x_wconf 92' lang='lat' dir='ltr'><strong>et</strong></span> <span class='ocrx_word' id='word_1_611' title='bbox 1568 944 1644 965; x_wconf 85' lang='lat' dir='ltr'><strong>actus</strong></span> <span class='ocrx_word' id='word_1_612' title='bbox 1667 938 1696 965; x_wconf 90' lang='lat' dir='ltr'><strong>lit</strong></span> <span class='ocrx_word' id='word_1_613' title='bbox 1719 938 1804 972; x_wconf 73' lang='lat' dir='ltr'><strong>gloria</strong></span> 
     </span>
    </p>
   </div>
   <div class='ocr_carea' id='block_1_79' title="bbox 1020 982 1804 1022">
    <p class='ocr_par' dir='ltr' id='par_1_79' title="bbox 1020 982 1804 1022">
     <span class='ocr_line' id='line_1_79' title="bbox 1020 982 1804 1022; baseline -0.009 -7"><span class='ocrx_word' id='word_1_614' title='bbox 1020 989 1077 1015; x_wconf 84' lang='lat' dir='ltr'><strong>Dei.</strong></span> <span class='ocrx_word' id='word_1_615' title='bbox 1094 987 1122 1014; x_wconf 91' lang='lat' dir='ltr'><strong>Si</strong></span> <span class='ocrx_word' id='word_1_616' title='bbox 1138 992 1164 1015; x_wconf 88' lang='lat' dir='ltr'><strong>et</strong></span> <span class='ocrx_word' id='word_1_617' title='bbox 1175 994 1329 1022; x_wconf 88' lang='lat' dir='ltr'><strong>processus,</strong></span> <span class='ocrx_word' id='word_1_618' title='bbox 1348 991 1375 1013; x_wconf 82' lang='lat' dir='ltr'><strong>et</strong></span> <span class='ocrx_word' id='word_1_619' title='bbox 1391 986 1530 1020; x_wconf 77' lang='lat' dir='ltr'><strong>ingressus</strong></span> <span class='ocrx_word' id='word_1_620' title='bbox 1547 992 1623 1011; x_wconf 91' lang='lat' dir='ltr'><strong>meus</strong></span> <span class='ocrx_word' id='word_1_621' title='bbox 1642 983 1670 1010; x_wconf 92' lang='lat' dir='ltr'><strong>in</strong></span> <span class='ocrx_word' id='word_1_622' title='bbox 1689 982 1804 1018; x_wconf 80' lang='lat' dir='ltr'><strong>gloriam</strong></span> 
     </span>
    </p>
   </div>
   <div class='ocr_carea' id='block_1_80' title="bbox 1021 1028 1804 1066">
    <p class='ocr_par' dir='ltr' id='par_1_80' title="bbox 1021 1028 1804 1066">
     <span class='ocr_line' id='line_1_80' title="bbox 1021 1028 1804 1066; baseline -0.008 -6"><span class='ocrx_word' id='word_1_623' title='bbox 1021 1034 1066 1060; x_wconf 85' lang='lat' dir='ltr'><strong>Dei</strong></span> <span class='ocrx_word' id='word_1_624' title='bbox 1084 1039 1134 1065; x_wconf 86' lang='lat' dir='ltr'><strong>cst,</strong></span> <span class='ocrx_word' id='word_1_625' title='bbox 1153 1034 1175 1060; x_wconf 89' lang='lat' dir='ltr'><strong>si</strong></span> <span class='ocrx_word' id='word_1_626' title='bbox 1191 1033 1279 1064; x_wconf 88' lang='lat' dir='ltr'><strong>cibus,</strong></span> <span class='ocrx_word' id='word_1_627' title='bbox 1296 1032 1318 1058; x_wconf 89' lang='lat' dir='ltr'><strong>si</strong></span> <span class='ocrx_word' id='word_1_628' title='bbox 1335 1037 1414 1066; x_wconf 88' lang='lat' dir='ltr'><strong>potus</strong></span> <span class='ocrx_word' id='word_1_629' title='bbox 1427 1038 1514 1063; x_wconf 82' lang='lat' dir='ltr'><strong>meus,</strong></span> <span class='ocrx_word' id='word_1_630' title='bbox 1535 1030 1556 1057; x_wconf 90' lang='lat' dir='ltr'><strong>si</strong></span> <span class='ocrx_word' id='word_1_631' title='bbox 1573 1029 1665 1057; x_wconf 90' lang='lat' dir='ltr'><strong>omnia</strong></span> <span class='ocrx_word' id='word_1_632' title='bbox 1682 1036 1744 1063; x_wconf 62' lang='lat' dir='ltr'><strong>qua:</strong></span> <span class='ocrx_word' id='word_1_633' title='bbox 1763 1028 1804 1055; x_wconf 88' lang='lat' dir='ltr'><strong>fa-</strong></span> 
     </span>
    </p>
   </div>
   <div class='ocr_carea' id='block_1_81' title="bbox 1020 1073 1806 1113">
    <p class='ocr_par' dir='ltr' id='par_1_81' title="bbox 1020 1073 1806 1113">
     <span class='ocr_line' id='line_1_81' title="bbox 1020 1073 1806 1113; baseline -0.009 -7"><span class='ocrx_word' id='word_1_634' title='bbox 1020 1080 1073 1111; x_wconf 82' lang='lat' dir='ltr'><strong>cio.</strong></span> <span class='ocrx_word' id='word_1_635' title='bbox 1086 1079 1112 1105; x_wconf 89' lang='lat' dir='ltr'><strong>in</strong></span> <span class='ocrx_word' id='word_1_636' title='bbox 1123 1078 1236 1113; x_wconf 78' lang='lat' dir='ltr'><strong>gloriam</strong></span> <span class='ocrx_word' id='word_1_637' title='bbox 1251 1077 1296 1104; x_wconf 91' lang='lat' dir='ltr'><strong>Dei</strong></span> <span class='ocrx_word' id='word_1_638' title='bbox 1313 1077 1389 1108; x_wconf 86' lang='lat' dir='ltr'><strong>fiant,</strong></span> <span class='ocrx_word' id='word_1_639' title='bbox 1402 1080 1430 1103; x_wconf 90' lang='lat' dir='ltr'><strong>et</strong></span> <span class='ocrx_word' id='word_1_640' title='bbox 1444 1083 1493 1110; x_wconf 90' lang='lat' dir='ltr'><strong>ego</strong></span> <span class='ocrx_word' id='word_1_641' title='bbox 1503 1075 1638 1110; x_wconf 86' lang='lat' dir='ltr'><strong>particeps</strong></span> <span class='ocrx_word' id='word_1_642' title='bbox 1649 1082 1711 1101; x_wconf 80' lang='lat' dir='ltr'><strong>sum</strong></span> <span class='ocrx_word' id='word_1_643' title='bbox 1725 1073 1806 1100; x_wconf 87' lang='lat' dir='ltr'><strong>istius</strong></span> 
     </span>
    </p>
   </div>
   <div class='ocr_carea' id='block_1_82' title="bbox 1019 1118 1804 1156">
    <p class='ocr_par' dir='ltr' id='par_1_82' title="bbox 1019 1118 1804 1156">
     <span class='ocr_line' id='line_1_82' title="bbox 1019 1118 1804 1156; baseline -0.009 -4"><span class='ocrx_word' id='word_1_644' title='bbox 1019 1125 1082 1152; x_wconf 88' lang='lat' dir='ltr'><strong>dicti</strong></span> <span class='ocrx_word' id='word_1_645' title='bbox 1099 1134 1105 1151; x_wconf 92' lang='lat'>:</span> <span class='ocrx_word' id='word_1_646' title='bbox 1126 1123 1208 1150; x_wconf 82' lang='lat' dir='ltr'><strong>Plena</strong></span> <span class='ocrx_word' id='word_1_647' title='bbox 1219 1128 1257 1149; x_wconf 84' lang='lat' dir='ltr'><strong>est</strong></span> <span class='ocrx_word' id='word_1_648' title='bbox 1269 1127 1339 1149; x_wconf 81' lang='lat' dir='ltr'><strong>terra</strong></span> <span class='ocrx_word' id='word_1_649' title='bbox 1351 1121 1436 1156; x_wconf 87' lang='lat' dir='ltr'><strong>gloria</strong></span> <span class='ocrx_word' id='word_1_650' title='bbox 1457 1121 1524 1155; x_wconf 86' lang='lat' dir='ltr'><strong>ejus.</strong></span> <span class='ocrx_word' id='word_1_651' title='bbox 1539 1119 1606 1147; x_wconf 91' lang='lat' dir='ltr'><strong>Cum</strong></span> <span class='ocrx_word' id='word_1_652' title='bbox 1624 1126 1689 1154; x_wconf 84' lang='lat' dir='ltr'><strong>ergo</strong></span> <span class='ocrx_word' id='word_1_653' title='bbox 1713 1118 1804 1146; x_wconf 86' lang='lat' dir='ltr'><strong>omnia</strong></span> 
     </span>
    </p>
   </div>
   <div class='ocr_carea' id='block_1_83' title="bbox 1020 1166 1806 1202">
    <p class='ocr_par' dir='ltr' id='par_1_83' title="bbox 1020 1166 1806 1202">
     <span class='ocr_line' id='line_1_83' title="bbox 1020 1166 1806 1202; baseline -0.009 -4"><span class='ocrx_word' id='word_1_654' title='bbox 1020 1172 1071 1198; x_wconf 88' lang='lat' dir='ltr'><strong>ista</strong></span> <span class='ocrx_word' id='word_1_655' title='bbox 1087 1170 1185 1202; x_wconf 88' lang='lat' dir='ltr'><strong>fecero,</strong></span> <span class='ocrx_word' id='word_1_656' title='bbox 1203 1169 1336 1196; x_wconf 82' lang='lat' dir='ltr'><strong>clevatum</strong></span> <span class='ocrx_word' id='word_1_657' title='bbox 1351 1171 1394 1194; x_wconf 86' lang='lat' dir='ltr'><strong>est</strong></span> <span class='ocrx_word' id='word_1_658' title='bbox 1409 1166 1616 1201; x_wconf 79' lang='lat' dir='ltr'><strong>superliminare</strong></span> <span class='ocrx_word' id='word_1_659' title='bbox 1635 1173 1651 1192; x_wconf 88' lang='lat' dir='ltr'><strong>a</strong></span> <span class='ocrx_word' id='word_1_660' title='bbox 1672 1172 1738 1192; x_wconf 88' lang='lat' dir='ltr'><strong>voce</strong></span> <span class='ocrx_word' id='word_1_661' title='bbox 1763 1172 1806 1191; x_wconf 88' lang='lat' dir='ltr'><strong>sc-</strong></span> 
     </span>
    </p>
   </div>
   <div class='ocr_carea' id='block_1_84' title="bbox 1022 1212 1803 1252">
    <p class='ocr_par' dir='ltr' id='par_1_84' title="bbox 1022 1212 1803 1252">
     <span class='ocr_line' id='line_1_84' title="bbox 1022 1212 1803 1252; baseline -0.012 -7"><span class='ocrx_word' id='word_1_662' title='bbox 1022 1218 1139 1252; x_wconf 87' lang='lat' dir='ltr'><strong>raphim,</strong></span> <span class='ocrx_word' id='word_1_663' title='bbox 1156 1224 1208 1251; x_wconf 87' lang='lat' dir='ltr'><strong>qua</strong></span> <span class='ocrx_word' id='word_1_664' title='bbox 1231 1215 1393 1243; x_wconf 85' lang='lat' dir='ltr'><strong>clamabant.</strong></span> <span class='ocrx_word' id='word_1_665' title='bbox 1413 1213 1524 1240; x_wconf 83' lang='lat' dir='ltr'><strong>Beatum</strong></span> <span class='ocrx_word' id='word_1_666' title='bbox 1538 1216 1580 1239; x_wconf 89' lang='lat' dir='ltr'><strong>est</strong></span> <span class='ocrx_word' id='word_1_667' title='bbox 1595 1212 1687 1246; x_wconf 88' lang='lat' dir='ltr'><strong>itaque</strong></span> <span class='ocrx_word' id='word_1_668' title='bbox 1702 1217 1803 1237; x_wconf 89' lang='lat' dir='ltr'><strong>unum-</strong></span> 
     </span>
    </p>
   </div>
   <div class='ocr_carea' id='block_1_85' title="bbox 1021 1255 1805 1299">
    <p class='ocr_par' dir='ltr' id='par_1_85' title="bbox 1021 1255 1805 1299">
     <span class='ocr_line' id='line_1_85' title="bbox 1021 1255 1805 1299; baseline -0.011 -8"><span class='ocrx_word' id='word_1_669' title='bbox 1021 1271 1155 1299; x_wconf 89' lang='lat' dir='ltr'><strong>quemque</strong></span> <span class='ocrx_word' id='word_1_670' title='bbox 1167 1266 1290 1290; x_wconf 85' lang='lat' dir='ltr'><strong>nostrum</strong></span> <span class='ocrx_word' id='word_1_671' title='bbox 1304 1261 1340 1288; x_wconf 86' lang='lat' dir='ltr'><strong>ita</strong></span> <span class='ocrx_word' id='word_1_672' title='bbox 1353 1259 1477 1287; x_wconf 85' lang='lat' dir='ltr'><strong>laborare</strong></span> <span class='ocrx_word' id='word_1_673' title='bbox 1488 1262 1517 1286; x_wconf 90' lang='lat' dir='ltr'><strong>ut</strong></span> <span class='ocrx_word' id='word_1_674' title='bbox 1528 1257 1663 1293; x_wconf 87' lang='lat' dir='ltr'><strong>particeps</strong></span> <span class='ocrx_word' id='word_1_675' title='bbox 1673 1256 1719 1283; x_wconf 81' lang='lat' dir='ltr'><strong>fiat</strong></span> <span class='ocrx_word' id='word_1_676' title='bbox 1731 1255 1805 1287; x_wconf 88' lang='lat' dir='ltr'><strong>ostii,</strong></span> 
     </span>
    </p>
   </div>
   <div class='ocr_carea' id='block_1_86' title="bbox 1020 1303 1805 1344">
    <p class='ocr_par' dir='ltr' id='par_1_86' title="bbox 1020 1303 1805 1344">
     <span class='ocr_line' id='line_1_86' title="bbox 1020 1303 1805 1344; baseline -0.013 -7"><span class='ocrx_word' id='word_1_677' title='bbox 1020 1314 1047 1337; x_wconf 88' lang='lat' dir='ltr'><strong>et</strong></span> <span class='ocrx_word' id='word_1_678' title='bbox 1063 1308 1278 1344; x_wconf 88' lang='lat' dir='ltr'><strong>superliminaris</strong></span> <span class='ocrx_word' id='word_1_679' title='bbox 1294 1306 1374 1340; x_wconf 87' lang='lat' dir='ltr'><strong>ostii,</strong></span> <span class='ocrx_word' id='word_1_680' title='bbox 1398 1305 1470 1340; x_wconf 90' lang='lat' dir='ltr'><strong>quod</strong></span> <span class='ocrx_word' id='word_1_681' title='bbox 1482 1304 1559 1339; x_wconf 79' lang='lat' dir='ltr'><strong>juxta</strong></span> <span class='ocrx_word' id='word_1_682' title='bbox 1578 1303 1746 1330; x_wconf 86' lang='lat' dir='ltr'><strong>intellectum</strong></span> <span class='ocrx_word' id='word_1_683' title='bbox 1765 1306 1805 1328; x_wconf 85' lang='lat' dir='ltr'><strong>est</strong></span> 
     </span>
    </p>
   </div>
   <div class='ocr_carea' id='block_1_87' title="bbox 1021 1348 1806 1388">
    <p class='ocr_par' dir='ltr' id='par_1_87' title="bbox 1021 1348 1806 1388">
     <span class='ocr_line' id='line_1_87' title="bbox 1021 1348 1806 1388; baseline -0.013 -5"><span class='ocrx_word' id='word_1_684' title='bbox 1021 1356 1146 1383; x_wconf 85' lang='lat' dir='ltr'><strong>Christus</strong></span> <span class='ocrx_word' id='word_1_685' title='bbox 1165 1354 1246 1382; x_wconf 89' lang='lat' dir='ltr'><strong>Dens.</strong></span> <span class='ocrx_word' id='word_1_686' title='bbox 1266 1352 1358 1388; x_wconf 87' lang='lat' dir='ltr'><strong>Neque</strong></span> <span class='ocrx_word' id='word_1_687' title='bbox 1386 1352 1459 1379; x_wconf 91' lang='lat' dir='ltr'><strong>enim</strong></span> <span class='ocrx_word' id='word_1_688' title='bbox 1485 1350 1613 1377; x_wconf 86' lang='lat' dir='ltr'><strong>indecens</strong></span> <span class='ocrx_word' id='word_1_689' title='bbox 1641 1348 1716 1375; x_wconf 90' lang='lat' dir='ltr'><strong>dictu</strong></span> <span class='ocrx_word' id='word_1_690' title='bbox 1746 1354 1806 1374; x_wconf 83' lang='lat' dir='ltr'><strong>reor</strong></span> 
     </span>
    </p>
   </div>
   <div class='ocr_carea' id='block_1_88' title="bbox 1022 1393 1806 1432">
    <p class='ocr_par' dir='ltr' id='par_1_88' title="bbox 1022 1393 1806 1432">
     <span class='ocr_line' id='line_1_88' title="bbox 1022 1393 1806 1432; baseline -0.01 -5"><span class='ocrx_word' id='word_1_691' title='bbox 1022 1400 1121 1428; x_wconf 82' lang='lat' dir='ltr'><strong>ostium</strong></span> <span class='ocrx_word' id='word_1_692' title='bbox 1141 1406 1269 1432; x_wconf 85' lang='lat' dir='ltr'><strong>carnem,</strong></span> <span class='ocrx_word' id='word_1_693' title='bbox 1293 1403 1319 1425; x_wconf 87' lang='lat' dir='ltr'><strong>et</strong></span> <span class='ocrx_word' id='word_1_694' title='bbox 1337 1396 1546 1432; x_wconf 81' lang='lat' dir='ltr'><strong>snperliminare</strong></span> <span class='ocrx_word' id='word_1_695' title='bbox 1562 1393 1674 1422; x_wconf 89' lang='lat' dir='ltr'><strong>verbum</strong></span> <span class='ocrx_word' id='word_1_696' title='bbox 1701 1400 1806 1420; x_wconf 86' lang='lat' dir='ltr'><strong>nuncu-</strong></span> 
     </span>
    </p>
   </div>
   <div class='ocr_carea' id='block_1_89' title="bbox 1022 1445 1092 1481">
    <p class='ocr_par' dir='ltr' id='par_1_89' title="bbox 1022 1445 1092 1481">
     <span class='ocr_line' id='line_1_89' title="bbox 1022 1445 1092 1481; baseline -0.014 -8"><span class='ocrx_word' id='word_1_697' title='bbox 1022 1445 1092 1481; x_wconf 83' lang='lat' dir='ltr'><strong>pari.</strong></span> 
     </span>
    </p>
   </div>
   <div class='ocr_carea' id='block_1_90' title="bbox 1058 1484 1807 1522">
    <p class='ocr_par' dir='ltr' id='par_1_90' title="bbox 1058 1484 1807 1522">
     <span class='ocr_line' id='line_1_90' title="bbox 1058 1484 1807 1522; baseline -0.012 -5"><span class='ocrx_word' id='word_1_698' title='bbox 1058 1489 1165 1517; x_wconf 81' lang='lat' dir='ltr'><strong>5.Vers.</strong></span> <span class='ocrx_word' id='word_1_699' title='bbox 1183 1489 1210 1522; x_wconf 77' lang='grc'><strong>4,</strong></span> <span class='ocrx_word' id='word_1_700' title='bbox 1225 1489 1251 1516; x_wconf 85' lang='grc'><strong>5.</strong></span> <span class='ocrx_word' id='word_1_701' title='bbox 1280 1488 1414 1514; x_wconf 81' lang='lat' dir='ltr'><strong>Elevatum</strong></span> <span class='ocrx_word' id='word_1_702' title='bbox 1437 1491 1475 1513; x_wconf 77' lang='lat' dir='ltr'><strong>est</strong></span> <span class='ocrx_word' id='word_1_703' title='bbox 1492 1484 1691 1519; x_wconf 78' lang='lat' dir='ltr'><strong>superliminare</strong></span> <span class='ocrx_word' id='word_1_704' title='bbox 1710 1491 1727 1509; x_wconf 88' lang='lat' dir='ltr'><strong>a</strong></span> <span class='ocrx_word' id='word_1_705' title='bbox 1749 1491 1807 1509; x_wconf 77' lang='lat' dir='ltr'><strong>voce</strong></span> 
     </span>
    </p>
   </div>
   <div class='ocr_carea' id='block_1_91' title="bbox 1024 1528 1807 1571">
    <p class='ocr_par' dir='ltr' id='par_1_91' title="bbox 1024 1528 1807 1571">
     <span class='ocr_line' id='line_1_91' title="bbox 1024 1528 1807 1571; baseline -0.01 -9"><span class='ocrx_word' id='word_1_706' title='bbox 1024 1544 1076 1571; x_wconf 83' lang='lat' dir='ltr'><strong>qua</strong></span> <span class='ocrx_word' id='word_1_707' title='bbox 1096 1534 1256 1566; x_wconf 80' lang='lat' dir='ltr'><strong>clamabant,</strong></span> <span class='ocrx_word' id='word_1_708' title='bbox 1274 1537 1298 1560; x_wconf 81' lang='lat' dir='ltr'><strong>et</strong></span> <span class='ocrx_word' id='word_1_709' title='bbox 1310 1533 1402 1559; x_wconf 77' lang='lat' dir='ltr'><strong>domus</strong></span> <span class='ocrx_word' id='word_1_710' title='bbox 1425 1531 1523 1567; x_wconf 77' lang='lat' dir='ltr'><strong>repleta</strong></span> <span class='ocrx_word' id='word_1_711' title='bbox 1541 1535 1578 1558; x_wconf 80' lang='lat' dir='ltr'><strong>est</strong></span> <span class='ocrx_word' id='word_1_712' title='bbox 1597 1530 1680 1564; x_wconf 81' lang='lat' dir='ltr'><strong>furno.</strong></span> <span class='ocrx_word' id='word_1_713' title='bbox 1705 1528 1807 1555; x_wconf 81' lang='lat' dir='ltr'><strong>Fumus</strong></span> 
     </span>
    </p>
   </div>
   <div class='ocr_carea' id='block_1_92' title="bbox 1024 1575 1806 1615">
    <p class='ocr_par' dir='ltr' id='par_1_92' title="bbox 1024 1575 1806 1615">
     <span class='ocr_line' id='line_1_92' title="bbox 1024 1575 1806 1615; baseline -0.014 -5"><span class='ocrx_word' id='word_1_714' title='bbox 1024 1583 1074 1610; x_wconf 90' lang='lat' dir='ltr'><strong>iste</strong></span> <span class='ocrx_word' id='word_1_715' title='bbox 1092 1583 1193 1609; x_wconf 92' lang='lat' dir='ltr'><strong>donum</strong></span> <span class='ocrx_word' id='word_1_716' title='bbox 1209 1585 1250 1608; x_wconf 86' lang='lat' dir='ltr'><strong>est</strong></span> <span class='ocrx_word' id='word_1_717' title='bbox 1268 1580 1301 1608; x_wconf 89' lang='lat' dir='ltr'><strong>de</strong></span> <span class='ocrx_word' id='word_1_718' title='bbox 1314 1579 1399 1615; x_wconf 83' lang='lat' dir='ltr'><strong>gloria</strong></span> <span class='ocrx_word' id='word_1_719' title='bbox 1412 1578 1469 1606; x_wconf 89' lang='lat' dir='ltr'><strong>Dei.</strong></span> <span class='ocrx_word' id='word_1_720' title='bbox 1486 1577 1520 1604; x_wconf 82' lang='lat' dir='ltr'><strong>Et</strong></span> <span class='ocrx_word' id='word_1_721' title='bbox 1532 1577 1588 1603; x_wconf 69' lang='lat' dir='ltr'><strong>dixi</strong></span> <span class='ocrx_word' id='word_1_722' title='bbox 1600 1584 1610 1603; x_wconf 91' lang='lat'><strong><em>:</em></strong></span> <span class='ocrx_word' id='word_1_723' title='bbox 1623 1575 1644 1603; x_wconf 87' lang='grc'><strong>0</strong></span> <span class='ocrx_word' id='word_1_724' title='bbox 1657 1576 1738 1602; x_wconf 80' lang='lat' dir='ltr'><strong>miser</strong></span> <span class='ocrx_word' id='word_1_725' title='bbox 1750 1582 1806 1608; x_wconf 84' lang='lat' dir='ltr'><strong>ego,</strong></span> 
     </span>
    </p>
   </div>
   <div class='ocr_carea' id='block_1_93' title="bbox 1023 1620 1807 1663">
    <p class='ocr_par' dir='ltr' id='par_1_93' title="bbox 1023 1620 1807 1663">
     <span class='ocr_line' id='line_1_93' title="bbox 1023 1620 1807 1663; baseline -0.013 -7"><span class='ocrx_word' id='word_1_726' title='bbox 1023 1630 1147 1663; x_wconf 82' lang='lat' dir='ltr'><strong>quoniam</strong></span> <span class='ocrx_word' id='word_1_727' title='bbox 1165 1631 1335 1661; x_wconf 80' lang='lat' dir='ltr'><strong>compunctus</strong></span> <span class='ocrx_word' id='word_1_728' title='bbox 1348 1625 1425 1652; x_wconf 86' lang='lat' dir='ltr'><strong>sum!</strong></span> <span class='ocrx_word' id='word_1_729' title='bbox 1441 1625 1592 1658; x_wconf 88' lang='lat' dir='ltr'><strong>Antequam</strong></span> <span class='ocrx_word' id='word_1_730' title='bbox 1616 1621 1708 1648; x_wconf 82' lang='lat' dir='ltr'><strong>videas</strong></span> <span class='ocrx_word' id='word_1_731' title='bbox 1725 1620 1807 1647; x_wconf 87' lang='lat' dir='ltr'><strong>visio—</strong></span> 
     </span>
    </p>
   </div>
   <div class='ocr_carea' id='block_1_94' title="bbox 1024 1665 1806 1708">
    <p class='ocr_par' dir='ltr' id='par_1_94' title="bbox 1024 1665 1806 1708">
     <span class='ocr_line' id='line_1_94' title="bbox 1024 1665 1806 1708; baseline -0.014 -6"><span class='ocrx_word' id='word_1_732' title='bbox 1024 1683 1098 1708; x_wconf 87' lang='lat' dir='ltr'><strong>nem,</strong></span> <span class='ocrx_word' id='word_1_733' title='bbox 1115 1682 1169 1701; x_wconf 92' lang='lat' dir='ltr'><strong>non</strong></span> <span class='ocrx_word' id='word_1_734' title='bbox 1186 1672 1322 1700; x_wconf 83' lang='lat' dir='ltr'><strong>confiteris</strong></span> <span class='ocrx_word' id='word_1_735' title='bbox 1334 1675 1359 1698; x_wconf 86' lang='lat' dir='ltr'><strong>te</strong></span> <span class='ocrx_word' id='word_1_736' title='bbox 1371 1678 1431 1698; x_wconf 82' lang='lat' dir='ltr'><strong>esse</strong></span> <span class='ocrx_word' id='word_1_737' title='bbox 1446 1669 1586 1700; x_wconf 86' lang='lat' dir='ltr'><strong>miserum,</strong></span> <span class='ocrx_word' id='word_1_738' title='bbox 1603 1675 1620 1695; x_wconf 92' lang='grc' dir='ltr'><strong>ο</strong></span> <span class='ocrx_word' id='word_1_739' title='bbox 1637 1666 1727 1694; x_wconf 80' lang='lat' dir='ltr'><strong>Isaia?</strong></span> <span class='ocrx_word' id='word_1_740' title='bbox 1748 1665 1806 1692; x_wconf 81' lang='lat' dir='ltr'><strong>Non</strong></span> 
     </span>
    </p>
   </div>
   <div class='ocr_carea' id='block_1_95' title="bbox 1025 1714 1807 1754">
    <p class='ocr_par' dir='ltr' id='par_1_95' title="bbox 1025 1714 1807 1754">
     <span class='ocr_line' id='line_1_95' title="bbox 1025 1714 1807 1754; baseline -0.013 -7"><span class='ocrx_word' id='word_1_741' title='bbox 1025 1720 1063 1747; x_wconf 88' lang='lat' dir='ltr'><strong>ait</strong></span> <span class='ocrx_word' id='word_1_742' title='bbox 1082 1729 1088 1746; x_wconf 91' lang='lat'>:</span> <span class='ocrx_word' id='word_1_743' title='bbox 1106 1718 1225 1754; x_wconf 88' lang='lat' dir='ltr'><strong>quandiu</strong></span> <span class='ocrx_word' id='word_1_744' title='bbox 1236 1717 1304 1744; x_wconf 83' lang='lat' dir='ltr'><strong>vixit</strong></span> <span class='ocrx_word' id='word_1_745' title='bbox 1322 1716 1410 1749; x_wconf 89' lang='lat' dir='ltr'><strong>Osias,</strong></span> <span class='ocrx_word' id='word_1_746' title='bbox 1433 1723 1522 1749; x_wconf 85' lang='lat' dir='ltr'><strong>neque</strong></span> <span class='ocrx_word' id='word_1_747' title='bbox 1538 1714 1564 1741; x_wconf 91' lang='lat' dir='ltr'><strong>in</strong></span> <span class='ocrx_word' id='word_1_748' title='bbox 1585 1720 1695 1740; x_wconf 87' lang='lat' dir='ltr'><strong>sensum</strong></span> <span class='ocrx_word' id='word_1_749' title='bbox 1717 1719 1807 1738; x_wconf 82' lang='lat' dir='ltr'><strong>meum</strong></span> 
     </span>
    </p>
   </div>
   <div class='ocr_carea' id='block_1_96' title="bbox 1025 1756 1808 1800">
    <p class='ocr_par' dir='ltr' id='par_1_96' title="bbox 1025 1756 1808 1800">
     <span class='ocr_line' id='line_1_96' title="bbox 1025 1756 1808 1800; baseline -0.013 -7"><span class='ocrx_word' id='word_1_750' title='bbox 1025 1766 1098 1793; x_wconf 85' lang='lat' dir='ltr'><strong>venit</strong></span> <span class='ocrx_word' id='word_1_751' title='bbox 1114 1765 1178 1800; x_wconf 89' lang='lat' dir='ltr'><strong>quia</strong></span> <span class='ocrx_word' id='word_1_752' title='bbox 1194 1764 1276 1791; x_wconf 88' lang='lat' dir='ltr'><strong>miser</strong></span> <span class='ocrx_word' id='word_1_753' title='bbox 1292 1770 1392 1790; x_wconf 88' lang='lat' dir='ltr'><strong>essem.</strong></span> <span class='ocrx_word' id='word_1_754' title='bbox 1415 1761 1517 1795; x_wconf 89' lang='lat' dir='ltr'><strong>Incipio</strong></span> <span class='ocrx_word' id='word_1_755' title='bbox 1534 1764 1623 1787; x_wconf 87' lang='lat' dir='ltr'><strong>autem</strong></span> <span class='ocrx_word' id='word_1_756' title='bbox 1645 1765 1727 1785; x_wconf 86' lang='lat' dir='ltr'><strong>nosse</strong></span> <span class='ocrx_word' id='word_1_757' title='bbox 1744 1756 1808 1792; x_wconf 86' lang='lat' dir='ltr'><strong>quia</strong></span> 
     </span>
    </p>
   </div>
   <div class='ocr_carea' id='block_1_97' title="bbox 1025 1803 1809 1845">
    <p class='ocr_par' dir='ltr' id='par_1_97' title="bbox 1025 1803 1809 1845">
     <span class='ocr_line' id='line_1_97' title="bbox 1025 1803 1809 1845; baseline -0.013 -6"><span class='ocrx_word' id='word_1_758' title='bbox 1025 1812 1108 1839; x_wconf 88' lang='lat' dir='ltr'><strong>miser</strong></span> <span class='ocrx_word' id='word_1_759' title='bbox 1125 1819 1196 1842; x_wconf 88' lang='lat' dir='ltr'><strong>sum,</strong></span> <span class='ocrx_word' id='word_1_760' title='bbox 1213 1809 1323 1845; x_wconf 90' lang='lat' dir='ltr'><strong>quando</strong></span> <span class='ocrx_word' id='word_1_761' title='bbox 1348 1807 1428 1835; x_wconf 83' lang='lat' dir='ltr'><strong>video</strong></span> <span class='ocrx_word' id='word_1_762' title='bbox 1442 1807 1573 1833; x_wconf 87' lang='lat' dir='ltr'><strong>visionem</strong></span> <span class='ocrx_word' id='word_1_763' title='bbox 1591 1804 1723 1832; x_wconf 86' lang='lat' dir='ltr'><strong>moriente</strong></span> <span class='ocrx_word' id='word_1_764' title='bbox 1741 1803 1809 1830; x_wconf 87' lang='lat' dir='ltr'><strong>mihi</strong></span> 
     </span>
    </p>
   </div>
   <div class='ocr_carea' id='block_1_98' title="bbox 1025 1848 1808 1890">
    <p class='ocr_par' dir='ltr' id='par_1_98' title="bbox 1025 1848 1808 1890">
     <span class='ocr_line' id='line_1_98' title="bbox 1025 1848 1808 1890; baseline -0.013 -6"><span class='ocrx_word' id='word_1_765' title='bbox 1025 1856 1088 1884; x_wconf 89' lang='lat' dir='ltr'><strong>Osia</strong></span> <span class='ocrx_word' id='word_1_766' title='bbox 1101 1863 1163 1890; x_wconf 82' lang='lat' dir='ltr'><strong>rege</strong></span> <span class='ocrx_word' id='word_1_767' title='bbox 1175 1855 1293 1889; x_wconf 88' lang='lat' dir='ltr'><strong>leproso,</strong></span> <span class='ocrx_word' id='word_1_768' title='bbox 1309 1857 1336 1881; x_wconf 91' lang='lat' dir='ltr'><strong>et</strong></span> <span class='ocrx_word' id='word_1_769' title='bbox 1348 1853 1409 1880; x_wconf 90' lang='lat' dir='ltr'><strong>dico</strong></span> <span class='ocrx_word' id='word_1_770' title='bbox 1428 1861 1435 1879; x_wconf 86' lang='lat'><strong>:</strong></span> <span class='ocrx_word' id='word_1_771' title='bbox 1452 1851 1474 1879; x_wconf 93' lang='grc'><strong>0</strong></span> <span class='ocrx_word' id='word_1_772' title='bbox 1487 1852 1565 1878; x_wconf 76' lang='lat' dir='ltr'><strong>miser</strong></span> <span class='ocrx_word' id='word_1_773' title='bbox 1573 1850 1631 1884; x_wconf 85' lang='lat' dir='ltr'><strong>ego!</strong></span> <span class='ocrx_word' id='word_1_774' title='bbox 1645 1849 1724 1876; x_wconf 87' lang='lat' dir='ltr'><strong>Nunc</strong></span> <span class='ocrx_word' id='word_1_775' title='bbox 1742 1848 1808 1875; x_wconf 89' lang='lat' dir='ltr'><strong>inci-</strong></span> 
     </span>
    </p>
   </div>
   <div class='ocr_carea' id='block_1_99' title="bbox 1025 1894 1809 1937">
    <p class='ocr_par' dir='ltr' id='par_1_99' title="bbox 1025 1894 1809 1937">
     <span class='ocr_line' id='line_1_99' title="bbox 1025 1894 1809 1937; baseline -0.013 -8"><span class='ocrx_word' id='word_1_776' title='bbox 1025 1902 1070 1937; x_wconf 92' lang='lat' dir='ltr'><strong>pio</strong></span> <span class='ocrx_word' id='word_1_777' title='bbox 1080 1905 1107 1928; x_wconf 89' lang='lat' dir='ltr'><strong>et</strong></span> <span class='ocrx_word' id='word_1_778' title='bbox 1123 1908 1172 1935; x_wconf 82' lang='lat' dir='ltr'><strong>ego</strong></span> <span class='ocrx_word' id='word_1_779' title='bbox 1189 1899 1313 1927; x_wconf 80' lang='lat' dir='ltr'><strong>confiteri</strong></span> <span class='ocrx_word' id='word_1_780' title='bbox 1338 1897 1469 1929; x_wconf 89' lang='lat' dir='ltr'><strong>Domino,</strong></span> <span class='ocrx_word' id='word_1_781' title='bbox 1486 1899 1513 1923; x_wconf 88' lang='lat' dir='ltr'><strong>et</strong></span> <span class='ocrx_word' id='word_1_782' title='bbox 1528 1895 1618 1922; x_wconf 87' lang='lat' dir='ltr'><strong>dicere</strong></span> <span class='ocrx_word' id='word_1_783' title='bbox 1636 1894 1670 1921; x_wconf 88' lang='lat' dir='ltr'><strong>de</strong></span> <span class='ocrx_word' id='word_1_784' title='bbox 1693 1898 1809 1920; x_wconf 88' lang='lat' dir='ltr'><strong>memet-</strong></span> 
     </span>
    </p>
   </div>
   <div class='ocr_carea' id='block_1_100' title="bbox 1026 1938 1809 1982">
    <p class='ocr_par' dir='ltr' id='par_1_100' title="bbox 1026 1938 1809 1982">
     <span class='ocr_line' id='line_1_100' title="bbox 1026 1938 1809 1982; baseline -0.011 -8"><span class='ocrx_word' id='word_1_785' title='bbox 1026 1947 1084 1982; x_wconf 87' lang='lat' dir='ltr'><strong>ipso</strong></span> <span class='ocrx_word' id='word_1_786' title='bbox 1098 1955 1105 1973; x_wconf 87' lang='lat'>:</span> <span class='ocrx_word' id='word_1_787' title='bbox 1118 1945 1139 1973; x_wconf 94' lang='lat'>0</span> <span class='ocrx_word' id='word_1_788' title='bbox 1152 1945 1235 1972; x_wconf 85' lang='lat' dir='ltr'><strong>miser</strong></span> <span class='ocrx_word' id='word_1_789' title='bbox 1247 1944 1313 1979; x_wconf 78' lang='lat' dir='ltr'><strong>ego!</strong></span> <span class='ocrx_word' id='word_1_790' title='bbox 1330 1942 1473 1975; x_wconf 86' lang='lat' dir='ltr'><strong>Quomodo</strong></span> <span class='ocrx_word' id='word_1_791' title='bbox 1485 1940 1569 1968; x_wconf 86' lang='lat' dir='ltr'><strong>Isaias</strong></span> <span class='ocrx_word' id='word_1_792' title='bbox 1585 1940 1650 1967; x_wconf 86' lang='lat' dir='ltr'><strong>dicit</strong></span> <span class='ocrx_word' id='word_1_793' title='bbox 1666 1948 1672 1965; x_wconf 96' lang='lat'>:</span> <span class='ocrx_word' id='word_1_794' title='bbox 1687 1938 1710 1966; x_wconf 92' lang='lat'><strong>0</strong></span> <span class='ocrx_word' id='word_1_795' title='bbox 1727 1938 1809 1965; x_wconf 77' lang='lat' dir='ltr'><strong>miser</strong></span> 
     </span>
    </p>
   </div>
   <div class='ocr_carea' id='block_1_101' title="bbox 1025 1983 1810 2029">
    <p class='ocr_par' dir='ltr' id='par_1_101' title="bbox 1025 1983 1810 2029">
     <span class='ocr_line' id='line_1_101' title="bbox 1025 1983 1810 2029; baseline -0.014 -9"><span class='ocrx_word' id='word_1_796' title='bbox 1025 2002 1086 2029; x_wconf 82' lang='lat' dir='ltr'><strong>ego.</strong></span> <span class='ocrx_word' id='word_1_797' title='bbox 1099 1992 1225 2019; x_wconf 82' lang='lat' dir='ltr'><strong>Proxime</strong></span> <span class='ocrx_word' id='word_1_798' title='bbox 1238 1995 1328 2018; x_wconf 86' lang='lat' dir='ltr'><strong>autem</strong></span> <span class='ocrx_word' id='word_1_799' title='bbox 1345 1989 1407 2016; x_wconf 90' lang='lat' dir='ltr'><strong>huic</strong></span> <span class='ocrx_word' id='word_1_800' title='bbox 1418 1992 1446 2016; x_wconf 89' lang='lat' dir='ltr'><strong>et</strong></span> <span class='ocrx_word' id='word_1_801' title='bbox 1462 1986 1607 2022; x_wconf 80' lang='lat' dir='ltr'><strong>Apostolus</strong></span> <span class='ocrx_word' id='word_1_802' title='bbox 1623 1985 1688 2012; x_wconf 91' lang='lat' dir='ltr'><strong>dicit</strong></span> <span class='ocrx_word' id='word_1_803' title='bbox 1704 1993 1711 2011; x_wconf 94' lang='lat'><strong>:</strong></span> <span class='ocrx_word' id='word_1_804' title='bbox 1728 1983 1810 2010; x_wconf 78' lang='lat' dir='ltr'><strong>Miser</strong></span> 
     </span>
    </p>
   </div>
   <div class='ocr_carea' id='block_1_102' title="bbox 1024 2029 1810 2074">
    <p class='ocr_par' dir='ltr' id='par_1_102' title="bbox 1024 2029 1810 2074">
     <span class='ocr_line' id='line_1_102' title="bbox 1024 2029 1810 2074; baseline -0.015 -8"><span class='ocrx_word' id='word_1_805' title='bbox 1024 2047 1071 2074; x_wconf 85' lang='lat' dir='ltr'><strong>ego</strong></span> <span class='ocrx_word' id='word_1_806' title='bbox 1086 2039 1174 2071; x_wconf 81' lang='lat' dir='ltr'><strong>homo,</strong></span> <span class='ocrx_word' id='word_1_807' title='bbox 1197 2037 1254 2071; x_wconf 77' lang='lat' dir='ltr'><strong>quis</strong></span> <span class='ocrx_word' id='word_1_808' title='bbox 1276 2044 1314 2062; x_wconf 86' lang='lat' dir='ltr'><strong>me</strong></span> <span class='ocrx_word' id='word_1_809' title='bbox 1331 2034 1452 2061; x_wconf 83' lang='lat' dir='ltr'><strong>liberabit</strong></span> <span class='ocrx_word' id='word_1_810' title='bbox 1469 2033 1500 2059; x_wconf 80' lang='lat' dir='ltr'><strong>de</strong></span> <span class='ocrx_word' id='word_1_811' title='bbox 1519 2040 1625 2066; x_wconf 73' lang='lat' dir='ltr'><strong>corpore</strong></span> <span class='ocrx_word' id='word_1_812' title='bbox 1645 2030 1738 2056; x_wconf 75' lang='lat' dir='ltr'><strong>martis</strong></span> <span class='ocrx_word' id='word_1_813' title='bbox 1759 2029 1810 2055; x_wconf 79' lang='lat' dir='ltr'><strong>hu-</strong></span> 
     </span>
    </p>
   </div>
   <div class='ocr_carea' id='block_1_103' title="bbox 1026 2073 1809 2117">
    <p class='ocr_par' dir='ltr' id='par_1_103' title="bbox 1026 2073 1809 2117">
     <span class='ocr_line' id='line_1_103' title="bbox 1026 2073 1809 2117; baseline -0.014 -5"><span class='ocrx_word' id='word_1_814' title='bbox 1026 2073 1068 2117; x_wconf 77' lang='lat' dir='ltr'><strong>ius</strong></span> <span class='ocrx_word' id='word_1_815' title='bbox 1082 2081 1242 2110; x_wconf 66' lang='lat' dir='ltr'><strong>&quot;meatum</strong></span> <span class='ocrx_word' id='word_1_816' title='bbox 1257 2086 1299 2109; x_wconf 84' lang='lat' dir='ltr'><strong>est</strong></span> <span class='ocrx_word' id='word_1_817' title='bbox 1324 2087 1389 2116; x_wconf 78' lang='lat' dir='ltr'><strong>ergo</strong></span> <span class='ocrx_word' id='word_1_818' title='bbox 1404 2084 1433 2106; x_wconf 90' lang='lat' dir='ltr'><strong>ut</strong></span> <span class='ocrx_word' id='word_1_819' title='bbox 1447 2079 1577 2106; x_wconf 88' lang='lat' dir='ltr'><strong>miserum</strong></span> <span class='ocrx_word' id='word_1_820' title='bbox 1599 2084 1641 2104; x_wconf 87' lang='lat' dir='ltr'><strong>me</strong></span> <span class='ocrx_word' id='word_1_821' title='bbox 1660 2076 1756 2103; x_wconf 71' lang='lat' dir='ltr'><strong>fatear.</strong></span> <span class='ocrx_word' id='word_1_822' title='bbox 1780 2073 1809 2101; x_wconf 88' lang='lat' dir='ltr'><strong>Si</strong></span> 
     </span>
    </p>
   </div>
   <div class='ocr_carea' id='block_1_104' title="bbox 1027 2120 1812 2161">
    <p class='ocr_par' dir='ltr' id='par_1_104' title="bbox 1027 2120 1812 2161">
     <span class='ocr_line' id='line_1_104' title="bbox 1027 2120 1812 2161; baseline -0.017 -3"><span class='ocrx_word' id='word_1_823' title='bbox 1027 2139 1070 2158; x_wconf 87' lang='lat' dir='ltr'><strong>me</strong></span> <span class='ocrx_word' id='word_1_824' title='bbox 1092 2129 1280 2161; x_wconf 87' lang='lat' dir='ltr'><strong>humiliavero,</strong></span> <span class='ocrx_word' id='word_1_825' title='bbox 1295 2131 1323 2155; x_wconf 88' lang='lat' dir='ltr'><strong>et</strong></span> <span class='ocrx_word' id='word_1_826' title='bbox 1343 2126 1478 2161; x_wconf 76' lang='lat' dir='ltr'><strong>pcenitens</strong></span> <span class='ocrx_word' id='word_1_827' title='bbox 1497 2130 1579 2158; x_wconf 87' lang='lat' dir='ltr'><strong>super</strong></span> <span class='ocrx_word' id='word_1_828' title='bbox 1601 2120 1719 2156; x_wconf 79' lang='lat' dir='ltr'><strong>peccatis</strong></span> <span class='ocrx_word' id='word_1_829' title='bbox 1743 2120 1812 2146; x_wconf 85' lang='lat' dir='ltr'><strong>meis</strong></span> 
     </span>
    </p>
   </div>
   <div class='ocr_carea' id='block_1_105' title="bbox 991 2166 1812 2207">
    <p class='ocr_par' dir='ltr' id='par_1_105' title="bbox 991 2166 1812 2207">
     <span class='ocr_line' id='line_1_105' title="bbox 991 2166 1812 2207; baseline -0.017 -3"><span class='ocrx_word' id='word_1_830' title='bbox 991 2177 1012 2204; x_wconf 93' lang='lat' dir='ltr'><strong>D</strong></span> <span class='ocrx_word' id='word_1_831' title='bbox 1026 2175 1137 2207; x_wconf 81' lang='lat' dir='ltr'><strong>ﬂevere,</strong></span> <span class='ocrx_word' id='word_1_832' title='bbox 1151 2174 1277 2201; x_wconf 75' lang='lat' dir='ltr'><strong>exaudiet</strong></span> <span class='ocrx_word' id='word_1_833' title='bbox 1297 2180 1341 2199; x_wconf 90' lang='lat' dir='ltr'><strong>me</strong></span> <span class='ocrx_word' id='word_1_834' title='bbox 1355 2171 1437 2204; x_wconf 85' lang='lat' dir='ltr'><strong>Deus,</strong></span> <span class='ocrx_word' id='word_1_835' title='bbox 1454 2174 1480 2197; x_wconf 88' lang='lat' dir='ltr'><strong>et</strong></span> <span class='ocrx_word' id='word_1_836' title='bbox 1499 2168 1574 2195; x_wconf 90' lang='lat' dir='ltr'><strong>dabit</strong></span> <span class='ocrx_word' id='word_1_837' title='bbox 1594 2166 1659 2194; x_wconf 90' lang='lat' dir='ltr'><strong>mihi</strong></span> <span class='ocrx_word' id='word_1_838' title='bbox 1682 2166 1812 2192; x_wconf 88' lang='lat' dir='ltr'><strong>liberato-</strong></span> 
     </span>
    </p>
   </div>
   <div class='ocr_carea' id='block_1_106' title="bbox 1027 2209 1811 2252">
    <p class='ocr_par' dir='ltr' id='par_1_106' title="bbox 1027 2209 1811 2252">
     <span class='ocr_line' id='line_1_106' title="bbox 1027 2209 1811 2252; baseline -0.018 -4"><span class='ocrx_word' id='word_1_839' title='bbox 1027 2228 1094 2252; x_wconf 88' lang='lat' dir='ltr'><strong>rem,</strong></span> <span class='ocrx_word' id='word_1_840' title='bbox 1106 2223 1133 2247; x_wconf 90' lang='lat' dir='ltr'><strong>et</strong></span> <span class='ocrx_word' id='word_1_841' title='bbox 1144 2219 1230 2246; x_wconf 89' lang='lat' dir='ltr'><strong>dicam</strong></span> <span class='ocrx_word' id='word_1_842' title='bbox 1247 2227 1253 2245; x_wconf 93' lang='lat'>:</span> <span class='ocrx_word' id='word_1_843' title='bbox 1267 2217 1373 2244; x_wconf 75' lang='lat' dir='ltr'><strong>Gratias</strong></span> <span class='ocrx_word' id='word_1_844' title='bbox 1385 2215 1439 2242; x_wconf 84' lang='lat' dir='ltr'><strong>Deo</strong></span> <span class='ocrx_word' id='word_1_845' title='bbox 1448 2223 1494 2249; x_wconf 83' lang='lat' dir='ltr'><strong>per</strong></span> <span class='ocrx_word' id='word_1_846' title='bbox 1503 2213 1592 2240; x_wconf 70' lang='lat' dir='ltr'><strong>Iesum</strong></span> <span class='ocrx_word' id='word_1_847' title='bbox 1607 2211 1743 2238; x_wconf 81' lang='lat' dir='ltr'><strong>Christum</strong></span> <span class='ocrx_word' id='word_1_848' title='bbox 1758 2209 1811 2236; x_wconf 87' lang='lat' dir='ltr'><strong>Do-</strong></span> 
     </span>
    </p>
   </div>
   <div class='ocr_carea' id='block_1_107' title="bbox 1026 2253 1813 2292">
    <p class='ocr_par' dir='ltr' id='par_1_107' title="bbox 1026 2253 1813 2292">
     <span class='ocr_line' id='line_1_107' title="bbox 1026 2253 1813 2292; baseline -0.015 0"><span class='ocrx_word' id='word_1_849' title='bbox 1026 2266 1125 2292; x_wconf 78' lang='lat' dir='ltr'><strong>minam</strong></span> <span class='ocrx_word' id='word_1_850' title='bbox 1139 2268 1258 2291; x_wconf 85' lang='lat' dir='ltr'><strong>nostrum</strong></span> <span class='ocrx_word' id='word_1_851' title='bbox 1269 2262 1302 2289; x_wconf 87' lang='grc'><strong>⁷³.</strong></span> <span class='ocrx_word' id='word_1_852' title='bbox 1317 2261 1415 2288; x_wconf 83' lang='lat' dir='ltr'><strong>Verum</strong></span> <span class='ocrx_word' id='word_1_853' title='bbox 1431 2268 1463 2287; x_wconf 85' lang='lat' dir='ltr'><strong>cx</strong></span> <span class='ocrx_word' id='word_1_854' title='bbox 1474 2259 1555 2286; x_wconf 89' lang='lat' dir='ltr'><strong>corde</strong></span> <span class='ocrx_word' id='word_1_855' title='bbox 1568 2257 1691 2284; x_wconf 89' lang='lat' dir='ltr'><strong>dicamus</strong></span> <span class='ocrx_word' id='word_1_856' title='bbox 1709 2264 1715 2282; x_wconf 67' lang='grc' dir='ltr'><strong>ι</strong></span> <span class='ocrx_word' id='word_1_857' title='bbox 1731 2253 1813 2281; x_wconf 82' lang='lat' dir='ltr'><strong>Miser</strong></span> 
     </span>
    </p>
   </div>
   <div class='ocr_carea' id='block_1_108' title="bbox 1026 2299 1812 2345">
    <p class='ocr_par' dir='ltr' id='par_1_108' title="bbox 1026 2299 1812 2345">
     <span class='ocr_line' id='line_1_108' title="bbox 1026 2299 1812 2345; baseline -0.015 -8"><span class='ocrx_word' id='word_1_858' title='bbox 1026 2317 1077 2345; x_wconf 81' lang='lat' dir='ltr'><strong>ego</strong></span> <span class='ocrx_word' id='word_1_859' title='bbox 1090 2317 1162 2336; x_wconf 86' lang='lat' dir='ltr'><strong>sum.</strong></span> <span class='ocrx_word' id='word_1_860' title='bbox 1174 2307 1366 2342; x_wconf 87' lang='lat' dir='ltr'><strong>Unusquisque</strong></span> <span class='ocrx_word' id='word_1_861' title='bbox 1386 2305 1464 2340; x_wconf 81' lang='lat'><strong>113</strong></span> <span class='ocrx_word' id='word_1_862' title='bbox 1477 2303 1633 2331; x_wconf 85' lang='lat' dir='ltr'><strong>recordetur</strong></span> <span class='ocrx_word' id='word_1_863' title='bbox 1651 2307 1750 2328; x_wconf 83' lang='lat' dir='ltr'><strong>causas</strong></span> <span class='ocrx_word' id='word_1_864' title='bbox 1762 2299 1812 2326; x_wconf 88' lang='lat' dir='ltr'><strong>mi-</strong></span> 
     </span>
    </p>
   </div>
   <div class='ocr_carea' id='block_1_109' title="bbox 1029 2345 1812 2384">
    <p class='ocr_par' dir='ltr' id='par_1_109' title="bbox 1029 2345 1812 2384">
     <span class='ocr_line' id='line_1_109' title="bbox 1029 2345 1812 2384; baseline -0.015 -1"><span class='ocrx_word' id='word_1_865' title='bbox 1029 2355 1161 2384; x_wconf 86' lang='lat' dir='ltr'><strong>seriarum</strong></span> <span class='ocrx_word' id='word_1_866' title='bbox 1174 2361 1285 2381; x_wconf 89' lang='lat' dir='ltr'><strong>suarum</strong></span> <span class='ocrx_word' id='word_1_867' title='bbox 1293 2356 1318 2380; x_wconf 92' lang='lat' dir='ltr'><strong>et</strong></span> <span class='ocrx_word' id='word_1_868' title='bbox 1331 2351 1439 2382; x_wconf 88' lang='lat' dir='ltr'><strong>delicta,</strong></span> <span class='ocrx_word' id='word_1_869' title='bbox 1452 2354 1479 2377; x_wconf 90' lang='lat' dir='ltr'><strong>et</strong></span> <span class='ocrx_word' id='word_1_870' title='bbox 1491 2349 1614 2376; x_wconf 83' lang='lat' dir='ltr'><strong>dicamus</strong></span> <span class='ocrx_word' id='word_1_871' title='bbox 1624 2351 1769 2381; x_wconf 80' lang='lat' dir='ltr'><strong>surgentes</strong></span> <span class='ocrx_word' id='word_1_872' title='bbox 1780 2345 1812 2372; x_wconf 87' lang='lat' dir='ltr'><strong>ad</strong></span> 
     </span>
    </p>
   </div>
   <div class='ocr_carea' id='block_1_110' title="bbox 1029 2389 1812 2431">
    <p class='ocr_par' dir='ltr' id='par_1_110' title="bbox 1029 2389 1812 2431">
     <span class='ocr_line' id='line_1_110' title="bbox 1029 2389 1812 2431; baseline -0.014 -5"><span class='ocrx_word' id='word_1_873' title='bbox 1029 2400 1191 2431; x_wconf 82' lang='lat' dir='ltr'><strong>orationem,</strong></span> <span class='ocrx_word' id='word_1_874' title='bbox 1202 2404 1336 2424; x_wconf 85' lang='lat' dir='ltr'><strong>memores</strong></span> <span class='ocrx_word' id='word_1_875' title='bbox 1345 2395 1452 2430; x_wconf 84' lang='lat' dir='ltr'><strong>quidem</strong></span> <span class='ocrx_word' id='word_1_876' title='bbox 1463 2393 1707 2428; x_wconf 82' lang='lat' dir='ltr'><strong>quasicmditeutes</strong></span> <span class='ocrx_word' id='word_1_877' title='bbox 1717 2411 1726 2423; x_wconf 89' lang='lat'><strong>,</strong></span> <span class='ocrx_word' id='word_1_878' title='bbox 1737 2389 1812 2417; x_wconf 78' lang='lat' dir='ltr'><strong>obliti</strong></span> 
     </span>
    </p>
   </div>
   <div class='ocr_carea' id='block_1_111' title="bbox 1030 2434 1812 2478">
    <p class='ocr_par' dir='ltr' id='par_1_111' title="bbox 1030 2434 1812 2478">
     <span class='ocr_line' id='line_1_111' title="bbox 1030 2434 1812 2478; baseline -0.014 -7"><span class='ocrx_word' id='word_1_879' title='bbox 1030 2448 1119 2471; x_wconf 83' lang='lat' dir='ltr'><strong>autem</strong></span> <span class='ocrx_word' id='word_1_880' title='bbox 1136 2443 1213 2478; x_wconf 88' lang='lat' dir='ltr'><strong>quasi</strong></span> <span class='ocrx_word' id='word_1_881' title='bbox 1225 2442 1281 2476; x_wconf 86' lang='lat' dir='ltr'><strong>jam</strong></span> <span class='ocrx_word' id='word_1_882' title='bbox 1298 2448 1351 2468; x_wconf 90' lang='lat' dir='ltr'><strong>non</strong></span> <span class='ocrx_word' id='word_1_883' title='bbox 1367 2439 1507 2470; x_wconf 76' lang='lat' dir='ltr'><strong>facientes,</strong></span> <span class='ocrx_word' id='word_1_884' title='bbox 1523 2442 1550 2464; x_wconf 88' lang='lat' dir='ltr'><strong>et</strong></span> <span class='ocrx_word' id='word_1_885' title='bbox 1562 2437 1685 2464; x_wconf 88' lang='lat' dir='ltr'><strong>dicamus</strong></span> <span class='ocrx_word' id='word_1_886' title='bbox 1704 2444 1711 2462; x_wconf 90' lang='lat'>:</span> <span class='ocrx_word' id='word_1_887' title='bbox 1730 2434 1812 2461; x_wconf 73' lang='lat' dir='ltr'><strong>Miser</strong></span> 
     </span>
    </p>
   </div>
   <div class='ocr_carea' id='block_1_112' title="bbox 1029 2482 1813 2524">
    <p class='ocr_par' dir='ltr' id='par_1_112' title="bbox 1029 2482 1813 2524">
     <span class='ocr_line' id='line_1_112' title="bbox 1029 2482 1813 2524; baseline -0.014 -8"><span class='ocrx_word' id='word_1_888' title='bbox 1029 2488 1208 2524; x_wconf 71' lang='lat' dir='ltr'><strong>ego,quoniam</strong></span> <span class='ocrx_word' id='word_1_889' title='bbox 1221 2491 1391 2520; x_wconf 76' lang='lat' dir='ltr'><strong>compunctus</strong></span> <span class='ocrx_word' id='word_1_890' title='bbox 1408 2491 1476 2510; x_wconf 87' lang='lat' dir='ltr'><strong>sum.</strong></span> <span class='ocrx_word' id='word_1_891' title='bbox 1491 2482 1549 2509; x_wconf 84' lang='lat' dir='ltr'><strong>Non</strong></span> <span class='ocrx_word' id='word_1_892' title='bbox 1573 2485 1614 2507; x_wconf 89' lang='lat' dir='ltr'><strong>est</strong></span> <span class='ocrx_word' id='word_1_893' title='bbox 1633 2484 1813 2514; x_wconf 84' lang='lat' dir='ltr'><strong>compunctus</strong></span> 
     </span>
    </p>
   </div>
   <div class='ocr_carea' id='block_1_113' title="bbox 1029 2526 1812 2568">
    <p class='ocr_par' dir='ltr' id='par_1_113' title="bbox 1029 2526 1812 2568">
     <span class='ocr_line' id='line_1_113' title="bbox 1029 2526 1812 2568; baseline -0.015 -6"><span class='ocrx_word' id='word_1_894' title='bbox 1029 2539 1174 2568; x_wconf 86' lang='lat' dir='ltr'><strong>antequam</strong></span> <span class='ocrx_word' id='word_1_895' title='bbox 1192 2532 1295 2559; x_wconf 87' lang='lat' dir='ltr'><strong>videret</strong></span> <span class='ocrx_word' id='word_1_896' title='bbox 1308 2531 1452 2560; x_wconf 84' lang='lat' dir='ltr'><strong>visionem,</strong></span> <span class='ocrx_word' id='word_1_897' title='bbox 1470 2532 1614 2562; x_wconf 89' lang='lat' dir='ltr'><strong>antequam</strong></span> <span class='ocrx_word' id='word_1_898' title='bbox 1628 2526 1708 2552; x_wconf 89' lang='lat' dir='ltr'><strong>Osias</strong></span> <span class='ocrx_word' id='word_1_899' title='bbox 1724 2532 1812 2551; x_wconf 84' lang='lat' dir='ltr'><strong>more—</strong></span> 
     </span>
    </p>
   </div>
   <div class='ocr_carea' id='block_1_114' title="bbox 1030 2570 1811 2612">
    <p class='ocr_par' dir='ltr' id='par_1_114' title="bbox 1030 2570 1811 2612">
     <span class='ocr_line' id='line_1_114' title="bbox 1030 2570 1811 2612; baseline -0.015 -5"><span class='ocrx_word' id='word_1_900' title='bbox 1030 2585 1103 2607; x_wconf 90' lang='lat' dir='ltr'><strong>retur</strong></span> <span class='ocrx_word' id='word_1_901' title='bbox 1118 2587 1197 2606; x_wconf 90' lang='lat' dir='ltr'><strong>:cum</strong></span> <span class='ocrx_word' id='word_1_902' title='bbox 1214 2578 1310 2612; x_wconf 89' lang='lat' dir='ltr'><strong>incipit</strong></span> <span class='ocrx_word' id='word_1_903' title='bbox 1322 2576 1506 2612; x_wconf 70' lang='lat' dir='ltr'><strong>paenitentiam</strong></span> <span class='ocrx_word' id='word_1_904' title='bbox 1520 2580 1609 2609; x_wconf 81' lang='lat' dir='ltr'><strong>agere,</strong></span> <span class='ocrx_word' id='word_1_905' title='bbox 1621 2571 1712 2599; x_wconf 82' lang='lat' dir='ltr'><strong>statim</strong></span> <span class='ocrx_word' id='word_1_906' title='bbox 1725 2570 1792 2597; x_wconf 86' lang='lat' dir='ltr'><strong>dicit</strong></span> <span class='ocrx_word' id='word_1_907' title='bbox 1805 2577 1811 2596; x_wconf 90' lang='lat'><em>:</em></span> 
     </span>
    </p>
   </div>
   <div class='ocr_carea' id='block_1_115' title="bbox 1029 2618 1811 2660">
    <p class='ocr_par' dir='ltr' id='par_1_115' title="bbox 1029 2618 1811 2660">
     <span class='ocr_line' id='line_1_115' title="bbox 1029 2618 1811 2660; baseline -0.013 -8"><span class='ocrx_word' id='word_1_908' title='bbox 1029 2626 1154 2660; x_wconf 85' lang='lat' dir='ltr'><strong>quoniam</strong></span> <span class='ocrx_word' id='word_1_909' title='bbox 1172 2627 1341 2658; x_wconf 83' lang='lat' dir='ltr'><strong>compunctus</strong></span> <span class='ocrx_word' id='word_1_910' title='bbox 1360 2630 1429 2649; x_wconf 81' lang='lat' dir='ltr'><strong>sum.</strong></span> <span class='ocrx_word' id='word_1_911' title='bbox 1455 2620 1483 2647; x_wconf 85' lang='lat' dir='ltr'><strong>Si</strong></span> <span class='ocrx_word' id='word_1_912' title='bbox 1503 2619 1565 2654; x_wconf 90' lang='lat' dir='ltr'><strong>quis</strong></span> <span class='ocrx_word' id='word_1_913' title='bbox 1590 2618 1649 2645; x_wconf 79' lang='lat' dir='ltr'><strong>sine</strong></span> <span class='ocrx_word' id='word_1_914' title='bbox 1665 2624 1749 2644; x_wconf 83' lang='lat' dir='ltr'><strong>sensu</strong></span> <span class='ocrx_word' id='word_1_915' title='bbox 1772 2619 1811 2642; x_wconf 80' lang='lat' dir='ltr'><strong>est</strong></span> 
     </span>
    </p>
   </div>
   <div class='ocr_carea' id='block_1_116' title="bbox 1028 2662 1810 2706">
    <p class='ocr_par' dir='ltr' id='par_1_116' title="bbox 1028 2662 1810 2706">
     <span class='ocr_line' id='line_1_116' title="bbox 1028 2662 1810 2706; baseline -0.015 -8"><span class='ocrx_word' id='word_1_916' title='bbox 1028 2671 1104 2706; x_wconf 85' lang='lat' dir='ltr'><strong>juxta</strong></span> <span class='ocrx_word' id='word_1_917' title='bbox 1122 2669 1278 2697; x_wconf 86' lang='lat' dir='ltr'><strong>interiorem</strong></span> <span class='ocrx_word' id='word_1_918' title='bbox 1292 2668 1445 2699; x_wconf 88' lang='lat' dir='ltr'><strong>hominem,</strong></span> <span class='ocrx_word' id='word_1_919' title='bbox 1461 2673 1523 2693; x_wconf 92' lang='lat' dir='ltr'><strong>cum</strong></span> <span class='ocrx_word' id='word_1_920' title='bbox 1542 2667 1667 2700; x_wconf 82' lang='lat' dir='ltr'><strong>peccator</strong></span> <span class='ocrx_word' id='word_1_921' title='bbox 1679 2662 1733 2694; x_wconf 84' lang='lat' dir='ltr'><strong>sit,</strong></span> <span class='ocrx_word' id='word_1_922' title='bbox 1758 2668 1810 2687; x_wconf 78' lang='lat' dir='ltr'><strong>non</strong></span> 
     </span>
    </p>
   </div>
   <div class='ocr_carea' id='block_1_117' title="bbox 1020 2717 1801 2760">
    <p class='ocr_par' dir='ltr' id='par_1_117' title="bbox 1020 2717 1801 2760">
     <span class='ocr_line' id='line_1_117' title="bbox 1020 2717 1801 2760; baseline -0.017 -4"><span class='ocrx_word' id='word_1_923' title='bbox 1020 2730 1041 2746; x_wconf 69' lang='grc' dir='ltr'><strong>θ’</strong></span> <span class='ocrx_word' id='word_1_924' title='bbox 1056 2728 1136 2756; x_wconf 86' lang='lat' dir='ltr'><strong>Prov.</strong></span> <span class='ocrx_word' id='word_1_925' title='bbox 1151 2734 1210 2760; x_wconf 87' lang='lat' dir='ltr'><strong>vut,</strong></span> <span class='ocrx_word' id='word_1_926' title='bbox 1223 2725 1267 2753; x_wconf 71' lang='lat' dir='ltr'><strong>2L</strong></span> <span class='ocrx_word' id='word_1_927' title='bbox 1307 2726 1328 2741; x_wconf 75' lang='grc' dir='ltr'><strong>⁷ο</strong></span> <span class='ocrx_word' id='word_1_928' title='bbox 1343 2724 1410 2752; x_wconf 91' lang='lat' dir='ltr'><strong>IIeb.</strong></span> <span class='ocrx_word' id='word_1_929' title='bbox 1428 2731 1458 2756; x_wconf 84' lang='grc' dir='ltr'>ιι,</span> <span class='ocrx_word' id='word_1_930' title='bbox 1474 2723 1518 2749; x_wconf 81' lang='lat' dir='ltr'><strong>II.</strong></span> <span class='ocrx_word' id='word_1_931' title='bbox 1556 2721 1577 2737; x_wconf 90' lang='lat'>&#39;”</span> <span class='ocrx_word' id='word_1_932' title='bbox 1596 2719 1667 2747; x_wconf 85' lang='lat' dir='ltr'><strong>Psal.</strong></span> <span class='ocrx_word' id='word_1_933' title='bbox 1685 2726 1767 2751; x_wconf 78' lang='lat' dir='ltr'><strong>Lxxv,</strong></span> <span class='ocrx_word' id='word_1_934' title='bbox 1785 2717 1801 2743; x_wconf 69' lang='grc'>2</span> 
     </span>
    </p>
   </div>
  </div>
