1879 3046
58 131 105 161 27,5

63 239 190 266 adhibeas
212 238 377 270 stintulum,
400 244 454 263 non
477 236 559 263 sentit
577 241 717 263 mortuum
739 243 852 270 corpus.

63 286 154 313 eodem
179 285 264 312 modo
286 284 308 311 si
332 283 462 310 adhibeas
490 283 626 317 peccatori
656 282 737 309 verba
761 281 854 308 divina

65 331 224 359 tttnrtilicato
242 338 291 364 per
308 333 464 364 peceatum,
488 332 515 355 et
533 335 587 355 non
611 328 699 363 agenti
719 327 855 362 poeniten-

64 377 140 409 tiam,
152 383 244 409 neque
262 379 377 401 tumstus
392 378 444 406 cst,
460 380 551 408 neque
566 373 689 408 ptenitet,
700 379 787 408 neque
804 372 853 399 lta-

65 424 104 450 lwt
123 422 268 450 tristitiam
284 425 441 455 operantem
463 419 664 447 confessionem
679 439 687 452 ,
715 420 854 446 tristitiam

64 478 120 504 qua:
135 468 290 496 secundum
305 467 387 494 Deum
402 470 454 494 est.
473 465 501 493 Si
516 466 579 501 quis
591 470 683 492 autent
696 465 752 492 vult
768 465 856 492 salva-

65 516 96 548 ri,
108 519 134 542 et
149 514 270 541 audierit
285 521 426 541 sermones
446 512 588 547 arguentis
605 518 645 544 se,
660 515 688 538 et
703 511 856 545 corripien-

65 561 106 591 tis.
124 561 214 587 statim
237 560 304 587 dicit
327 568 333 585 :
348 559 370 585 Ο
386 558 469 586 miser
484 566 544 593 ego.
563 556 618 584 Nec
634 556 733 584 sufficit
754 557 855 589 dicere,

67 608 142 633 miser
152 614 211 640 ego;
227 605 418 640 apponendum
430 610 472 632 est
482 604 517 635 ei,
529 604 593 638 quia
604 607 774 638 compunctus
785 610 854 630 sum.

68 651 228 686 Utinamque
261 650 378 685 amplius
401 649 635 684 compungautur!
653 648 761 681 Quattto
781 648 855 676 enim

68 697 124 731 plus
141 696 370 731 coutpungimur,
394 700 469 722 lauto
493 695 555 729 plus
577 694 657 722 nobis
682 698 855 729 peccatorum

69 744 171 770 vincula
186 744 325 769 laxantur.
341 741 453 776 Propter
466 741 519 769 hoc
534 741 629 768 Achab
644 741 689 768 ille
713 748 766 767 non
783 739 856 766 ntul-

68 794 122 817 tum
149 789 279 816 utilitatis
300 793 342 816 est
363 793 547 819 consecutus,
570 787 635 822 quia
656 794 710 814 non
739 787 856 814 multum

66 839 244 870 compttuctus
259 839 317 867 est;
335 834 382 861 sed
398 837 579 868 compunctus
593 833 703 868 quidem
719 837 761 860 est
773 831 856 859 semel

695 129 730 155 IN
749 126 867 155 ISAIAM
884 125 1024 154 HOMILIA
1045 126 1075 153 ν.

63 191 265 228 cmnputtgitur;
284 191 329 219 sed
344 190 423 226 quasi
440 190 467 217 in
485 190 620 217 exteriora
639 190 762 216 membra
789 190 850 216 licet
867 192 888 219 Λ

1640 124 1693 150 τισι

938 189 964 215 5.
987 188 1020 214 Et
1039 188 1134 214 missus
1153 190 1190 212 est
1213 185 1246 212 ad
1269 193 1307 212 me
1333 192 1398 211 unus
1414 184 1445 211 de
1463 184 1606 218 semp/tim,
1626 191 1649 210 et
1666 185 1693 210 in

906 243 984 261 manu
998 235 1054 269 ejus
1066 233 1176 260 habebat
1192 232 1340 264 carbonem,
1354 239 1429 266 quem
1443 235 1578 265 acceperat
1595 230 1693 264 forcipe

905 283 937 309 de
957 281 1049 307 altari.
1072 279 1131 306 Non
1156 285 1320 313 quocunque
1346 277 1504 312 simpliciter
1528 280 1556 302 ct
1581 275 1694 302 fortuito

906 325 1036 360 propheta
1058 325 1120 360 igne
1142 329 1284 359 purgatur,
1308 323 1354 350 sed
1369 323 1415 357 qui
1436 326 1479 349 est
1497 322 1530 349 de
1544 321 1622 348 altari
1635 320 1692 347 Dei.

907 371 935 398 Si
952 375 1082 406 purgatus
1101 378 1154 397 non
1172 369 1257 397 fueris
1273 369 1368 396 altaris
1386 369 1457 403 igne,
1474 368 1573 395 residet
1587 367 1633 394 tibi
1649 366 1694 393 ille

906 419 939 445 de
958 425 1013 452 quo
1027 418 1129 445 dictutn
1146 422 1187 445 est
1201 425 1207 443 :
1223 416 1263 444 Ite
1280 425 1296 443 a
1309 424 1348 442 me
1364 416 1391 442 in
1406 415 1491 450 ignem
1507 419 1634 442 wternum
1649 413 1693 448 qui

908 469 1074 499 pt‘wparatus
1097 469 1134 491 est
1149 463 1250 490 Zabulo
1274 467 1298 490 et
1322 462 1422 497 angelis
1441 462 1497 496 ejus
1511 461 1545 488 ⁷⁸.
1566 460 1627 486 Non
1652 464 1695 486 est

907 511 969 539 talis
986 510 1057 545 ignis
1071 510 1104 536 de
1119 509 1209 536 altari.
1225 507 1326 535 Omnes
1342 507 1397 542 igni
1413 506 1536 534 tradendi
1553 509 1626 537 sunt,
1646 505 1694 532 sed

907 565 961 585 non
976 565 1072 585 omnes
1085 557 1132 584 uni
1150 555 1216 591 igni,
1234 556 1302 582 alios
1314 555 1346 582 de
1361 554 1439 581 altari
1459 553 1529 588 ignis
1544 555 1694 587 exspectat,

907 604 977 630 alios
999 603 1069 638 ignis
1091 603 1139 638 qui
1160 607 1328 638 praeparatus
1348 606 1391 629 est
1413 600 1517 628 Zabulo
1542 604 1569 627 et
1589 599 1695 635 angelis

906 649 976 684 ejus.
1004 647 1108 683 Tangat
1134 655 1198 683 ergo
1223 648 1294 675 labia
1318 647 1417 674 mentis
1437 651 1464 674 et
1481 647 1578 673 animae
1596 651 1696 674 nostra:

907 701 998 721 sermo
1021 693 1189 728 corripiens,
1207 697 1237 720 ut
1259 697 1285 720 et
1305 700 1355 720 nos
1372 693 1505 724 dicamus,
1525 696 1549 719 et
1566 692 1651 727 tetigit
1667 699 1695 718 os

909 747 1004 766 meum.
1028 738 1056 765 Si
1078 739 1246 766 ntundavero
1261 746 1294 765 os
1313 745 1415 771 nteum,
1432 742 1461 765 ut
1480 738 1546 765 nihil
1565 738 1695 771 otiosum,

908 785 975 812 nihil
995 784 1117 818 fatuum,
1136 785 1204 812 nihil
1223 789 1316 820 turpe,
1332 784 1399 812 nihil
1418 784 1533 812 scurrile
1547 784 1589 819 (ut
1602 784 1694 811 omnia

908 831 992 858 semel
1009 830 1170 864 nominem),
1190 830 1259 857 nihil
1276 838 1372 858 eorum
1392 838 1453 865 quae
1474 830 1617 857 interdicta
1632 835 1698 858 sunt

67 887 178 910 tantum.
196 881 382 915 Quamobrem
396 881 499 908 dictum
522 884 564 908 est
579 889 586 907 :
613 879 711 906 Vidisti
726 878 856 914 quomodo
872 868 893 895 Β
908 877 1014 912 loquar.
1024 881 1089 904 tunc
1100 883 1247 911 possumus
1258 875 1359 908 dicere,
1372 875 1492 910 tetigitos
1506 883 1600 902 meum.
1611 874 1697 902 Porro

66 932 230 962 tompanclus
243 931 283 954 est
294 925 384 953 Achab
400 925 434 952 ".
451 925 480 953 Si
495 932 561 952 vero
578 926 639 959 quis
657 923 718 951 talis
733 923 816 950 fuerit
828 927 857 949 ut

68 981 117 1001 non
134 978 224 1001 cesset
236 973 396 1008 compungi,
415 972 481 1000 dicit
497 971 624 999 similiter
642 975 672 997 ut
683 969 832 1004 Apostolus
849 977 855 995 :

71 1019 125 1047 Non
143 1028 202 1047 sum
223 1020 320 1054 dignus
338 1019 427 1045 vocari
445 1017 583 1052 apostolus
603 1022 710 1052 propter
721 1016 769 1042 hoc
788 1015 857 1050 quod

67 1071 211 1101 persecutus
230 1074 292 1093 sum
314 1064 460 1091 Ecclesium
476 1064 524 1091 Dei
543 1064 577 1096 ";
593 1068 621 1091 et
635 1072 641 1090 :
663 1062 731 1089 Mihi
748 1062 857 1090 minimo

68 1113 178 1140 omnium
189 1117 346 1140 sanctorum
362 1111 426 1138 data
437 1116 474 1138 est
488 1111 541 1138 ista
552 1110 641 1145 gratia
653 1110 686 1143 7°;
706 1114 732 1137 et
751 1118 758 1136 :
776 1108 858 1135 Fide-

68 1159 98 1186 lis
110 1159 176 1186 Deus
189 1159 256 1194 quia
271 1157 349 1185 Iesus
366 1157 488 1185 Christus
505 1157 574 1184 uenit
600 1157 627 1182 in
642 1156 711 1182 hunc
731 1155 859 1182 mundum

69 1211 209 1240 peccatores
222 1205 339 1237 sulcare,
353 1211 463 1238 quarunt
476 1203 578 1238 primus
588 1210 634 1236 ego
646 1210 705 1228 sum
716 1201 750 1228 ".
763 1199 858 1227 Vides-

70 1260 100 1279 ne
112 1252 173 1287 quia
188 1251 308 1278 multum
324 1253 507 1284 compunctus
519 1253 571 1281 est,
587 1252 614 1275 et
629 1254 682 1274 non
697 1247 792 1278 semel,
811 1246 858 1274 sed

69 1306 169 1334 setttper
184 1298 322 1330 scribetts,
336 1301 362 1323 et
378 1296 494 1330 loquens
505 1314 513 1328 ,
535 1298 562 1322 et
577 1301 660 1329 agens
677 1297 859 1328 compunctus

68 1344 123 1371 est?
151 1343 297 1377 Quomodo
321 1347 348 1370 et
369 1341 455 1368 Isaias
489 1341 514 1367 itt
542 1340 696 1375 praesenti,
724 1340 770 1374 qui
796 1340 860 1366 dicit

70 1390 147 1424 (rers.
162 1390 189 1426 5)
207 1399 215 1417 :
231 1390 254 1417 0
277 1390 357 1416 miser
369 1396 415 1423 ego
428 1396 499 1420 sum,
515 1392 684 1422 compunctus
702 1394 761 1413 sum
771 1406 779 1419 ,
797 1394 860 1419 quia

70 1444 125 1463 cum
140 1437 189 1463 sim
202 1436 292 1469 homo,
307 1440 332 1463 et
346 1434 483 1461 immunda
495 1433 568 1460 labia
587 1434 709 1467 habeant,
723 1438 749 1460 et
765 1441 793 1463 ιιι
804 1441 859 1460 nte-

70 1483 112 1510 dio
123 1491 224 1518 quoque
238 1481 328 1517 populi
340 1482 477 1508 immunda
500 1481 573 1508 labia
593 1479 713 1507 habentis
734 1479 858 1506 habitem.

72 1529 235 1556 Aduotemus
250 1533 279 1555 et
297 1527 370 1555 aliud
389 1527 537 1562 quiddam,
558 1527 623 1562 quia
647 1529 760 1560 peccata
786 1525 861 1552 Isaiae
874 1535 896 1566 ρ

72 1583 120 1602 tton
137 1575 165 1602 in
191 1574 294 1607 factis,
318 1574 365 1601 sed
389 1578 494 1601 tantum
516 1573 543 1600 itt
569 1572 744 1600 sermonibus
769 1575 856 1599 erant.

72 1620 179 1656 Propter
195 1620 270 1656 quod
286 1620 323 1647 ait
339 1629 346 1647 :
360 1619 430 1652 Quia
445 1627 504 1646 cum
517 1619 594 1646 homo
608 1619 670 1650 sint,
683 1623 708 1644 et
722 1617 860 1644 immunda

72 1666 138 1693 labia
156 1667 278 1693 habeant.
298 1665 363 1692 Erat
379 1670 470 1692 autem
487 1669 513 1692 et
534 1664 651 1700 populus
666 1663 806 1690 immunda
821 1663 861 1690 la-

75 1713 114 1738 bia
130 1713 243 1740 habens.
257 1711 315 1739 Non
335 1711 426 1738 decuit
443 1718 505 1738 eum
517 1717 648 1738 accusare
664 1709 808 1744 populum,
833 1713 861 1736 et

74 1759 159 1787 dicere
169 1759 246 1794 plura
262 1762 373 1794 peccata
385 1757 413 1785 in
431 1764 464 1785 eo
480 1764 542 1785 esse
557 1764 639 1792 quam
655 1754 859 1783 immundorunt

75 1805 213 1833 labiorum.

106 1851 131 1878 4.
154 1851 186 1878 Et
201 1859 288 1886 regem
307 1850 449 1877 Dominum
463 1849 580 1877 Sabaoth
604 1848 659 1875 uidi
681 1847 765 1874 oculis
783 1845 857 1873 meis.

75 1898 103 1925 Si
120 1898 226 1933 quando
247 1897 282 1925 de
297 1897 352 1924 Deo
371 1896 598 1932 cogitaverimus,
623 1902 686 1922 cum
701 1894 792 1921 adhuc
812 1900 858 1920 su-

78 1951 134 1971 utus
154 1949 323 1979 peccatores,
346 1948 374 1971 et
397 1950 448 1970 nos
472 1942 597 1969 dicamus
621 1948 683 1976 qua;
701 1947 774 1967 nttnc
794 1938 861 1966 dicit

77 1990 199 2025 propheta
220 1992 304 2026 (vers.
319 1989 367 2026 6):
397 1988 430 2015 Et
453 1989 549 2014 missus
570 1991 610 2013 est
628 1986 662 2012 ad
680 1994 720 2012 me
743 1992 810 2012 unus
829 1984 860 2010 de

78 2037 212 2071 seraphim.
231 2036 320 2069 Quam
342 2036 430 2062 bonus
447 2034 533 2062 Deus!
551 2033 638 2066 Quia,
657 2031 762 2067 inquit,
780 2030 860 2058 audio

79 2084 245 2110 rontitentem
259 2082 367 2117 Isaiam;
382 2081 451 2108 dixit
464 2081 537 2108 enim
552 2088 558 2106 :
575 2079 597 2107 0
615 2079 695 2106 miser
708 2085 772 2113 ego;
790 2084 860 2111 quo-

79 2129 145 2156 niam
168 2130 252 2156 audio
278 2129 466 2163 pmnitenlem,
493 2126 531 2153 ait
552 2124 860 2161 quippe:Compunctus

79 2183 149 2207 sum;
173 2176 239 2211 quia
270 2176 378 2210 propria
404 2174 503 2201 delicta
534 2171 720 2208 pronuntiavit
745 2169 859 2197 dicens:

908 923 1028 958 quattdiu
1053 923 1193 950 immunda
1217 922 1288 950 l'abia
1303 922 1406 955 habeo,
1429 926 1457 949 et
1475 921 1631 949 immundae
1653 929 1698 949 res

908 977 982 1004 gero,
1003 974 1114 1004 propter
1137 968 1220 996 verba
1246 968 1350 1003 peccati
1377 976 1431 996 non
1450 967 1538 1003 tangit
1557 975 1589 995 os
1605 975 1695 995 meum

909 1015 979 1050 ignis
991 1014 1025 1042 de
1039 1014 1128 1048 altari,
1140 1021 1229 1049 neque
1243 1013 1362 1041 mittitur
1377 1013 1411 1041 ad
1427 1022 1470 1042 me
1485 1022 1557 1042 unus
1571 1015 1606 1041 de
1622 1021 1697 1042 sera-

909 1060 996 1095 phim.

943 1106 970 1134 6.
992 1105 1069 1134 Vers.
1091 1105 1118 1133 7.
1140 1105 1174 1132 Et
1194 1105 1262 1132 dixit
1282 1112 1291 1132 :
1309 1103 1376 1132 Ecce
1402 1105 1475 1140 tetigi
1498 1104 1570 1131 labia
1596 1110 1651 1137 tua,
1672 1109 1697 1130 et

909 1152 1008 1180 abstuli
1030 1153 1184 1188 iniquitates
1206 1157 1277 1185 tuas,
1295 1157 1321 1180 et
1339 1156 1447 1186 peccata
1467 1157 1513 1178 tua
1533 1151 1698 1185 circumpur-

909 1199 978 1234 gavi.
1004 1198 1124 1226 Mordeat
1144 1205 1194 1225 nos
1214 1205 1306 1226 sermo
1327 1197 1452 1228 divinus,
1473 1200 1570 1224 exurat
1592 1196 1698 1223 animas

911 1251 1020 1272 nostras
1038 1254 1044 1272 :
1059 1245 1182 1272 dicamus
1205 1244 1346 1271 audientes
1363 1251 1370 1270 :
1395 1242 1489 1270 Nonne
1510 1251 1556 1269 cor
1579 1247 1698 1269 nostrum

911 1291 1006 1318 ardens
1023 1296 1081 1318 erat
1101 1291 1129 1318 iu
1151 1290 1225 1318 nobis
1238 1290 1284 1317 ⁸⁸7
1309 1295 1339 1317 ιιι
1358 1289 1519 1317 auferantur
1540 1288 1698 1324 iniquitates

911 1341 1010 1365 nostra:
1045 1340 1127 1371 atque
1158 1340 1286 1372 peccata,
1311 1341 1338 1363 et
1363 1336 1459 1363 mundi
1484 1334 1571 1363 effecti
1595 1334 1698 1361 mundo

911 1390 958 1410 ore
984 1381 1141 1416 mundoque
1162 1381 1255 1415 corde,
1279 1386 1307 1408 et
1321 1380 1423 1408 munda
1449 1384 1507 1407 tota
1530 1378 1698 1407 conscientia

911 1427 1011 1462 gratias
1032 1434 1145 1462 agamus
1165 1426 1344 1461 omnipotenti
1361 1425 1427 1458 Deo,
1451 1425 1478 1453 in
1491 1425 1601 1453 Christo
1622 1424 1698 1457 Jesu,

911 1474 956 1502 cui
972 1478 1014 1501 est
1027 1473 1114 1509 gloria
1134 1477 1161 1501 et
1178 1473 1324 1507 imperium
1349 1472 1376 1499 in
1399 1472 1498 1500 satcula
1524 1471 1697 1498 saeculorum.

911 1521 1010 1548 Amen.

1206 1563 1352 1592 HOMILIA
1376 1563 1405 1591 V.

913 1624 949 1652 De
962 1624 1001 1651 ’ρο
1013 1624 1086 1658 quod
1109 1623 1241 1658 scriptum
1259 1627 1321 1650 est:
1337 1621 1531 1658 Qutsretevault
1550 1620 1582 1647 ab
1601 1621 1699 1658 oriente

941 1656 1077 1694 justitiam
1096 1656 1173 1694 (xu,
1190 1659 1230 1693 2),
1258 1663 1286 1686 et
1309 1659 1343 1686 de
1366 1657 1471 1685 visione
1499 1656 1598 1684 iterum
1622 1656 1700 1684 aliter

947 1697 1017 1730 (cap.
1031 1694 1081 1730 vt).

953 1753 980 1780 Ι.
1009 1752 1054 1779 Ait
1079 1751 1224 1786 prophetes
1250 1757 1311 1778 esse
1332 1748 1471 1777 Christum
1495 1749 1630 1777 viventem
1653 1749 1701 1784 ju-

911 1798 1024 1830 stitiam,
1051 1801 1078 1824 et
1103 1796 1266 1831 putabamus
1300 1801 1351 1821 nos
1381 1794 1415 1821 ab
1437 1794 1569 1829 Apostolo
1595 1794 1699 1822 dictum

910 1852 972 1872 esse
987 1843 1055 1879 (9i),
1070 1842 1133 1878 quia
1146 1841 1272 1869 Christus
1287 1840 1323 1868 sit
1337 1839 1461 1874 justitia,
1476 1845 1501 1866 et
1514 1840 1700 1874 sanctiﬁcatio,

910 1896 935 1918 et
951 1890 1106 1924 redemptio.
1129 1892 1153 1915 et
1176 1887 1307 1922 sapientia
1318 1886 1350 1913 ⁸¹.
1376 1885 1459 1913 Forte
1482 1889 1572 1913 autem
1587 1890 1615 1912 et
1627 1886 1702 1920 Δρο-

911 1937 999 1966 stolus
1023 1936 1172 1963 instructus
1189 1940 1204 1961 a
1217 1933 1367 1969 prophetis,
1388 1934 1463 1960 novit
1475 1933 1624 1959 animatum
1640 1940 1702 1960 esse

910 1982 1044 2019 justitiam
1054 1985 1081 2009 et
1095 1980 1243 2007 viventem.
1259 1978 1326 2011 Quae
1336 1982 1378 2005 est
1389 1978 1439 2006 ista
1461 1978 1584 2013 justitia?
1600 1977 1700 2014 Unige-

912 2029 986 2057 ttitus
1002 2028 1059 2056 Dei.
1074 2026 1143 2060 Quia
1156 2029 1246 2053 autem
1266 2032 1320 2052 non
1347 2024 1382 2052 ab
1394 2024 1526 2059 Apostolo
1543 2023 1598 2058 (92)
1609 2029 1699 2051 ortntn

914 2075 994 2112 115
1007 2078 1049 2102 est
1068 2073 1208 2101 Christum
1227 2079 1288 2099 esse
1302 2070 1448 2106 justitiam,
1465 2075 1492 2097 et
1507 2069 1655 2103 viventem,
1675 2075 1702 2096 et

912 2123 1104 2150 subsistentem
1116 2119 1261 2154 justitiam,
1272 2118 1319 2145 sed
1335 2117 1456 2144 invenies
1471 2120 1497 2144 et
1508 2125 1523 2143 a
1537 2116 1702 2151 propheticis

915 2167 1087 2196 sermonibus
1111 2165 1163 2193 hoc
1182 2165 1260 2192 nobis
1276 2163 1438 2199 mysterium
1463 2162 1626 2194 etthibitum,
1642 2170 1701 2190 cer-

82 2220 144 2253 Qttia
165 2209 224 2248 cum
237 2209 290 2248 sint
304 2221 391 2252 homo,
409 2225 433 2246 et
448 2219 585 2246 immunda
612 2215 684 2244 labia
693 2214 814 2243 habeam,
833 2215 860 2241 in
876 2210 899 2238 D
914 2218 972 2241 tum
992 2218 1018 2240 et
1041 2220 1056 2239 a
1072 2212 1191 2246 capitulo
1216 2211 1243 2237 in
1260 2217 1316 2245 quo
1332 2217 1405 2237 nunc
1430 2209 1510 2236 lectio
1535 2209 1701 2244 conquievit.

81 2268 160 2294 medio
174 2276 277 2303 quoque
294 2266 383 2302 populi
400 2265 535 2293 immunda
552 2264 625 2291 labia
644 2263 763 2290 habentis
783 2261 860 2288 habi-

82 2317 138 2344 tem,
158 2319 184 2341 et
203 2321 255 2350 ego
271 2313 360 2340 adhuc
383 2313 511 2347 loquente
530 2318 563 2338 eo
580 2311 652 2341 dico.
670 2317 733 2337 ecce
752 2309 859 2336 adsum.

83 2357 114 2385 Et
126 2360 217 2387 missus
235 2364 275 2386 est
293 2359 327 2385 ad
341 2366 382 2385 me
397 2365 464 2384 unus
483 2357 515 2384 de
530 2357 673 2390 semp/tim,
696 2359 721 2381 et
739 2354 767 2380 in
783 2361 863 2380 manu

82 2413 126 2431 sua
137 2405 245 2432 habebat
259 2404 409 2431 carbonem.
423 2402 512 2430 Carbo
526 2402 646 2429 defertur
656 2399 689 2428 ad
702 2400 861 2435 prophetam

81 2457 107 2478 ut
129 2460 172 2486 per
193 2452 266 2487 ignis
292 2451 428 2478 ustionem
450 2453 600 2484 purgentur
625 2447 697 2475 labia
715 2446 786 2482 ejus,
802 2453 864 2481 quae

80 2496 220 2531 aliquando
241 2501 429 2532 peccaverant.
447 2495 515 2529 Quis
532 2498 574 2522 est
590 2494 641 2522 iste
655 2501 728 2521 unus
742 2493 775 2520 de
788 2499 863 2520 sera-

82 2543 170 2576 phim?
193 2543 326 2571 Dominus
351 2550 427 2570 meus
445 2541 525 2569 Jesus
544 2540 672 2568 Christus
687 2547 693 2565 :
713 2539 765 2567 iste
783 2539 861 2573 juxta

81 2588 304 2623 dispensationem
324 2590 416 2617 carnis
439 2588 541 2616 missus
555 2590 597 2613 est
612 2585 716 2612 habens
736 2585 763 2611 itt
779 2592 860 2612 manu

84 2642 128 2662 sua
146 2636 303 2669 carbonem,
318 2639 346 2663 et
358 2635 469 2662 dicens:
487 2632 581 2669 Ignem
593 2631 650 2659 ueni
669 2631 771 2658 mittere
785 2638 862 2666 super

84 2685 184 2715 terram,
200 2688 225 2710 et
244 2682 346 2708 utinam
357 2681 417 2716 jam
431 2679 525 2707 ardeat
536 2679 575 2706 7'!

114 2729 137 2746 ’⁸
149 2730 179 2758 |Il
195 2730 262 2765 Reg.
284 2738 342 2762 ut,
358 2730 403 2758 29.
441 2730 464 2746 ⁷⁸
479 2729 562 2757 lCor.
580 2736 624 2765 av,
638 2728 665 2756 9.
687 2727 732 2765 ff
743 2726 842 2765 Epltes.

908 2726 954 2752 .8.
985 2724 1006 2739 τ’
1023 2723 1032 2750 1
1047 2721 1118 2748 Tim.
1146 2728 1165 2753 t,
1195 2726 1239 2745 xv.

915 2260 980 2293 Quis
997 2259 1082 2293 enim,
1100 2258 1198 2294 inquit.
1211 2264 1317 2292 surgere
1331 2256 1393 2291 fecit
1404 2255 1436 2282 ab
1447 2255 1547 2282 oriente
1553 2255 1701 2289 justitiam,

913 2309 939 2334 et
955 2305 1055 2333 vacavit
1071 2313 1128 2332 eam
1150 2303 1183 2330 ad
1197 2302 1274 2338 pedes
1294 2310 1356 2329 suos
1368 2301 1410 2328 ll"3
1429 2300 1542 2328 Vocavit
1554 2299 1700 2334 justitiam.

914 2347 1088 2380 Ranifestum
1111 2357 1152 2378 est
1174 2350 1322 2377 attimatam
1357 2355 1417 2375 eam
1445 2354 1506 2374 esse
1534 2346 1558 2374 si
1582 2346 1703 2373 ambulet

915 2403 1020 2426 vocata.
1056 2396 1168 2424 Vocavit
1191 2399 1283 2423 autem
1306 2393 1448 2421 Christum
1465 2391 1562 2424 Pater,
1588 2398 1644 2427 quo
1667 2391 1702 2419 ob

915 2449 1035 2473 nostram
1050 2443 1166 2471 salutem
1179 2441 1213 2469 ad
1229 2447 1278 2468 nos
1294 2441 1345 2467 iter
1359 2439 1470 2470 faceret,
1486 2442 1512 2465 et
1525 2436 1704 2465 descenderet

914 2491 948 2519 de
964 2490 1034 2518 creto
1048 2488 1081 2516 ad
1095 2495 1146 2515 nos
1159 2496 1165 2514 :
1181 2486 1264 2514 Nemo
1284 2485 1357 2512 enim
1377 2484 1496 2512 ascendit
1507 2484 1536 2510 in
1547 2482 1640 2510 caelum
1651 2483 1702 2509 nisi

914 2536 960 2573 qui
977 2536 1009 2563 de
1038 2534 1101 2561 calo
1119 2532 1252 2560 descendit
1273 2530 1361 2558 Filius
1387 2530 1501 2573 hominis
1523 2528 1557 2554 ".
1590 2527 1704 2555 Vocavit

915 2570 977 2612 cum
999 2582 1032 2610 de
1054 2581 1160 2608 oriente
1181 2588 1187 2606 :
1210 2585 1264 2606 nott
1290 2578 1323 2605 de
1346 2577 1398 2604 isto
1422 2570 1566 2608 sensibili,
1597 2574 1643 2601 sed
1668 2574 1703 2601 de

915 2630 1020 2658 oriente
1044 2626 1113 2655 lueis
1138 2632 1218 2652 verae.
1252 2623 1365 2658 Propter
1389 2623 1462 2657 quod
1490 2621 1621 2656 scriptum
1643 2623 1702 2646 est;

917 2675 983 2710 Quis
996 2680 1134 2708 exsurgere
1148 2671 1180 2697 de
1194 2670 1293 2697 oriente
1314 2668 1375 2702 fecit
1389 2667 1539 2701 justitiam,
1560 2671 1584 2694 et
1602 2665 1704 2693 uocauit

1287 2717 1310 2733 ⁷⁸
1321 2716 1388 2744 Luc.
1413 2723 1462 2748 an,
1487 2715 1532 2742 ιε).
1570 2715 1592 2731 ’³
1607 2712 1702 2741 Matth.

85 2753 422 2799 ιιν,ἲῖ.’“ὓίἶιὲ.⁷ιῖςῖξι,
436 2753 488 2794 δι’
502 2753 565 2790 "ii
576 2753 674 2794 (Ξόίνξᾶ,
687 2761 732 2790 5οἰ
764 2753 791 2779 ἓν
807 2753 853 2790 is:

944 2782 947 2791 ,
963 2759 990 2786 ‘2.
1028 2756 1139 2784 “Joan.
1157 2762 1199 2785 ιιι,
1220 2753 1264 2780 i5.

116 2824 170 2861 (91)
182 2820 250 2854 Tres
263 2832 332 2853 mss.
349 2822 409 2861 cod.
427 2823 469 2861 sic
481 2823 597 2861 habent,
619 2821 680 2849 libri
697 2828 761 2848 vero
781 2818 859 2852 editi,

87 2857 200 2894 putamus
216 2861 248 2888 ab
262 2859 388 2894 Apostolo
405 2860 490 2885 solum
505 2857 606 2885 dictum
621 2863 686 2885 esse.

237 2909 369 2939 Parnm.
388 2908 447 2937 (in.
469 2907 553 2937 Xlll.

949 2815 1005 2852 (9‘2)
1032 2813 1111 2852 Libb.
1138 2810 1215 2844 editi,
1232 2810 1294 2837 'non
1320 2808 1404 2835 solum
1426 2806 1458 2834 ab
1479 2805 1614 2841 Apostalo.
1639 2806 1702 2834 Mss.

919 2847 1048 2879 omittunt
1062 2847 1158 2874 solum.

1525 2890 1545 2920 8
