1879 3046
174 151 229 178 Ἓῗῖὅ

920 149 1079 177 URIGENIS

1762 152 1810 187 εδδ

176 217 235 235 cum
253 209 287 235 ml
306 208 380 242 pedes
396 209 483 237 suos?
497 210 575 237 Pater
598 209 703 236 vocavit
723 208 822 236 Filium
835 229 841 239 ,
862 207 917 235 imo
938 212 968 234 ut
983 211 1004 238 Α
1021 215 1081 235 meo
1094 209 1332 236 comminationem
1349 208 1464 236 dicentis
1482 217 1487 234 :
1511 208 1540 236 Si
1562 218 1611 236 non
1633 210 1723 237 lavero
1736 214 1810 245 pum

178 263 241 282 vere
256 255 397 288 dicamus,
416 255 486 283 Deus
503 256 638 283 hominem
653 256 760 282 vocavit
778 255 913 289 justitiam
931 254 966 281 ad

174 300 262 333 pedes
286 307 368 331 suos,
393 299 418 326 id
443 305 486 327 est
510 300 720 328 incarnationem
737 299 797 326 Filii
823 299 876 326 sui.
901 299 967 325 ideo

179 349 206 372 et
226 345 373 372 adoramus
393 345 542 372 srahellum
570 345 667 379 pedutn
691 345 776 375 illitis,
799 345 876 379 juxta
894 344 967 379 quod

174 391 312 425 scriptum
329 395 370 418 est
386 399 392 416 :
411 391 528 418 Adorate
545 390 688 418 scribet/um
707 391 802 423 pedum
818 391 887 425 ejus,
901 391 966 426 quia

177 443 301 464 sanctum
323 443 370 464 est.
391 437 461 464 Caro
484 438 615 472 siquidem
631 436 739 464 Domini
755 437 888 464 honorem
906 437 967 463 Dei-

179 482 244 509 tatis
272 482 397 509 assumit.
433 482 502 515 Quia
528 487 617 509 autem
649 481 814 516 principium
845 481 968 508 lectionis

181 528 269 555 altiori
287 528 385 562 indiget
400 528 578 563 expositione,
593 535 703 555 oremus
717 536 855 555 summum
867 528 966 563 Regem

178 579 209 601 ut
227 582 317 601 sermo
335 574 380 609 qui
402 578 514 600 vocatus
536 574 650 607 abierat,
675 574 709 601 ad
732 582 782 601 nos
803 575 902 602 iterum
923 583 964 601 rc—

174 625 308 652 ~vertatur,
338 624 367 646 ut
391 627 477 654 pauca
503 619 581 654 juxta
611 620 820 655 possibilitatem
846 625 966 648 nostrain

172 666 324 693 edisseram
329 674 370 694 us.

210 711 236 738 2.
259 711 293 738 Et
317 711 420 746 factum
446 715 486 738 est
509 712 535 738 in
554 719 624 738 anno
643 720 694 747 quo
717 717 837 739 mortuus
860 717 897 739 est
923 721 968 739 rex

177 758 254 784 Osias
267 767 276 785 :
289 758 342 784 ridi
357 757 497 784 Dominum
511 758 641 785 sedentem
654 767 734 794 supra
749 759 871 786 thronum
884 759 969 786 excel-

176 813 245 837 sum,
263 809 287 832 et
308 805 384 837 plena
403 810 458 831 erat
482 804 576 831 donius
594 804 679 840 gloria
700 805 767 840 ejus,
786 811 809 833 et
837 805 968 841 semp/tim

176 849 283 877 stabant
306 851 330 876 in
350 850 464 877 circuitu
485 850 558 883 ejus.
579 858 625 876 sea:
648 851 699 878 ala:
719 852 783 884 uni,
817 857 840 879 et
859 859 904 879 sex
917 852 969 879 ala!

1021 258 1090 286 tuos,
1105 262 1156 281 non
1170 254 1276 281 [iubebis
1289 259 1392 289 partem
1409 263 1509 281 metunt
1522 255 1556 283 ⁸⁷.
1575 255 1638 283 Ideo
1655 256 1716 283 lava
1733 257 1810 290 pedes

1016 307 1104 333 meos,
1122 305 1149 327 ιιι
1165 300 1278 327 habeam
1294 304 1396 334 partem
1412 305 1512 327 tecum.
1528 300 1582 328 Sed
1596 301 1663 335 quid
1682 301 1738 333 aio,
1754 301 1809 328 lava

1018 346 1100 380 pedes
1115 346 1211 373 meos?
1231 345 1329 373 Petrus
1343 346 1395 373 hoc
1411 347 1499 381 potuit
1511 346 1612 379 dicere,
1628 346 1675 381 qui
1694 354 1748 374 non
1766 346 1811 374 ha-

1019 391 1077 418 buit
1090 398 1217 423 necesse,
1234 390 1285 418 nisi
1302 395 1407 423 tantum
1423 396 1451 418 ut
1468 392 1548 426 pedes
1567 392 1628 426 ejus
1643 392 1811 426 lavarentur;

1020 441 1092 464 lotus
1108 437 1210 471 quippe
1234 438 1353 464 mundus
1372 441 1441 464 erat.
1461 437 1516 472 Ego
1532 437 1623 472 potius
1637 446 1700 465 cum
1726 441 1810 467 semel

1019 484 1091 510 lotus
1107 483 1169 516 sim,
1187 483 1233 510 illo
1249 483 1358 518 indigeo
1374 483 1548 518 baptismate,
1565 484 1598 511 de
1611 491 1666 519 quo
1681 485 1812 512 Dominus

1019 529 1056 557 ait
1069 538 1076 556 :
1089 529 1144 564 Ego
1160 529 1234 556 aliud
1249 529 1380 563 baptisma
1397 530 1478 556 habeo
1492 531 1624 565 baptizari
1634 530 1658 547 ⁸⁸
1671 531 1742 567 (95).
1758 531 1813 560 Cttr

1019 575 1069 602 ista
1086 574 1222 602 diximus?
1232 574 1359 609 Prmparo
1376 580 1454 602 etme
1464 580 1490 602 ct
1499 575 1641 604 audientes
1651 577 1684 603 ad
1705 577 1811 611 majora

1019 621 1160 656 mysteria.
1190 619 1219 648 Si
1247 625 1337 648 tamen
1360 621 1462 653 veniat,
1489 621 1511 648 si
1536 622 1684 649 descendat
1706 621 1741 649 ad
1762 629 1811 649 nos

1019 673 1109 693 sermo
1123 666 1191 699 Dei,
1218 666 1300 693 timeo
1319 665 1391 693 cnim
1410 674 1444 693 ne
1462 674 1504 693 me
1525 666 1624 701 fugiat,
1647 675 1681 694 ne
1701 667 1810 694 benedi-

1017 712 1136 739 ctionem
1149 720 1259 748 quoque
1275 720 1362 739 nteant
1383 711 1554 747 dedignetur.
1575 712 1656 747 Fugit
1667 713 1806 748 quondam

1019 763 1109 784 sermo
1118 758 1247 792 populum
1257 762 1366 792 propter
1372 757 1461 784 Achar
1469 757 1525 793 (94)
1535 766 1617 784 unum
1627 763 1809 793 pcccatorem;

1019 802 1097 838 fugit,
1114 803 1236 838 iuquatn,
1254 811 1346 831 sermo
1362 803 1492 838 populum
1506 807 1616 838 propter
1643 811 1730 830 unum
1752 812 1811 839 pee-

1019 855 1139 877 catorem
1153 849 1255 883 Achar,
1269 849 1353 877 filium
1377 849 1498 881 Zamhri,
1516 849 1565 876 ﬁlii
1582 849 1662 881 Zara,
1681 857 1714 877 ex
1739 849 1810 878 tribu

178 895 275 926 alteri;
299 901 323 922 et
344 894 448 921 duabus
470 894 575 929 quidem
598 895 718 922 vetabant
740 897 834 931 faciem
858 897 925 932 ejus,
943 901 968 924 et
987 892 1006 919 Β
1019 895 1099 929 Iuda,
1116 896 1162 931 qui
1181 896 1341 924 iuobediens
1356 895 1408 923 fuit
1421 895 1487 929 Deo,
1505 901 1532 923 et.
1547 896 1608 923 ideo
1624 896 1810 924 anathemati-

177 942 282 967 duabus
298 941 418 968 uelabant
434 941 527 973 pot/es.
546 945 570 967 et
586 941 688 968 duabus
707 942 829 969 volabant
841 963 848 974 ,
867 947 892 970 ct
912 943 967 969 cla-

178 987 284 1013 mabant
300 986 368 1013 alter
382 986 416 1013 ad
430 989 554 1018 alterum,
567 991 591 1013 et
603 987 727 1014 dicebant
741 995 750 1014 :
766 987 891 1022 Sumtus,
906 996 968 1015 san-

178 1038 246 1064 ctus,
260 1037 366 1059 armaris
383 1031 510 1058 Dominus
528 1031 595 1058 Deus
610 1031 736 1067 Sabaoth,
752 1033 830 1068 plena
843 1039 881 1061 est
897 1039 968 1060 terra

178 1078 263 1111 gloria
278 1078 334 1112 ejus
345 1078 378 1111 ⁸⁵,
395 1083 419 1105 et
434 1079 547 1111 reliqua.
563 1076 662 1105 Verum
680 1084 708 1106 ut
721 1083 748 1106 et
764 1087 813 1106 nos
827 1080 968 1108 videamus

180 1125 313 1152 visionem
334 1133 416 1160 quam
440 1127 508 1154 vidit
535 1127 629 1158 Isaias,
652 1133 781 1153 vocemus
804 1125 896 1153 Jcsum
921 1126 968 1161 qui

180 1179 232 1198 non
257 1171 412 1199 videntibus
438 1172 550 1208 largitus
573 1177 613 1200 est
641 1172 745 1200 oculos.
772 1172 865 1200 Potest
895 1173 967 1199 enim

176 1217 258 1243 etiam
276 1224 347 1243 nunc
363 1217 456 1244 venire
473 1223 500 1245 et
518 1217 618 1250 facere,
636 1223 665 1245 ut
679 1226 711 1245 ea
726 1226 788 1254 qum
805 1219 831 1246 in
853 1219 970 1246 lectione

177 1267 348 1290 sacramenta
373 1264 444 1291 dicta
462 1269 536 1298 sunt,
562 1265 664 1300 apertis
681 1265 769 1292 oculis
795 1265 968 1298 intueamur;

177 1302 401 1342 repromittainus
416 1309 440 1336 ei
457 1309 514 1344 jam
531 1317 581 1337 nos
604 1318 657 1337 non
676 1310 746 1337 ultra
765 1310 853 1338 facere
870 1318 970 1345 corpus

177 1354 281 1381 Christi
306 1362 403 1389 corpus
425 1355 594 1389 meretricis,
608 1363 660 1383 nec
679 1355 768 1384 facere
789 1364 870 1391 opera
887 1357 969 1393 digna

179 1399 264 1427 luctu.
292 1399 488 1436 Unusquisque
510 1406 634 1429 nostrum
662 1402 718 1430 haec
739 1403 820 1430 corde
843 1403 971 1438 loquatur

179 1446 213 1472 ad
229 1445 323 1478 Deum,
337 1451 364 1473 et
378 1455 522 1481 precemur
537 1453 566 1475 ut
580 1449 712 1476 adventus
725 1449 784 1483 ejus
799 1449 879 1476 ctiam
899 1457 970 1477 nunc

181 1493 236 1519 fiat.
262 1492 289 1519 Si
307 1493 380 1520 cnim
404 1501 458 1520 non
476 1493 615 1520 advenerit
630 1492 721 1525 Jesus,
746 1494 797 1521 ista
811 1495 901 1522 videre
916 1502 970 1522 non

179 1547 337 1576 possumus.
364 1541 467 1568 Precor
489 1545 518 1568 ut
536 1541 661 1568 mittatur
682 1541 763 1568 etiam
786 1541 818 1567 ad
837 1549 879 1569 tne
895 1549 970 1569 sera-

180 1587 269 1621 phim,
290 1591 318 1614 et
337 1587 536 1622 comprehenso
559 1588 593 1615 de.
616 1587 718 1622 forcipe
738 1588 856 1615 carbone
874 1593 970 1623 purget

179 1632 252 1660 labia
267 1641 339 1666 mea,
352 1640 381 1661 et
396 1633 460 1668 quid
478 1634 540 1661 dico
556 1634 625 1661 labia
652 1634 731 1661 mea?
747 1634 832 1662 Isaias
858 1641 970 1662 sanctus

179 1683 250 1711 erat,
263 1683 290 1705 et
310 1679 370 1705 ideo
396 1683 500 1706 tinuum
518 1680 589 1707 labia
603 1680 663 1714 ejus
684 1684 796 1715 purgata
814 1684 888 1712 sunt,
907 1680 970 1715 quia

182 1724 262 1752 labiis
276 1730 392 1758 tantum,
408 1725 433 1752 id
450 1730 491 1753 est
507 1734 633 1754 sermone
650 1727 812 1761 deliquerat.
832 1726 888 1762 Ego
907 1734 970 1754 vero

177 1777 235 1796 non
256 1777 315 1796 sum
334 1770 414 1802 talis,
432 1774 460 1797 ut
478 1770 579 1805 possim
597 1770 698 1800 dicere.
716 1770 788 1805 quod
806 1770 895 1797 solum
917 1770 970 1796 im—

176 1816 284 1842 ~munda
303 1816 373 1843 labia
396 1816 494 1849 habeo,
510 1816 557 1844 sed
577 1821 669 1843 metuo
686 1824 720 1843 ne
736 1816 907 1843 immundttm
924 1823 972 1842 cor

182 1862 310 1894 habeam,
333 1862 489 1890 immundos
511 1863 616 1896 oculos,
633 1862 788 1890 immundas
807 1869 898 1895 aures,
920 1861 972 1888 im-

179 1908 315 1934 mundum
330 1915 370 1935 os.
386 1907 512 1941 Quandiu
528 1908 554 1934 in
569 1908 697 1936 omnibus
712 1908 773 1935 istis
787 1915 880 1943 pecco,
899 1911 972 1935 totus

178 1954 341 1981 immundus
365 1961 437 1981 sum.
461 1952 489 1980 Si
516 1953 608 1981 videro
630 1953 772 1981 mulierem
794 1954 827 1981 ad
842 1953 973 1988 concupi-

180 2000 323 2031 scendum,
339 1999 395 2033 jam
418 1999 570 2027 moechatus
592 2007 652 2027 Sum
674 2007 734 2027 eam
752 1999 779 2026 in
800 1999 882 2026 corde
901 2006 971 2025 meo.

180 2045 253 2072 Ecce
272 2045 430 2073 inunuudos
449 2046 546 2073 oculos
561 2045 659 2072 habeo.
697 2045 726 2072 Si
740 2045 773 2072 de
790 2049 898 2080 pectore
913 2052 974 2072 meo

179 2096 281 2116 exeant
296 2089 475 2125 cogitationes
495 2090 632 2124 pessimae,
654 2090 797 2122 adulteria,
816 2089 974 2117 fornicatio—

181 2143 244 2166 nes,
262 2135 330 2163 falsa
345 2136 512 2167 testimonia,
530 2143 594 2163 ecce
610 2143 659 2163 cor
684 2135 856 2162 immundum
876 2135 972 2163 habeo.

186 2180 272 2212 Quam
293 2181 404 2215 formosi
423 2181 501 2215 pedes
522 2181 761 2215 euangelizantium
782 2189 882 2216 pacem,
897 2189 975 2208 evan-

184 2226 355 2261 gelizantium
373 2226 439 2253 bona
452 2226 486 2252 ³⁷⁵.
508 2225 563 2260 Ego
581 2233 644 2253 vero
661 2227 745 2253 timeo
760 2235 793 2253 uc
810 2233 924 2254 currens
940 2227 974 2254 ad

185 2274 257 2301 mala
267 2273 422 2300 immundos
431 2273 513 2306 pedes
522 2273 647 2300 habeam.
655 2272 778 2300 Exteudo
786 2273 818 2300 ad
828 2272 973 2301 Dominum

187 2327 285 2347 manus
295 2327 378 2346 meas.
391 2319 425 2346 Et
436 2318 505 2346 forte
521 2323 645 2346 avertens
654 2318 750 2346 faciem
762 2327 838 2347 suain
847 2320 931 2347 dicit:
945 2319 974 2347 Si

184 2364 355 2392 extenderitis
371 2372 476 2396 ntanus,
495 2369 610 2390 avertam
625 2364 719 2399 faciem
735 2373 819 2391 meant
830 2373 846 2391 a
858 2365 929 2392 vobis
939 2364 971 2390 ⁸⁸.

186 2411 254 2443 Quis
260 2417 327 2445 ergo
337 2418 378 2437 me
388 2409 518 2438 mundat?
534 2409 601 2443 Quis
613 2410 685 2438 lavat
695 2409 777 2446 pedes
791 2411 886 2438 meos?
895 2410 972 2441 Jesu,

187 2458 260 2490 veni,
278 2457 402 2485 sordidos
415 2458 502 2485 habeo
517 2458 609 2492 pedes,
623 2462 733 2493 propter
744 2465 787 2484 me
802 2458 850 2484 [ias
865 2465 972 2489 servus,

188 2503 264 2532 mitte
275 2512 374 2539 aquam
386 2509 458 2532 tuam
471 2504 497 2531 in
512 2505 609 2539 pelvim
623 2509 714 2538 tuam;
732 2505 804 2538 veni,
820 2505 880 2532 lava
893 2505 976 2540 pedes

187 2557 272 2578 meos.
292 2549 327 2577 Et
346 2550 404 2578 scio
425 2550 599 2577 temerarium
622 2557 683 2577 esse
697 2549 770 2584 quod
785 2550 858 2581 dico,
874 2549 921 2577 sed
939 2550 977 2576 ti-

221 2628 244 2644 “
256 2627 306 2656 lsa.
320 2636 358 2659 vt,
372 2628 396 2660 Ι,
406 2627 433 2659 2,
445 2628 471 2654 5.

186 2669 234 2695 vlt,
249 2663 296 2690 25.
333 2663 356 2678 '°
367 2661 446 2689 Joan.
462 2671 499 2696 Ix,
513 2663 557 2689 51.
595 2663 615 2678 ν’
630 2662 686 2699 lsa.
701 2662 776 2696 1,18.
791 2663 832 2690 i9.

224 2742 280 2778 (95)
300 2742 345 2778 Sic
359 2749 436 2773 mss.:
450 2742 521 2770 male
531 2750 596 2770 vero
609 2743 685 2774 editi,
698 2742 842 2777 baptizare.

224 2777 281 2812 (9b)
301 2777 445 2812 Perperam
460 2778 593 2805 editiones
610 2786 625 2805 a
638 2778 813 2805 Genebrardo
827 2782 854 2805 et
865 2777 978 2805 Erasmo

210 2817 342 2848 rocuraue
360 2813 459 2840 habent
472 2814 580 2845 Achaz;
597 2814 678 2848 paulo
693 2813 789 2840 melius
804 2813 888 2840 editio
905 2812 976 2840 Mer-

210 2820 342 2840 rocuraue
360 2820 459 2840 nauent
472 2820 580 2845 actias;
597 2820 678 2848 paqu
693 2820 789 2840 menus
804 2820 888 2840 euttto
905 2820 976 2840 mer-

189 2820 237 2911 rini
251 2847 468 2908 Achan,aqjitime
484 2856 546 2875 vero
563 2849 622 2876 cod.
638 2847 747 2875 Ebroic.
763 2849 859 2881 Achar,
874 2847 907 2875 de
922 2855 977 2883 quo

206 2890 281 2911 osue.
296 2890 342 2911 vn.
374 2893 400 2909 δ.

206 2890 281 2915 osue,
296 2890 342 2915 vn,
355 2890 400 2909 ιδ.

517 2627 539 2643 ⁸⁵
553 2627 603 2654 lsa.
619 2635 666 2659 t.u,
682 2626 714 2659 7;
744 2626 824 2654 Rom.
843 2635 869 2658 x,
889 2627 928 2654 l5.
950 2627 1035 2655 “lsa.
1052 2636 1071 2659 I,
1094 2627 1135 2654 15.

517 2663 557 2689 51.
595 2663 615 2678 ν’
630 2662 681 2689 lsa.
701 2662 832 2690 1.18.19.
871 2663 892 2679 ⁸¹
909 2662 927 2688 ll
943 2662 1004 2690 Par.
1018 2670 1092 2690 xxvt.
1105 2663 1131 2690 4.

965 2670 1004 2690 ar.
1018 2670 1092 2695 xxvi,
1105 2670 1131 2690 4.

1019 948 1098 971 zatus
1119 942 1206 970 est“.
1235 942 1267 969 Et
1290 943 1353 978 quia
1379 951 1454 970 nunc
1480 943 1570 978 populi
1598 943 1748 971 multitudo
1772 950 1811 972 est

1018 987 1301 1024 propterParasceven
1311 988 1379 1023 (95),
1390 993 1416 1016 et
1427 989 1545 1016 maxime
1558 989 1586 1015 in
1602 988 1747 1017 Dominica
1760 990 1809 1021 die,

1018 1043 1079 1070 qua:
1101 1035 1236 1070 passionis
1252 1034 1353 1062 Christi
1379 1035 1620 1062 commemoratrix
1648 1039 1690 1063 est
1711 1035 1808 1071 (neque

1019 1082 1090 1108 enim
1119 1081 1283 1108 resurrectio
1309 1080 1415 1108 Domini
1444 1081 1526 1108 semel
1552 1081 1579 1108 in
1601 1089 1685 1114 anno,
1709 1087 1739 1109 et
1761 1090 1810 1108 non

1020 1135 1128 1162 semper
1145 1131 1207 1162 post
1230 1131 1333 1161 septem
1346 1126 1405 1153 dies
1430 1127 1604 1162 celebratur),
1628 1132 1706 1155 orate
1728 1127 1810 1155 Deum

1019 1174 1245 1208 omnipotentem,
1280 1178 1311 1200 ut
1342 1174 1435 1201 veniat
1469 1173 1502 1200 ad
1537 1181 1588 1201 nos
1619 1181 1712 1201 sermo
1744 1175 1810 1209 ejus.

1021 1219 1134 1248 Etiamsi
1156 1225 1313 1255 peccatores
1323 1220 1401 1253 estis,
1418 1224 1494 1247 orate
1507 1219 1667 1247 Dominum.
1682 1219 1811 1248 Peccato-

1020 1273 1065 1293 res
1090 1266 1202 1293 exaudit
1216 1265 1298 1293 Deus.
1323 1265 1402 1299 Quod
1426 1266 1449 1293 si
1470 1265 1573 1293 timetis
1597 1266 1663 1293 illud
1689 1266 1764 1302 quod
1786 1266 1810 1294 in

1021 1312 1168 1347 Evangelio
1191 1311 1291 1339 dicitur
1307 1322 1314 1339 :
1328 1311 1432 1340 Scimus
1448 1313 1511 1348 quia
1524 1317 1674 1347 peccatores
1697 1321 1753 1340 non
1767 1320 1810 1339 2::-

1020 1357 1116 1384 audiat
1129 1357 1197 1385 Deus
1207 1358 1244 1389 '°.
1263 1357 1346 1384 nolite
1362 1357 1565 1392 pertimescere,
1581 1357 1666 1385 nolite
1689 1358 1809 1385 credere.

1020 1401 1116 1430 Cacus
1132 1407 1190 1429 erat
1211 1402 1258 1437 qui
1281 1401 1334 1429 hoc
1351 1401 1430 1429 dixit.
1456 1401 1542 1437 Magis
1559 1406 1649 1429 autem
1667 1402 1771 1429 credite
1786 1402 1809 1429 ei

1022 1448 1069 1484 qui
1086 1448 1167 1480 dicit,
1185 1452 1212 1475 et
1231 1455 1284 1475 non
1300 1447 1430 1474 mentitur
1453 1456 1460 1474 :
1486 1447 1519 1474 Et
1539 1447 1563 1474 si
1584 1447 1684 1482 fuerint
1703 1453 1809 1482 peccata

1022 1499 1107 1521 vestra
1123 1498 1151 1521 ut
1166 1494 1310 1527 coccinum,
1327 1498 1356 1520 ut
1371 1493 1462 1520 lauant
1479 1493 1616 1520 deulbabo.
1636 1492 1669 1519 Et
1686 1494 1710 1520 si
1725 1493 1811 1521 volue-

1023 1540 1094 1572 ritis,
1114 1544 1138 1566 et
1152 1539 1291 1565 audieritis
1307 1546 1358 1569 me,
1373 1535 1442 1564 bona
1455 1543 1531 1565 terra:
1547 1538 1629 1565 edeti:
1639 1538 1674 1565 ἰ.
1687 1537 1717 1566 Si
1734 1540 1812 1567 vultis

1023 1585 1064 1612 vel
1089 1592 1162 1611 nune
1182 1584 1295 1616 audire,
1312 1591 1422 1611 oremus
1445 1583 1472 1610 in
1496 1591 1642 1610 commune
1653 1583 1811 1617 Dominum,

1023 1630 1157 1658 utsaltetu
1175 1638 1257 1663 nunc,
1275 1630 1434 1657 adveniente
1443 1628 1543 1661 Verbo,
1556 1629 1713 1664 prophetica
1729 1632 1811 1659 verba

1021 1677 1094 1704 dicta
1109 1676 1250 1704 valeamus
1265 1675 1417 1703 advertere.

1058 1723 1084 1750 5.
1106 1721 1221 1749 Furtum
1242 1725 1296 1753 est,
1317 1721 1416 1756 inquit,
1439 1721 1465 1748 in
1482 1729 1550 1748 anno
1564 1729 1614 1756 quo
1633 1727 1754 1749 mortuus
1777 1728 1812 1749 est

1025 1768 1104 1796 Osias
1124 1776 1187 1801 rem,
1208 1768 1260 1795 vidi
1276 1767 1418 1795 Dominum
1442 1767 1573 1795 sedentem
1593 1776 1672 1803 super
1689 1769 1813 1795 thronum

1022 1814 1162 1843 excelsum.
1184 1814 1257 1842 Visio
1278 1814 1393 1849 ascripta
1408 1819 1458 1842 est.
1478 1813 1532 1841 Cur
1552 1815 1623 1849 regis
1645 1819 1754 1850 tempus
1775 1815 1815 1843 si-

1023 1861 1196 1897 gniﬁcatum?
1216 1860 1350 1888 lntendite
1362 1860 1471 1896 quando
1481 1860 1559 1895 115
1571 1861 1665 1888 oborta
1682 1862 1719 1888 sit
1733 1862 1814 1889 visio.

1025 1906 1094 1933 Cum
1109 1910 1232 1934 mortuus
1240 1911 1281 1934 est
1290 1905 1368 1933 Osias
1374 1912 1432 1937 rex,
1445 1905 1510 1932 vidit
1517 1904 1600 1932 Isaias
1609 1904 1755 1933 Dominum
1765 1905 1816 1933 Sa-

1023 1952 1106 1979 baoth
1127 1952 1264 1979 sedentem
1292 1958 1373 1986 super
1392 1951 1520 1978 thronum
1540 1951 1689 1978 excelsum.
1709 1951 1738 1979 Si
1753 1953 1816 1987 quis

1024 2006 1056 2026 ex
1076 1998 1177 2026 nostris
1195 1998 1269 2025 novit
1288 1997 1334 2032 qui
1357 1995 1438 2024 fuerit
1459 1996 1550 2028 Osias.
1569 2001 1596 2024 et
1612 2005 1673 2032 qua:
1688 1999 1815 2033 gesserit,

1024 2045 1069 2073 ille
1084 2049 1172 2080 potest
1189 2052 1270 2072 nOsse
1289 2043 1354 2079 quid
1374 2043 1498 2071 docuerit
1513 2044 1644 2078 propheta
1665 2052 1715 2079 per
1735 2046 1817 2080 spiri-

1025 2097 1094 2124 tum,
1112 2091 1177 2126 quid
1192 2091 1320 2118 exhibeat
1334 2089 1413 2117 nobis
1426 2097 1516 2117 sermo
1529 2090 1649 2117 divinus.
1668 2090 1773 2119 Vadam
1784 2092 1817 2119 ad

1024 2138 1107 2165 vitam
1125 2137 1205 2169 θείω,
1221 2141 1246 2164 et
1262 2136 1399 2171 requiram
1415 2143 1448 2163 cx
1464 2135 1620 2170 Regnorum
1638 2136 1728 2170 libris,
1746 2142 1775 2165 et
1785 2146 1816 2165 ex

1024 2183 1252 2218 Paralipomenon
1271 2182 1382 2209 historia
1397 2182 1430 2209 dc
1443 2181 1522 2215 Osia;
1538 2182 1630 2217 ibique
1643 2183 1742 2211 videbo
1753 2185 1819 2219 quia

993 2246 1013 2273 ο
1027 2229 1212 2257 necessarium
1225 2229 1270 2262 sit,
1284 2228 1306 2256 si
1322 2228 1443 2255 futurum
1454 2228 1488 2255 sit
1503 2234 1533 2256 ut
1545 2229 1651 2256 videant
1670 2229 1818 2258 Dominum

1029 2275 1148 2304 Sabaoth
1166 2275 1303 2302 sedentem
1320 2283 1402 2310 super
1422 2276 1550 2303 thronum
1575 2276 1727 2310 excelsum,
1751 2278 1818 2304 mihi

1027 2321 1097 2349 mori
1110 2321 1203 2349 Osiam
1222 2329 1323 2355 regem.
1339 2321 1393 2349 Iste
1408 2321 1486 2349 Osias
1501 2329 1533 2349 ex
1549 2322 1652 2349 semine
1668 2321 1757 2351 David
1772 2324 1819 2351 de-

1028 2367 1171 2400 scendens,
1187 2372 1214 2393 ct
1228 2375 1345 2402 regnans
1362 2368 1388 2394 in
1407 2368 1506 2402 populo
1521 2366 1602 2400 luda,
1619 2368 1744 2403 quandiu
1760 2370 1820 2403 qui-

1028 2413 1089 2440 dem
1104 2411 1172 2439 vixit
1186 2411 1333 2439 Zacharias
1351 2412 1397 2446 qui
1415 2412 1581 2447 intclligebat
1594 2412 1646 2447 (sic
1660 2413 1736 2440 enim
1754 2414 1821 2441 scri-

1030 2463 1104 2493 ptum
1116 2462 1157 2485 est
1170 2459 1290 2485 secundo
1300 2458 1370 2486 libro
1380 2458 1629 2493 Paralipomenon),
1641 2458 1706 2486 fecit
1717 2465 1820 2487 rectum

1030 2505 1057 2531 in
1082 2509 1228 2539 conspectu
1255 2504 1408 2532 Domini".
1430 2503 1486 2532 Nec
1509 2504 1646 2532 subiciens
1669 2505 1736 2539 isto,
1760 2505 1821 2533 fecit

1030 2550 1176 2578 luminaria
1194 2558 1291 2584 magna
1314 2549 1440 2584 Domino,
1466 2555 1492 2577 et
1514 2549 1669 2584 composuit
1689 2550 1820 2586 templum

1175 2626 1360 2661 "Joan.xtn,
1389 2627 1416 2655 8.
1454 2626 1617 2661 “Luam,
1644 2625 1689 2655 50.
1729 2627 1753 2643 ⁸¹⁹
1764 2626 1820 2654 Jos.

1066 2742 1123 2777 (95)
1139 2742 1251 2777 Propter
1263 2741 1444 2772 Parasceven,
1461 2745 1514 2768 etc.
1535 2740 1623 2777 Verba
1643 2739 1757 2777 quidem
1781 2741 1822 2768 in-

1031 2775 1233 2812 terpretaﬁonis
1248 2785 1280 2804 ex
1296 2777 1399 2812 Graeco
1411 2780 1540 2812 corrupto
1557 2776 1697 2803 adornatae
1718 2775 1761 2803 sic
1777 2776 1822 2802 ha-

1030 2810 1115 2853 seu:
1129 2818 1159 2853 at
1168 2820 1211 2853 res
1222 2813 1343 2853 postulat
1358 2820 1365 2838 :
1381 2810 1682 2853 Propter’lfarasceren,
1693 2818 1755 2851 qua:
1767 2818 1822 2853 pas.

1030 2848 1113 2874 sionis
1127 2844 1233 2875 Christi
1246 2844 1476 2874 commemorati-ia:
1488 2851 1541 2874 est:
1556 2851 1580 2873 et
1595 2844 1711 2872 maxime
1729 2846 1758 2872 in
1772 2846 1821 2872 llo-

1031 2883 1129 2910 minica
1145 2883 1205 2915 die;
1226 2890 1305 2915 neque
1319 2882 1399 2915 enim,
1414 2885 1466 2909 etc.
