1879 3046
49 162 89 191 ξδ’]
644 162 677 190 IN
698 163 811 192 ISAIAM
831 163 972 192 IIOMILIA
989 163 1031 192 VI.

1607 169 1658 196 2'55

47 225 131 255 llei.ct
155 224 248 252 multae
273 223 385 251 fuerunt
413 223 439 251 in
462 224 594 259 religione
613 223 672 259 ejus
694 224 819 252 virtutes.
836 229 857 256 Α
872 226 946 260 pulo,
972 230 998 253 et
1022 225 1091 253 rexit
1114 225 1218 252 urbem.
1244 224 1306 253 Haec
1326 226 1422 254 diebus
1437 231 1464 254 ct
1478 226 1604 255 noctibus
1621 228 1660 255 Ie-

45 270 146 303 Quando
161 275 252 298 autent
268 274 392 297 mortuus
417 274 458 297 est
482 269 629 298 Zacharias
655 271 818 306 intelligens,

45 322 100 343 tunc
113 316 173 343 fecit
187 316 350 351 malignum.
367 315 434 348 Quis
451 315 496 343 hic
510 315 557 350 qui
575 315 638 343 fecit
654 316 821 352 malignum?

45 362 93 390 Rex
107 367 170 396 erat,
186 369 241 388 non
259 362 398 389 sacerdos.
426 361 503 389 Alius
527 362 594 388 ordo
622 362 723 396 regius,
749 363 820 390 alius

44 409 102 436 ordo
116 408 302 435 sacerdotalis.
319 408 411 434 Voluit
426 407 530 442 ingredi
543 407 569 434 in
586 408 727 442 tetnplum,
742 413 768 435 et
781 409 819 436 lo-

45 462 95 482 cum
105 462 180 490 agere
190 454 340 482 sacerdotis
352 458 378 480 et
393 453 481 481 facere
495 461 565 488 opus
576 453 649 488 quod
662 461 716 481 non
732 453 820 482 fuerat

44 502 63 528 ei
76 508 240 528 conoessum.
258 499 362 527 Itttroiit
375 499 543 534 praeveniens
556 499 721 533 sacerdotes,
733 505 760 527 et
774 507 820 527 as-

43 547 145 582 sumpsit
157 555 204 574 vas
219 547 368 574 Iibaminis.
387 545 530 580 Ingressus
544 553 634 572 autem
650 550 677 573 et
691 546 819 581 princeps

43 593 210 624 sacerdotum,
228 593 275 627 qui
293 597 414 627 tempere
434 592 481 619 illo
501 597 568 625 erat,
583 597 609 619 et
625 593 762 627 octoginta
775 601 820 620 sa-

42 639 150 666 cerdotes
165 647 226 666 cutn
245 646 288 670 eo,
314 638 384 665 dixit
405 638 438 665 ad
464 645 526 665 eum
549 638 675 672 princeps
692 638 820 664 sacerdo-

42 691 88 711 tutn
104 695 110 712 :
130 685 222 713 Nonne
246 690 274 712 tu
291 693 321 713 es
336 684 425 717 Osias,
443 690 469 712 ct
488 693 542 712 non
560 684 739 712 sacerdos"?
755 684 819 711 Vio-

41 731 115 758 Ienter
138 732 330 766 perseveravit,
354 736 381 759 et
404 732 477 766 lepra
502 731 624 758 ascendit
648 731 674 757 in
702 731 818 758 frontem

41 778 99 811 eius.
111 776 249 811 Projectus
260 781 302 804 est
314 782 450 810 tnortutts,
463 784 592 811 egressus
606 781 646 802 est
661 775 694 803 de
708 777 817 810 templo,

41 824 117 849 eduxit
130 831 190 850 eum
204 823 346 851 Dominus.
365 822 448 858 Igitur
462 823 586 858 leprosus
604 822 691 850 factus
703 827 818 857 estpro—

41 872 89 902 pler
98 869 345 903 praevaricationem
364 869 440 904 legis.
456 867 651 903 Unusquisque
667 868 718 895 sub
733 874 817 902 regno

41 920 83 948 est,
102 916 154 943 sive
174 916 292 951 peccati,
311 916 368 943 sive
389 915 512 951 iustitia}.
531 915 560 942 Si
584 920 724 950 peccatum
748 915 815 942 milti

41 967 128 997 regnat,
148 970 218 990 unus
236 971 298 989 sum
316 962 348 989 de
366 962 476 996 regibus
501 962 595 994 Israel,
619 962 664 996 qtti
685 962 814 997 templum

40 1009 152 1036 violenter
169 1009 285 1044 ingressi
302 1014 375 1036 sunt.
393 1008 421 1036 Si
434 1009 526 1043 justus
540 1016 600 1036 sum
615 1009 693 1043 juxta
706 1016 817 1036 mensu-

42 1063 88 1081 ram
104 1055 237 1090 profectus
254 1055 321 1087 mei,
346 1059 371 1081 et
390 1054 460 1082 facio
486 1059 601 1085 rectum,
628 1057 655 1081 et
672 1062 815 1088 perscvcro

40 1106 89 1127 ante
103 1106 278 1135 conspectum
298 1100 356 1133 Dei,
370 1104 465 1135 regnat
482 1099 547 1126 mihi
558 1100 676 1134 justitia.
689 1099 814 1132 Qtlaudiu

40 1147 316 1182 veruvixitleprosus,
333 1146 419 1174 Isaias
445 1145 585 1172 imtnttnda
610 1145 682 1172 labia
709 1146 813 1173 habuit.

40 1192 146 1225 Quandiu
164 1193 231 1220 vixit
250 1193 365 1227 iniquus
388 1200 440 1219 non
463 1191 550 1226 potuit
564 1190 648 1219 Isaias
665 1191 814 1219 Dominum

40 1237 141 1266 Sabaoth
156 1239 260 1271 videre,
281 1243 308 1265 et
325 1238 464 1265 imtuunda
480 1237 553 1265 labia
569 1237 673 1270 habuit,
690 1237 741 1264 sub
761 1237 814 1265 itii-

39 1293 83 1319 quo
94 1286 186 1320 quippe
204 1293 270 1320 rege
297 1288 366 1312 erat.
394 1283 509 1318 Quando
523 1283 596 1311 enim
612 1283 707 1317 incipit
724 1282 814 1311 videre

39 1331 152 1359 visionem
166 1331 233 1360 Dei?
247 1339 324 1359 anno
337 1339 392 1365 quo
409 1335 534 1358 mortuus
548 1335 591 1358 est
608 1329 698 1357 Osias.
713 1329 761 1358 llis
776 1330 814 1358 si-

38 1378 98 1404 mi!ia
109 1382 133 1404 et
149 1378 181 1405 de
205 1377 303 1404 tnultis
326 1377 432 1412 scriptis
449 1377 550 1411 poteris
564 1376 656 1404 dicere
675 1376 814 1404 tribuente

40 1423 92 1451 ltro.
111 1423 138 1451 In
155 1423 250 1451 Exodo
275 1423 429 1450 istiusmodi
448 1423 577 1458 quiddam
596 1423 728 1457 scriptum
746 1427 812 1450 est:

39 1469 67 1496 Et
79 1470 170 1505 factum
189 1476 226 1497 est
250 1474 312 1504 post
335 1469 392 1496 dies
420 1469 534 1504 aliquot,
563 1474 682 1496 mortuus
704 1473 741 1496 est
766 1476 812 1495 rex

40 1514 141 1550 Egypti,
156 1521 179 1543 et
193 1516 394 1550 suspirat-erunt
410 1515 461 1550 ﬁlii
476 1515 572 1547 Israel,
586 1519 610 1541 et
623 1515 740 1542 ascendit
754 1514 812 1542 cla-

40 1568 85 1587 mor
98 1569 182 1588 eorum
199 1561 233 1588 ad
249 1561 334 1588 Deum
346 1561 378 1587 ".
397 1560 524 1594 Quandiu
541 1560 608 1587 vixit
623 1560 739 1593 Pharao,
757 1568 810 1589 non

39 1607 224 1642 suspiravcrunt
245 1607 295 1634 filii
321 1605 412 1639 Israel,
437 1612 463 1633 et
482 1605 509 1633 in
526 1606 603 1641 pejus
619 1606 701 1641 positi
719 1614 752 1634 ne
765 1614 811 1642 ge-

39 1653 111 1679 mendi
123 1653 228 1688 quidem
244 1653 402 1680 habuerunt
415 1651 529 1679 liberam
544 1651 712 1679 facultatem.
729 1651 810 1679 Vive-

39 1699 74 1725 bat
85 1699 175 1734 quippe
187 1707 232 1726 rex
245 1699 296 1733 qui
311 1698 461 1733 itnpcrabat
476 1698 516 1725 eis
531 1702 557 1724 et
570 1698 669 1724 lateres
682 1702 708 1725 et
719 1698 811 1732 paleas

39 1741 120 1770 facere.
142 1743 267 1776 Quandiu
287 1743 355 1770 vixit
372 1742 499 1775 Pharao,
528 1751 581 1770 non
604 1742 812 1778 suspiraveruut

38 1788 64 1814 ad
77 1788 163 1822 Deum;
178 1797 241 1817 cum
258 1794 386 1816 mortuus
402 1793 443 1816 est
458 1787 574 1821 Pharao,
591 1793 655 1816 tunc
667 1788 811 1816 valuerunt

38 1835 128 1861 madida
143 1835 250 1863 ﬂetibus
266 1842 318 1862 ora
338 1834 492 1862 sustollere.
510 1833 582 1861 Vivit
604 1842 650 1861 rex
674 1835 810 1870 malignus

37 1879 58 1907 in
77 1887 174 1916 pectore
193 1887 304 1914 nostro,
328 1881 449 1916 quandiu
473 1881 539 1908 vivit
555 1880 662 1909 Pharao
677 1881 808 1910 Zahulus.

37 1924 99 1954 Tunc
116 1929 209 1956 lateres
230 1935 381 1963 operantur
402 1932 429 1954 et
450 1927 560 1962 paleas,
585 1931 650 1955 tunc
675 1928 810 1964 Iacrymas

38 1972 95 2000 intra
120 1975 254 2002 silentium
289 1974 462 2007 devorantus,
491 1978 518 2001 et
545 1974 698 2009 iniquitatis
727 1983 808 2010 opera

37 2020 108 2052 prima
121 2019 244 2048 lat-imus.
266 2019 338 2047 Cum
355 2025 445 2047 autem
463 2025 588 2048 mortuus
605 2015 698 2053 fuerit,
715 2021 808 2048 Domi-

40 2074 65 2091 no
75 2066 122 2094 Deo
132 2076 179 2095 nos
188 2068 333 2100 visitante,
347 2071 411 2094 tunc
422 2068 594 2102 suspiramus
605 2068 637 2095 ad
651 2067 807 2095 Dontinum.

40 2111 127 2140 Idcirco
142 2120 251 2141 oremus
267 2112 428 2144 Dominum,
446 2117 475 2139 ut
492 2121 604 2148 regnum
618 2113 720 2148 peccati
736 2113 808 2147 quod

36 2162 69 2183 est
88 2158 112 2184 in
127 2159 231 2186 tnortali
248 2163 346 2186 nostro
361 2165 485 2192 corpore,
506 2159 648 2186 moriatur.
666 2158 808 2186 Peccatum

37 2203 104 2236 enim,
119 2209 165 2235 att,
181 2209 319 2230 mortuum
336 2209 386 2234 est,
411 2211 457 2238 ego
484 2208 571 2230 autent
592 2204 684 2230 revixi.
699 2202 732 2230 Et
747 2211 808 2230 rur-

872 276 965 306 gentcs
989 275 1014 298 et
1041 270 1182 298 audientes
1197 269 1341 298 Dominum
1358 271 1491 299 dicentem
1507 281 1514 299 :
1536 271 1660 307 Oportuit

872 320 896 343 te
906 316 1008 342 mittere
1025 316 1161 350 pecuniam
1175 324 1258 342 meant
1275 318 1309 343 ad
1321 325 1447 349 mensam,
1461 321 1487 344 et
1499 325 1545 353 ego
1557 319 1661 346 veniens

871 370 929 388 cum
943 363 1031 388 usuris
1048 370 1106 389 eam
1121 363 1262 397 exegissent
1273 362 1307 396 “,
1326 371 1380 390 non
1395 364 1552 399 colligetnus
1570 365 1597 391 in
1612 372 1660 391 su-

871 409 949 436 dario
974 416 1064 436 mnam
1087 409 1228 442 creditam,
1247 417 1295 437 nec
1311 410 1454 445 pecuniam
1472 411 1614 438 mittatnus
1631 411 1659 440 in

871 458 988 487 terram,
1009 454 1057 482 sed
1077 453 1232 482 fenerctnur
1252 463 1312 482 eam
1335 456 1452 490 populis.
1474 456 1506 483 Et
1527 464 1588 484 cum
1609 464 1659 484 nos

871 499 1068 528 crediderimus
1092 499 1260 528 Dominicam
1289 501 1422 529 rationem
1442 502 1530 536 vobis,
1553 503 1606 530 erit
1621 504 1660 531 νὶ-

870 545 988 572 dendum
1012 545 1148 580 quomodo
1171 546 1275 574 credita
1299 553 1362 574 Cum
1387 548 1479 576 usuris
1501 549 1658 578 exsolvatis.

870 590 969 624 Quam,
985 595 1038 618 etc.
1051 591 1147 619 Amen.

1158 657 1301 686 HOMILIA
1320 659 1365 688 VI.

871 713 907 740 De
921 714 1037 754 ett-quod
1049 714 1180 748 scriptum
1194 719 1235 754 est
1249 725 1255 742 :
1269 715 1352 754 Quem
1368 718 1483 750 mittam,
1497 723 1521 745 et
1537 721 1595 754 quis
1611 721 1660 747 ιόὶι

907 749 990 781 nobis,
1005 753 1070 781 etc.,
1092 757 1179 784 usque
1198 751 1231 777 ad
1252 758 1322 789 eum.
1338 751 1428 779 locum
1451 749 1480 781 in
1494 749 1549 788 quo
1571 758 1617 789 ait,
1635 761 1659 782 et

906 789 1102 817 οοηυενιυιιιιιν,
1116 790 1140 811 et
1155 793 1245 812 tanem
1257 794 1299 813 €05
1314 786 1386 822 (cap.
1401 796 1450 824 γι).

907 855 932 882 I.
952 855 1054 883 Videns
1071 856 1156 884 Isaias
1169 856 1313 884 Dominum
1329 857 1449 886 Sabaoth
1461 859 1600 888 sedentem
1613 870 1659 888 su-

833 906 852 933 B
867 908 915 936 per
928 902 1057 931 thronum
1079 905 1216 932 excelsum
1236 910 1263 933 et
1280 906 1425 940 elevatum,
1449 907 1544 935 videns
1568 913 1659 936 autettt

867 952 894 975 et
914 950 1051 984 seraphirn
1075 951 1280 979 circumstantia
1292 952 1375 986 'cnnt,
1400 957 1428 981 et
1447 955 1590 983 remissam
1602 956 1658 992 (96)

867 1000 1040 1029 peccatorum
1056 997 1192 1031 accipiens
1204 1005 1252 1032 per
1261 1005 1322 1025 eum
1338 998 1440 1034 ignem,
1454 1000 1500 1034 qui
1515 1001 1614 1028 allatus
1625 1001 1660 1030 de

866 1041 966 1068 altario
983 1041 1054 1069 labia
1071 1042 1132 1077 ejus
1148 1047 1274 1070 contactu
1294 1046 1430 1080 purgavit,
1450 1047 1488 1073 ait
1505 1054 1534 1073 se
1548 1047 1659 1075 audisse

866 1094 962 1115 vocem
978 1087 1085 1115 Domini
1101 1096 1155 1116 non
1170 1089 1341 1124 imperantis,
1359 1091 1407 1119 sed
1421 1093 1566 1121 excitantis
1578 1098 1659 1129 atque

866 1133 981 1161 dicentis
999 1134 1081 1169 (vers.
1099 1135 1126 1166 8,
1144 1135 1171 1170 9)
1186 1143 1192 1162 ε
1209 1135 1290 1168 Quem
1310 1138 1425 1170 mittam,
1447 1144 1470 1166 et
1487 1140 1546 1174 quis
1559 1139 1608 1167 ibit
1623 1140 1659 1167 ad

865 1180 987 1214 populum
1005 1180 1115 1214 ipsum?
1132 1180 1233 1208 Deinde
1245 1181 1311 1208 dicit
1327 1190 1356 1210 se
1373 1184 1547 1218 respondisse
1565 1184 1658 1213 Domi-

866 1232 921 1252 no:
938 1224 1006 1252 Ecce
1018 1233 1076 1252 sunt
1092 1234 1149 1261 ego,
1171 1227 1246 1254 mitte
1269 1236 1319 1255 me.
1334 1228 1435 1256 Factus
1448 1234 1538 1257 autem
1562 1231 1588 1258 in
1607 1231 1659 1259 hoc

865 1269 937 1304 loco,
954 1275 981 1298 et
996 1275 1125 1300 scrutatis
1139 1280 1170 1299 ea
1184 1280 1245 1307 quae
1259 1273 1359 1309 scripta
1374 1279 1447 1308 suttt,
1464 1276 1573 1304 invenio
1584 1277 1656 1305 aliud

866 1317 966 1346 iecisse
979 1318 1101 1355 Moysen,
1118 1319 1191 1347 aliud
1211 1321 1320 1347 Isaiam.
1341 1320 1448 1356 Moyses
1467 1323 1539 1349 enim
1555 1323 1657 1351 electus

865 1365 898 1392 ad
911 1365 1082 1393 ednctionem
1099 1367 1193 1402 populi
1205 1366 1238 1394 de
1253 1372 1325 1395 terra
1340 1366 1461 1403 Egypti,
1477 1369 1531 1396 ait:
1545 1369 1658 1397 Provide

865 1411 950 1439 alium
971 1422 1046 1447 quem
1067 1414 1158 1440 mittas
1169 1414 1202 1447 ",
1231 1414 1312 1442 etiam
1337 1415 1443 1442 videtur
1471 1416 1658 1444 contradicere

864 1456 930 1485 Deo.
954 1457 1039 1486 Isaias
1059 1467 1124 1486 vero
1145 1468 1199 1487 non
1221 1460 1334 1492 electus,
1359 1461 1406 1487 sed
1426 1460 1556 1489 audiens:
1574 1462 1658 1494 Quem

864 1506 980 1538 mittant,
998 1511 1022 1532 et
1045 1506 1104 1542 quis
1126 1506 1172 1533 ibit
1187 1507 1199 1533 τ’
1212 1505 1289 1539 Ecce,
1311 1506 1410 1541 inquit,
1430 1515 1476 1542 ego
1493 1515 1561 1540 sum,
1582 1508 1658 1536 mitte

865 1561 914 1579 me.
932 1552 1048 1588 Dignttm
1064 1557 1106 1580 cst
1129 1561 1194 1588 ergo
1213 1553 1383 1588 spiritalibus
1399 1553 1532 1588 spiritalia
1544 1562 1657 1590 compa-

865 1607 936 1631 rare,
946 1603 972 1627 et
984 1600 1122 1634 requirere
1132 1599 1280 1635 116quis
1294 1607 1309 1626 e
1319 1599 1427 1627 duobus
1440 1600 1536 1627 melius
1547 1599 1655 1628 fecerit:

864 1645 1017 1681 Moysesne,
1035 1645 1081 1680 qui
1099 1652 1245 1681 postquam
1261 1644 1364 1673 electus
1380 1650 1431 1678 est.
1452 1646 1605 1680 recusavit;
1621 1654 1655 1674 an

863 1691 948 1720 Isaias
967 1692 1014 1728 qui
1031 1700 1064 1719 ne
1077 1693 1180 1720 electus
1195 1693 1305 1728 quidem
1324 1693 1382 1728 ipse
1402 1693 1500 1720 obtulit
1517 1697 1546 1720 ut
1567 1692 1656 1721 mitte-

863 1745 940 1767 retur
962 1739 995 1766 ad
1018 1739 1159 1774 populum.
1175 1738 1272 1767 Nescio
1286 1739 1358 1767 enim
1374 1739 1397 1767 si
1412 1744 1504 1775 potest
1518 1740 1580 1775 quis
1594 1748 1656 1767 eam

862 1786 1082 1814 contrarietatem
1107 1786 1277 1820 negotiorum
1295 1793 1356 1820 quae
1369 1786 1397 1813 in
1411 1790 1527 1821 utroque
1538 1786 1656 1820 videtur,

863 1831 1019 1864 intendens,
1031 1831 1122 1858 dicere
1133 1830 1199 1866 quia
1210 1830 1237 1857 id
1248 1830 1338 1865 ipsum
1351 1831 1444 1858 fecerit
1454 1830 1570 1866 Moyses,
1581 1831 1655 1866 quod

862 1877 958 1905 Isaias.
974 1876 1030 1911 Ego
1045 1875 1175 1904 audacter
1186 1875 1235 1903 feci
1248 1883 1411 1910 comparans
1424 1876 1492 1904 dttos
1507 1881 1617 1904 sanctos
1627 1882 1655 1904 et.

861 1923 957 1951 beatos
978 1924 1064 1955 viros,
1078 1927 1106 1950 et
1128 1922 1288 1954 decernens,
1308 1926 1335 1949 et
1357 1922 1451 1949 dicens
1471 1923 1654 1950 verecundius

860 1968 971 2005 Moysen
997 1968 1094 1996 fecisse
1117 1975 1199 2003 quam
1215 1967 1324 1994 Isaiam.
1343 1967 1450 2003 Moyses
1472 1967 1572 2003 quippe
1595 1970 1653 1995 ma;

861 2014 1030 2049 gnitudinem
1047 2011 1249 2042 considerabat,
1272 2019 1390 2046 prtecssc
1412 2012 1512 2047 popqu
1532 2013 1565 2040 ad
1586 2012 1653 2040 edu-

860 2059 977 2088 cendum
997 2067 1059 2086 cum
1075 2058 1108 2086 de
1133 2062 1204 2086 terra
1224 2056 1346 2094 Egypti,
1362 2062 1388 2085 et
1400 2065 1550 2093 repugnare
1566 2058 1652 2094 Egy-

860 2107 979 2141 ptiorunt
1002 2105 1234 2132 incantationibus
1251 2109 1278 2131 et
1292 2104 1442 2131 maleficiis.
1464 2104 1578 2140 Propter
1599 2105 1652 2132 hoc

859 2152 898 2178 ait
913 2161 919 2179 :
935 2151 1049 2178 Provide
1063 2151 1146 2177 alium
1158 2158 1233 2185 quem
1246 2152 1351 2179 mittas.
1364 2150 1416 2177 Iste
1433 2155 1523 2178 autem
1537 2158 1591 2178 non
1603 2158 1652 2178 ex-

859 2203 986 2234 spectans
1008 2198 1103 2225 audire
1124 2198 1189 2232 quid
1211 2197 1235 2224 ei
1249 2197 1391 2232 juberetur
1406 2201 1435 2224 ut
1450 2198 1562 2230 diceret,
1580 2206 1612 2225 ac
1627 2198 1650 2225 si

37 2256 84 2276 sum
100 2259 106 2277 :
122 2250 257 2278 Peccatum
275 2250 382 2282 revixit,
400 2257 446 2284 ego
461 2254 548 2276 autent
564 2255 684 2276 mortuus
702 2259 759 2276 sum
771 2250 804 2277 ".
822 2254 844 2281 Ῑ)
858 2246 961 2272 eleClUS
984 2243 1102 2271 MSS“?
1119 2243 1196 2276 Εεεεν
1217 2243 1317 2279 inquit.
1341 2252 1400 2271 sum
1422 2252 1478 2280 ερον
1504 2246 1578 2271 "title
1599 2253 1649 2272 me.

37 2294 147 2325 Iloricnte
160 2306 213 2326 uno
227 2297 276 2333 qui
291 2296 393 2331 potitur
413 2303 496 2331 regno
513 2296 615 2331 peccati
633 2295 707 2329 Osia,
725 2297 809 2323 muri-

38 2345 72 2367 tur
84 2347 107 2369 et
122 2342 234 2370 Pharao.
253 2343 324 2371 Cum
338 2342 453 2369 moritur
468 2350 515 2369 rex
527 2342 674 2376 pessimus,
686 2342 762 2377 erigo
773 2342 807 2370 ad

37 2389 118 2415 malum
141 2390 244 2421 oculos,
269 2393 298 2417 et
318 2388 455 2415 exaudivit
482 2395 576 2415 vocem
606 2396 694 2415 tneam
724 2388 807 2422 Deus,

37 2436 153 2468 qttomodo
164 2436 315 2468 Abraham,
332 2440 358 2462 et
373 2435 458 2467 Isaac,
472 2439 499 2462 et
510 2434 594 2462 Jacob
605 2445 613 2467 ;
625 2440 652 2462 et
665 2435 743 2462 video
755 2434 809 2462 Do-

37 2480 122 2508 ruinnut
137 2481 254 2509 Sabaoth
276 2482 415 2509 sedentem
440 2486 466 2508 et
492 2486 648 2516 regnantem
664 2489 746 2518 super
760 2489 808 2508 ex-

38 2526 122 2553 celsum
138 2528 245 2560 solium,
264 2535 347 2562 quem
372 2527 488 2561 populus
503 2534 556 2554 non
574 2527 650 2553 vidit.
679 2525 804 2553 Nottdum

37 2573 94 2599 enim
109 2573 183 2602 Osias
197 2578 326 2601 mortuus
343 2573 441 2602 fuerat.
470 2572 538 2599 \‘olo
562 2573 690 2608 quiddam
717 2573 806 2600 simile

38 2618 185 2654 interponere
199 2621 279 2648 bonae
303 2621 354 2653 rei,
380 2627 442 2654 quae
457 2619 520 2646 Ituia
535 2619 671 2646 contraria
687 2623 737 2646 est.
755 2619 806 2646 Isle

37 2664 83 2699 ipse
100 2666 192 2700 Osias,
217 2667 342 2702 quattdiu
365 2666 433 2693 vixit
458 2665 605 2693 Zacharias
632 2665 803 2699 intelligens,

37 2719 81 2740 non
105 2712 164 2742 fecit
189 2719 333 2750 peccatum
358 2714 385 2741 in
412 2716 559 2747 conspectu
579 2712 644 2743 Dei;
670 2712 804 2738 moriente

37 2758 149 2788 Zacharia
171 2760 318 2788 declinavit
339 2767 354 2786 a
372 2758 503 2790 Domino,
521 2758 566 2785 ubi
589 2756 733 2792 itttperavit
752 2763 803 2791 po-

861 2290 939 2318 Unde
954 2291 1017 2326 quia
1035 2291 1164 2325 ignorans
1180 2290 1244 2325 quid
1259 2290 1283 2317 ei
1294 2289 1437 2325 juberetur
1450 2296 1479 2317 ut
1490 2290 1602 2324 diceret,
1618 2298 1652 2318 ac

860 2338 883 2365 si
900 2338 1002 2364 electus
1024 2336 1137 2364 fuisset:
1162 2335 1240 2368 Ecce,
1264 2336 1311 2367 ait.
1333 2345 1378 2372 ego
1397 2345 1466 2368 sum,
1491 2337 1567 2364 mitte
1590 2345 1649 2368 me;

860 2384 918 2411 haec
936 2383 1048 2418 jubetur
1070 2387 1100 2410 ut
1122 2382 1195 2409 dicat
1213 2390 1273 2417 qua:
1295 2387 1373 2409 erant
1395 2383 1513 2417 ittoptata
1537 2383 1647 2412 dicenti.

859 2430 956 2459 Annon
974 2433 1032 2457 erat
1047 2429 1194 2464 inoptabile
1216 2430 1307 2456 statim
1323 2429 1431 2463 jussutn
1449 2429 1648 2464 prophetiaare,

858 2484 873 2504 a
889 2475 1126 2503 maledictionibus
1142 2474 1262 2509 incipere
1279 2475 1413 2502 dicentem
1437 2475 1520 2509 (vers.
1536 2475 1619 2511 9,10)
1638 2485 1646 2504 :

858 2523 928 2550 Aure
941 2521 1066 2554 audietis,
1082 2527 1106 2548 et
1119 2529 1169 2548 non
1185 2521 1381 2556 intelligetis,et
1397 2522 1511 2549 videntes
1525 2524 1647 2556 cemetis,

856 2574 881 2596 et
903 2577 954 2596 non
976 2567 1097 2594 videbitis
1116 2575 1124 2594 :
1143 2568 1321 2595 incrassatum
1340 2572 1378 2594 est
1399 2568 1468 2594 enim
1491 2576 1536 2594 cor
1556 2568 1648 2602 populi

857 2616 946 2650 Iutjus,
964 2619 991 2642 et
1006 2614 1122 2649 reliqua.
1152 2614 1234 2642 Forte
1250 2621 1325 2649 ergo,
1353 2613 1375 2641 si
1399 2618 1488 2641 tamen
1515 2613 1646 2641 audenter

856 2661 965 2696 expedit
989 2661 1089 2692 dicere,
1115 2660 1274 2687 temeritatis
1297 2664 1324 2686 et
1346 2659 1466 2687 audacia:
1490 2659 1644 2688 mercedem

857 2711 1021 2735 consecutus
1042 2711 1093 2739 est,
1115 2709 1145 2732 ut
1167 2713 1198 2733 ea
1211 2705 1340 2740 jubeatur
1352 2706 1441 2732 dicere
1453 2713 1514 2740 quae
1526 2707 1644 2742 prophe-

858 2753 943 2779 tizare
960 2751 1078 2778 nolebat.
1098 2750 1165 2783 Quia
1193 2755 1282 2777 autem
1308 2752 1527 2786 comparavimus
1544 2747 1648 2780 Isaiam.

58 2819 77 2835 "
87 2819 107 2847 II
115 2819 200 2848 Paral.
216 2827 289 2852 xxvr,
302 2819 329 2851 4,
344 2818 386 2845 18.
405 2816 429 2833 ⁸⁵
443 2815 527 2843 Exod.
542 2823 570 2849 tt,
582 2815 627 2842 25.
647 2815 669 2831 ’⁸
679 2814 759 2842 Rom.
772 2820 819 2846 vtt,
830 2813 856 2847 9,
869 2814 912 2841 I0.
932 2813 955 2829 "
968 2813 1063 2840 Matth.
1078 2820 1140 2846 xxv,
1152 2813 1200 2846 27;
1211 2811 1277 2838 Luc.
1289 2818 1343 2843 Xlx,
1354 2810 1400 2838 23.
1421 2810 1443 2826 "
1457 2810 1543 2838 Exod.
1555 2818 1591 2842 tv,
1604 2811 1650 2852 I5!

62 2878 108 2911 (96)
121 2878 209 2907 Codex
231 2877 417 2909 Turonensis,
441 2875 632 2915 remissionem,
649 2875 692 2901 alii
711 2873 804 2915 rentia-

38 2915 217 2942 anemiua
235 2918 327 2942 autem
347 2921 396 2947 pro
419 2911 577 2939 remissione
600 2915 744 2946 usurpatur
760 2911 804 2937 in-

860 2872 965 2934 terdlum
979 2880 994 2900 a
1009 2871 1146 2900 veteribus
1168 2871 1308 2906 theologis,
1322 2866 1499 2905 Tertulliano,
1516 2868 1650 2906 Cypriane

860 2913 884 2934 ει
902 2916 916 2934 a
929 2915 969 2934 IIS.

859 2913 884 2937 CI
902 2913 969 2935 atus.
