1879 3046
59 92 97 119 ΞΗ

640 89 673 117 11(
692 88 809 117 ιεΑιΑΜ
828 86 971 114 HOMILIA
987 85 1032 113 Vl.

1618 84 1672 110 2η

57 152 149 181 evenit:
163 152 231 180 Aure
241 152 391 186 audietis,et
407 159 458 178 non
473 151 637 186 intelligetis.
655 150 740 178 Porro
753 150 824 186 quod
841 151 862 180 Α
878 147 915 174 cit
935 148 1064 175 Salomon
1081 156 1087 174 :
1106 146 1157 173 Pes
1177 150 1238 176 tuus
1260 154 1312 173 non
1333 145 1449 180 oﬂ'endat
1467 145 1499 172 “.
1520 145 1556 172 De
1572 144 1673 179 quibus

56 200 82 226 de
95 198 204 226 adventu
227 197 333 224 Domini
359 197 411 224 hoc
440 197 476 225 sit
500 197 601 232 popqu
620 196 824 231 prophetatum,

58 246 106 279 ipse
118 243 239 270 Salvator
250 243 316 272 dicit
329 251 336 270 :
349 241 418 269 Bene
430 241 593 277 prophetavit
608 241 640 268 de
651 240 723 268 vobis
737 239 826 268 lsoias

55 290 159 325 inquiens
175 297 184 316 :
198 289 268 316 Aure
287 288 414 320 audietis,
442 293 467 315 et
483 296 534 315 non
551 287 703 323 intelligetis
717 288 738 315 ⁸.
755 287 827 315 Con-

55 335 168 364 cedamus
188 343 252 371 ergo
265 335 329 370 quia
346 341 486 362 sermones
502 334 609 362 Domini
640 334 756 369 populus
776 343 828 361 au-

58 382 219 409 scultansnos
227 382 326 417 poterit
342 389 422 409 nosse
438 388 499 417 qua:
510 381 583 409 dicta
596 381 661 409 sint.
679 380 826 409 Videamus

55 432 131 454 autem
144 427 206 461 quid
218 427 311 456 sithoc
326 428 399 463 quod
413 428 538 464 sequitur
556 438 562 455 :
584 428 619 455 Et
628 429 743 456 videntes
759 430 828 457 ride-

55 473 115 504 bitis,
124 477 147 498 et
158 481 207 500 non
221 473 320 501 scietis.
332 472 391 501 Non
404 473 496 509 siquis
505 474 572 502 vidit
587 482 619 503 ea
632 483 693 510 qua
701 475 827 503 Salvator

55 518 164 550 iaciebat,
187 519 280 547 statim
298 520 393 548 videns
414 521 504 556 potuit
526 521 676 556 intelligere
695 529 743 550 cur
755 521 827 550 facta

54 566 107 595 sint.
125 565 206 595 Veluti
225 566 389 602 (exemplum
411 568 595 604 assumamus)
611 567 676 596 lavit
692 569 774 603 pedes
786 569 827 596 di-

53 613 202 647 scipulorum
223 619 231 640 :
253 618 280 641 et
304 613 432 642 videbant
460 615 570 649 quidem
599 615 667 643 bene
690 615 827 650 quomodo

54 658 147 685 lavabat
167 658 248 693 pedes
264 658 394 695 Magister
416 660 579 696 discipulis;
594 660 722 689 videbant
735 665 825 689 autem

52 708 74 731 et
84 704 125 732 alii
137 705 181 739 qui
196 709 276 733 erant
293 710 442 741 praesentes
452 727 460 741 ,
473 706 520 734 sed
537 707 563 734 id
579 711 685 734 tantum
696 707 769 742 quod
781 708 828 735 tle-

52 751 99 785 bat,
121 759 173 779 non
200 752 283 781 etiam
301 760 351 780 cur
372 753 463 782 ﬁebat.
481 753 635 782 Similitudo
651 755 751 790 quippe
769 759 828 783 erat

52 797 138 825 lavatio
160 798 268 832 pedum,
295 806 348 834 qua
365 799 430 826 lavit
447 799 565 827 Verbum
585 800 632 828 Dei
648 802 728 836 pedes
743 801 827 829 disci-

879 195 945 222 etin
965 193 1079 222 Psalmis
1102 193 1234 228 scriptum
1259 197 1301 220 est
1323 201 1329 218 :
1350 190 1403 218 Mei
1427 196 1515 218 autem
1531 199 1594 226 pene
1608 197 1672 217 mou

877 244 938 267 sunt
948 239 1024 273 pedes
1039 238 1072 264 ¹⁵.
1086 236 1187 265 Verum
1202 242 1229 264 ct
1243 245 1303 272 qua:
1322 236 1527 264 constituuntur
1541 235 1630 262 viduae
1645 235 1671 260 in

878 286 1005 314 Ecclesiis
1021 295 1028 313 :
1046 284 1076 313 Si
1098 290 1262 318 sanctorum,
1286 283 1385 319 inquit,
1408 283 1485 318 pedes
1502 282 1612 309 lavit”.
1643 280 1670 307 Si

878 337 968 359 autent
991 331 1033 358 vis
1058 330 1180 366 apertius
1202 329 1299 357 audire
1325 328 1464 364 quomodo
1494 328 1573 354 vidua
1600 327 1671 353 lavat

878 383 1034 406 sanctorqu
1048 377 1131 411 pedes
1143 397 1150 409 ,
1167 375 1230 403 audi
1249 374 1364 402 Paulum
1381 374 1408 401 in
1422 374 1476 400 alio
1493 373 1554 400 loco
1568 372 1671 399 consti-

877 428 998 451 tuentem
1015 422 1115 453 viduis,
1137 426 1163 448 et
1186 421 1319 448 dicentem
1334 428 1341 447 :
1356 419 1426 446 Bene
1445 419 1567 446 docentes
1583 422 1610 443 ut
1623 425 1670 451 pu-

877 469 951 496 dicas
966 468 1078 503 efﬁciant
1097 466 1309 493 adolescentulus
1322 464 1361 498 ν’,
1378 463 1501 491 lavantes
1517 462 1611 489 sordes
1623 469 1671 496 pe-

877 515 942 543 dum
961 513 1182 549 juvencularum.
1212 511 1244 539 Et
1261 512 1319 538 istae
1336 510 1425 538 vidua:
1443 509 1532 544 digna:
1548 514 1611 535 sunt
1624 514 1671 534 ec-

877 560 1032 589 clesiastico
1044 560 1158 592 honore,
1174 566 1344 594 quascunque
1359 561 1516 584 sanctorum
1534 555 1615 590 pedes
1633 553 1673 581 la—

877 612 941 635 vant
950 614 1076 636 serntoue
1085 606 1216 640 spiritalis
1226 605 1367 637 doctrinm,
1377 607 1533 630 sanctorum
1544 609 1608 628 vero
1616 608 1670 627 non

877 652 1062 680 masculorum
1075 671 1083 684 ,
1099 651 1145 678 sed
1157 650 1314 678 mulierum.
1329 648 1431 676 Docere
1441 647 1513 674 enim
1529 646 1670 673 mulierem

878 707 931 726 nun
944 697 1086 733 permittit,
1102 704 1189 732 neque
1198 695 1344 731 principari
1353 695 1422 722 viro.
1432 692 1565 720 Vultesse
1576 692 1672 719 mulie—

878 752 922 773 res
929 745 998 772 bene
1008 744 1148 776 docentes,
1158 747 1187 770 ut
1200 742 1232 770 ad
1243 742 1394 770 castitatem
1401 740 1533 768 suadeant
1540 748 1592 767 non
1605 739 1670 766 ado-

878 788 1022 821 lescentes,
1034 788 1080 816 sed
1097 787 1316 815 adulescentulas
1329 795 1335 820 ;
1355 786 1486 813 indecens
1500 785 1601 820 quippe
1617 788 1671 816 est,

53 842 173 878 pulcrum.
202 832 311 872 Idcirco
330 845 369 873 ait
395 845 520 873 Salvator
535 846 569 874 ad
589 832 761 875 rem-samem
778 847 828 876 pc.
844 839 864 866 Β
879 839 910 863 ιιι
925 835 1023 863 mulier
1038 835 1169 870 magistra
1188 834 1238 860 viri
1254 834 1318 867 ﬁat;
1335 833 1382 860 sed
1398 837 1427 860 ut
1441 832 1594 860 castitatem
1607 839 1674 858 sua-

53 894 128 921 trum,
148 894 175 919 et
189 891 325 920 dicentem
345 901 353 920 :
372 891 434 919 Non
449 892 551 921 lavabis
565 892 642 927 pedes
658 901 739 922 mos.
756 893 827 928 Quid

52 936 184 970 uitiﬂuod
205 947 252 974 ego
267 939 357 974 facio,
382 945 409 966 tu
435 939 518 967 neseis
541 941 629 972 modo.
651 941 717 968 scies
739 946 827 968 autem

52 988 128 1015 postea
138 984 157 1012 ’.
174 984 243 1018 Quid
258 991 350 1013 autem
369 985 437 1013 facis
454 985 557 1013 modo?
573 986 639 1014 dicit
652 986 758 1015 Petrus.
782 986 827 1015 Vi-

52 1027 92 1056 deo
107 1034 130 1057 te
150 1029 281 1058 lavantem
301 1031 383 1065 pedes
400 1036 518 1063 nostros,
535 1037 561 1059 et
579 1033 678 1067 pelvim
697 1033 824 1068 positam,

52 1074 120 1102 linteo
135 1079 158 1102 te
168 1077 358 1111 praecinctum,
375 1083 402 1105 et
415 1078 578 1106 servientem
593 1079 683 1112 nobis,
695 1085 721 1108 et
733 1080 825 1108 deler-

53 1124 141 1153 gentem
165 1123 245 1158 pedes
266 1128 386 1152 nostros.
414 1123 513 1152 Verum
527 1126 592 1160 quia
612 1133 667 1154 non
689 1131 747 1154 erat
775 1127 826 1156 hoc

54 1167 173 1201 negotium
185 1169 339 1204 corporale,
351 1169 396 1196 sed
411 1170 549 1204 spiritale,
566 1170 691 1199 Salvator
705 1172 826 1200 nudatus

54 1211 123 1239 mittit
143 1213 293 1249 spiritalem
311 1221 409 1249 aquam
424 1215 451 1241 ιιι
467 1215 568 1250 pelvim
580 1217 729 1244 secundum
748 1216 825 1245 Seri-

52 1263 140 1292 pturas,
152 1264 178 1287 et
186 1260 260 1288 lavat
271 1261 355 1295 pedes
367 1261 566 1296 discipulorum
581 1270 708 1295 suorum,
720 1267 749 1290 ut
761 1271 824 1292 eum

52 1305 131 1332 mundi
145 1305 255 1339 iuerint,
275 1307 423 1334 ascendant
447 1307 480 1335 ad
505 1308 640 1336 dicentem
657 1318 663 1337 :
682 1308 738 1344 Ego
766 1318 826 1337 sum

52 1350 128 1383 ria";
150 1355 176 1379 et
199 1359 252 1379 non
273 1352 345 1387 pleni
360 1354 481 1388 pulvere,
500 1362 581 1390 quem
598 1360 725 1383 excutere
741 1355 825 1383 voluit

52 1403 120 1430 super
138 1397 281 1433 indignos,
299 1404 327 1426 et
346 1407 399 1426 non
417 1400 597 1435 suscipientes
610 1409 716 1436 pacem,
737 1409 825 1437 neque

51 1442 132 1478 dignos
150 1451 243 1472 eorum
262 1452 326 1479 quas
349 1445 518 1474 dicebantur.
546 1447 580 1474 Et
607 1447 672 1482 quia
691 1447 743 1475 boe
767 1452 827 1475 erat

51 1488 110 1522 quod
125 1489 339 1526 signiﬁcabatur,
358 1491 419 1519 ideo
435 1492 474 1519 ait
495 1500 503 1520 ι
526 1492 604 1525 Quod
626 1501 673 1529 ego
694 1494 776 1529 facio,
795 1499 825 1521 tu

56 1538 124 1565 nescis
143 1542 226 1572 modo,
248 1540 317 1567 scies
330 1545 420 1568 autem
438 1547 528 1576 postea
546 1543 578 1570 ”.
591 1543 656 1570 Erat
674 1548 765 1570 autem
779 1543 830 1573 hoe

54 1584 113 1616 quod
132 1589 158 1612 et
181 1585 296 1620 reliquis
315 1586 416 1614 dictum
439 1592 482 1615 est
501 1597 507 1615 :
529 1587 599 1621 Quia
617 1597 662 1616 vos
677 1589 775 1616 vocatis
789 1599 831 1617 me

55 1628 192 1664 Magistrum
204 1637 228 1659 et
246 1631 402 1665 Dominum,
418 1638 443 1661 et
454 1634 516 1662 bene
529 1635 627 1663 dicitis.
643 1634 707 1662 Sum
723 1636 828 1664 etenim.

54 1672 78 1700 Si
89 1675 162 1710 igitur
175 1685 220 1712 ego
236 1677 366 1705 Dominus
379 1683 403 1706 et
415 1679 539 1715 Magister
556 1680 609 1707 lavi
623 1681 700 1715 pedes
718 1685 828 1713 vestros,

54 1723 73 1745 et
87 1727 125 1747 vos
139 1721 232 1750 debetis
256 1723 371 1750 invicem
393 1723 484 1752 lavare
505 1726 536 1752 ".
554 1725 626 1762 Ergo
639 1726 692 1754 hoc
710 1727 776 1755 dicit
798 1731 829 1755 ut

53 1763 177 1799 episcopus
191 1768 306 1795 mittens
319 1776 415 1803 aquam
428 1769 455 1797 in
471 1770 580 1804 pelvim,
597 1775 625 1798 et
637 1776 735 1800 exutus
749 1773 829 1801 vesti-

50 1805 92 1833 bus
108 1807 170 1841 suis,
187 1813 214 1836 et
234 1809 401 1844 praecinctus
416 1810 500 1838 linteo
518 1819 561 1840 me
577 1812 740 1841 extendente
755 1813 827 1841 lavet

50 1852 118 1884 pedes
128 1855 216 1883 meos?
233 1855 378 1890 Siquidem
395 1864 455 1890 vos,
471 1856 571 1893 inquit,
586 1857 690 1885 debetis
708 1858 824 1886 invicem

49 1897 126 1926 lavare
140 1901 218 1934 pedes
236 1906 357 1929 vestros.
377 1901 405 1930 Si
428 1903 481 1930 hoc
496 1908 538 1930 est
560 1903 633 1938 quod
649 1903 760 1936 dicitur,
776 1912 824 1931 nc-

49 1952 85 1972 mo
99 1952 212 1977 vestrum
231 1950 395 1977 mandatum
413 1951 544 1979 servabit.
569 1950 655 1980 Nemo
669 1952 743 1980 enim
763 1952 824 1987 qui-

49 1990 189 2028 buseuuque
207 1995 385 2024 venientibus
403 2004 547 2025 assumens
563 1997 676 2026 linteum
691 1998 824 2026 diaconus

49 2037 82 2064 vel
104 2041 248 2076 presbyter,
282 2041 340 2068 sive
361 2043 506 2077 episcopus
528 2043 601 2071 lavat
617 2043 711 2078 pedes.
727 2044 781 2071 Sed
800 2044 823 2071 si

49 2081 165 2120 intelligas
185 2094 215 2114 ea
235 2094 301 2122 quae
322 2087 421 2122 scripta
437 2092 516 2122 sunt,
531 2089 578 2124 qui
597 2096 661 2117 vere
674 2089 745 2118 beati
760 2095 824 2118 sunt

48 2129 149 2166 episcopi
173 2133 329 2161 servientes
354 2133 506 2168 Ecclesiae,
533 2134 644 2163 mittunt
665 2143 765 2170 aquam
789 2136 824 2164 de

49 2174 178 2212 Scripturis
200 2180 227 2208 in
256 2179 358 2215 pelvim
376 2180 490 2214 animae,
513 2181 586 2216 quod
614 2187 655 2209 est
672 2182 822 2210 secundum

879 881 962 908 deant
987 879 1218 913 adolescentulis,
1243 884 1271 907 et
1298 887 1391 907 amare
1419 878 1494 905 viros
1517 883 1545 905 et
1571 877 1672 905 liberos

878 934 955 954 suos.
984 925 1126 953 Discatnus
1148 933 1213 960 ergo
1238 924 1331 952 lavare
1354 923 1435 959 pedes
1459 922 1668 957 discipulorum.

878 972 929 1001 Ista
948 978 1058 1008 propter
1072 973 1124 1000 hoc
1139 972 1211 999 dicta
1235 975 1300 998 sunt
1325 980 1332 997 :
1362 970 1484 997 Videntes
1500 969 1631 1001 uidebitis,
1646 973 1671 996 et

878 1027 929 1046 non
955 1020 1057 1047 scietis.
1085 1019 1221 1052 Quoniam
1245 1018 1268 1046 si
1293 1018 1359 1053 quid
1383 1017 1496 1045 iiebata
1514 1016 1671 1049 Salvatore,

876 1065 911 1092 ab
936 1065 978 1092 his
1004 1065 1115 1100 quidem
1140 1064 1187 1100 qui
1210 1071 1266 1091 non
1296 1063 1500 1098 intelligebant,
1528 1063 1672 1090 videbatur

874 1111 951 1146 juxta
963 1119 1075 1146 corpus,
1087 1119 1140 1138 non
1155 1109 1387 1145 videbaturjuxta
1402 1109 1536 1136 rationem
1551 1117 1558 1142 ;
1580 1108 1614 1135 ab
1628 1108 1672 1136 his

876 1165 942 1185 vero
954 1158 1001 1193 qui
1019 1157 1216 1193 intelligebant,
1228 1156 1371 1184 videbatur
1382 1155 1491 1190 quidem
1506 1155 1669 1190 llﬁjuxta

876 1205 982 1236 oculos,
1000 1204 1144 1232 videbatur
1153 1208 1244 1231 autem
1255 1203 1368 1238 ctjusta
1384 1202 1569 1235 intellectum;
1587 1201 1623 1228 ita
1641 1203 1671 1228 ut

877 1258 931 1277 non
947 1250 1130 1285 compleretur
1154 1257 1237 1284 super
1260 1249 1339 1276 beate
1368 1248 1506 1281 videntes,
1530 1247 1583 1274 hoc
1596 1246 1669 1281 quod

876 1297 978 1325 dictum
996 1301 1060 1325 est:
1083 1296 1205 1324 Videntes
1222 1294 1355 1327 videbitis,
1379 1299 1403 1321 et
1429 1302 1482 1320 non
1500 1293 1598 1325 scietis,
1622 1291 1668 1319 sed

876 1352 959 1380 super
972 1348 1140 1380 peccatores.
1157 1342 1209 1370 Sed
1223 1345 1253 1369 et
1265 1345 1363 1369 cuncta
1380 1340 1590 1375 Evangeliorutn
1606 1346 1669 1366 ore-

875 1398 938 1419 mus
955 1389 1079 1417 videntes
1089 1388 1235 1424 dupliciter
1250 1388 1341 1415 videre
1352 1408 1360 1420 ,
1379 1387 1517 1422 quomodo
1532 1385 1602 1413 facta
1615 1385 1670 1413 sint

873 1436 952 1472 juxta
984 1442 1094 1470 corpus,
1126 1434 1236 1469 quando
1260 1433 1386 1460 Salvator
1414 1436 1509 1459 uester
1535 1432 1611 1459 venit
1635 1431 1668 1458 ad

878 1487 974 1510 terras.
997 1481 1104 1508 Etenim
1122 1480 1273 1509 similitudo
1290 1483 1357 1512 erat,
1377 1482 1403 1506 et
1418 1483 1499 1515 typus
1513 1477 1668 1506 futurorum

879 1527 1094 1563 unumquodque
1107 1527 1180 1562 quod
1194 1526 1276 1554 liebat
1290 1526 1316 1554 in
1332 1533 1458 1561 corpore.
1476 1524 1564 1552 Veluti
1577 1525 1669 1552 nescio

877 1574 940 1610 quis
955 1581 971 1601 a
984 1573 1126 1601 nativitate
1145 1580 1235 1600 caecus
1253 1572 1340 1600 visum
1358 1571 1529 1606 recuperavit
1544 1571 1566 1586 "
1581 1579 1588 1597 :
1605 1576 1670 1598 vero

877 1625 967 1648 autem
983 1627 1073 1647 cmcus
1088 1619 1141 1646 iste
1153 1626 1169 1646 a
1183 1618 1324 1646 nativitate
1338 1622 1397 1646 erat
1415 1617 1556 1652 gentilium
1580 1624 1669 1652 popu-

877 1666 930 1698 lus.
946 1665 991 1694 cui
1007 1665 1133 1693 Salvator
1148 1664 1265 1692 reddidit
1280 1664 1380 1697 visum,
1399 1663 1484 1691 saliva
1500 1670 1549 1691 sua
1564 1670 1669 1699 ungens

876 1712 972 1740 oculos
981 1711 1052 1746 ejus,
1064 1715 1091 1739 et
1104 1711 1213 1738 mittens
1223 1710 1258 1738 ad
1272 1710 1386 1742 Siloam,
1396 1709 1469 1745 quod
1477 1709 1670 1744 interpretatur

876 1758 982 1783 missus.
1008 1755 1131 1784 Mittebat
1155 1756 1256 1791 quippe
1276 1763 1324 1783 eos
1345 1762 1415 1790 quos
1430 1754 1526 1790 spiritu
1543 1754 1622 1782 unxit
1639 1757 1670 1780 ut

875 1802 1027 1834 crederent,
1044 1801 1077 1829 ad
1093 1801 1207 1833 Siloam,
1224 1800 1250 1828 id
1271 1804 1313 1828 est
1331 1801 1366 1828 ad
1381 1800 1521 1835 apostolos
1537 1804 1563 1827 et
1580 1800 1670 1834 magi-

875 1852 958 1881 stros,
972 1852 1082 1883 propter
1098 1847 1173 1882 quod
1188 1847 1322 1882 scriptum
1337 1847 1423 1874 estde
1443 1846 1516 1874 Siloa
1528 1867 1535 1879 ,
1550 1847 1615 1881 quia
1627 1847 1669 1873 in-

876 1897 1035 1928 terpretatur
1042 1893 1139 1920 missus
1153 1894 1184 1920 ".
1201 1893 1234 1920 Et
1245 1893 1463 1928 quotiescunque
1476 1892 1623 1927 incipimus
1634 1893 1671 1919 ab

873 1939 939 1967 Jesu
965 1939 1080 1973 visitari,
1096 1945 1126 1967 ut
1147 1939 1311 1975 recipiamus
1336 1939 1434 1966 animae
1451 1939 1560 1970 oculos,
1583 1938 1668 1966 mittit

875 1993 926 2012 nos
943 1984 978 2013 ad
1004 1985 1118 2019 Siloam,
1139 1985 1193 2013 hoc
1217 1989 1259 2012 est
1281 1985 1393 2012 missus.
1423 1983 1455 2012 Et
1478 1984 1668 2019 unusquisque

873 2039 940 2067 ergo
956 2036 1080 2059 nostrum
1096 2031 1207 2067 quando
1221 2031 1284 2066 legit
1300 2038 1332 2058 ea
1344 2038 1406 2066 quas
1420 2030 1448 2057 in
1461 2029 1617 2065 Evangeliis
1628 2029 1668 2057 l'a-

874 2081 916 2104 cta
931 2080 1005 2108 sunt,
1018 2081 1078 2104 oret
1091 2084 1126 2104 ne
1137 2075 1219 2103 etiam
1233 2075 1260 2102 in
1277 2083 1307 2103 se
1321 2074 1490 2110 compleatur
1510 2083 1516 2100 :
1546 2072 1666 2101 Videntes

874 2122 1007 2155 videbitis,
1027 2127 1052 2148 et
1064 2129 1116 2148 non
1127 2121 1226 2148 scietis.

909 2180 936 2207 4.
953 2179 982 2207 Si
995 2183 1102 2212 autent,
1121 2182 1150 2206 ut
1161 2178 1321 2206 existimant
1341 2177 1533 2214 simpliciores,
1550 2177 1596 2206 illa
1605 2185 1667 2213 quae

48 2220 196 2256 scripturas,
221 2230 249 2252 et
276 2229 383 2252 tentant
400 2226 500 2261 pedum
518 2226 715 2262 discipulorum
727 2227 824 2257 sordes
840 2225 862 2253 D
876 2225 946 2254 facta
965 2229 1030 2253 sunt
1044 2233 1098 2254 non
1114 2229 1226 2260 propter
1240 2232 1307 2258 nos,
1325 2224 1372 2252 sed
1392 2230 1504 2260 propter
1516 2232 1546 2252 se
1559 2228 1665 2252 tantum

48 2266 140 2302 lavare,
157 2275 183 2298 et
197 2271 293 2299 cluere
305 2291 313 2303 ,
333 2276 361 2299 et
384 2272 527 2307 projicere.
556 2272 589 2299 Et
605 2273 646 2301 sic
664 2274 823 2303 custodiunt

47 2314 150 2350 episcopi
165 2318 329 2346 mandatum
347 2318 486 2346 imitantes
500 2317 605 2353 Jesum,
618 2320 660 2347 sic
671 2324 698 2347 et
710 2320 821 2356 presby-

49 2359 99 2387 teri.
113 2359 216 2390 Utinam
229 2368 257 2392 et
268 2371 322 2400 ego
339 2363 472 2399 accipiam
485 2372 559 2392 nunc
569 2372 668 2400 aquam
684 2373 744 2400 quin
760 2373 823 2400 pos-

47 2404 76 2431 sit
87 2407 176 2436 anima
194 2414 296 2439 vestrae
310 2411 394 2445 pedes
409 2410 512 2443 lavare,
529 2416 556 2438 et
570 2411 760 2447 unusquisque
776 2420 823 2440 ve-

47 2454 120 2479 strum
132 2453 202 2482 dicat
215 2463 279 2484 cum
294 2455 378 2484 fuerit
388 2455 460 2486 lotus
475 2465 482 2483 :
502 2456 566 2485 Lavi
576 2457 654 2491 pedes
666 2465 748 2490 meas,
757 2466 822 2494 quo-

47 2497 111 2524 "tudo
122 2499 261 2534 inquinabo
275 2501 338 2528 illos
351 2502 389 2529 “‘2
415 2501 472 2530 Hoc
485 2503 559 2530 enim
579 2511 680 2538 sponsa
702 2503 768 2532 dicit
794 2504 820 2532 in

47 2542 150 2574 Canticis
171 2548 356 2579 canticorum.
377 2556 431 2576 non
453 2549 600 2577 ostendens
614 2557 760 2585 corporeus
772 2559 820 2586 pe-

46 2588 85 2615 des
97 2589 171 2623 lotos.
187 2594 234 2621 sed
247 2593 334 2630 pedes
347 2601 401 2621 non
420 2593 597 2622 oilendentes.
617 2593 655 2622 De
665 2595 766 2630 quibus
778 2595 819 2623 di-

49 2658 193 2708 “:31jl-ull;
205 2670 268 2708 aut,
334 2671 407 2708 ἐν,
440 2664 465 2691 ’1.
503 2664 613 2708 λεοιῇ
627 2673 691 2708 illi:
706 2666 733 2699 7,
747 2667 774 2693 8.
814 2667 835 2683 ¹⁶

77 2693 148 2734 (Eant.
158 2705 193 2734 _v
204 2717 212 2730 ,
229 2697 258 2725 3.

875 2271 945 2300 facta
959 2276 1034 2306 sunt,
1047 2276 1075 2300 et
1089 2279 1144 2299 non
1159 2275 1238 2299 erant
1252 2271 1377 2306 exempla
1389 2271 1502 2299 alterius
1516 2271 1567 2303 rei,
1582 2278 1666 2306 expo-

878 2324 945 2346 nant
957 2326 1038 2354 quem
1051 2318 1104 2346 hoc
1115 2317 1188 2354 quod
1201 2317 1304 2345 dictum
1313 2321 1355 2345 est
1368 2326 1374 2344 :
1393 2316 1515 2344 Videntes
1532 2316 1664 2347 videbitis,

872 2371 897 2393 et
913 2373 965 2392 non
978 2364 1085 2396 scietis,
1098 2364 1199 2392 habeat
1220 2371 1344 2391 sensum.
1364 2362 1433 2391 Nam
1447 2363 1470 2390 si
1486 2370 1539 2390 non
1555 2370 1587 2390 ea
1604 2370 1665 2398 quae

873 2411 1035 2439 videbantur
1053 2410 1191 2438 habebant
1207 2410 1325 2446 aliquem
1342 2417 1454 2437 sensum
1469 2412 1616 2441 secretum,
1635 2413 1665 2436 nt

873 2466 935 2486 cum
950 2457 1106 2486 carnalibus
1119 2457 1206 2485 oculis
1224 2458 1307 2485 etiam
1325 2456 1481 2491 spiritaliter
1497 2456 1663 2491 inspiceren-

873 2509 928 2536 tur.
953 2511 1093 2538 nunquam
1112 2503 1226 2531 dixisset
1243 2512 1250 2530 :
1272 2501 1394 2530 Videntes
1410 2501 1543 2534 uidebitis,
1568 2505 1593 2528 et
1611 2509 1661 2527 non

873 2551 972 2579 scietis.
989 2549 1029 2576 Ad
1047 2549 1271 2584 approbationem
1287 2553 1377 2576 autem
1393 2548 1491 2575 horum
1507 2545 1563 2582 (98)
1577 2550 1604 2573 et
1621 2545 1662 2572 al-

874 2596 960 2625 terius
972 2595 1065 2630 scripti
1083 2595 1116 2622 de
1125 2594 1273 2630 Evangelio
1283 2593 1468 2622 testlmottium
1479 2591 1661 2626 proferemus,

872 2668 951 2695 Joan.
984 2674 1039 2699 xw,
1068 2665 1095 2692 6.
1135 2666 1154 2680 “
1173 2665 1252 2693 Joan.
1277 2673 1340 2696 xm,
1357 2665 1383 2691 8.
1424 2664 1445 2679 ¹¹
1462 2663 1539 2699 ibid,
1557 2662 1603 2696 15,
1617 2661 1660 2689 ιι.

297 2698 321 2715 ³⁸
332 2697 415 2727 Prov.
443 2708 484 2733 ιιι,
504 2700 549 2728 23.
590 2701 611 2716 "
627 2700 699 2729 Psal.
726 2697 814 2734 txxn,

909 2701 953 2728 "l
979 2697 1051 2729 Tim.
1081 2699 1168 2733 v,10.
1208 2701 1228 2716 "
1245 2699 1299 2728 Tit.
1324 2707 1354 2731 ιι,
1376 2700 1403 2732 5,
1423 2699 1449 2727 4.
1489 2698 1511 2715 ¹⁸
1521 2698 1600 2726 Joan.
1622 2704 1662 2726 ιι.

76 2810 123 2843 (98)
142 2814 180 2841 Ad
197 2816 417 2853 approbationem
433 2821 521 2844 autem
538 2816 648 2851 homin,
674 2822 726 2846 ctc.
743 2818 809 2847 Vide
822 2818 1008 2851 praelationem
1025 2823 1146 2846 uestram
1165 2816 1198 2844 ad
1218 2821 1283 2844 tom.
1301 2814 1333 2849 ll,
1355 2823 1415 2850 pag.
1433 2823 1470 2842 ιι.
