1879 3046
195 75 247 103 9ίῆ

943 81 1102 111 ORlGENlS

1778 82 1828 111 9.“

205 143 274 180 quod
299 142 376 178 juxta
398 151 445 171 eos
472 143 518 178 qui
546 147 652 170 tantum
677 143 793 170 litteram
821 146 990 177 sequuntur,
1005 145 1027 174 Α
1043 149 1089 168 reo
1102 142 1183 169 corde
1202 142 1335 169 vocabulo
1353 143 1451 170 anima:
1465 147 1565 170 nostra:
1579 141 1729 177 principale
1742 143 1829 170 nomi-

206 189 373 216 mendacium
398 193 448 216 est.
468 188 537 217 Dicit
559 189 684 216 Salvator
700 193 726 216 et
745 188 876 215 Dominus
897 192 990 214 noster

205 234 238 261 ad
250 235 399 270 discipulos
415 235 442 262 in
460 234 608 270 Evangelio
626 235 773 262 secundum
787 233 919 260 Joannem
935 242 942 260 :
958 232 990 260 Si

203 278 381 312 credideritis,
400 287 450 306 non
463 280 547 306 solum
560 288 619 315 qua:
631 288 676 314 ego
689 279 759 314 facio
771 279 894 313 facietis;
907 277 951 305 sed
964 283 989 305 et

202 324 307 359 majora
325 325 417 352 horum
432 326 535 360 {arietis
553 326 584 352 '°.
605 325 750 353 Videamus
764 333 828 360 ergo
846 325 869 352 si
885 324 989 359 majora

202 371 293 406 aliqua
318 371 428 400 fecerint
456 372 590 407 discipuli.
621 371 689 405 Quid
721 372 810 406 majus
837 375 878 398 est
906 378 988 406 quam

202 422 340 444 mortuum
367 418 518 445 suscitare?
536 417 602 451 Quis
623 426 676 444 non
695 418 757 445 dico
779 422 915 448 nostrum,
941 416 988 443 sed

199 463 384 497 apostolorum
401 469 535 490 ιιιοι·ιυιιιη
554 463 715 491 suscitavit?
729 462 820 489 Refert
836 461 950 489 historia
965 461 987 476 ²¹

199 508 263 541 quia
281 508 382 535 Paulus
394 508 542 544 Eutychum
562 509 768 536 resuscitaverit
787 516 801 534 a
818 507 945 538 mortuis,
960 510 988 534 et

199 552 297 580 Petrus
314 553 455 580 Tabitham
477 561 537 588 quae
553 554 746 589 interpretatur
769 553 869 579 Dorcas
888 553 920 578 ".
935 551 987 579 ista

199 603 332 626 autemet
355 599 406 626 alia
433 600 587 627 istiusmodi
618 599 733 626 inveniri
758 602 873 634 possunt
902 606 909 625 :
941 596 988 624 ubi

197 648 261 671 sunt
277 645 404 679 majora?
429 645 482 673 Sed
508 650 534 673 et
558 653 644 672 caecos
665 644 790 672 Salvator
803 643 867 671 fecit
877 649 986 670 rurSum

195 690 287 717 videre
308 691 340 722 ’³,
367 696 394 718 et
418 691 491 726 quod
509 692 597 725 majus
611 696 660 723 est,
676 698 723 718 cos
736 690 783 725 qui
798 690 838 717 sic
854 688 909 715 nati
925 687 985 715 fuev

194 741 270 763 runt.
293 735 444 764 Exhibeaut
459 745 528 772 quos
543 745 629 764 caecos
644 737 678 764 ab
691 740 768 763 utero
782 734 909 762 manilius
920 739 986 767 apo-

194 783 327 811 stolorum
344 788 454 811 curatos
471 783 638 818 aspexerint.
661 781 694 810 Et
705 783 757 810 alia
772 780 876 809 inﬁnita
893 781 984 814 potest

1040 192 1130 220 natur,
1148 192 1176 214 ut
1194 188 1368 216 manifestum
1390 192 1432 216 est
1453 196 1486 215 ex
1504 196 1537 216 eo
1549 188 1620 224 quod
1636 189 1664 215 in
1682 187 1826 223 Evangelia

1039 232 1138 259 dicitur
1169 241 1176 260 :
1204 232 1282 260 Beati
1309 233 1406 260 mutulo
1433 234 1511 260 corde
1524 235 1557 259 “.
1588 233 1684 269 Neque
1709 234 1781 261 enim
1803 235 1828 262 hi

1039 278 1142 305 mundo
1157 279 1238 306 corde
1255 284 1329 312 sunt,
1342 280 1389 314 qui
1405 279 1578 314 sanguinem,
1593 280 1636 307 vel
1648 281 1829 316 quodcunque

1039 324 1161 351 materiae
1177 325 1328 359 corporalis
1351 326 1516 354 intrinsecus
1529 334 1582 353 non
1597 327 1708 354 habent.
1726 327 1776 354 Sed
1790 327 1829 354 di-

1039 374 1112 396 ctum
1135 375 1176 398 est
1195 379 1201 397 :
1219 371 1297 397 Beati
1318 371 1416 398 mundo
1442 373 1528 404 corde,
1557 379 1607 406 pro
1627 379 1661 399 eo
1686 372 1759 406 quod
1778 376 1828 404 est,

1039 415 1110 442 beati
1145 416 1192 450 qui
1231 417 1363 443 mundum
1399 417 1500 444 habent
1535 418 1684 452 principale
1722 418 1828 446 animae.

1038 460 1192 497 Principale
1217 463 1378 490 nominatur
1399 471 1447 498 pro
1469 464 1559 491 corde.
1583 464 1720 497 Quoniam
1750 464 1831 498 igitur

1038 506 1187 542 principale
1198 508 1297 535 anima:
1314 513 1413 536 nostra:
1428 509 1500 544 quod
1516 516 1574 536 esse
1591 509 1691 536 dicitur
1704 510 1733 536 in
1750 510 1831 537 corde

1038 554 1241 588 corporeo,sive
1253 555 1384 582 mundum
1398 560 1494 583 estcor
1507 560 1641 589 nostrum,
1650 555 1830 583 siveimmun-

1038 597 1118 631 dum;
1135 599 1306 627 immundum
1315 601 1423 635 quidem
1434 602 1543 636 quando
1554 602 1735 636 cogitationes
1744 602 1830 636 pessi-

1039 652 1090 671 mae
1105 645 1282 680 egrediuntur
1299 654 1331 674 ex
1345 654 1387 680 eo,
1403 647 1562 681 homicidia,
1579 648 1725 680 adulteria,
1748 648 1828 680 furta,

1036 688 1136 717 falsum
1155 691 1341 720 testimonium
1352 713 1360 726 ,
1378 693 1572 728 blasphemiae;
1589 694 1724 721 mundum
1739 700 1828 721 autem

1036 737 1147 771 quando
1161 738 1340 773 cogitationes
1355 744 1466 772 sanctae,
1483 744 1510 767 et
1526 739 1680 767 intellectus
1692 740 1790 774 divini,
1803 745 1829 767 et

1037 790 1114 810 mens
1137 791 1222 818 pura;
1240 789 1350 819 propter
1368 785 1420 813 hoc
1441 786 1628 813 arbitrantium
1645 790 1687 813 cst
1704 790 1830 813 attenua-

195 829 227 856 de
244 828 397 863 Evangeliis
413 829 534 856 invenire
546 829 592 864 qui
607 829 705 864 quierit
716 849 724 861 ,
741 828 804 863 quia
819 835 906 862 neque
921 831 987 860 ³ρο-
1002 821 1023 849 Β
1039 832 1095 855 tum
1109 830 1218 864 quidem
1233 839 1294 858 esse
1307 831 1420 864 dictum,
1436 837 1605 859 attenuatum
1621 839 1636 860 a
1650 837 1747 860 sancto
1764 831 1827 868 Spi-

195 875 257 902 stoli
271 875 313 902 his
330 875 433 909 majora
449 874 572 907 fecerint,
587 883 674 910 neque
688 882 782 902 eorum
799 881 982 901 successores.

195 920 296 948 Verum
312 928 402 948 sermo
418 920 566 955 Scriptura:
586 921 639 948 tale
655 921 782 956 quiddam
797 920 904 946 loculus
917 922 959 946 est
976 927 982 946 :

195 967 239 995 his
250 975 311 1002 qua:
330 975 379 1002 ego
397 968 447 994 feci
465 967 663 1002 corporalibus,
679 975 726 994 vos
745 966 848 1001 majora
867 964 981 992 facietis.

196 1013 252 1048 Ego
270 1013 320 1041 feci
342 1021 486 1048 resurgere
513 1020 546 1040 cx
575 1013 691 1040 mortuis
718 1011 909 1046 corporaliter,
933 1018 983 1038 vos

194 1067 337 1094 resurgere
351 1058 456 1086 facietis
470 1051 631 1086 ex'mortuis
644 1058 811 1094 spiritaliter.
830 1057 886 1092 Ego
903 1058 982 1086 etccis

193 1105 325 1133 sensibile
343 1106 395 1133 hoc
421 1106 512 1133 lumen
529 1105 626 1137 inludi,
647 1112 696 1132 vos
721 1105 870 1140 spiritalem
892 1105 981 1132 lucem

192 1159 245 1178 non
259 1151 413 1179 videntibus
428 1152 537 1179 dabitis.
563 1151 655 1187 Usque
670 1151 704 1178 ad
720 1151 790 1178 hanc
805 1155 894 1178 autem
910 1151 982 1178 diem

191 1199 250 1225 htee
273 1198 377 1233 majora
392 1198 469 1233 signa
495 1205 508 1224 a
535 1198 722 1232 corporalibus
735 1205 795 1232 qua:
812 1197 876 1224 fecit
891 1196 981 1229 Jesus,

189 1252 241 1280 ego
266 1244 345 1272 video
370 1244 427 1271 Iieri
451 1251 499 1278 per
524 1243 699 1270 ﬁdelissimos
731 1242 881 1276 discipulos
905 1241 980 1270 Jesu.

189 1291 288 1317 Annon
307 1289 370 1316 επιξρί
393 1297 466 1316 nunc
481 1289 594 1322 vident,
619 1293 646 1316 ct
663 1289 752 1315 claudi
781 1288 932 1320 ambulant,
956 1293 980 1316 et

189 1336 291 1372 leprosi
305 1336 483 1368 mundantur,
500 1339 527 1363 et
544 1336 648 1370 reliqua
667 1335 754 1362 ﬁunt?
770 1335 798 1362 Si
816 1335 838 1363 is
855 1336 900 1370 qui
923 1336 980 1362 heri

189 1383 344 1410 obcaecatus
362 1387 402 1409 est
416 1382 548 1410 accedens
568 1382 600 1409 ad
615 1382 717 1409 idolum
735 1383 814 1417 quasi
834 1383 866 1409 ad
883 1382 980 1415 Deum,

190 1429 270 1456 hodie
295 1429 401 1455 invocet
422 1427 507 1455 Deum
522 1428 614 1455 vivum
636 1428 751 1463 pristina
778 1428 979 1463 derelinquens,

191 1479 282 1498 nonne
304 1471 396 1499 videt?
414 1471 512 1499 Annon
530 1472 574 1507 qui
594 1472 651 1499 heri
674 1472 787 1500 claudus
799 1477 857 1500 erat
870 1478 981 1508 propter

189 1521 343 1550 peccatum,
370 1524 442 1544 nunc
468 1522 578 1552 propter
604 1517 798 1552 discipulorum
827 1518 978 1546 doctrinam

189 1563 241 1589 iter
262 1571 355 1590 verum
371 1563 485 1590 edoctus
506 1563 594 1590 stabili
612 1563 734 1598 graditur
750 1563 835 1599 pede?
856 1563 908 1597 Qui
921 1565 979 1592 heri

189 1609 293 1635 aridam
317 1609 434 1636 habebat
449 1617 572 1640 manum,
585 1615 611 1636 et
629 1609 745 1637 otiosam
758 1610 790 1637 ad
805 1610 979 1638 benefacien-

189 1655 267 1687 (lum,
283 1654 363 1682 hodie
382 1655 516 1690 recipiens
530 1664 642 1684 manum
656 1657 738 1685 habet
753 1665 813 1684 eam
825 1657 981 1684 viventem?

190 1700 219 1727 Si
233 1701 335 1729 videris
353 1702 469 1737 aliquem
489 1703 635 1738 pollutum,
661 1707 687 1731 et
705 1703 807 1739 lepram
834 1703 861 1730 in
887 1703 978 1731 anima

190 1747 333 1774 habentem
361 1748 452 1776 subito
476 1750 618 1784 poenitere,
641 1757 673 1777 ac
697 1750 829 1778 doctrina:
853 1757 980 1777 sermone

188 1799 394 1830 compunctum,
411 1803 464 1823 non
481 1801 507 1824 te
518 1797 608 1832 pigeat
630 1797 736 1829 dicere,
759 1797 824 1832 quia
839 1798 928 1832 majus
943 1797 979 1824 sit

189 1841 264 1869 ltunc
278 1842 436 1877 spiritaliter
453 1843 602 1878 leprosum,
624 1851 705 1879 quam
721 1843 866 1879 quemdam
881 1851 978 1871 carna-

188 1887 251 1915 liter
269 1888 352 1916 fuissc
375 1894 531 1925 purgatum.
550 1889 583 1917 Et
598 1890 655 1918 haec
667 1889 775 1925 quidem
799 1889 900 1925 largius
916 1897 978 1924 pro-

189 1935 260 1962 ludit
281 1935 381 1969 oratio,
408 1937 521 1972 cupiens
541 1937 684 1965 ostendere
702 1937 765 1970 quid
784 1937 819 1964 sit
838 1936 890 1964 hoc
905 1937 977 1972 quod

187 1981 289 2008 dictum
303 1986 345 2009 est
358 1991 364 2008 :
376 1981 410 2008 Et
423 1982 538 2009 videntes
555 1983 675 2010 videbitis
687 2003 693 2014 ,
708 1987 732 2009 ct
747 1991 798 2010 non
813 1982 976 2018 intelligetis.

222 2027 248 2054 5.
264 2027 330 2061 Qua!
344 2033 434 2055 autem
450 2036 533 2056 causa
557 2033 599 2056 est
621 2029 775 2056 audientem
797 2037 851 2056 non
876 2029 977 2057 intelli-

186 2082 261 2108 gere,
281 2080 307 2101 et
319 2075 457 2102 videntem
473 2083 527 2102 non
544 2075 651 2102 videre?
669 2070 854 2103 Inérassatum
872 2082 921 2109 est,
937 2077 978 2103 in-

186 2119 257 2153 quit,
281 2126 326 2145 cor
348 2118 438 2154 populi
463 2120 553 2154 hujus.
574 2119 714 2155 Siquidem
736 2122 920 2148 necessariqu
936 2127 978 2150 est

186 2165 301 2201 intelligi
317 2170 344 2192 et
359 2166 411 2193 hoc
425 2166 496 2193 unde
510 2166 565 2199 sit,
589 2174 642 2193 non
659 2168 753 2194 eadem
768 2172 810 2194 cst
825 2169 977 2204 corporalis

185 2215 214 2238 et
226 2211 357 2246 spiritalis
372 2211 508 2246 pinguedo
522 2231 529 2244 ,
557 2219 644 2246 neque
659 2212 753 2239 eadem
769 2218 810 2240 est
827 2215 977 2249 corpomlis

186 2258 317 2291 tenuitas,
345 2262 372 2286 et
400 2257 541 2293 spiritalis.
570 2257 676 2285 Etenim
700 2259 770 2294 quod
799 2262 978 2294 corporaliter

186 2313 313 2333 crassum
328 2309 369 2332 est
383 2326 390 2339 ,
408 2305 435 2332 in
454 2312 536 2332 carne
555 2305 601 2339 ﬁt,
627 2310 654 2332 et
671 2306 737 2333 nihil
756 2307 821 2333 tnihi
841 2313 920 2334 nocet
932 2315 978 2335 cor

186 2359 316 2379 carneum
333 2351 354 2379 si
368 2352 536 2379 incrassetur
549 2371 556 2383 ,
575 2359 662 2387 neque
677 2353 785 2387 prodest
802 2361 817 2380 a
834 2353 977 2389 languore,

185 2397 229 2423 vel
256 2404 271 2423 a
298 2404 463 2431 quacunque
493 2405 575 2424 causa
600 2401 765 2426 attenuetur.
795 2398 860 2426 Tale
885 2404 976 2427 autem

185 2443 315 2470 existimo
340 2443 397 2470 ﬁeri
424 2451 472 2470 cor
499 2451 628 2471 carneum
651 2452 746 2471 eorum
765 2444 812 2479 qui
831 2444 977 2472 formidine

185 2489 371 2517 continentur.
409 2488 552 2522 Quomodo
585 2491 657 2517 enim
690 2491 738 2517 toti
768 2490 912 2518 tabescunt
942 2491 977 2518 ab

185 2537 373 2572 7egrotatione,
400 2537 439 2564 sic
462 2536 539 2563 aiunt
559 2541 586 2563 et
601 2536 812 2564 crassitudinem
825 2558 832 2570 ,
854 2543 879 2564 et
896 2538 976 2572 quid-

184 2584 250 2619 quid
272 2583 373 2618 pingue
399 2587 440 2610 est
466 2582 538 2610 circa
563 2589 612 2609 cor
626 2589 721 2609 eorum
739 2583 892 2611 extenuari.
906 2583 975 2617 Quid

184 2637 250 2665 ergo
273 2629 340 2657 mihi
364 2633 444 2656 nocet
465 2629 487 2656 si
508 2629 651 2663 corporale
665 2635 715 2655 cor
733 2636 823 2656 meum
843 2629 977 2658 incrasse-

184 2675 248 2702 tur?
266 2674 331 2703 Esto
345 2682 410 2702 vero
426 2679 454 2702 et
475 2674 611 2702 attenuari
628 2681 676 2701 cor
692 2682 793 2707 meum,
819 2676 884 2710 quid
909 2677 976 2705 mihi

184 2727 217 2747 ex
232 2721 284 2749 isto
308 2721 436 2756 prodest?
458 2719 510 2748 Sed
531 2727 580 2747 cor
599 2720 786 2755 nuncupativo
799 2728 861 2748 cum
876 2729 977 2757 corpo-

220 2778 242 2793 '°
260 2776 340 2805 Joan.
360 2786 417 2811 xw,
430 2778 472 2804 l2.
511 2779 532 2794 ¹¹
549 2777 610 2806 Act.
627 2785 672 2805 xx.
713 2778 734 2793 "
748 2777 808 2807 Act.
827 2786 865 2807 ιχ.

183 2820 253 2845 uti,
276 2813 304 2846 ξ,
323 2812 349 2841 3.

903 2779 925 2795 ³³
936 2779 1030 2809 Matth.
1051 2787 1078 2807 ιχ
1114 2778 1137 2796 ⁸⁸
1153 2777 1248 2805 Matth.
1274 2784 1300 2811 v,
1314 2776 1340 2804 8.

1035 875 1089 902 ritu
1111 876 1191 911 119
1211 877 1271 912 ejus
1290 877 1337 912 qui
1361 878 1482 906 salvatur
1504 888 1511 906 :
1533 879 1716 906 incrassatum
1735 884 1827 906 autem

1035 925 1061 947 et
1077 922 1253 955 pmlocatum
1281 931 1297 950 a
1321 925 1423 951 malitia
1449 925 1508 960 ejus
1525 925 1571 960 qui
1589 930 1693 960 peccat.
1722 924 1828 952 Dicitur

1033 965 1106 993 enim
1122 966 1154 994 de
1171 971 1266 995 sancto
1289 967 1390 1002 Spiritu
1411 969 1458 1003 qui
1479 973 1520 996 est
1544 969 1693 996 secundum
1717 969 1829 1002 sapien-

1036 1012 1114 1045 tiam,
1129 1013 1194 1048 quia
1208 1014 1243 1041 sit
1256 1015 1433 1049 multifarius,
1448 1015 1543 1048 tenuis,
1557 1015 1661 1041 mobilis
1668 1015 1702 1046 ’⁵,
1721 1020 1748 1041 et
1762 1015 1826 1049 quia

1033 1057 1125 1092 justus
1155 1059 1272 1094 accipiat
1299 1061 1373 1088 hunc
1399 1060 1527 1088 subtilem
1557 1061 1694 1096 spiritum.
1732 1060 1828 1087 Dillert

1034 1104 1134 1139 quippe
1151 1105 1196 1133 hic
1221 1106 1334 1140 spiritus
1355 1107 1389 1134 ab
1405 1107 1532 1134 omnibus
1554 1107 1697 1142 spiritibus
1721 1106 1827 1134 intelle-

1033 1151 1169 1178 ctualibus
1180 1171 1187 1183 ,
1203 1152 1312 1179 mundis
1323 1173 1330 1185 ,
1356 1153 1512 1180 subtilibus.
1534 1152 1582 1179 Est
1598 1160 1663 1188 ergo
1676 1153 1826 1187 principale

1033 1197 1122 1224 cordis
1149 1202 1229 1225 tenue
1246 1198 1355 1233 quidem
1383 1199 1457 1234 quod
1485 1199 1606 1234 spiritale
1631 1204 1671 1226 est
1694 1208 1701 1225 ε
1724 1199 1826 1234 pingue

1032 1249 1122 1270 autem
1137 1245 1209 1279 quod
1228 1251 1262 1271 ex
1275 1245 1426 1279 corporalis
1444 1245 1563 1272 materia:
1583 1245 1648 1272 vitio
1663 1251 1822 1272 Concretum

1032 1294 1074 1317 est
1086 1309 1094 1322 ,
1111 1291 1220 1325 plenum
1237 1291 1450 1325 cogitationibus
1465 1291 1664 1326 corporalibus,
1683 1298 1744 1325 qua:
1761 1295 1824 1318 sunt

1032 1335 1059 1362 in
1076 1337 1299 1370 reprehensione.
1322 1336 1366 1363 Sic
1381 1337 1481 1364 dicitur
1495 1346 1501 1363 :
1521 1336 1705 1363 lncrassatum
1724 1343 1763 1363 est
1779 1344 1825 1362 car

1031 1382 1121 1416 populi
1144 1382 1232 1417 hujus.
1248 1383 1371 1417 lntellige
1391 1390 1423 1409 ex
1439 1391 1471 1410 eo
1491 1383 1672 1410 inerassatum
1690 1390 1752 1409 esse
1766 1390 1822 1415 cor,

1032 1429 1096 1462 quia
1123 1428 1189 1455 nihil
1210 1428 1246 1456 sit
1263 1429 1288 1455 iu
1317 1437 1349 1455 eo
1367 1435 1465 1464 praeter
1490 1429 1624 1456 humanas
1649 1434 1676 1456 et
1700 1428 1824 1456 carnales

1031 1474 1238 1502 sollicitudines.
1267 1474 1411 1507 Quomodo
1445 1475 1518 1503 enim
1553 1475 1666 1502 materia
1700 1476 1824 1510 corporis

1032 1520 1141 1555 pinguis
1155 1526 1205 1554 est,
1224 1521 1318 1549 eodem
1334 1521 1415 1549 modo
1431 1522 1513 1549 etiam
1529 1521 1652 1557 corporei
1670 1521 1822 1549 intellectus

1030 1572 1058 1594 et
1072 1568 1260 1602 cogitationes.
1285 1568 1322 1595 Ex
1341 1576 1395 1603 quo
1420 1576 1481 1596 cum
1504 1568 1559 1595 duo
1577 1568 1666 1603 posita
1683 1568 1758 1599 sint,
1783 1568 1824 1595 in-

1031 1613 1149 1640 crassari
1165 1621 1213 1640 eor
1228 1622 1260 1640 ex
1276 1614 1453 1642 szeeularihus
1467 1614 1557 1646 euris,
1582 1619 1609 1640 et
1629 1613 1766 1641 attenuari
1790 1622 1823 1641 ex

1030 1659 1214 1687 sollicitudine
1229 1660 1355 1695 spiritali,
1372 1668 1434 1687 eutn
1449 1660 1510 1695 quis
1524 1659 1625 1695 cogitat
1644 1667 1676 1687 ea
1694 1667 1758 1695 qua:
1771 1660 1825 1687 Do-

1031 1705 1098 1732 mini
1125 1710 1205 1738 sunt,
1232 1706 1379 1741 projiciens
1404 1706 1595 1741 pinguedinem
1616 1714 1649 1733 ex
1674 1707 1778 1740 corde,
1797 1710 1824 1734 et

1030 1751 1120 1779 sciens
1134 1752 1198 1787 quia
1216 1752 1238 1779 si
1262 1752 1445 1779 incrassalum
1467 1752 1548 1779 fuerit
1570 1759 1618 1779 cor
1634 1751 1694 1786 ejus
1707 1772 1715 1785 ,
1735 1759 1825 1786 neque

1030 1798 1147 1833 accipiat
1164 1805 1306 1826 sermones
1323 1797 1389 1830 Dei,
1405 1806 1493 1833 neqtte
1511 1798 1601 1825 videat
1616 1797 1715 1825 salutis
1730 1805 1825 1825 sacra-

1030 1849 1122 1871 menta
1136 1851 1143 1869 :
1163 1844 1330 1878 deponamus
1343 1849 1369 1872 et
1383 1852 1434 1872 nos
1458 1844 1667 1872 crassitudinem
1679 1863 1686 1876 ,
1703 1849 1730 1870 et
1743 1851 1824 1871 assu—

1029 1896 1136 1916 mamus
1150 1896 1210 1916 eam
1226 1896 1287 1924 qua:
1302 1889 1373 1916 dicta
1387 1894 1428 1916 est
1443 1889 1614 1922 tenuitatem,
1632 1895 1661 1916 ut
1676 1894 1704 1916 et
1717 1896 1770 1915 nos
1784 1888 1826 1915 di-

1030 1942 1125 1962 camus
1148 1935 1286 1969 quomodo
1301 1934 1450 1969 Prophetes
1473 1942 1479 1960 :
1512 1933 1601 1961 Sitit-it
1627 1935 1654 1960 in
1682 1939 1707 1960 te
1733 1935 1825 1961 anima

1029 1989 1104 2014 mea,
1121 1988 1198 2015 quam
1216 1980 1398 2015 multipliciter
1411 1981 1459 2007 tibi
1474 1989 1536 2007 caro
1550 1988 1618 2007 mea.
1636 1979 1670 2006 In
1686 1984 1759 2007 terra
1779 1982 1825 2008 de-

1029 2034 1111 2059 serta,
1127 2027 1198 2054 invia
1213 2032 1237 2053 et
1251 2028 1390 2062 inaquasa,
1403 2027 1441 2053 sic
1456 2027 1483 2053 in
1495 2031 1588 2052 sancto
1604 2027 1719 2061 apparui
1733 2027 1824 2053 tibi":

1029 2081 1082 2101 non
1101 2074 1179 2108 quasi
1199 2078 1309 2101 sanctus
1332 2073 1429 2100 fuerim
1447 2072 1616 2105 naturaliter,
1631 2072 1679 2099 sed
1695 2073 1718 2099 si
1735 2074 1827 2101 carnis

1029 2119 1173 2154 prudentia
1196 2118 1326 2151 tabescit,
1344 2123 1372 2146 et
1389 2119 1411 2146 si
1426 2118 1570 2153 prudentia
1587 2117 1678 2144 carnis
1690 2118 1827 2145 extabue-

994 2163 1016 2191 D
1031 2165 1077 2197 rit,
1097 2170 1162 2193 tunc
1176 2165 1201 2191 in
1217 2169 1313 2192 sancto
1329 2164 1465 2200 apparebo
1479 2164 1515 2191 ei.
1530 2163 1595 2190 llmc
1614 2163 1641 2190 in
1653 2164 1829 2198 explanatio-

1030 2219 1092 2239 nem
1117 2212 1177 2246 ejus
1203 2211 1275 2246 quod
1303 2211 1405 2239 dictum
1431 2214 1494 2237 est:
1513 2209 1697 2237 Incrassatum
1718 2216 1756 2238 est
1783 2219 1828 2237 cor

1028 2257 1117 2292 populi
1135 2257 1225 2292 hujus.

1066 2304 1093 2331 6.
1116 2303 1246 2338 Sequitur
1262 2307 1352 2331 autem
1371 2311 1377 2330 :
1396 2302 1431 2329 Et
1447 2303 1556 2330 auribus
1569 2302 1623 2328 suis
1636 2302 1758 2337 graviter
1780 2311 1828 2329 au-

1031 2351 1148 2378 dierunt.
1163 2349 1235 2377 Nihil
1249 2350 1315 2376 mihi
1328 2353 1408 2376 nocet
1421 2349 1443 2376 si
1461 2349 1580 2384 graviter
1595 2350 1705 2376 audiam
1724 2357 1826 2384 corpo-

1031 2397 1140 2428 raliter,
1164 2403 1252 2431 neque
1274 2396 1324 2423 ista
1342 2395 1408 2422 tnihi
1432 2403 1516 2422 causa
1541 2394 1570 2422 lit
1587 2399 1687 2422 utnon
1713 2395 1827 2422 audiam

1031 2450 1171 2470 sermones
1187 2441 1246 2468 Dei.
1261 2441 1404 2474 Quomodo
1419 2440 1494 2468 enim
1510 2440 1576 2467 nihil
1595 2439 1662 2467 mihi
1678 2445 1762 2468 nocet
1775 2448 1827 2468 αιδ-

1031 2489 1100 2517 citas
1124 2489 1294 2524 corporalis,
1325 2488 1346 2515 si
1376 2495 1430 2514 non
1458 2487 1540 2514 fuerit
1566 2487 1703 2513 obczecata
1732 2487 1826 2513 anima

1031 2543 1091 2563 mea
1107 2545 1114 2562 τ
1131 2536 1170 2563 sic
1187 2543 1274 2570 neque
1291 2535 1395 2567 levitas,
1409 2542 1498 2569 neque
1515 2533 1657 2569 gravitudo
1672 2533 1824 2560 auditionis

1031 2581 1181 2616 corporalis
1197 2581 1310 2616 impedit
1325 2580 1474 2615 quidquam
1500 2580 1578 2606 mihi.
1603 2578 1650 2606 Est
1676 2580 1731 2605 alia
1750 2588 1825 2614 qum-

1031 2628 1093 2656 dam
1112 2627 1254 2663 gravitudo
1270 2626 1432 2658 auditionis,
1453 2633 1515 2661 qua:
1531 2629 1628 2652 noceat
1648 2625 1750 2652 anima:
1776 2625 1829 2652 ho-

1032 2675 1124 2702 minis.
1143 2673 1209 2707 Qua:
1222 2677 1264 2700 est
1281 2674 1332 2701 ista
1350 2672 1492 2708 gravitudo
1503 2692 1510 2705 ,
1527 2679 1586 2707 quae
1601 2676 1642 2699 est
1657 2672 1685 2698 in
1703 2671 1827 2698 auditio-

1032 2728 1093 2749 nem
1109 2720 1225 2755 animtei
1238 2719 1395 2751 Peceatum,
1404 2718 1554 2746 secundum
1563 2717 1732 2752 Scripturas,
1743 2726 1824 2753 grave

1400 2775 1422 2792 "
1443 2774 1506 2810 Sap.
1533 2782 1587 2807 vn,
1613 2771 1660 2800 22.
1707 2775 1732 2790 ¹⁶
1751 2773 1811 2802 l‘sal
