1879 3046
67 115 113 142 ω

673 117 706 144 ιΝ
723 117 842 146 lSAl-AM
862 118 1004 146 HOMI'LIA
1026 118 1080 146 VH.

1636 118 1694 147 ιιι(

68 177 111 200 est.
125 172 235 208 Propter
250 174 322 208 quod
345 173 463 201 sentiens
476 174 538 208 quis
552 180 661 210 peccata
679 184 726 203 sua
737 197 744 209 ,
759 177 825 204 dicit
840 186 846 204 :
863 181 886 208 Α
899 177 989 203 dicitis
1007 177 1069 212 quia
1083 177 1212 208 videmus,
1232 182 1366 211 peccatum
1379 182 1492 204 vestrum
1511 181 1597 204 manet
1610 177 1644 205 ".
1659 177 1693 204 Iit

69 218 142 249 Quasi
157 227 221 247 onus
236 228 315 254 grave
328 224 444 254 gravata
460 225 521 246 sunt
538 229 616 255 super
629 229 668 248 me
678 221 711 248 ’⁷.
738 221 771 248 Et
784 223 847 256 quia

68 264 150 294 uravis
171 270 213 292 est
239 265 383 299 iniquitas,
407 270 517 300 propter
545 265 598 293 hoc
618 274 700 301 super
717 267 847 294 talentum

69 309 159 343 plumbi
184 310 278 342 sedet,
314 315 343 337 ut
373 310 399 337 in
435 310 570 338 Zacharia
597 311 728 346 scriptum
764 312 846 339 cst“.

68 355 174 391 .Egyptii
190 361 283 384 autem
304 365 357 383 non
379 357 508 391 quoniam
524 358 616 392 gravia
634 358 770 385 habebant
784 366 847 385 cor-

67 410 122 436 pora
135 402 269 430 submersi
287 407 351 430 sunt
376 403 454 438 quasi
474 403 616 438 plumbum
637 404 664 430 in
680 411 749 439 aqua
766 405 847 431 velte-

67 448 185 482 menti",
220 450 269 476 sed
296 450 366 484 quia.
392 449 490 476 animae
515 457 611 477 eorum
645 449 679 476 ad
714 450 844 477 talentum

67 493 176 528 plumbi,
191 501 276 529 super
295 493 368 529 quod
388 494 500 521 sedebat
526 494 673 529 iniquitas,
695 501 847 530 aggravata;

65 543 273 574 erantzpropter
288 539 363 574 quod
377 539 513 567 submersi
530 544 595 566 sunt
613 544 740 575 tanquam
757 540 846 575 piutit-

66 587 120 611 bum
135 585 159 612 in
177 593 248 620 aqua
265 585 430 612 vehementi.
454 584 604 612 Gravitudo
624 593 689 621 ergo
707 586 814 613 aurium
830 594 844 613 a

66 636 163 664 peccato
188 631 233 664 lit,
249 636 276 659 et
292 632 387 659 levitas
404 639 418 658 a
440 631 559 666 justitia.
575 630 646 664 Quid
662 637 703 659 est
715 632 786 667 quod
802 632 845 660 fa-

65 677 111 704 dat
131 677 253 705 auditum
291 686 346 705 non
380 678 499 713 graviter
521 678 634 710 audire,
662 677 709 705 sed
735 678 846 706 leviter?

67 721 154 750 Pennat
167 723 240 750 verbi
253 744 260 754 .
277 731 374 758 penna:
388 723 508 751 virtutis.
531 723 637 750 Erenim
658 731 753 758 penna:
772 724 844 751 verbi

65 769 167 794 muttum
191 769 313 797 levitatis
328 769 454 796 afferunt.
473 769 539 802 Quis
568 769 642 796 dabit
666 770 730 796 mihi
745 778 844 804 pennas

65 812 122 838 sicut
137 813 280 846 columbae,
292 819 317 840 et
338 815 498 849 requiescant
512 814 553 841 ὀἳ
566 813 623 841 lloc
638 813 704 841 dicit
721 814 843 849 Prophe-

900 223 970 250 bcne
985 225 1034 255 ait,
1052 223 1143 250 dicitis
1157 223 1220 258 quia
1237 223 1364 256 videmus,
1378 231 1442 251 vere
1457 223 1529 250 enim
1545 223 1609 250 dicit
1625 223 1688 258 quia

899 268 1026 301 videant,
1053 273 1080 296 et
1104 269 1222 296 habeant
1258 269 1462 304 possibilitatem
1489 269 1612 299 videndi.
1642 270 1687 296 Sed

899 313 1055 341 claudentes
1069 314 1163 341 oculos
1179 323 1232 341 non
1250 315 1352 342 vident.
1382 314 1413 342 Et
1427 315 1450 342 si
1465 315 1575 349 quando
1589 314 1688 341 videris

899 359 1068 392 ingeniosam
1084 359 1118 385 ad
1139 359 1342 394 intelligendum
1370 359 1488 386 animam
1506 364 1532 386 et
1545 358 1666 386 velocem
1679 379 1686 391 ,

897 407 924 430 et
939 403 1069 435 alacrem,
1096 411 1150 430 non
1167 403 1340 430 meditantem
1355 402 1463 437 eloquia
1476 401 1534 435 Dei,
1553 409 1688 437 cognosce

897 447 960 482 quia
978 455 1031 474 non
1048 451 1160 482 propter
1176 448 1326 475 cazcitatem
1343 455 1396 474 non
1413 447 1484 474 videt
1498 454 1529 474 ea
1550 454 1610 481 quae
1624 454 1686 473 con-

897 493 1018 521 tinentur
1040 493 1068 520 in
1094 493 1253 528 Scripturis,
1275 502 1329 520 non
1349 494 1384 520 ob
1404 494 1430 520 id
1445 493 1511 527 quia
1526 493 1552 520 in
1568 492 1687 520 tenebris

896 540 941 572 sit,
960 540 1007 567 sed
1022 541 1087 575 quia
1103 540 1205 568 claudit
1219 540 1329 567 oculos-
1347 540 1374 567 Si
1396 548 1460 575 ergo
1475 539 1594 566 audieris
1611 538 1686 566 Scri-

896 589 1002 618 pturatu
1018 585 1137 612 divinant
1154 585 1290 612 dicentem
1316 585 1357 612 bis
1369 585 1416 619 qui
1434 585 1563 612 claudunt
1579 583 1684 616 oculos,

896 631 970 665 aperi
988 631 1082 659 oculos
1096 635 1166 664 tuos,
1190 636 1217 658 et
1231 635 1305 658 recta
1316 631 1394 663 Vide;
1405 630 1479 666 aperi
1494 631 1588 658 oeulos
1603 630 1637 656 ab
1652 637 1685 657 eo

896 677 968 711 quod
986 677 1138 710 clauseras,
1155 682 1220 704 tunc
1236 677 1339 712 poteris
1353 677 1446 705 videre
1463 677 1542 712 120
1554 681 1627 704 recta
1637 697 1644 708 ,
1658 680 1686 703 et

896 722 1072 751 considerare
1087 723 1179 750 lumen
1192 723 1324 750 veritatis.
1339 722 1371 750 Et
1387 729 1497 751 accusat
1513 723 1621 757 quidem
1638 729 1686 750 eos

898 767 931 796 de
953 769 1054 803 quibus
1078 770 1229 804 quaeritur,
1252 777 1301 796 cur
1326 769 1420 797 oculos
1443 769 1571 797 claudant
1595 776 1628 795 ne
1642 768 1684 795 vi-

895 815 988 843 deant.
1004 815 1062 844 Non
1076 821 1167 844 autem
1182 821 1209 844 ct
1230 817 1281 844 hoc
1295 817 1376 848 dicit,
1395 817 1459 851 quia
1483 825 1537 843 non
1557 815 1683 849 expediat

66 862 100 885 tes
119 866 169 886 non
188 867 272 887 orans
298 866 327 887 ut
350 860 502 894 corporalis
527 868 630 895 pennas
655 861 771 896 accipiat
795 869 843 888 eo-
861 854 882 881 Β
897 861 1044 896 aliquando
1057 867 1083 890 et
1097 862 1224 890 claudere
1237 863 1336 890 animae
1352 863 1459 890 oculos.
1471 861 1584 896 Expedit
1597 861 1682 894 enim,

65 904 167 938 iurabat,
185 906 231 933 sed
250 914 357 941 pennas
377 906 512 934 columbae
525 905 643 942 Spiritus
658 907 756 934 sancti.
773 906 844 934 Dicit

65 956 143 978 autem
160 960 259 980 rursus
285 952 416 981 Salomon
432 955 466 983 de
478 955 561 982 divite
574 964 580 982 ε
595 954 738 990 Componet
754 961 843 983 autent

63 998 106 1024 tibi
121 1007 215 1033 pennas
228 1001 360 1035 quomodo
376 1002 466 1037 aquila
479 1023 486 1034 ,
502 1007 527 1030 et
542 1004 704 1030 convertitur
720 1004 747 1031 in
763 1004 841 1031 domo

64 1043 111 1077 ejus
127 1046 169 1080 qui
182 1051 278 1080 prwest
296 1047 340 1074 illi
348 1048 380 1074 θι.
404 1047 432 1075 Si
447 1049 615 1084 accipiamus
632 1050 713 1085 igitur
726 1058 841 1085 pennas,

65 1089 147 1117 leviter
165 1092 321 1120 audiemus.
348 1092 376 1120 Si
402 1099 491 1122 autem
508 1096 730 1130 peccaverimus,
752 1101 779 1124 et
795 1105 842 1124 ne-

65 1135 182 1170 gligentes
197 1137 335 1166 fuerimus
348 1139 420 1167 circa
434 1140 502 1173 alas,
526 1146 552 1168 et
568 1141 731 1169 dcﬂuxcrint
748 1151 842 1177 pennae

65 1186 158 1214 nostrae,
173 1184 362 1217 gravabimur,
374 1189 400 1212 et
415 1186 536 1220 graviter
550 1187 704 1215 audiemus.
719 1187 840 1217 Auribus

63 1233 118 1261 ergo
138 1228 193 1255 suis
223 1234 385 1263 peccatores
408 1231 526 1265 graviter
552 1232 707 1261 audierunt.
740 1234 840 1263 Omnes

63 1274 158 1305 quidem
179 1274 289 1308 Judaei,
318 1276 365 1310 qui
392 1280 456 1304 tunc
485 1278 632 1306 audierunt
655 1280 839 1314 Salvatorem,

62 1319 166 1354 graviter
181 1329 244 1348 eum
263 1322 422 1356 audierunt,
439 1323 500 1350 ideo
517 1331 572 1351 non
588 1325 771 1353 crediderunt.
789 1326 840 1354 Us-

61 1373 107 1400 que
126 1366 203 1394 hodie
226 1373 321 1395 autent
344 1373 479 1404 quotquot
498 1369 640 1398 audientes
664 1370 838 1406 Scripturas,

62 1419 106 1438 thll
121 1413 235 1440 audiunt
257 1421 413 1442 sermonem
430 1415 608 1450 spiritaliter,
625 1417 672 1451 qui
696 1417 762 1445 levis
779 1425 838 1452 est,

61 1457 100 1484 Sed
122 1458 233 1486 litteram
260 1467 325 1494 quae
340 1465 382 1488 est
402 1461 491 1496 gravis
511 1466 538 1489 et
561 1463 705 1496 occidens,
722 1465 840 1499 graviter

60 1503 169 1532 audiunt.
181 1507 275 1541 Atque
293 1506 329 1534 ita
345 1507 489 1542 dupliciter
504 1509 614 1536 auditur
628 1509 780 1544 Scriptura.
798 1511 839 1539 Ab

60 1551 140 1585 coqui
153 1560 207 1579 non
225 1553 353 1588 intelligit
380 1562 441 1589 qua:
461 1555 606 1587 dicuntur,
624 1556 742 1590 graviter
759 1557 838 1584 audi-

61 1600 111 1628 tur;
123 1597 155 1624 ab
169 1606 200 1626 eo
214 1606 283 1626 vero
296 1599 343 1633 qui
360 1600 485 1636 intelligit
510 1608 583 1634 eam,
602 1609 656 1629 non
679 1602 767 1630 solum
788 1611 838 1630 au-

60 1641 122 1668 ditur
136 1652 187 1671 non
203 1645 337 1680 graviter,
361 1647 407 1674 sed
426 1647 517 1682 potius
540 1651 630 1675 acute.
650 1646 727 1676 Unde
749 1653 774 1677 et
791 1650 837 1684 qui

61 1687 85 1713 tit
97 1688 254 1726 intelligens,
275 1692 304 1719 ﬁt
317 1692 438 1722 auditor.

90 1733 112 1760 7.
131 1734 176 1763 Est
197 1741 226 1764 et
251 1737 329 1765 aliud
350 1743 439 1766 autem
453 1739 526 1774 quod
550 1740 727 1775 prophetatur
743 1741 777 1769 de
791 1749 838 1777 po-

59 1779 115 1811 pulo
124 1779 292 1815 Iudaeorum,
309 1789 336 1811 et
347 1784 381 1812 de
397 1786 526 1813 omnibus
537 1787 628 1819 nobis,
642 1787 665 1814 si
681 1788 836 1822 peccaveri-

60 1831 122 1853 mus.
148 1825 179 1854 Et
195 1829 289 1855 oculos
307 1838 369 1857 suos
384 1831 556 1863 clauserunt,
572 1833 710 1867 nequando
733 1833 835 1861 videant

60 1870 140 1905 oculis,
154 1877 177 1900 et
197 1875 312 1902 auribus
329 1876 450 1910 audiunt,
465 1882 489 1904 et
505 1878 583 1905 corde
606 1878 764 1914 intelligant.
781 1879 836 1907 Eo-

60 1924 111 1945 rum
126 1921 170 1954 qui
181 1929 235 1949 non
250 1921 361 1955 vident,
377 1923 488 1957 quidam
503 1923 567 1950 αἱρεῖ
591 1929 671 1957 sunt,
684 1930 711 1952 et
727 1929 837 1961 propter

59 1965 191 1994 caecitatem
209 1975 264 1994 non
281 1968 389 2001 vident;
410 1969 521 2003 quidam
537 1969 563 1996 in
578 1971 697 1998 tenebris
711 1976 791 2004 sunt.
808 1977 836 2000 et

59 2014 186 2044 propterea
201 2020 255 2039 non
275 2013 377 2040 vident.
392 2014 444 2041 Alii
460 2019 550 2042 autem
570 2024 658 2051 neque
673 2017 699 2044 in
717 2017 836 2046 tenebris

59 2059 128 2086 sunt,
146 2065 231 2092 neque
246 2059 314 2086 caici
331 2065 395 2086 sunt
407 2078 414 2091 ,
431 2060 477 2086 sed
494 2061 558 2095 quia
581 2061 708 2089 claudunt
729 2063 835 2096 oculos,

58 2107 103 2127 non
113 2101 208 2131 vident.
222 2103 256 2131 Et
270 2105 324 2131 scit
338 2104 387 2132 bas
400 2105 577 2138 differentias,
591 2115 653 2142 qua:
668 2108 833 2144 principales

58 2147 134 2175 cordis
152 2151 237 2177 nostri
264 2155 346 2182 sunt,
376 2150 514 2186 Scriptura
542 2153 644 2181 divina.
668 2153 736 2182 Dicit
760 2156 833 2182 enim

853 1533 873 1562 C

895 909 965 936 sicut
982 908 1159 936 manifestum
1185 908 1250 936 fecit
1274 909 1376 941 Isaias,
1402 909 1495 936 dicens
1511 909 1537 935 in
1559 908 1601 936 his
1623 916 1683 943 qua:

894 961 1047 990 sequuntur
1060 963 1066 981 :
1084 955 1149 988 Quia
1164 957 1331 983 annuntiavit
1346 956 1416 983 vobis
1435 954 1520 982 locum
1537 956 1683 982 teternum."

894 999 947 1033 Qui
962 999 1081 1027 ambulat
1097 1001 1123 1026 in
1133 999 1242 1035 justitia
1254 1021 1262 1033 ,
1283 1006 1307 1027 et
1329 1001 1449 1036 loquitur
1466 1009 1553 1027 verant
1574 1002 1642 1027 riam
1656 1006 1679 1026 et

893 1052 1003 1079 rectam,
1017 1046 1143 1073 obturant
1160 1055 1236 1073 aures
1249 1051 1276 1073 ut
1296 1055 1347 1073 non
1371 1046 1464 1074 audiat
1473 1046 1607 1081 judicium
1620 1054 1683 1072 san-

893 1094 998 1129 guinis,
1021 1097 1045 1119 et
1068 1092 1193 1119 claudens
1217 1092 1306 1119 oculos
1325 1097 1353 1119 ut
1376 1100 1428 1119 non
1444 1092 1531 1119 videat
1552 1093 1681 1126 iniquita-

893 1140 989 1167 tem".
1018 1138 1046 1166 Si
1069 1139 1193 1167 futurum
1210 1143 1251 1166 est
1270 1144 1299 1166 ut
1321 1139 1445 1173 aperiens
1469 1139 1565 1166 oculos
1584 1139 1681 1165 anima:

892 1186 1001 1214 audiam
1015 1191 1042 1213 et
1059 1187 1175 1213 sentiam
1192 1185 1370 1220 turpiloquia,
1387 1185 1485 1212 melius
1498 1190 1539 1212 est
1554 1185 1681 1213 claudere

891 1233 1017 1264 auditus,
1039 1240 1121 1267 quam
1137 1232 1233 1260 audire
1250 1240 1310 1267 qua:
1336 1237 1464 1259 noceant.
1483 1231 1598 1265 Quando
1615 1239 1681 1266 ergo

891 1279 1035 1307 claudam?
1050 1278 1166 1311 Quando
1183 1279 1253 1305 mala
1268 1278 1410 1309 dicuntur,
1431 1282 1460 1304 ut
1477 1285 1564 1312 neque
1581 1278 1680 1304 intelli—

891 1333 951 1361 gam
966 1333 1009 1352 ea.
1023 1324 1138 1357 Quando
1153 1324 1267 1352 videnda
1283 1329 1347 1351 sunt
1360 1324 1468 1358 eloquia
1484 1323 1550 1351 Dei?
1565 1323 1679 1356 Quando

890 1371 1086 1404 convertimur,
1110 1377 1137 1398 et
1153 1376 1232 1398 sanat
1250 1379 1301 1398 nos
1324 1370 1396 1398 Deus
1408 1390 1415 1402 ,
1441 1370 1552 1397 mittens
1567 1370 1678 1397 verbum

890 1418 963 1452 quod
985 1422 1064 1445 sanat
1084 1425 1130 1444 eos
1147 1417 1192 1451 qui
1206 1417 1299 1444 volunt
1317 1417 1406 1444 curari
1431 1416 1456 1443 in
1469 1416 1578 1443 Christo
1593 1415 1657 1443 Jesu
1671 1436 1678 1449 ,

890 1465 934 1492 Cui
953 1469 994 1492 est
1011 1464 1097 1500 gloria
1115 1469 1142 1491 et
1158 1463 1303 1498 imperium
1329 1463 1355 1490 in
1381 1463 1480 1491 saecula
1505 1463 1679 1491 sateulorum.

890 1511 987 1538 Amen.

1175 1556 1315 1586 HOMILIA
1339 1556 1392 1583 VII.

890 1615 928 1642 De
945 1622 978 1643 co
992 1615 1064 1650 quod
1083 1615 1215 1650 scriptum
1233 1619 1274 1641 est
1291 1624 1297 1641 :
1317 1614 1383 1641 Ecce
1403 1622 1449 1649 ego
1466 1620 1488 1641 et
1509 1615 1600 1649 pueri,
1624 1620 1676 1642 etc.

1201 1653 1273 1686 (cap.
1288 1650 1357 1685 vui).

927 1697 950 1724 1.
972 1696 1013 1724 Da
1028 1696 1141 1732 sapienti
1166 1698 1347 1728 occasionem,
1374 1700 1399 1722 et
1421 1696 1567 1730 sapientior
1582 1695 1632 1722 erit
1643 1696 1676 1728 ",

888 1743 953 1770 dicit
967 1750 1058 1770 sermo
1072 1742 1193 1770 divinus.
1210 1741 1388 1769 Occasionem
1402 1746 1493 1768 autem
1513 1746 1678 1775 acceperunt

888 1788 1066 1816 sacratissimi
1089 1787 1204 1823 apostoli
1221 1788 1255 1815 ad
1271 1787 1439 1814 intellectum
1457 1787 1676 1821 propltcticorum

888 1842 1056 1862 sermonum.
1078 1832 1194 1861 Oremus
1217 1834 1300 1860 Deum
1325 1838 1356 1860 ut
1378 1834 1546 1868 accipiamus
1567 1833 1676 1868 sapien-

889 1882 965 1914 tiam,
980 1885 1007 1908 et
1023 1880 1160 1914 possimus
1174 1879 1231 1907 ﬁeri
1248 1879 1428 1914 sapientiores
1443 1887 1491 1914 per
1503 1880 1675 1906 occasionem

887 1926 1072 1962 apostolorum
1093 1925 1128 1952 ad
1151 1925 1297 1960 prophetas
1320 1925 1506 1960 exponendos.
1529 1925 1676 1959 Apostolus

887 1971 1034 1998 recordans
1049 1969 1131 2004 hujus
1146 1969 1211 1997 dicti
1227 1969 1311 2005 (vers.
1328 1970 1371 2005 t8)
1389 1979 1395 1996 :
1416 1969 1482 1996 Ecce
1502 1978 1547 2004 ego
1561 1974 1584 1996 et
1601 1971 1676 2003 pueri

886 2025 950 2052 quos
972 2016 1040 2044 Deus
1062 2016 1134 2042 dedit
1153 2016 1235 2048 nti/ti;
1256 2015 1354 2043 deinde
1369 2015 1466 2049 infert,
1482 2021 1509 2043 et
1525 2016 1652 2043 edisserit
1668 2025 1674 2042 :

887 2063 958 2095 Quia
975 2070 1036 2097 ergo
1053 2063 1126 2094 pueri
1139 2063 1396 2088 conmmnicavernnt
1412 2062 1534 2097 sanguini
1549 2067 1573 2089 et
1589 2063 1675 2094 carni,

885 2115 908 2136 et
922 2110 977 2142 ipse
990 2108 1109 2142 proxime
1124 2116 1166 2134 eos
1183 2107 1269 2142 [actus
1294 2113 1333 2135 est
1355 2109 1400 2143 qui
1418 2109 1613 2143 participantur
1632 2117 1676 2136 ea—

886 2163 945 2182 rum
958 2162 966 2181 :
980 2159 1008 2180 ut
1023 2162 1070 2188 per
1085 2159 1192 2180 mortem
1214 2154 1333 2181 destruat
1344 2162 1402 2181 eum
1416 2155 1466 2190 qui
1476 2154 1614 2189 imperium
1627 2154 1676 2181 Ita—

58 2190 168 2220 Salvator
183 2195 223 2222 bis
235 2195 284 2230 qui
298 2199 358 2222 sunt
371 2195 397 2222 in
415 2196 537 2229 vinculis,
554 2199 641 2230 exite;
656 2205 680 2226 et
693 2200 734 2226 Itis
748 2201 794 2235 qui
808 2201 836 2227 in
853 2209 874 2236 ι)
888 2199 927 2226 bet
941 2199 1050 2232 mortis,
1067 2199 1115 2225 hoc
1129 2203 1167 2226 est
1189 2198 1309 2225 Zabulon
1319 2220 1327 2232 ,
1347 2204 1372 2225 et
1383 2203 1458 2226 eruat
1471 2207 1513 2226 cos
1529 2200 1675 2235 quicunque

59 2236 163 2270 tenebris,
177 2244 206 2265 ut
219 2241 258 2268 eis
275 2241 420 2274 reveletur;
435 2247 459 2270 et
472 2244 624 2271 sedentibus
642 2245 670 2270 in
690 2245 793 2279 regione
809 2251 834 2272 et

58 2283 137 2310 umbra
155 2286 259 2319 mortis,
286 2286 334 2313 lux
346 2293 404 2314 orta
421 2293 460 2315 est
479 2290 517 2315 eis
529 2288 562 2316 ³².
580 2289 627 2316 lsti
641 2297 695 2317 non
709 2290 836 2318 viderunt

58 2326 121 2361 ideo,
133 2331 194 2364 quia
209 2331 325 2360 fuerunt
344 2334 372 2360 in
387 2335 522 2368 tenebris,
546 2335 633 2362 donec
657 2335 776 2364 oriretur
795 2338 835 2365 cis

58 2372 106 2401 lux.
128 2375 221 2411 Surdi,
238 2379 350 2411 audite,
375 2385 402 2408 et
417 2381 499 2414 caeci,
522 2382 646 2417 aspicite.
666 2382 698 2409 Et
715 2383 775 2411 ideo
791 2383 835 2411 isti

58 2425 103 2446 non
114 2422 233 2452 viderunt
250 2429 326 2457 ante,
344 2426 407 2460 quia
423 2429 584 2455 naturaliter
597 2428 660 2456 caeci
676 2433 764 2456 erant.
780 2429 831 2463 Qui

58 2472 112 2493 Vero
133 2474 206 2498 extra
229 2471 284 2499 ista
311 2476 391 2504 sunt,
416 2473 517 2508 quique
539 2475 574 2500 ad
597 2475 831 2509 cmnparationcm

57 2517 176 2556 (“acorum
189 2523 216 2544 et
228 2526 327 2545 eorum
343 2518 390 2552 qui
404 2519 430 2545 in
445 2519 565 2547 tenebris
590 2525 669 2554 sunt,
686 2521 771 2548 multo
786 2529 832 2556 pe-

56 2555 117 2589 iores
128 2566 206 2589 sunt:
221 2564 238 2590 ii
255 2568 322 2591 sunt
336 2565 383 2598 qui
396 2564 456 2592 ideo
471 2573 524 2593 non
543 2566 644 2600 vident,
659 2568 723 2602 quia
738 2555 832 2595 oculos

56 2609 139 2635 δροπιο
152 2608 317 2636 clauserant.
343 2609 401 2637 Hoc
415 2615 506 2638 autem
530 2611 567 2639 ita
588 2620 649 2640 esse
665 2618 694 2640 ut
712 2614 832 2642 asserui-

58 2654 122 2698 ums,
150 2652 275 2682 Salvator
298 2654 366 2682 mibi
394 2656 551 2685 testimonio
575 2659 641 2691 erit,
662 2658 782 2687 dicens:
802 2660 832 2688 Si

56 2696 108 2718 ττι-εἱ
126 2696 225 2730 essetis,
243 2704 295 2724 non
317 2697 448 2726 haberetis
468 2705 620 2734 peccatum;
644 2709 713 2729 nunc
736 2707 824 2730 autem

398 2777 420 2793 ²⁶
434 2777 516 2805 Zach.
533 2785 560 2804 ν.

86 2772 104 2786 ’⁷
120 2772 187 2801 l‘sal.
202 2784 308 2805 xxxv".
328 2775 356 2804 5.
398 2777 420 2793 ²⁶
434 2777 516 2805 Zach.
533 2785 560 2804 ν.
598 2778 621 2794 ’⁸
635 2777 720 2806 Exod.
744 2786 787 2806 xv.

827 2779 849 2795 ¹⁰
861 2778 934 2807 Psal.
951 2787 1005 2811 Liv,
1023 2779 1048 2807 7.

885 2249 956 2271 metu
970 2245 1062 2271 mortis
1084 2245 1113 2270 in
1134 2244 1317 2279 sempiternam
1333 2244 1415 2271 uitam
1429 2244 1465 2271 rei
1476 2245 1674 2272 erantseruitur

885 2291 918 2317 tis
928 2290 960 2317 ".
980 2290 1067 2325 Igitur
1083 2290 1147 2324 quia
1165 2290 1244 2324 pueri
1257 2290 1402 2324 participes
1417 2290 1506 2318 effecti
1531 2297 1594 2318 sunt
1610 2299 1674 2318 san~

884 2335 975 2371 guinis
992 2340 1020 2362 et
1035 2336 1144 2367 carnis,
1162 2341 1189 2363 et
1213 2335 1336 2362 Salvator
1352 2341 1443 2363 uoster
1461 2337 1674 2364 communicavit

884 2382 960 2410 carni
984 2387 1066 2416 atque
1088 2382 1225 2417 sanguini.
1242 2382 1366 2409 Alienum
1386 2382 1459 2409 enim
1475 2387 1533 2410 erat
1547 2390 1562 2410 a
1577 2387 1673 2412 natura

885 2433 912 2455 et
928 2428 1070 2455 divinitate
1093 2428 1162 2462 rjus,
1177 2429 1337 2463 sanguinem
1351 2433 1378 2456 et
1390 2436 1500 2456 carnem
1514 2429 1671 2465 suscipere:

885 2477 997 2508 propter
1013 2481 1063 2501 nos
1078 2478 1170 2501 autent
1184 2481 1216 2500 ea
1232 2482 1293 2509 qua:
1310 2474 1360 2502 sibi
1384 2478 1462 2501 erant
1476 2474 1564 2502 aliena
1580 2483 1673 2502 susce-

886 2520 944 2554 pit,
962 2524 990 2546 ut
1008 2520 1173 2547 domesticos
1189 2520 1240 2547 sibi
1261 2520 1363 2548 faceret
1375 2520 1421 2556 qui
1438 2521 1576 2548 fueramus
1592 2522 1673 2550 alieni

885 2573 932 2600 per
951 2570 1106 2600 peccatum.
1131 2565 1164 2592 Et
1179 2565 1289 2600 quidem
1305 2566 1452 2601 Apostolus
1472 2566 1512 2593 sic
1530 2567 1671 2601 exposuit,

884 2612 977 2639 dicens
993 2621 1001 2639 :
1018 2611 1088 2644 Quid
1102 2620 1162 2647 ergo
1182 2613 1256 2647 pueri
1274 2614 1531 2640 communicaverunt
1549 2613 1672 2647 sanguini

882 2663 907 2685 et
922 2658 1006 2691 carni,
1016 2654 1041 2685 et
1054 2659 1108 2693 ipse
1119 2659 1237 2694 proxime
1249 2667 1292 2685 eos
1306 2658 1391 2693 factus
1401 2664 1438 2685 est
1450 2659 1496 2693 qui
1507 2659 1671 2694 participan-

882 2707 926 2730 tur
939 2710 1040 2731 eorum.
1057 2703 1112 2737 Ego
1124 2707 1215 2730 autem
1228 2703 1328 2733 dicam.
1345 2703 1474 2736 quoniam
1492 2703 1629 2737 quomodo
1638 2707 1667 2730 et

1087 2779 1107 2795 ³¹
1126 2779 1305 2816 Promotum,
1320 2780 1347 2806 5.
1386 2780 1406 2795 "
1420 2780 1472 2807 lsa.
1490 2789 1563 2814 χιιι,
1577 2783 1609 2816 9;
1626 2791 1664 2814 nt,

56 2804 82 2835 2:
94 2807 179 2838 Matth.
194 2818 230 2844 tv,
248 2812 291 2839 t6.
331 2812 357 2828 ”
369 2812 447 2840 Joan.
468 2821 504 2845 rx,
518 2813 561 2840 ιιι.
601 2813 622 2829 ³⁸
638 2804 803 2846 Ιέέιξῗὶέιῆιι,
820 2814 838 2841 ί-

928 2804 934 2806 ”
951 2804 986 2831 Ἱπ
998 2804 1078 2842 risv.
1099 2804 1135 2846 ιχζ
1149 2804 1176 2842 ὸῖ
1188 2804 1191 2806 ’
1201 2804 1204 2805 ⁷
1215 2804 1240 2829 ’ἶ
1251 2804 1380 2848 uas-Tu,
1400 2804 1564 2848 ίέξᾘῖἱὲἶ
