1879 3046
204 129 255 157 247

933 125 1095 155 OBlGENIS

1779 124 1827 152 S18

202 189 282 225 pueri
296 188 570 217 communicaverunt
589 188 716 223 sanguini
737 191 764 215 et
781 186 875 219 carni,
891 191 918 214 et
933 186 992 222 ipse
1005 188 1029 218 Α
1042 187 1111 214 bitat
1127 186 1154 214 in
1171 186 1365 222 speculatorio,
1379 190 1407 214 et
1421 186 1448 213 in
1467 185 1541 213 omni
1556 185 1648 212 anima
1662 189 1751 220 potest
1767 193 1830 214 eon-

205 234 328 271 proxime
343 242 391 262 eos
408 234 496 263 factus
519 238 560 262 est
585 232 632 269 qui
656 233 856 268 participantur
871 239 966 260 eorum
983 241 990 259 :

204 283 245 311 sic
255 282 319 317 quia
333 281 410 317 pueri
428 289 481 309 non
496 285 613 316 possunt
629 280 759 308 fortiores
774 278 870 306 audire
886 285 992 305 sermo-

204 335 269 360 ncs,
294 327 393 354 debent
414 327 486 353 enim
510 330 540 354 ut
561 325 637 361 pueri
652 325 747 352 audire
768 330 909 350 sermones
926 321 990 355 Dei,

206 379 315 409 propter
328 373 381 400 hoc
397 372 485 400 factus
499 373 525 399 in
539 372 672 406 sanguine
685 378 832 406 puerorum
846 377 930 397 causa
944 368 992 403 qui

205 417 478 445 communicaverunt
491 416 568 444 carni
584 421 611 444 et
627 415 854 450 sanguini,quasi
871 414 992 450 parvulis

205 465 336 499 loquens,
356 464 477 498 loquitur
501 471 555 490 non
579 462 671 489 divina
697 466 724 489 et
751 461 913 491 incﬂabilia,
944 459 991 487 sed

203 517 373 545 quacunque
387 517 483 544 capere
498 512 614 543 possunt
630 507 747 542 parvuli.
770 507 879 534 Parvuli
901 510 992 533 autem

203 563 300 583 omnes
315 555 439 582 homines
452 558 524 585 sunt,
539 554 561 580 si
579 561 627 581 eos
640 561 786 588 comparas
797 553 830 580 ad
848 553 993 587 perfectio-

202 609 264 628 nem
291 600 370 628 Verbi
394 609 401 628 :
432 601 494 627 licet
515 599 626 635 Moysen
652 600 794 631 nomines,
821 599 884 627 licet
907 606 991 626 unum

202 647 305 674 dixeris
317 647 351 674 de
364 647 504 682 prophetis
514 667 522 679 ,
548 646 611 673 licet
624 645 756 673 Joannem
769 667 776 679 ,
790 654 845 681 quo
860 645 949 680 major
964 645 992 672 in

202 693 273 720 natis
287 692 433 719 mulierum
460 699 541 719 nemo
559 691 630 724 fuit;
651 691 714 718 licet
728 691 760 718 ad
779 691 919 725 apostolos
943 698 992 717 ve-

200 739 276 771 nias;
291 738 414 771 Petrum,
430 738 473 765 cui
490 743 576 773 porta:
591 737 669 764 inferi
684 745 738 764 non
754 737 920 764 invalescent
930 756 938 768 ,
950 736 992 763 vel

199 783 314 812 Paulum
331 785 377 820 qui
399 789 496 819 raptus
524 789 566 811 est
590 791 678 819 usque
694 784 727 811 ad
745 783 855 811 tertium
874 783 972 811 coelum
984 803 991 815 ,

200 836 228 859 et
249 831 353 858 audivit
376 830 528 858 indicibilia
550 830 651 862 verba,
685 837 739 857 non
760 829 873 864 deponis
896 836 991 856 eorum

201 877 332 911 gloriam,
346 876 455 907 dicens,
471 875 536 911 quia
559 879 586 902 et
602 875 652 910 ipsi
670 875 698 903 in
713 875 753 903 eis
776 883 837 910 quae
850 874 990 902 intellexe—

201 926 267 950 runt
290 922 495 957 comparatione
515 929 610 949 eorum
632 930 694 957 quae
708 929 761 950 non
782 921 989 954 intellexerunt,

203 968 377 1002 parvulorum
391 968 543 1003 disciplinis
557 967 657 995 eruditi
670 972 743 1001 sunt,
759 975 821 1003 quas
834 967 991 995 hominibus

202 1014 355 1041 traduntur.
380 1013 450 1041 Dicit
473 1021 538 1048 ergo
564 1013 690 1041 Salvator
711 1022 767 1041 non
790 1014 824 1042 de
849 1014 891 1042 his
920 1021 990 1048 quos

204 1060 302 1087 Paulus
325 1059 351 1086 in
372 1059 482 1087 Christo
503 1061 632 1094 parvulos
653 1065 810 1095 nuncupat,
841 1065 868 1088 et
891 1060 990 1087 asserit.

201 1107 269 1133 lacte
283 1107 416 1140 putandos
427 1127 434 1139 ,
450 1111 478 1134 et
495 1115 548 1135 non
571 1107 632 1135 forti
650 1108 712 1136 cibo
723 1128 730 1139 ,
747 1107 794 1135 sed
811 1108 845 1134 de
861 1107 990 1134 omnibus

200 1151 282 1177 simul
300 1151 456 1180 hominibus
470 1160 478 1178 :
493 1152 560 1180 Ecce
571 1161 618 1188 ego
627 1159 651 1180 et
663 1153 768 1188 parvuli
781 1154 832 1181 mei
844 1161 908 1188 quos
925 1153 989 1180 mihi

198 1196 271 1223 Iledit
297 1196 376 1224 Deus.
400 1198 498 1225 Verum
521 1199 660 1234 quornodo
687 1200 713 1226 in
739 1199 830 1232 pueris
856 1200 901 1227 alii
926 1204 990 1227 sunt

198 1243 258 1271 aliis
273 1243 428 1278 alacriores,
441 1250 467 1272 et
482 1253 515 1272 ca
530 1254 592 1280 quae
606 1246 646 1272 eis
672 1250 737 1273 sunt
754 1246 852 1273 tradita
868 1246 989 1274 velocius

197 1294 404 1324 consequuntur
426 1298 434 1315 :
460 1291 518 1322 sic,
543 1291 672 1326 inquam,
696 1291 814 1319 similem
841 1292 989 1327 ingeniosis

198 1335 292 1368 pueris
315 1336 416 1363 factum
432 1336 541 1373 Moysen
563 1342 590 1364 et
613 1338 770 1373 prophetas,
783 1338 829 1366 sed
841 1343 869 1366 et
882 1338 989 1366 Domini

199 1381 285 1408 nostri
300 1381 363 1408 Jesu
380 1381 483 1410 Christi
501 1383 653 1418 apostol05.
677 1383 824 1419 Propterea
841 1385 988 1413 sentientes

199 1427 360 1462 semetipsos
374 1429 421 1463 qui
437 1429 546 1456 etiamsi
568 1429 748 1465 profecerim,
763 1438 910 1466 puerorqu
926 1439 989 1466 pro-

199 1473 313 1501 fecerim
327 1473 449 1508 profectu
463 1495 470 1509 ,
487 1475 615 1503 dixerunt
627 1485 634 1504 :
651 1476 694 1503 Ea:
706 1481 781 1511 parte
795 1477 986 1512 cognoscimus,

198 1526 221 1546 et
233 1527 266 1546 ea'
278 1525 352 1554 parte
365 1521 550 1556 prophetamus
558 1523 591 1550 ³⁷.
610 1521 665 1550 Nec
678 1523 750 1550 enim
766 1522 854 1550 adhuc
866 1522 988 1550 veritatis

199 1565 317 1599 negotia,
332 1565 379 1593 sed
395 1565 507 1593 umbras
522 1567 695 1602 negotiorum
713 1567 928 1602 conspiciebant,
939 1576 988 1596 nec

199 1610 305 1643 plenam
329 1611 435 1643 lucem,
459 1612 507 1640 sed
530 1612 676 1640 obscuram
699 1613 854 1648 imaginem.
871 1613 989 1649 Ideoque

198 1657 374 1691 repetebant,
396 1658 540 1686 dicentes:
561 1658 683 1686 Videmus
704 1667 773 1687 nunc
791 1667 837 1693 per
855 1661 988 1695 speculum

198 1707 223 1728 et
237 1702 265 1729 in
276 1703 416 1739 teniqmate
431 1725 439 1737 ,
453 1709 514 1732 tunc
528 1710 616 1733 autem
632 1706 700 1740 facie
721 1706 756 1733 ad
771 1706 866 1741 facient
873 1707 904 1734 ⁸⁸.
922 1708 989 1741 Quis

199 1755 265 1782 ergo
276 1748 334 1775 hac
351 1748 442 1784 legens
458 1754 485 1777 et
502 1750 656 1786 intelligens
671 1751 810 1779 inﬂabitur
824 1755 851 1779 et
868 1752 989 1787 erigetur

199 1800 282 1827 strper
300 1794 456 1828 scientiam,
471 1802 521 1823 seu
537 1804 620 1830 super
632 1797 816 1832 quodcunque
830 1797 965 1826 donorum
978 1799 990 1826 ?

199 1837 306 1866 l‘ltenim
332 1845 431 1869 cuncta
455 1850 517 1876 qua:
533 1842 567 1870 ad
589 1850 691 1878 pueros
703 1843 888 1878 devenerunt,
903 1845 989 1872 multo

198 1887 328 1916 inferiora
351 1892 416 1915 sunt
438 1888 481 1915 bis
493 1896 555 1923 qua:
578 1890 697 1924 reposita
711 1895 775 1918 sunt
787 1891 865 1919 viris.
886 1891 989 1918 Debent

196 1941 262 1969 ergo
277 1942 331 1961 non
343 1934 444 1962 elevari
466 1939 493 1962 et
507 1935 650 1970 superbire
672 1936 690 1963 ii
710 1936 757 1971 qui
773 1937 902 1965 videntur
918 1937 989 1964 inter

196 1989 295 2016 pueros
316 1981 432 2010 acrioris
456 1982 557 2017 ingenii
577 1987 604 2010 ct
626 1983 784 2011 velocioris.
806 1983 874 2012 Istos
898 1989 987 2012 autem

196 2032 296 2062 pueros
318 2027 444 2055 homines
465 2028 530 2056 dicit
547 2036 660 2061 omnes,
677 2037 746 2064 quos
760 2035 788 2057 et
803 2030 929 2058 Salvator
941 2031 988 2059 dc-

196 2073 366 2100 monstrabat
380 2081 387 2099 :
407 2073 483 2106 Ecce,
499 2074 638 2109 inquiens,
656 2083 713 2110 ego,
730 2080 754 2102 et
768 2076 844 2110 pueri
857 2077 907 2103 mei
923 2085 987 2112 quos

196 2119 261 2145 mihi
276 2119 350 2146 dedit
372 2119 452 2146 Deut.
467 2119 574 2147 Donum
588 2121 692 2155 accepit
705 2126 731 2148 ct
744 2121 870 2150 Salvator
884 2130 900 2150 a
919 2122 986 2152 Deo.

196 2163 282 2192 Nemo
294 2165 366 2192 enim
383 2166 458 2192 venit
470 2166 504 2193 ad
518 2174 580 2193 eum
593 2187 600 2199 ,
622 2167 646 2194 si
674 2175 728 2194 non
751 2168 797 2202 qui
817 2168 892 2197 misit
906 2177 968 2196 cum
978 2190 986 2202 ,

1042 234 1148 268 spicere
1161 233 1314 265 veritatem,
1328 233 1380 260 iste
1403 232 1468 260 facit
1488 231 1565 267 signa
1589 236 1616 259 et
1641 232 1766 267 prodigia
1787 239 1830 267 per

1043 278 1222 312 Salvatorem,
1242 285 1269 306 et
1289 283 1351 314 post
1367 278 1546 311 Salvatorem,
1563 285 1610 313 per
1623 277 1765 312 apostolos
1781 286 1788 304 ε
1806 283 1830 305 et

1043 325 1197 360 ubicunque
1220 325 1358 352 invenitur
1378 325 1467 352 anima
1490 329 1551 360 apta
1569 324 1725 351 ministerio
1741 324 1829 359 signo-

1043 378 1102 398 rum
1118 375 1145 398 et
1155 371 1341 406 prodigiorum
1354 370 1412 403 Dei,
1428 371 1484 398 sive
1492 371 1570 405 juxta
1585 370 1738 405 spiritalem
1754 378 1830 397 cura-

1044 418 1156 450 tionem,
1172 418 1229 446 sive
1242 418 1408 446 sensibiliter
1422 418 1592 445 exhortando
1603 425 1652 445 eos
1663 417 1710 452 qui
1724 418 1831 444 veniunt

1043 464 1076 490 ad
1095 463 1172 498 ιρι
1187 463 1279 496 iidem,
1295 467 1403 490 nonest
1416 463 1521 490 otiosus
1538 462 1620 494 Deus,
1635 462 1682 497 qui
1695 466 1763 489 tunc
1775 461 1832 488 fecit

1043 510 1120 544 signa
1133 515 1160 537 et
1169 510 1301 544 prodigia.
1313 509 1395 536 etiam
1411 516 1484 536 nunc
1500 509 1606 543 operari
1622 516 1664 535 ea.
1682 508 1776 542 (Vers.
1792 507 1831 537 19)

1046 555 1078 582 Et
1102 555 1126 582 si
1148 555 1265 582 dixerint
1290 555 1324 581 ad
1348 562 1402 586 vos,
1419 554 1527 589 qmerite
1544 553 1733 584 rentriloquos,
1753 558 1778 579 et
1793 561 1832 579 eo:

1042 602 1087 637 qui
1105 601 1137 628 de
1151 607 1222 628 terra
1238 600 1366 633 clamant,
1384 600 1431 635 qui
1456 600 1548 626 inania
1571 599 1727 635 loquuntur,
1745 599 1791 634 qui
1805 599 1833 624 de

1043 652 1129 674 vcutrc
1149 646 1275 678 clamant,
1289 653 1340 672 non
1354 650 1441 680 gentes
1453 645 1487 671 ad
1503 644 1585 671 Deum
1596 652 1673 671 suum
1687 645 1831 679 requirunt,

1043 693 1089 728 qui
1107 693 1249 728 exquirunt
1264 692 1296 718 de
1314 691 1459 719 viventibus
1473 696 1598 717 mortuos.
1615 690 1756 718 Attendite
1769 698 1831 725 quo-

1043 738 1118 766 niam
1134 738 1251 765 obscure
1267 738 1339 765 dicta
1353 741 1427 769 sunt,
1439 740 1467 764 et
1480 736 1560 764 debet
1575 743 1684 769 sensus,
1701 735 1760 762 Deo
1778 735 1831 770 ipso

1043 785 1174 821 largiente
1185 790 1212 812 et
1227 785 1375 818 revelaute,
1391 784 1527 812 cohaerere
1537 783 1737 818 superioribus.
1753 782 1832 810 Docet

1043 839 1109 867 ergo
1125 839 1176 859 nos
1190 836 1220 858 ut
1234 839 1288 858 non
1312 830 1398 858 simus
1422 830 1538 857 aliorum
1562 836 1721 857 sermonum
1749 828 1832 856 disci-

1044 876 1110 912 puli.
1128 876 1180 903 nisi
1195 875 1346 903 coelestium
1359 880 1386 902 et
1398 876 1543 902 bonorum.
1555 874 1625 902 Sunt
1635 875 1707 902 enim
1721 874 1830 909 quidam

1043 922 1212 957 loquentium
1233 926 1260 949 et
1281 921 1465 956 pollicentium
1490 921 1642 948 doctrinam
1659 929 1771 952 veram,
1789 921 1831 956 qui

1044 976 1099 996 non
1124 967 1274 1003 loquuntur
1297 967 1429 999 caelestia,
1453 967 1500 994 sed
1528 971 1645 994 terrena.
1670 966 1723 999 Qui
1743 971 1782 993 est
1803 973 1832 992 ex

1045 1020 1125 1047 terra,
1140 1015 1173 1041 de
1193 1019 1264 1041 terra
1288 1013 1425 1048 loquitur;
1449 1014 1494 1049 qui
1518 1013 1550 1040 de
1574 1012 1638 1040 caelo
1660 1013 1741 1044 venit,
1758 1021 1833 1046 super

1044 1068 1131 1088 euntes
1146 1064 1201 1092 est,
1219 1064 1244 1087 et
1263 1060 1334 1095 quod
1354 1060 1420 1086 vidit
1442 1064 1467 1086 et
1490 1059 1608 1092 audivit,
1627 1059 1788 1094 testiﬁcatur
1801 1059 1832 1084 κ.

1044 1108 1072 1135 Si
1088 1107 1160 1142 quis,
1184 1107 1232 1139 ait,
1257 1106 1350 1142 pueris
1366 1106 1413 1141 qui
1439 1105 1466 1132 in
1491 1113 1535 1133 me
1560 1106 1685 1139 credunt,
1711 1106 1831 1133 dixerit:

1043 1154 1162 1186 Querite
1185 1152 1374 1187 uentriloqnos,
1393 1158 1419 1178 et
1432 1160 1475 1178 eos
1497 1152 1542 1187 qui
1558 1152 1590 1178 de
1613 1156 1684 1178 terra
1706 1151 1831 1183 clamant,

1042 1200 1087 1234 qui
1101 1199 1192 1226 inania
1205 1198 1359 1234 loquuntur,
1376 1198 1421 1233 qui
1436 1198 1468 1226 de
1490 1203 1577 1225 uentre
1600 1198 1730 1230 clamant,
1753 1198 1832 1224 veluti

1043 1245 1155 1280 qumrite
1179 1244 1314 1272 daamunia
1332 1253 1338 1270 :
1356 1243 1390 1270 ab
1413 1251 1467 1272 una
1492 1243 1564 1271 enim
1587 1244 1678 1278 specie
1701 1243 1833 1270 daemonis

1043 1290 1205 1326 ventriloqui
1230 1288 1368 1326 τροπικῶς
1388 1289 1480 1316 omnia
1499 1289 1633 1316 dzemonia
1655 1290 1831 1324 nuncupavit.

1043 1337 1072 1364 Si
1094 1337 1210 1364 dixerint
1236 1336 1320 1366 vobis.
1344 1336 1456 1371 qurerite
1488 1336 1680 1371 uentriloquos,
1707 1337 1760 1363 hoc
1782 1340 1831 1367 est,

1042 1383 1156 1419 quaerite
1169 1391 1183 1410 a
1195 1382 1366 1410 dmmonibus
1385 1382 1443 1409 sive
1459 1381 1672 1414 divinationem,
1689 1382 1750 1409 sive
1765 1382 1832 1409 veri-

1041 1434 1136 1462 tatem,
1152 1429 1209 1457 sive
1232 1433 1366 1457 sacratam
1383 1428 1657 1465 contemplationem,
1672 1428 1832 1463 respondete

1041 1475 1081 1502 eis
1094 1482 1154 1510 quae
1169 1474 1243 1502 dico.
1257 1473 1323 1508 Qua:
1336 1479 1399 1502 sunt
1411 1482 1474 1510 quae
1493 1482 1540 1502 eos
1553 1474 1649 1502 docet?
1666 1474 1696 1501 In
1717 1482 1832 1508 sequen—

1042 1523 1114 1550 tibus
1131 1522 1205 1549 dicit.
1221 1521 1254 1550 Et
1272 1525 1337 1548 sunt
1351 1521 1463 1556 quidam
1483 1521 1531 1556 qui
1548 1521 1661 1548 mittunt
1673 1527 1733 1552 vos,
1747 1520 1832 1555 magis

1039 1574 1130 1596 autem
1147 1568 1369 1600 catechumenos,
1387 1573 1519 1602 quantum
1538 1566 1564 1593 in
1582 1566 1648 1601 ipsis
1660 1573 1704 1593 est
1723 1566 1757 1593 ad
1774 1574 1833 1593 ven-

1039 1615 1184 1650 triloqnos.
1202 1614 1254 1648 Qui
1268 1614 1339 1641 enim
1353 1614 1449 1641 volunt
1461 1621 1508 1640 vos
1526 1613 1566 1640 ire
1580 1613 1613 1639 ad
1628 1612 1712 1643 idola,
1727 1613 1760 1639 de
1774 1612 1834 1645 qui—

1039 1662 1091 1689 bus
1107 1662 1238 1697 scriptum
1255 1667 1296 1689 est
1309 1669 1314 1685 :
1331 1660 1365 1687 Et
1377 1669 1465 1688 omnes
1476 1660 1514 1687 dii
1527 1660 1642 1695 gentium
1654 1660 1789 1686 dcemouia
1800 1660 1832 1691 “,

1039 1709 1135 1735 volunt
1148 1715 1197 1735 vos
1221 1708 1260 1735 ire
1281 1715 1335 1734 non
1358 1707 1445 1735 solum
1470 1706 1503 1734 ad
1519 1706 1718 1740 ventriloquos,
1734 1705 1783 1732 sed
1800 1705 1831 1731 ad

1040 1762 1150 1782 omnem
1167 1754 1285 1789 speciem
1301 1753 1468 1781 daemonum.
1484 1752 1679 1780 Verumtamen
1696 1751 1772 1779 Deus
1786 1759 1834 1779 no-

1040 1806 1095 1828 ster
1111 1799 1156 1835 qui
1174 1799 1201 1827 in
1217 1799 1288 1827 eaalo
1302 1804 1329 1826 et
1353 1799 1380 1826 in
1405 1805 1478 1826 terra
1494 1798 1622 1826 universa
1642 1797 1719 1830 facit,
1734 1798 1833 1825 cvellat

1041 1855 1092 1875 nos
1105 1855 1120 1874 a
1133 1846 1313 1878 daemonibus,
1326 1850 1353 1873 et
1368 1845 1517 1872 familiares
1531 1844 1583 1872 sibi
1604 1844 1686 1871 faciat
1711 1852 1760 1879 per
1776 1844 1833 1871 Sal-

1039 1897 1159 1920 vatorem
1171 1897 1295 1920 nostrum
1307 1891 1399 1920 Jesum
1413 1891 1563 1919 Christum.
1583 1891 1679 1918 Videte
1694 1899 1764 1926 ergo
1788 1899 1834 1918 ne—

1039 1940 1148 1975 quando
1161 1939 1312 1974 decipiatur
1333 1939 1450 1973 alicujus
1466 1946 1499 1966 ex
1515 1938 1593 1965 vobis
1616 1938 1721 1970 anima,
1736 1942 1769 1964 ut
1784 1938 1832 1965 ad-

1039 1986 1093 2013 huc
1106 1985 1226 2020 ambigat
1242 1989 1269 2012 et
1281 1985 1397 2017 dubitet,
1413 1992 1476 2012 cum
1491 1984 1609 2011 audierit
1624 1984 1701 2011 illum
1717 1989 1744 2012 et
1757 1984 1832 2011 illum

1039 2032 1189 2064 hominem,
1204 2031 1230 2058 in
1243 2031 1290 2059 illo
1302 2031 1374 2058 idolo
1389 2031 1495 2058 daemon
1510 2031 1615 2058 curavit
1627 2031 1705 2057 illum
1723 2030 1835 2066 languo-

1039 2083 1108 2109 rem,
1125 2075 1190 2102 iliud
1206 2079 1233 2102 et
1255 2075 1320 2103 illud
1334 2075 1474 2102 divinavit.
1493 2075 1544 2103 Ista
1565 2077 1658 2102 omnia
1680 2075 1754 2102 idola
1772 2080 1835 2103 sunt

1038 2121 1203 2154 daamonum,
1215 2126 1242 2148 et
1261 2121 1401 2148 hominum
1419 2129 1473 2148 non
1487 2120 1712 2156 cognoscentium
1732 2122 1835 2148 νει-ιιι-

1039 2171 1104 2194 tem.
1129 2167 1274 2195 Ascendite
1299 2167 1391 2194 animo
1411 2167 1446 2193 ad
1470 2166 1552 2194 Deum
1573 2167 1619 2201 qui
1641 2171 1684 2194 est
1707 2167 1834 2193 omnium

195 2211 339 2238 attraxerit
354 2211 506 2239 venientem
522 2212 555 2239 ad
571 2212 751 2245 Salvator-em,
767 2215 839 2242 sicut
852 2214 879 2242 in
898 2214 987 2242 Evan-
1003 2216 1024 2243 Ι)
1039 2218 1155 2246 creator,
1180 2220 1207 2241 et
1229 2219 1386 2249 comparate
1409 2214 1537 2249 pietatem
1565 2213 1644 2241 istam
1673 2214 1750 2240 omni
1781 2214 1834 2246 (99)

196 2257 267 2290 pelio
282 2257 353 2291 quod
377 2258 526 2285 secundum
551 2257 685 2286 Joannem
712 2264 754 2287 est
775 2260 931 2289 didicimus.
953 2261 986 2288 Et

196 2303 326 2337 quoniam
343 2303 448 2338 accepit
462 2303 564 2331 donum
582 2312 596 2331 a
612 2304 692 2332 Patre
716 2313 764 2333 eos
786 2307 833 2342 qui
853 2307 984 2340 credunt,

196 2349 298 2376 idcirco
313 2350 443 2385 propheta
459 2350 492 2378 de
506 2351 545 2378 eis
560 2352 598 2378 ait
615 2361 621 2378 :
640 2351 708 2379 Ecce
726 2361 772 2388 ego
789 2359 812 2380 et
828 2354 904 2388 pueri
920 2361 984 2388 quos

196 2395 260 2422 mihi
271 2395 342 2422 dedit
359 2395 438 2424 Deus.
451 2395 506 2424 Nec
516 2398 653 2432 putandus
667 2405 708 2426 est
723 2407 778 2426 non
792 2399 925 2426 habuisse
937 2399 984 2434 qui

195 2441 311 2476 accepit,
327 2448 390 2468 eum
407 2442 496 2470 adhuc
512 2443 608 2470 habeat
627 2444 684 2478 ipse
698 2444 745 2479 qui
761 2444 875 2472 dederit.

230 2486 257 2513 Ξ.
274 2486 374 2514 Deinde
391 2487 419 2514 in
440 2488 551 2523 reliquis
567 2489 710 2523 prophetat
734 2489 858 2516 Salvator
873 2490 900 2516 in
921 2497 983 2525 pro-

194 2533 286 2566 pheta,
303 2533 397 2561 dicens
409 2533 530 2561 futurum
555 2542 615 2561 esse
629 2539 658 2561 ut
673 2543 735 2561 cum
763 2535 897 2570 acceperit
917 2543 983 2570 pue—

194 2586 250 2610 ros,
263 2579 340 2614 signa
357 2584 383 2606 et
401 2579 523 2615 prodigia
545 2580 611 2606 (lant
632 2579 659 2605 in
679 2580 772 2606 lsracl.
793 2577 877 2607 liabet
892 2584 983 2608 autem

194 2624 232 2650 ita
249 2630 261 2651 :‘
276 2623 308 2651 Et
321 2630 399 2652 erunt
416 2625 493 2660 signa
509 2630 533 2651 et
547 2625 669 2660 prodigia
685 2626 711 2651 in
728 2625 814 2652 Israel
830 2635 845 2652 ιι
867 2626 982 2654 Domino

196 2670 323 2704 Sabaoth,
338 2672 383 2706 qui
400 2671 503 2698 [reeitat
524 2672 550 2698 in
569 2676 656 2698 monte
678 2671 752 2698 Sion.
775 2671 826 2705 Qui
842 2673 914 2700 enim
933 2673 982 2700 ha~

232 2805 250 2817 "i
263 2803 270 2829 I
284 2804 348 2830 Cor.
369 2813 426 2837 xui,
447 2806 473 2834 9.
513 2806 535 2821 ³⁸
553 2806 620 2834 ibid.
645 2806 677 2833 ΙΞ
713 2807 735 2822 ³’
748 2806 826 2836 Joan.
847 2816 888 2842 III,
904 2809 948 2843 3|,
961 2808 1005 2836 5‘3.

233 2850 288 2885 (99)
303 2850 378 2884 Mss,
392 2853 479 2885 omni;
493 2854 571 2887 cdit.,
584 2854 710 2881 omnium.

1039 2267 1100 2295 qum
1124 2260 1301 2286 annuntiatur
1324 2267 1385 2287 esse
1399 2259 1561 2294 pietas,.ucc
1578 2265 1620 2286 eat
1635 2259 1736 2294 pietas.
1752 2265 1783 2287 ct
1795 2260 1834 2286 vi-

1038 2305 1099 2332 dete
1115 2307 1178 2340 quia
1204 2313 1252 2332 vos
1279 2306 1348 2332 beati
1374 2306 1450 2333 estis.
1469 2304 1536 2338 Quis
1558 2306 1630 2332 enim
1654 2305 1757 2333 similis
1776 2306 1833 2338 tibi,

1039 2353 1138 2388 popule
1163 2353 1267 2380 salvate
1291 2361 1306 2379 ει
1329 2351 1533 2380 Domino?Et:
1560 2352 1644 2379 Beata
1666 2361 1731 2387 gens
1758 2353 1834 2386 cujus

1039 2398 1167 2425 Domitius
1186 2397 1254 2426 Deus
1271 2399 1337 2432 ejus,
1351 2398 1461 2434 populus
1476 2407 1552 2434 quem
1575 2398 1651 2432 elegit
1674 2399 1703 2424 in
1725 2398 1834 2425 habita-

1040 2446 1135 2472 tionem
1150 2445 1200 2472 sibi
1212 2445 1245 2471 δι.
1264 2444 1345 2472 Beata
1361 2445 1461 2479 quippe
1480 2452 1546 2480 gens
1562 2443 1613 2471 fuit
1626 2445 1772 2479 quondam
1788 2443 1833 2471 Ju-

1037 2491 1168 2522 datorum,
1183 2490 1230 2518 sed
1244 2490 1359 2525 perdidit
1374 2490 1579 2521 beatitudinem,
1603 2494 1630 2516 et
1643 2489 1733 2523 ejecta
1747 2494 1790 2517 est
1803 2489 1834 2515 de

1037 2536 1098 2563 loco
1113 2544 1173 2568 suo,
1187 2536 1250 2571 quia
1264 2543 1326 2563 eum
1348 2536 1394 2571 qui
1410 2536 1513 2563 missus
1529 2540 1570 2562 est
1588 2539 1615 2562 et
1638 2535 1832 2562 testimonium

1038 2582 1133 2609 habuit
1147 2581 1247 2615 Patris,
1261 2589 1314 2609 non
1335 2582 1424 2609 solum
1447 2590 1495 2617 per
1514 2582 1600 2617 legem
1622 2586 1650 2609 et
1670 2582 1832 2617 prophetas,

1036 2635 1131 2655 verum
1144 2628 1209 2655 etin
1229 2628 1314 2663 signis
1330 2633 1358 2655 et
1371 2628 1515 2663 prodigiis,
1531 2627 1666 2655 insidians
1683 2627 1831 2655 interfecit.

1037 2674 1180 2701 Bcatitudo
1203 2681 1267 2709 ergo
1294 2674 1499 2709 transmigravit
1518 2674 1552 2701 ad
1574 2681 1625 2702 nos
1645 2673 1713 2702 Iesu
1732 2672 1831 2702 Christi

1044 2809 1066 2825 ”
1081 2808 1152 2837 Psal.
1172 2816 1232 2841 xcv.
1251 2809 1278 2837 5.
1317 2809 1337 2825 δ’
1354 2808 1426 2838 Psal.
1443 2817 1528 2841 xxxii,
1544 2807 1586 2837 ιε.
