1879 3046
59 119 102 148 με)
357 120 362 124 ”
659 120 691 148 IN
710 121 826 149 lSAlAM

908 121 991 150 llLlA
1013 121 1066 148 ΥΠ.

1623 128 1678 156 950

59 178 205 214 discipulos,
220 183 247 206 et
267 178 403 207 Credimus
425 179 451 207 in
476 187 509 208 eo
531 179 696 210 inconcusse
713 187 741 210 et
758 183 835 210 tirmc
849 185 872 213 Α
887 190 948 210 mae.
965 181 1017 209 Sed
1037 186 1065 209 et
1079 181 1102 209 si
1116 181 1218 209 dicitur
1232 181 1258 209 in
1274 183 1515 217 repromissionem
1529 193 1536 211 :
1551 185 1602 213 Pu
1614 191 1675 214 tum

59 226 164 252 virentes
173 225 250 260 juxta
267 226 337 260 quod
352 226 424 253 docti
436 234 542 255 sumus.

87 272 111 299 3.
126 271 158 298 Et
180 271 203 298 si
219 272 336 299 dixerint
360 273 395 299 ad
412 281 456 300 vos
473 281 482 300 :
504 273 622 306 Qum-ite
643 274 830 310 uentriloquos,

59 322 78 345 et
90 325 128 345 eos
141 318 184 353 qui
201 318 233 345 de
245 323 315 345 terra
329 318 455 346 clamant.
473 319 542 353 Quia
563 321 654 348 inania
672 321 830 355 loquuntur,

59 364 203 399 vaniloquos
220 365 381 393 nominavit.
396 366 490 393 Omnis
504 374 596 394 sermo
605 367 654 402 qui
671 367 772 395 dicitur
786 374 832 396 aut

60 418 148 437 vacuus
161 414 210 443 est,
229 415 278 437 aut
299 411 396 445 plenus
414 412 539 439 veritate.
556 411 666 441 Vacuus
686 418 728 441 est
742 422 832 441 sermo

60 455 136 482 omnis
149 455 193 488 qui
219 456 337 482 mendax
356 461 407 483 est.
427 456 530 485 Plenus
548 462 590 486 est
609 463 700 486 autem
718 459 833 487 veritate

59 500 97 534 qni
111 500 186 527 habet
207 502 350 530 scientiam
368 503 414 530 Dei
438 504 629 532 universorum
640 526 647 538 ,
666 510 693 534 et
709 505 787 534 docet
803 510 833 533 ut

59 545 185 573 credamus
210 546 266 574 Deo
293 548 429 583 pollicenti
461 556 543 584 regna
573 551 703 578 caelorum
729 551 832 579 sanctis

59 591 115 617 suis.
130 590 192 618 Vide
204 599 270 627 ergo
286 593 350 626 quid
369 594 460 621 dicant
475 595 521 629 qui
537 603 590 623 non
605 596 715 624 fuerunt
727 598 831 624 vanilo-

59 634 106 668 qui,
119 642 201 670 neque
212 637 292 664 vacui
306 645 424 672 unquam
442 645 628 674 apparuerunt
642 641 669 668 in
684 648 831 676 conspectu

59 679 162 707 Domini.
175 679 232 707 Nos
245 689 336 709 omnes
348 691 380 710 ea:
390 683 554 718 plenitudine
566 685 624 720 ejus
637 688 785 722 accepimus
796 688 830 715 “.

58 725 102 757 Qui
118 726 251 762 vaniloqui
267 733 344 761 sunt,
357 737 410 756 non
426 730 526 758 habent
540 731 591 759 hoc
605 740 636 759 ex
654 733 830 767 plenitudine,

59 771 98 798 sed
110 779 197 800 omnes
211 774 292 801 vacui
310 779 374 802 sunt
396 776 517 808 veritate,
541 778 618 805 vacui
635 783 699 806 sunt
720 779 829 811 virtute,

59 818 126 844 vacui
141 823 201 845 sunt
222 818 345 849 Christo.
365 821 395 849 Si
415 822 530 850 dixerint
548 824 618 851 vobis
631 834 641 852 :
655 824 772 857 Quaerite
788 834 831 853 eos

887 236 937 255 non
953 227 1067 262 offendet
1081 227 1115 260 “,
1130 235 1185 255 non
1200 232 1241 256 est
1258 229 1337 263 122
1358 229 1546 258 srbitraudum
1569 231 1604 258 de
1615 240 1677 259 cor-

886 273 961 308 poris
974 273 1050 308 pede.
1071 272 1118 300 Est
1134 273 1206 300 enim
1223 274 1335 308 quidam
1351 281 1398 308 pes
1415 276 1505 304 cordis
1520 275 1676 311 ingrediens

885 319 918 346 ad
931 326 994 346 eum
1008 319 1055 353 qui
1072 318 1140 346 dixit
1155 326 1161 344 :
1177 318 1233 353 Ego
1244 327 1302 346 sum
1315 320 1358 347 via
1372 320 1404 347 ".
1420 320 1466 348 Sic
1483 321 1564 356 igitur
1579 321 1676 349 similis

886 365 973 392 ventri
989 365 1125 400 corporali
1141 370 1236 393 venter
1255 370 1296 394 est
1316 367 1425 399 anilitas,
1439 367 1472 394 de
1487 375 1541 402 quo
1556 367 1677 403 loquitur

883 410 974 446 justus
990 420 996 438 :
1011 411 1030 437 Α
1045 412 1139 438 timore
1155 416 1211 443 tuo,
1224 411 1345 444 Domine,
1359 413 1387 439 in
1399 417 1487 439 uentre
1499 415 1676 448 concepimus,

885 462 907 485 et
921 457 1128 492 parturirimus,
1150 462 1174 484 et
1191 459 1337 492 peperimus
1353 459 1479 492 spiritum
1499 459 1594 487 salutis
1610 465 1675 492 tute,

885 511 963 539 quam
979 503 1067 538 fecisti
1079 512 1157 539 super
1173 509 1270 531 terram
1282 504 1315 531 λε.
1334 504 1497 540 Quicunque
1509 511 1600 533 autem
1616 507 1675 541 ple-

885 556 950 576 num
967 549 1066 576 habent
1080 553 1199 576 ventrem
1213 550 1291 577 vanis
1303 551 1486 583 sermonibus,
1498 552 1543 586 qui
1557 552 1590 579 de
1602 557 1676 579 terra

885 599 959 627 sunt,
975 594 1078 622 habent
1094 599 1214 621 ventrem
1225 595 1259 621 de
1271 599 1341 621 terra
1357 594 1560 627 subsistentem,
1572 595 1605 622 de
1620 603 1677 629 quo

885 639 1019 674 scriptum
1034 643 1077 666 est
1094 648 1101 666 :
1119 638 1189 665 Deus
1204 645 1293 666 autem
1316 643 1340 665 et
1348 639 1451 666 iatamel
1459 639 1633 666 Iiwcdestruet
1641 637 1675 666 “.

923 682 1017 711 Sancti
1033 688 1098 716 ergo
1136 687 1258 710 ventrem
1275 683 1385 715 habent,
1408 683 1435 710 in
1458 691 1513 718 quo
1538 690 1553 710 a
1578 684 1678 711 timore

885 728 993 756 Domini
1007 733 1034 757 et
1045 733 1240 763 conceperunt,
1254 733 1282 756 et
1298 729 1393 763 plenus
1408 733 1451 756 est
1473 733 1565 756 venter
1578 735 1673 757 eorum

885 774 1006 803 fontibus
1023 782 1100 809 aquis
1121 775 1244 802 salientis
1262 775 1288 801 in
1314 774 1395 801 vitam
1413 780 1552 801 aeternam.
1570 774 1607 802 De
1622 774 1675 802 isto

885 826 977 848 ventre
988 821 1026 848 ait
1044 820 1088 848 ille
1100 830 1107 848 :
1126 822 1209 847 Aures
1222 825 1246 847 et
1260 824 1348 847 uenter
1361 829 1433 848 meus
1451 821 1528 855 quasi
1549 825 1608 847 uter
1620 820 1677 855 ple-

59 863 96 897 qul'
113 865 141 890 de
154 868 222 891 terra
244 865 374 899 clamant,
397 868 441 902 qui
461 868 553 896 inania
568 869 723 904 loquuntur,
739 873 784 906 qui
799 872 832 898 de
848 869 869 896 Β
885 876 933 894 nus
959 871 1046 894 musto
1070 875 1101 894 ac
1127 866 1225 901 ligatus
1242 866 1276 894 '°.
1297 865 1358 893 llmc
1383 866 1455 893 enim
1479 866 1545 893 dixit
1568 873 1622 893 non
1641 865 1676 893 de

59 912 131 935 mire
143 909 266 938 clamant.
290 911 360 939 Volo
372 913 462 941 dicere
484 919 512 942 et
534 922 645 943 causam
673 924 758 951 quare
780 917 833 945 hoc

60 953 213 986 potissimum
239 956 406 985 damonium
432 960 666 995 ventriloqnorum
691 970 763 989 nunc
786 970 831 991 as-

60 1001 190 1033 snmpserit
215 1009 324 1035 sermo,
351 1009 380 1031 ut
402 1005 499 1032 dicat:
523 1006 553 1033 Si
576 1007 694 1034 dixerint
715 1008 749 1034 ad
776 1017 831 1042 vos,

61 1046 154 1078 qum-ite
165 1048 353 1084 ventriloquos.
374 1050 497 1079 invenies
512 1060 607 1080 omnes
622 1054 668 1088 qui
688 1054 833 1089 repromit-

61 1095 119 1123 lunt,
132 1100 178 1121 nec
201 1094 305 1122 habent
325 1097 483 1132 veritatem,
500 1101 587 1126 ventri
604 1108 654 1128 suo
672 1102 832 1134 servientes,

61 1142 82 1164 ct
94 1139 287 1172 quodammodo
304 1148 413 1177 propter
428 1145 594 1179 voluptatem
616 1146 676 1181 ejus
696 1152 723 1174 et
745 1148 834 1175 abun—-

61 1182 162 1211 dantiam
179 1191 275 1214 cuncta
292 1187 392 1216 facere.
415 1189 474 1217 Non
497 1191 585 1219 solum
602 1196 692 1220 autem
707 1194 832 1229 gentiles,

62 1229 99 1256 Sed
111 1235 135 1258 et
147 1239 201 1265 eos,
217 1233 264 1268 qui
278 1242 342 1262 cum
360 1238 551 1271 repromittant
561 1239 588 1265 in
603 1239 713 1267 Christo
726 1241 834 1277 religio-

63 1283 122 1309 nem,
135 1277 250 1307 haeretici
269 1285 351 1314 sunt;
366 1287 393 1309 et
406 1291 459 1310 non
477 1288 581 1312 tantum
597 1285 669 1317 illos,
685 1287 730 1314 sed
751 1289 832 1315 etiam

62 1321 83 1348 in
96 1323 166 1352 nobis
181 1326 226 1360 qui
250 1327 428 1355 ecclesiastici
453 1337 561 1363 sumus,
577 1332 699 1360 invenies
715 1333 832 1368 aliquem

61 1375 101 1401 pro
114 1371 248 1399 saturitate
263 1374 368 1400 ventris
390 1379 487 1402 cuncta
505 1384 609 1411 gerere,
625 1384 656 1405 ut
674 1379 832 1413 honoretur,

59 1417 80 1440 et
93 1414 198 1450 accipiat
213 1424 330 1445 munera
347 1426 407 1454 qua:
424 1419 451 1446 in
465 1419 584 1449 Ecclesia
597 1422 765 1451 deferuntur.
781 1424 834 1452 Iste

61 1459 111 1487 talis
129 1461 160 1487 de
178 1467 273 1490 ventre
289 1464 414 1499 loquitur
430 1470 457 1494 et
471 1466 533 1495 fons
557 1476 715 1497 sermonum
730 1471 790 1506 ejus
805 1472 832 1499 in

59 1511 137 1552 ventre
155 1509 292 1537 consistit.
322 1509 380 1538 Non
404 1513 477 1539 enim
505 1513 567 1541 fons
593 1522 750 1543 sermonum
773 1517 832 1552 ejus

60 1550 86 1577 de
104 1553 178 1581 corde
194 1554 269 1582 bono
286 1556 355 1589 ﬂuit,
370 1565 423 1584 non
446 1558 480 1586 de
502 1559 582 1588 bonis
608 1550 831 1597 cogitationibus,

60 1604 104 1645 non
123 1599 153 1626 de
174 1607 272 1629 sancto
294 1601 407 1637 Spiritu.
429 1603 456 1631 Si
477 1606 539 1640 quis
555 1614 620 1643 ergo
642 1608 789 1644 aliquando
806 1618 835 1645 se

60 1643 142 1672 docere
153 1648 297 1682 promittit,
312 1650 453 1679 observate
467 1656 558 1679 utrum
573 1661 714 1683 sermones
727 1656 787 1691 ejus
802 1643 835 1684 de

60 1694 139 1718 ventre
160 1692 280 1721 habeant
303 1696 479 1731 principium,
497 1706 599 1726 annon.
614 1699 834 1736 Propositionem

60 1741 136 1782 autem
157 1746 215 1773 quae.
231 1740 303 1768 mihi
326 1742 378 1769 dici
404 1749 502 1778 potest,
526 1745 584 1780 ipse
601 1746 785 1782 interponam,
800 1757 834 1776 ne

60 1779 118 1809 forte
129 1785 186 1818 quis
202 1793 234 1813 ex
247 1787 328 1814 vobis
347 1795 361 1814 a
377 1796 514 1824 quoquam
531 1798 590 1818 eam
609 1779 723 1821 audiens
737 1779 834 1822 existi-

60 1832 106 1854 met
122 1834 163 1857 aut
184 1830 356 1867 Seripturam
374 1834 426 1861 sibi
448 1843 508 1864 esse
526 1838 703 1872 contrariam,
720 1843 768 1867 aut
784 1847 835 1868 nos

60 1871 193 1908 inspexisse
207 1879 350 1912 quomodo
369 1883 493 1914 oporteat
515 1883 667 1916 approbare
679 1891 833 1912 sermonem

60 1916 82 1943 in
103 1925 146 1947 eos
167 1923 370 1951 accusatorium
390 1926 437 1960 qui
460 1927 493 1954 de
514 1931 609 1955 ventre
625 1929 754 1957 clamant.
769 1931 835 1963 Quae

60 1969 94 1992 est
105 1974 164 2002 ergo
178 1970 351 2004 propositio?
366 1970 396 1998 Si
419 1973 489 2007 quis,
506 1973 553 2006 ait,
567 1973 649 2000 credit
669 1975 697 2001 in
718 1984 768 2008 me,
783 1976 836 2011 ﬂu-

60 2011 120 2039 mina
141 2014 171 2041 de
191 2021 283 2043 centre
304 2017 361 2051 ejus
376 2018 470 2052 ﬂuent,
493 2019 552 2053 fons
571 2028 647 2055 aqua
669 2021 790 2048 salientis
807 2022 835 2049 in

60 2057 127 2084 ritum
147 2066 272 2089 aternam
286 2062 320 2089 “.
337 2063 414 2091 Dicat
433 2065 525 2100 itaque
547 2066 646 2101 aliquis
662 2067 695 2094 de
722 2068 765 2095 his
788 2069 835 2103 qui

61 2109 206 2137 proponunt.
233 2107 263 2134 Si
291 2106 416 2137 Salvator
436 2111 601 2145 repromittit
626 2112 700 2140 hunc
721 2121 782 2140 esse
802 2114 835 2141 de

60 2154 140 2178 ventre
155 2151 257 2180 fontem
272 2161 351 2189 aqua:
365 2155 489 2183 salientis
504 2157 530 2183 in
545 2157 628 2184 vitam
645 2163 786 2192 mternam,
802 2159 835 2187 de

59 2193 120 2227 justo
143 2199 297 2232 egreditur,
323 2205 350 2228 et
369 2201 461 2236 justus
483 2203 516 2230 de
543 2208 637 2231 ventre
668 2205 778 2232 clamat.
805 2205 833 2232 Si

61 2241 153 2273 quidem
167 2244 226 2272 fons
241 2253 323 2280 aqua:
337 2254 417 2281 quem
434 2246 505 2275 Deus
523 2249 696 2283 repromittit,
717 2250 743 2276 in
769 2258 834 2278 ven-

60 2290 93 2314 lle
105 2288 159 2322 ejus
173 2295 223 2318 est.
249 2291 306 2319 Sed
324 2292 468 2320 dicendum
491 2298 533 2321 est
555 2302 589 2322 ne
609 2295 679 2323 forte
699 2296 767 2323 duos
784 2297 834 2323 ha-

61 2331 158 2363 beamus
173 2342 296 2370 ventres,
310 2343 338 2365 et
351 2338 421 2367 alius
437 2340 474 2367 sit
489 2341 651 2375 corporalis,
669 2342 739 2370 alius
754 2343 835 2378 spiri-

60 2379 121 2412 talis,
144 2385 281 2416 quomodo
309 2384 420 2419 reliqua:
444 2390 535 2420 partes
563 2394 625 2420 qua:
652 2386 779 2414 videntur
806 2389 833 2415 in

61 2430 158 2459 corpore
177 2429 336 2462 nominari,
364 2430 444 2457 veluti
470 2435 536 2458 sunt
558 2431 646 2463 oeuli,
671 2439 763 2460 verum
786 2433 834 2460 alii

62 2473 176 2506 corporis,
194 2475 239 2502 alii
265 2475 376 2502 animae.
394 2475 422 2502 Si
448 2477 520 2503 enim
545 2477 645 2504 dicitur
661 2477 695 2504 de
720 2478 808 2506 oculis
825 2488 832 2506 ε

62 2513 203 2545 Mandatum
228 2520 338 2547 Domini
362 2521 496 2554 lucidum,
516 2521 672 2548 illuntinans
696 2523 785 2550 oculos
801 2523 833 2556 νη,

61 2567 106 2588 non
120 2570 180 2598 puto
194 2565 247 2594 hoc
264 2566 439 2594 referendum
459 2568 493 2594 ad
513 2567 607 2595 oculos
620 2569 786 2603 corporales.
803 2569 836 2597 Et

61 2606 80 2631 Si
93 2607 183 2637 dicitur
198 2621 205 2638 :
218 2612 271 2644 Qui
286 2613 363 2639 habet
376 2621 453 2640 aures
470 2614 606 2647 audiendi,
620 2615 714 2641 audiat
729 2615 761 2647 “,
781 2623 835 2642 non

61 2656 95 2678 θει
111 2657 252 2687 putandum
268 2658 321 2685 hoc
338 2658 391 2685 dici
408 2659 441 2686 de
454 2659 577 2694 corporis
599 2659 722 2691 auribus,
740 2660 786 2687 sed
801 2660 836 2687 de

62 2699 153 2734 animat,
168 2710 236 2738 quas
252 2705 354 2732 habent
370 2705 417 2739 qui
435 2705 528 2732 mundi
545 2711 609 2733 sunt
625 2705 653 2732 in
667 2706 761 2733 auditu
776 2705 836 2733 ani-

883 913 1018 948 corporali
1034 917 1150 940 ventre:
1170 920 1220 940 nec
1231 913 1304 940 enim
1329 917 1422 939 venter
1444 911 1504 946 ejus
1526 911 1676 946 corporalis

883 960 978 994 plenus
994 963 1054 986 erat
1068 958 1221 986 divinorum
1237 963 1264 985 et
1279 958 1320 986 his
1336 959 1522 993 proximorum
1538 958 1601 984 vino
1615 957 1675 985 alli-

883 1010 946 1039 gato
961 1005 987 1031 in
1002 1009 1100 1031 utrem.
1116 1004 1169 1032 Ista
1186 1004 1212 1031 in
1227 1003 1390 1032 solutionem
1408 1004 1615 1039 propositionis.

919 1049 946 1076 Δ.
963 1048 1040 1076 Nunc
1063 1050 1096 1076 ad
1122 1049 1175 1076 hoc
1199 1049 1271 1085 quod
1296 1051 1430 1084 cmpimus
1447 1055 1626 1077 revertamur.
1644 1048 1675 1078 Si

884 1102 948 1130 ergo
971 1095 1090 1122 dixerint
1106 1096 1141 1122 ad
1164 1103 1207 1122 vos
1224 1103 1234 1122 :
1255 1095 1373 1128 Qum-ite
1390 1096 1575 1132 ventriloquos,
1590 1101 1615 1123 et
1630 1105 1676 1124 eos

883 1141 929 1176 qui
944 1141 977 1168 de
989 1146 1060 1168 terra
1075 1141 1208 1175 clamant,
1223 1150 1275 1168 non
1297 1150 1358 1176 gens
1383 1142 1417 1169 ad
1444 1141 1529 1169 Deum
1549 1151 1627 1169 suum
1641 1143 1675 1177 ⁵⁵,

884 1187 943 1216 haec
954 1188 995 1214 eis
1009 1187 1178 1222 respondete.
1195 1186 1355 1214 Deﬁcienter
1369 1193 1459 1214 autem
1475 1188 1574 1215 dicitur
1590 1197 1596 1214 :
1614 1188 1677 1216 Haec

883 1233 924 1260 eis
939 1233 1109 1267 respondete,
1126 1240 1178 1258 non
1193 1240 1254 1267 gens
1271 1232 1305 1258 ad
1319 1231 1404 1259 Deum
1419 1240 1496 1260 suum
1514 1234 1674 1268 exquiritur.

885 1277 1061 1314 Unaquaeque
1081 1286 1158 1313 gens,
1184 1278 1207 1305 si
1231 1279 1328 1313 quaerit
1349 1278 1456 1311 Jovem,
1478 1279 1511 1306 ad
1535 1280 1675 1315 proprium

885 1323 971 1351 Deum
997 1324 1080 1351 refert
1101 1324 1173 1359 quod
1198 1324 1333 1358 quaesivit.
1357 1323 1420 1351 Haec
1439 1324 1480 1352 eis
1504 1325 1676 1358 respondete.

885 1369 941 1397 Vos
955 1375 1046 1398 autem
1063 1369 1192 1398 Israelita!
1210 1370 1340 1397 habentes
1356 1369 1441 1397 Deum
1459 1377 1552 1397 verum
1574 1370 1621 1405 qui
1635 1375 1677 1398 est

885 1424 968 1451 super
993 1416 1102 1448 omnia,
1125 1423 1187 1443 cum
1213 1415 1351 1450 quaeritis,
1376 1415 1458 1443 nolite
1490 1416 1677 1451 ventriloquoa

886 1467 1018 1494 quaerere,
1037 1467 1126 1494 neque
1146 1459 1180 1487 de
1202 1465 1276 1487 terra
1289 1459 1449 1492 clamantes,
1467 1467 1555 1495 neque
1570 1461 1677 1489 vanilo-

885 1513 966 1541 quos,
984 1506 1030 1533 sed
1047 1506 1186 1541 proprium
1204 1505 1297 1533 Deum.
1316 1505 1368 1538 Qui
1380 1511 1501 1541 quarunt
1519 1507 1550 1534 de
1570 1507 1678 1534 viventi—

846 1542 868 1570 (ἶ
885 1552 933 1578 bus
956 1556 1084 1578 mortuas.
1106 1551 1206 1578 Μογιυὶ
1229 1552 1301 1578 enim
1329 1556 1394 1579 sunt
1418 1551 1555 1580 daemones
1579 1553 1676 1588 privati

886 1605 950 1624 vera
965 1597 1031 1629 vita,
1048 1605 1109 1632 quae
1123 1597 1188 1625 dicit
1205 1605 1211 1623 :
1232 1597 1288 1632 Ego
1309 1605 1368 1624 sum
1383 1598 1437 1625 vita
1456 1598 1489 1625 ".
1506 1597 1595 1626 Nolite
1612 1606 1677 1633 ergo

886 1648 1010 1671 mortuos
1027 1643 1163 1672 sciscitari
1187 1643 1220 1671 de
1244 1644 1314 1672 vivis
1338 1636 1465 1679 négotiis.
1488 1644 1585 1680 Legem
1603 1646 1676 1673 enim

886 1690 1058 1725 suscepistis.
1075 1689 1097 1717 0
1110 1697 1159 1718 vos
1172 1690 1273 1725 quibus
1283 1690 1442 1725 persuaderi
1460 1698 1514 1718 non
1534 1691 1632 1726 potuit,
1647 1695 1678 1719 ut

886 1737 1044 1771 quaereretis
1057 1737 1107 1764 ista
1122 1737 1155 1764 de
1170 1736 1360 1771 ventriloquis,
1376 1742 1403 1764 et
1420 1737 1453 1764 de
1470 1741 1540 1767 terra
1554 1737 1676 1764 claman-

886 1784 958 1811 tibus
973 1783 1051 1811 vanis
1076 1783 1250 1811 sermonibus
1272 1790 1428 1813 Sermonem
1448 1783 1569 1813 veritatis
1585 1788 1613 1810 et
1637 1783 1677 1811 le-

885 1837 956 1864 gem,
979 1829 1159 1864 suscipientes
1177 1836 1238 1856 eam
1262 1829 1288 1855 in
1306 1829 1471 1863 adiutorium
1491 1829 1558 1864 legis
1569 1833 1675 1862 vestra),

885 1874 1027 1902 attendite.
1040 1875 1070 1901 ln
1096 1875 1154 1910 lege
1175 1878 1265 1901 vestra
1288 1874 1417 1901 scribitur
1442 1883 1449 1901 :
1468 1873 1526 1901 Non
1551 1875 1676 1910 sequaris

886 1920 975 1954 idola;
989 1921 1067 1956 juxta
1089 1921 1175 1955 legem
1193 1920 1325 1948 iacientes
1343 1927 1398 1947 non
1415 1921 1560 1948 attendatis
1573 1920 1677 1948 ventri-

885 1967 995 2002 loquis,
1019 1974 1107 2000 neque
1132 1966 1175 1994 his
1197 1966 1244 2001 qui
1268 1966 1301 1993 de
1330 1971 1402 1993 terra
1429 1966 1556 1994 clamant.
1581 1966 1675 2002 Legem

885 2014 954 2041 enim
976 2014 1004 2040 in
1027 2013 1193 2048 adjutorium
1207 2012 1289 2044 dedit,
1305 2017 1334 2039 ut
1358 2012 1457 2045 dicant,
1481 2021 1532 2039 non
1552 2018 1589 2040 est
1608 2013 1677 2041 sicut

885 2059 990 2087 verbum
1005 2059 1089 2091 istud,
1105 2067 1154 2094 pro
1176 2066 1226 2093 quo
1247 2066 1299 2085 non
1318 2063 1356 2085 est
1371 2067 1480 2085 munera
1498 2059 1561 2085 dare
1575 2059 1607 2085 ".
1624 2058 1677 2092 Qui

885 2105 958 2133 enim
973 2105 1122 2139 assumpsit
1137 2104 1234 2140 legem,
1247 2108 1275 2132 et
1291 2105 1367 2132 novit
1384 2105 1448 2140 quia
1464 2105 1505 2132 lex
1526 2105 1552 2131 in
1568 2104 1676 2140 adjuto.

887 2152 958 2178 rium
980 2155 1036 2184 est,
1057 2156 1085 2178 et
1107 2151 1242 2186 praecipue
1261 2150 1408 2185 spiritalis,
1429 2158 1490 2186 qua;
1508 2151 1645 2179 interdicit
1660 2160 1676 2179 a

887 2196 1065 2231 ventriloquis
1085 2200 1112 2223 et
1135 2195 1258 2231 auguriis
1274 2203 1412 2231 quaerere,
1429 2196 1473 2223 hic
1494 2204 1556 2223 cum
1573 2196 1677 2223 intelle-

888 2243 958 2270 xerit
980 2242 1077 2278 legem,
1100 2241 1180 2269 debet
1199 2241 1338 2268 admirans
1361 2249 1422 2268 eam
1446 2241 1547 2273 dicere,
1571 2241 1676 2268 nullum

888 2289 1000 2316 verbum
1029 2288 1066 2315 ita
1097 2288 1230 2315 mundum
1256 2287 1328 2322 apud
1349 2287 1458 2315 Graecos
1481 2292 1508 2314 et
1532 2287 1675 2319 barbaros,

888 2336 968 2370 quale
985 2339 1026 2363 est
1042 2334 1152 2362 verbum
1176 2334 1253 2369 legis.
1279 2334 1320 2361 Ab
1340 2333 1413 2361 omni
1438 2333 1509 2361 enim
1532 2333 1626 2366 verbo,
1642 2333 1676 2360 ab

887 2381 1014 2409 universa
1037 2380 1161 2408 doctrina
1180 2380 1321 2407 veritatem
1343 2379 1488 2414 pollicente
1510 2378 1599 2409 diil‘ert
1621 2378 1675 2412 lex,

887 2435 949 2463 quae
964 2436 979 2455 a
996 2427 1051 2454 Deo
1068 2426 1146 2454 nobis
1161 2426 1224 2453 data
1246 2430 1297 2453 est.
1312 2425 1414 2460 Legem‘
1425 2426 1495 2452 enim
1517 2426 1544 2452 in
1567 2424 1676 2459 adjuto-

886 2475 955 2501 rium
969 2474 1051 2505 dedit,
1067 2477 1095 2499 ut
1116 2472 1217 2504 dicunt,
1234 2479 1285 2498 non
1304 2471 1373 2497 sicut
1391 2471 1496 2498 uerbum
1510 2471 1590 2499 istud.
1606 2470 1675 2503 Quid

887 2526 929 2549 est
945 2520 1018 2555 quod
1042 2527 1096 2546 non
1113 2523 1154 2546 est.
1178 2518 1248 2546 sicut
1271 2518 1384 2546 verbum
1408 2517 1500 2547 istud?
1514 2516 1597 2544 Multa
1612 2521 1676 2544 sunt

887 2567 981 2598 verba,
996 2566 1042 2594 sed
1064 2573 1120 2593 non
1144 2565 1214 2593 sicut
1236 2564 1347 2593 verbum
1375 2562 1457 2590 istud.
1472 2561 1582 2591 Nullum
1601 2563 1675 2591 enim

887 2613 1000 2640 verbum
1027 2615 1088 2647 post
1113 2611 1224 2638 verbum
1245 2609 1341 2645 Moysi,
1360 2613 1422 2644 post
1436 2608 1548 2638 verbum
1563 2608 1677 2643 prophe-

887 2664 998 2690 tarum,
1022 2658 1108 2685 inulto
1131 2661 1222 2685 autem
1249 2656 1366 2691 amplius
1390 2660 1453 2691 post
1474 2655 1588 2686 verbum
1610 2653 1678 2682 Jesu

888 2704 991 2733 Christi
1009 2708 1036 2731 et
1062 2702 1248 2738 apostolorum
1266 2702 1337 2736 eius.
1359 2701 1423 2730 Vide
1442 2702 1468 2732 si
1488 2709 1540 2731 non
1558 2701 1679 2730 clamant

91 2769 111 2784 δ’
124 2770 198 2798 Joan.
210 2780 229 2804 ι,
244 2773 287 2801 16.
327 2773 350 2789 ⁵³
367 2772 445 2800 Joan.
467 2781 514 2806 vn,
526 2773 574 2806 38;
592 2782 629 2806 iv,
643 2773 686 2800 Μ.
725 2773 749 2789 ’⁵⁸
763 2773 835 2801 Psal.
851 2781 928 2806 xvm,
941 2773 967 2799 9.
1004 2753 1140 2798 .Matth.
1153 2777 1213 2801 xm,
1225 2770 1251 2796 9.
1285 2768 1401 2806 ‘frl’rov.
1418 2777 1459 2802 nt,
1474 2769 1519 2798 25.
1558 2770 1580 2786 δ’
1596 2769 1676 2806 Joan.

63 2805 145 2835 xiv,6.
180 2807 203 2823 "
217 2809 268 2836 lsa.
287 2817 364 2841 xxvi,
389 2809 430 2835 l8.
469 2809 491 2825 ⁸³
507 2804 515 2835 1
531 2804 593 2836 Cor.
613 2804 649 2840 vi,
667 2809 709 2836 15.
749 2810 771 2826 ⁵⁵
786 2809 837 2836 Job
853 2804 939 2841 xxvii,
964 2808 1005 2835 l9.
1042 2807 1064 2824 "
1091 2806 1141 2834 lsa.
1155 2806 1254 2840 νι,19.
1293 2804 1315 2820 "
1333 2804 1410 2832 Joan.
1442 2813 1497 2835 xw,
1523 2805 1548 2833 6.
1587 2805 1609 2821 "
1622 2805 1676 2833 lsa.

64 2844 94 2871 \i,
103 2841 140 2867 '20.
