1879 3046
181 113 232 141 251

181 181 283 202 sensus
298 173 345 201 Dei
358 172 431 208 quod
444 173 549 200 dictum
563 175 606 199 est
620 180 627 198 :
646 170 743 205 Legem
759 169 830 196 enim
851 168 877 194 in
899 166 978 201 adju-

183 219 285 246 torium
307 219 398 252 dedit,
424 223 453 245 ut
474 217 567 245 dicant
587 217 633 252 qui
655 219 817 250 acceperunt
839 214 924 248 legem
946 213 972 239 in

184 265 361 299 adjutorium,
376 271 429 291 non
453 268 495 291 est
516 268 547 290 ut
564 263 675 290 verbum
691 262 761 289 istud
778 259 851 295 quod
866 260 975 287 loculus

182 316 227 338 est
240 311 345 346 Moyses
359 310 385 337 in
400 311 457 344 lege
471 310 524 337 lata
538 317 588 345 per
598 309 708 344 angelos
726 307 753 334 in
771 314 853 334 manu
872 305 975 333 media-

184 355 253 382 toris
269 355 303 382 “.
326 354 411 382 Multo
437 358 527 381 autem
546 354 654 388 dignius
677 357 764 387 potest
785 352 837 378 hoc
854 350 974 378 Ecclesia

184 401 284 430 dicere.
300 408 353 427 non
376 405 417 433 est
439 399 510 426 sicut
531 399 642 426 verbum
664 398 734 426 istud
753 397 826 432 quod
845 405 910 424 caro
933 395 975 423 ia-

185 451 259 474 ctum
275 450 327 478 est,
342 446 414 479 quod
440 445 570 472 habitavit
592 444 618 470 in
641 443 735 476 nobis,
754 443 833 476 cujus
850 442 974 469 videmus

185 490 310 525 gloriam,
329 498 381 516 non
403 489 473 516 sicut
493 489 600 524 Moyses
614 488 748 515 velamine
764 488 911 518 obtectam,
927 487 974 514 sed

184 536 299 571 gloriam
314 541 442 570 tanquam
458 535 594 569 Unigeniti
608 543 623 562 a
640 534 731 567 Patre,
749 534 821 569 pleni
838 533 933 568 gratia‘.
947 537 976 560 et

184 582 306 609 veritatis
320 583 353 610 ".
369 581 428 609 Non
446 587 488 610 est
510 582 582 609 sicut
597 581 716 609 Verbum
732 581 803 609 istud
820 581 892 616 quod
914 588 976 608 sus-

183 628 255 662 cepit
267 627 398 661 Ecclesia,
412 628 437 655 in
453 636 508 663 quo
523 628 619 660 credit,
633 636 681 663 per
691 628 763 661 quod
776 632 802 654 et
814 627 974 658 salvabitur,

184 671 302 699 Verbum
320 672 394 707 quod
418 672 444 699 in
469 672 605 707 principio
627 676 687 699 erat
708 672 779 707 apud
796 672 880 699 Deum
903 671 975 699 Deus

186 715 314 750 Verbum,
329 719 374 745 cui
395 718 479 753 gloria
495 722 522 745 et
543 718 689 753 imperium
705 718 732 745 in
747 718 845 746 stecula
861 717 976 746 saeculo-

185 770 255 790 rum.
270 763 367 791 Amen.

467 809 610 837 HOMIHA
628 810 696 838 Vlll.

187 873 225 902 lle
240 882 272 901 eo
288 876 360 914 quod
373 875 504 914 scriptum
515 881 557 914 est
571 886 578 903 :
598 876 704 904 Ulnlate
718 877 853 914 sculptilia
867 878 894 904 in
911 877 975 914 Hie—

223 910 338 951 rusalem
354 910 421 951 etnin
446 911 583 951 Samaria.
598 920 684 951 usque
702 913 738 939 ad
759 910 830 951 eum.
842 913 932 940 locum
947 913 973 940 in

221 945 347 1015 ((ICutLait):
370 945 404 972 Et
420 947 586 974 commovebo
608 945 725 975 ciuitates
743 955 801 984 qua:
820 947 977 976 habitantur

251 989 265 1007 a
288 1001 294 1007 .
310 989 325 1007 κ
342 1000 348 1007 .

223 1045 249 1072 1.
268 1044 338 1072 Olim
354 1046 464 1080 quidem
483 1047 591 1079 quando
612 1048 734 1082 peccavit
751 1049 868 1083 populus
889 1048 974 1083 prior,

185 1090 288 1117 excidit
300 1098 314 1118 a
327 1091 468 1127 religione,
485 1096 512 1119 et
525 1092 660 1127 sculptilia
676 1092 826 1121 fabricatus
839 1098 880 1121 est
891 1093 976 1121 Judas

186 1136 214 1163 in
229 1135 410 1168 Hierusalem,
431 1141 457 1164 et
474 1137 496 1164 is
515 1138 561 1172 qui
580 1137 661 1165 Israel
678 1138 826 1165 vocabatur
838 1139 864 1165 in
881 1138 977 1166 Sama-

187 1183 237 1209 ria.
253 1182 281 1209 Si
303 1187 393 1210 autem
411 1188 438 1210 et
452 1191 525 1211 nunc
545 1183 643 1218 aliquis
665 1184 819 1211 consideret
835 1192 869 1212 ex
887 1185 978 1211 multi-

186 1227 280 1254 tudine
294 1235 389 1255 eorum
403 1229 449 1263 qui
462 1229 627 1264 colliguntur
647 1234 815 1263 peceatores,
835 1237 889 1257 non
904 1230 978 1265 pige-

186 1273 226 1300 bit
244 1281 305 1300 eum
326 1273 435 1306 dicere,
458 1275 529 1308 quod
550 1275 740 1310 unusquisque
761 1274 847 1302 Deum
876 1275 978 1303 faciens

186 1318 261 1352 quod
286 1318 426 1346 existimat
449 1327 511 1346 esse
535 1320 649 1352 bonum,
672 1324 700 1347 et
721 1321 841 1348 serviens
856 1326 977 1355 peccato,

188 1363 350 1390 tnaledictus
373 1368 416 1391 est
442 1363 545 1391 faciens
563 1364 698 1398 sculptile,
716 1368 744 1391 et
767 1365 890 1393 conﬂans
907 1374 978 1401 opus

188 1416 320 1436 manuum
338 1410 449 1437 artiilcis
473 1414 500 1437 et
521 1418 624 1445 ponens
647 1410 713 1437 illud
738 1410 765 1437 in
789 1412 932 1439 absconso.
949 1412 978 1439 ln

189 1454 324 1481 absconso
337 1455 436 1490 quippe
449 1455 539 1483 cordis
556 1455 641 1482 multa
657 1455 773 1483 facimus
792 1457 863 1484 idola
881 1457 906 1484 si
917 1465 980 1492 pec-

189 1506 293 1526 uentus.
314 1498 390 1527 Unde
405 1508 496 1528 sermo
507 1509 556 1528 nos
573 1501 668 1528 edocet
686 1501 873 1536 paenitentiam
888 1509 978 1537 agere,

188 1552 214 1572 et
229 1546 333 1574 ululare
351 1554 432 1581 super
450 1548 633 1582 sculptilibus,
651 1552 679 1575 et
699 1548 779 1575 idolis
795 1556 856 1583 qua:
872 1553 937 1576 sunt
953 1549 980 1576 in

188 1591 359 1620 Hierusalem
373 1597 401 1620 et
422 1592 556 1620 Samaria.
580 1594 612 1621 Et
636 1594 660 1622 si
677 1594 786 1629 quidem
811 1602 861 1621 nos
884 1602 980 1629 pecce-

189 1645 263 1670 mus,
280 1638 328 1673 qui
344 1646 405 1665 esse
421 1638 455 1666 de
467 1639 587 1667 Ecclesia
605 1640 747 1675 cupimus,
764 1639 791 1666 in
810 1639 982 1667 Hierusalem

190 1682 308 1711 facimus
322 1685 468 1719 sculptilia.
492 1685 520 1712 Si
541 1693 606 1714 vero
629 1686 647 1713 ii
668 1686 715 1722 qui
740 1691 816 1714 extra
832 1686 980 1714 Ecclesiam

190 1730 331 1757 constituti
355 1736 419 1758 sunt
445 1733 582 1766 quomodo
605 1733 724 1761 haeretici
743 1734 926 1768 peccaverint,
942 1733 983 1760 l'a-

190 1776 268 1803 ciunt
283 1777 354 1804 idola
373 1777 400 1804 in
423 1777 557 1806 Samaria.
573 1778 766 1806 Verumtamen
782 1787 878 1807 omnes
892 1779 983 1806 omni-

191 1827 289 1857 potens
306 1822 376 1851 Deus
396 1823 472 1857 juxta
485 1832 563 1852 suam
579 1825 729 1852 bonitatem
744 1825 776 1852 ad
794 1825 983 1859 paenitentiam

190 1874 330 1903 provocat,
361 1870 455 1898 dicens
477 1871 560 1904 (vers.
582 1871 625 1906 l0)
644 1880 651 1898 :
681 1870 787 1898 Ululate
802 1871 939 1905 scnlptilia
954 1872 982 1898 in

192 1914 363 1943 llierusatem
376 1922 401 1944 et
420 1917 447 1943 in
470 1915 605 1944 Samaria.
631 1916 867 1950 Quemadmodum
883 1917 984 1944 etenim

189 1959 244 1989 feci
265 1962 396 1990 Samariaa
412 1968 439 1990 et
455 1971 537 1991 manu
560 1963 641 1991 factis
657 1964 726 1998 ejus,
743 1964 779 1991 ita
798 1963 894 1991 faciam
920 1962 984 1990 Hie-

190 2009 309 2036 rusalem
335 2014 363 2037 et
387 2010 468 2037 idolis
495 2011 564 2045 ejus.
593 2010 785 2037 Comminatur
814 2017 985 2045 quaecunque

192 2053 257 2081 fecit
281 2055 473 2088 Samaritanis,
497 2061 524 2084 et
551 2056 593 2084 his
622 2057 669 2091 qui
697 2057 730 2084 de
758 2056 880 2084 Ecclesia
911 2061 984 2083 sunt.

192 2098 283 2133 (Vers.
302 2101 346 2135 12)
369 2101 436 2127 Cum
461 2107 548 2128 autem
567 2101 788 2128 consummaverit
805 2100 876 2127 Deus
896 2101 985 2127 omnia

193 2145 293 2176 faciens
308 2147 334 2172 in
348 2151 434 2173 monte
449 2146 523 2178 Sion,
538 2152 562 2173 et
577 2147 606 2173 in
623 2146 802 2179 Hierusalem,
817 2147 923 2173 inducet
939 2155 984 2173 su-

192 2199 238 2224 per
253 2199 357 2217 sensum
374 2201 497 2227 magnum
510 2193 653 2227 principem
671 2193 853 2228 Assyriorum,
870 2196 894 2219 et
907 2200 985 2227 super

194 2236 363 2263 altitudinem
389 2237 484 2271 gloriw
509 2238 645 2264 oculorum
671 2239 738 2273 ejus.
763 2237 894 2265 Docrmnr
920 2238 985 2273 quid

194 2281 317 2309 futurum
341 2282 377 2310 sit
399 2283 509 2310 inimico
533 2289 626 2311 nostro
648 2289 675 2311 et
695 2284 807 2316 Zabnlo,
822 2291 902 2318 quem
921 2291 985 2311 sen—

193 2335 254 2354 sum
291 2329 436 2362 quemdam
477 2338 605 2366 magnum
636 2338 709 2357 nunc
744 2330 876 2365 propheta
913 2337 986 2356 nun-

193 2372 314 2406 cupavit.
342 2372 484 2406 Quomodo
515 2375 587 2402 enim
614 2383 725 2409 serpens
753 2374 902 2409 sapientior
928 2377 986 2400 erat

193 2416 323 2444 omnibus
338 2417 434 2445 bestiis
448 2426 508 2453 quae
523 2423 588 2447 sunt
607 2427 688 2454 super
703 2424 814 2451 terram,
830 2424 857 2446 et
874 2418 919 2446 ﬁlii
936 2426 986 2445 sa:-

193 2461 248 2489 culi
272 2462 354 2497 hujus
371 2465 548 2502 sapientiores
564 2474 646 2500 super
666 2466 736 2493 ﬂlios
761 2466 829 2492 lucis
854 2466 880 2491 in
908 2465 985 2500 123

193 2509 371 2544 generatione
397 2517 446 2537 sua
475 2515 560 2543 sunt,
587 2517 614 2540 et
637 2512 811 2546 dispensator
833 2511 986 2546 iniquitatis

195 2554 334 2589 sapienter
353 2555 417 2583 fecit
438 2557 589 2584 secundum
611 2558 773 2593 sapientiam
793 2565 847 2584 non
870 2557 985 2592 bonam,

195 2601 291 2629 eodem
307 2603 390 2630 modo
408 2603 459 2631 iste
473 2604 520 2639 qui
542 2604 690 2639 ﬁguraliter
711 2605 838 2639 princeps
860 2605 986 2640 Assyiio~

197 2654 257 2674 rum
273 2648 383 2682 dicitur,
399 2657 515 2685 magnus
532 2655 574 2677 est
590 2658 698 2683 sensus,
712 2655 740 2678 et
751 2655 793 2677 est
812 2651 904 2678 mirari
928 2659 985 2678 ma-

199 2692 367 2725 gnitudinem
388 2702 487 2722 sensus
507 2695 566 2730 ejus
583 2704 590 2722 :
608 2695 635 2722 in
647 2703 702 2730 quo
719 2695 822 2722 abusus
837 2700 879 2722 est
892 2695 924 2722 ad
946 2695 987 2722 in-

200 2739 345 2767 struendos
365 2742 504 2777 sapientes
525 2742 620 2769 mundi
641 2742 738 2774 istius,
761 2742 807 2777 qui
829 2749 891 2769 eum
913 2741 988 2769 omni

240 2850 261 2866 "
274 2849 333 2878 Gal.
352 2858 392 2885 Ill,
405 2852 447 2880 19.

487 2852 509 2869 "
521 2851 599 2881 Joan.
617 2860 634 2881 ι.
693 2854 715 2869 ⁵⁵
730 2851 828 2879 Jcrcm.
847 2859 905 2879 vni.

925 101 1088 133 ORIGENiS

1767 91 1821 118 232

992 167 1013 196 Α
1029 159 1283 191 verisimilitudine.
1303 159 1457 190 cunctaque
1486 153 1586 180 virtute
1611 152 1758 180 falsitatem
1777 158 1822 177 se-

1027 214 1131 236 ctarum
1151 213 1264 234 suarum
1288 205 1483 237 componentes
1504 199 1643 227 exhibent.
1665 198 1736 226 Cum
1756 205 1820 232 ergo

1026 255 1119 282 omnia
1135 253 1230 281 fecerit
1247 252 1318 278 Deus
1339 250 1365 276 in
1389 253 1482 276 monte
1500 247 1582 280 Sion,
1602 251 1629 272 et
1646 246 1674 272 in
1689 244 1820 272 Hierusa-

1026 301 1091 333 lrm,
1110 304 1138 327 et
1154 297 1303 326 reddiderit
1322 304 1354 323 ea
1374 302 1435 330 quae
1455 294 1537 329 jnstis
1554 292 1723 328 repromissa
1741 297 1820 323 sunt.

1026 352 1092 374 tunc
1107 346 1214 373 inducet
1233 351 1315 378 supra
1335 349 1445 370 sensum
1462 347 1589 375 magnum
1605 337 1758 373 principem
1773 336 1823 363 As-

1026 393 1161 428 syriorum
1175 411 1182 423 ,
1207 395 1234 418 et
1257 397 1339 424 super
1362 387 1533 415 altitudinem
1561 385 1654 420 gloriae
1679 383 1822 411 oculorum

1026 439 1096 473 ejus.
1113 437 1175 464 Alta
1190 443 1252 463 eum
1266 434 1414 469 sapientem
1430 439 1520 459 sermo
1533 430 1618 462 novit,
1637 435 1665 457 et
1679 428 1823 456 exordium

1027 485 1114 512 ruina:
1129 483 1188 518 ejus
1211 482 1245 509 ab
1267 480 1407 508 inﬂatione
1423 478 1548 513 cmpisse.
1568 475 1644 504 Unde
1658 479 1687 502 et
1698 474 1724 502 si
1740 473 1824 501 inﬂati

1027 531 1170 563 fuerimus,
1185 529 1212 556 in
1223 520 1358 563 judicium
1371 525 1527 553 incidemus
1538 522 1652 555 diaboli,
1670 521 1698 548 in
1717 529 1772 556 quo
1788 521 1825 547 in-

1027 576 1094 604 cidit
1113 575 1171 610 ipse
1188 573 1319 601 Zabulus.

1061 622 1089 648 2.
1113 620 1258 648 Videamus
1282 622 1373 646 autem
1395 622 1423 644 et
1446 616 1614 644 inﬂationem
1640 614 1701 649 ejus
1722 617 1827 648 quanta

1027 668 1073 700 sit,
1090 671 1119 695 ut
1133 674 1192 694 eam
1210 671 1366 697 caveamus,
1382 668 1409 691 et
1424 670 1477 690 non
1494 661 1684 697 permittamus
1697 667 1763 687 eum
1782 667 1826 686 su-

1026 721 1074 748 per
1093 719 1144 740 uos
1163 719 1227 738 vera
1247 710 1348 738 dicere.
1372 708 1442 742 Quid
1466 707 1548 743 igitur
1572 707 1639 734 dicit
1655 707 1742 739 (vers.
1762 705 1826 739 ιδῃ

1031 757 1137 784 Viribus
1157 756 1271 791 faciam,
1295 759 1319 781 et
1339 753 1497 789 sapientiam
1518 752 1664 779 intellectus
1686 751 1825 783 auferant.

1026 804 1090 838 lines
1109 803 1238 839 gentium.
1262 801 1409 829 Existimat
1425 799 1586 827 fortitudine
1603 806 1652 825 sua
1668 797 1745 829 quod
1769 797 1828 823 vult

990 853 1012 880 B
1026 851 1053 878 in
1068 850 1146 878 nobis
1162 857 1191 877 se
1205 856 1285 884 posse
1301 847 1442 882 perﬁcere.
1466 846 1498 873 Et
1521 852 1615 883 revera
1632 844 1654 871 si
1669 844 1826 877 vincamur,

1028 902 1056 926 et
1079 901 1142 932 post
1171 896 1227 923 haec
1255 894 1336 922 verba
1364 900 1528 928 peccemus,
1552 892 1574 918 si
1596 895 1657 926 post
1679 890 1827 918 ecclesiam

1029 950 1139 970 rursum
1159 942 1185 968 in
1208 941 1329 971 circum.
1351 943 1379 966 et
1398 939 1432 966 ad
1456 945 1590 972 equorutn
1611 944 1729 968 cursus,
1748 940 1776 962 et
1794 935 1829 962 ad

1029 992 1193 1016 conventum
1211 985 1352 1022 gentilium
1374 991 1480 1016 eamus,
1499 983 1562 1018 quid
1583 982 1655 1009 aliud
1676 982 1721 1014 fit,
1743 989 1829 1016 quam

1029 1037 1173 1068 superatos
1191 1038 1240 1058 nos
1257 1028 1396 1065 possidet?
1414 1027 1448 1054 Et
1467 1026 1532 1062 quid
1548 1026 1619 1053 dixit
1633 1024 1773 1057 Zabulus,
1790 1025 1829 1051 ri-

1030 1079 1103 1106 ribus
1122 1077 1239 1111 faciam?
1258 1074 1442 1109 Consequitur
1463 1073 1490 1099 in
1512 1072 1591 1099 nobis
1615 1071 1828 1106 peccatoribus.

1026 1125 1104 1161 quod
1119 1124 1238 1151 minatus
1253 1126 1305 1149 est.
1325 1121 1376 1148 Sed
1394 1124 1421 1147 et
1437 1119 1460 1147 si
1477 1118 1644 1146 fornicemur
1659 1122 1720 1152 post
1742 1117 1828 1144 casti-

1031 1176 1114 1198 tatem
1130 1170 1202 1204 longi
1217 1168 1364 1202 temporis,
1386 1170 1447 1201 post
1461 1164 1672 1192 sanctimoniam
1693 1163 1809 1190 multam
1819 1183 1825 1193 ,

1032 1216 1098 1252 quid
1117 1215 1191 1242 aliud
1217 1214 1246 1241 [it
1266 1221 1348 1248 quam
1370 1220 1433 1240 vera
1453 1211 1561 1239 locutus
1585 1210 1717 1245 probatur
1745 1217 1828 1244 super

1031 1271 1093 1295 nos,
1108 1262 1154 1296 qui
1164 1261 1251 1288 dixit:
1268 1259 1375 1287 Viribus
1390 1258 1510 1292 faciant?
1524 1256 1594 1290 Quid
1610 1262 1701 1283 autem
1713 1262 1741 1282 et
1754 1256 1826 1282 aliud

1032 1307 1206 1343 repromittat
1224 1306 1275 1334 iste
1305 1306 1499 1340 magniloquax
1528 1303 1695 1330 intueamur.
1721 1302 1757 1328 Et
1784 1310 1828 1328 sa-

1032 1355 1159 1391 pientiam
1172 1353 1320 1381 intellectus
1333 1352 1465 1386 auferam,
1479 1351 1544 1385 ﬁnes
1561 1350 1687 1385 gentium.
1709 1348 1828 1383 Sapienw

1034 1402 1098 1429 tiam
1121 1400 1215 1428 nescio
1235 1407 1316 1435 quam
1336 1398 1490 1434 pollicetur,
1515 1398 1548 1424 de
1563 1404 1617 1431 qua
1641 1401 1668 1422 et
1693 1395 1827 1430 propheta

1032 1447 1153 1482 loquitur
1172 1455 1179 1474 :
1196 1445 1348 1480 Alienigena
1360 1444 1482 1479 quantum
1496 1440 1626 1476 sapientia
1644 1445 1683 1468 est
1699 1441 1726 1466 in
1743 1440 1781 1466 eis
1792 1439 1825 1466 ".

1033 1492 1082 1519 Est
1095 1492 1167 1519 enim
1184 1491 1274 1526 aliqua
1289 1494 1418 1517 extranea
1434 1496 1449 1515 a
1464 1488 1577 1516 veritate
1592 1486 1726 1522 sapientia
1744 1494 1826 1522 quam

995 1531 1016 1560 (ἶ
1033 1539 1172 1574 disperdet
1190 1538 1271 1565 Deus.
1291 1535 1368 1563 Hanc
1383 1537 1433 1563 iste
1452 1534 1555 1562 habens
1571 1533 1714 1561 existimat
1724 1540 1755 1560 se
1768 1540 1828 1559 esss

1033 1585 1196 1620 sapientein.
1211 1587 1238 1611 et
1252 1583 1317 1610 dicit
1333 1592 1340 1610 :
1355 1581 1519 1617 Sapientiam
1535 1579 1682 1607 intellectus
1694 1578 1828 1613 auferam,

1033 1633 1097 1667 ﬁnes
1117 1631 1253 1666 gentium,
1276 1633 1301 1656 et
1323 1629 1390 1655 vires
1420 1635 1510 1654 eorum
1536 1626 1674 1660 depascar.
1701 1625 1829 1652 Pervenit

1033 1678 1106 1706 enim
1120 1677 1155 1705 ad
1171 1683 1267 1705 omnes
1284 1679 1378 1711 gentes
1396 1673 1519 1709 operatio
1541 1672 1610 1706 ejus,
1632 1671 1681 1700 sed
1702 1670 1830 1698 Salvator

1033 1724 1060 1751 in
1076 1731 1173 1752 omnes
1189 1727 1281 1758 gentes
1296 1722 1406 1748 mittens
1419 1727 1560 1747 sermones
1581 1726 1660 1750 suos,
1674 1718 1751 1745 eruit.
1771 1725 1829 1748 ws,

1034 1771 1081 1806 qui
1100 1778 1116 1797 a
1134 1769 1237 1796 Zabulo
1255 1769 1282 1795 in
1302 1767 1408 1795 cunctis
1429 1766 1555 1801 gentibus
1578 1764 1679 1799 captivi
1697 1764 1831 1791 teneban-

1035 1821 1090 1844 tur.
1114 1815 1148 1842 Et
1166 1815 1232 1842 vires
1250 1821 1339 1840 eorum
1355 1813 1491 1847 depascar.
1512 1810 1631 1837 Minatur
1646 1817 1676 1837 se
1692 1810 1769 1837 vires
1783 1817 1831 1837 ne-

1035 1867 1106 1891 stras
1125 1861 1275 1898 praedatum
1300 1859 1351 1892 iri,
1371 1863 1398 1886 et
1416 1859 1522 1885 tradere
1539 1857 1672 1884 adversus
1690 1864 1743 1884 nos
1760 1855 1831 1883 mili—

1036 1905 1166 1933 tantibus.
1188 1903 1220 1932 Et
1240 1911 1333 1932 revera
1355 1907 1396 1930 est
1411 1901 1502 1929 videre
1517 1909 1578 1928 eum
1597 1901 1766 1936 quibusdam
1780 1901 1833 1928 hoc

1035 1951 1191 1980 facientem.
1210 1949 1325 1984 Quando
1340 1949 1412 1976 enim
1433 1947 1495 1983 quis
1508 1946 1626 1974 vincitur
1640 1954 1657 1974 a
1672 1946 1792 1979 Zabulo,
1807 1950 1833 1974 et

1037 1998 1152 2026 traditur
1165 1996 1336 2024 daemonibus
1354 1994 1495 2030 spiritibus
1511 1994 1655 2029 pessimis,
1680 1994 1833 2021 virtutibus

1035 2044 1192 2076 contrariis,
1209 2042 1275 2078 quid
1292 2041 1366 2069 aliud
1382 2041 1483 2068 factum
1497 2046 1538 2069 est
1556 2048 1637 2075 quam
1655 2040 1680 2067 is
1697 2041 1811 2067 dixerat
1827 2050 1833 2067 :

1037 2091 1071 2118 Et
1091 2091 1158 2118 vires
1178 2097 1268 2116 eorum
1292 2089 1444 2123 depascar?
1460 2087 1604 2122 Accipiens
1627 2090 1742 2114 nostras
1761 2087 1834 2114 vires

1036 2136 1165 2171 depastus
1178 2138 1221 2162 est
1236 2142 1296 2161 nos.
1316 2133 1406 2169 (Vers.
1422 2133 1465 2168 Η)
1482 2133 1516 2159 Et
1534 2131 1700 2159 commovebo
1713 2132 1834 2159 civitates

1037 2191 1096 2219 qua:
1120 2182 1315 2219 inhabitantur.
1344 2179 1378 2206 Et
1405 2180 1458 2207 hoc
1480 2179 1603 2206 Zabulus
1622 2178 1834 2210 comminatur,

1038 2229 1184 2258 inhabitari
1204 2228 1292 2255 cernit
1314 2226 1437 2254 civitates
1458 2225 1594 2252 Eeclesias
1611 2223 1659 2250 Dei
1677 2225 1705 2250 in
1724 2225 1836 2252 Christo

1039 2275 1156 2302 Domino
1173 2277 1356 2304 constructas,
1372 2273 1422 2300 bas
1437 2274 1637 2299 commoturum
1650 2277 1714 2296 esse
1728 2278 1759 2296 se
1776 2277 1836 2304 per-

1039 2325 1128 2349 sonat.
1159 2319 1193 2347 Et
1218 2319 1374 2354 frequenter
1402 2317 1511 2352 quidem
1542 2316 1684 2343 concussit
1709 2316 1835 2343 civitates

1039 2367 1207 2395 inhabitatas
1234 2364 1484 2400 persecutionibus,
1511 2361 1668 2396 frequenter
1692 2361 1836 2388 concussit

1039 2409 1187 2442 scandalis.
1209 2411 1262 2438 Sed
1279 2418 1328 2438 nos
1350 2414 1484 2437 tentemus
1504 2407 1714 2434 fundamentum
1732 2407 1836 2434 haben-

1040 2465 1081 2487 tes
1095 2467 1176 2494 super
1189 2463 1292 2493 petram
1311 2456 1377 2483 tales
1394 2454 1461 2487 tieri,
1479 2458 1509 2481 ut
1523 2454 1573 2480 iste
1587 2453 1633 2487 qui
1645 2452 1712 2479 dicit
1732 2461 1739 2480 :
1761 2453 1840 2480 Com-

1039 2505 1144 2533 morebo
1162 2505 1280 2531 civitates
1299 2510 1356 2537 qua:
1373 2500 1567 2530 inhabitantur,
1585 2505 1636 2525 nos
1654 2505 1768 2525 movere
1782 2506 1835 2525 non

1040 2553 1127 2580 valeat
1148 2559 1196 2586 per
1218 2549 1352 2585 procellas
1372 2555 1454 2580 suas,
1479 2553 1567 2580 neque
1586 2552 1635 2580 per
1649 2545 1768 2579 spiritus
1786 2545 1837 2572 ad-

1040 2607 1144 2628 versos.
1172 2597 1273 2625 Verum
1296 2595 1330 2622 ad
1350 2593 1441 2621 omnia
1461 2600 1523 2627 qua:
1544 2591 1695 2619 acciderint
1723 2591 1837 2618 stabiles

1041 2650 1255 2679 perseveremus,
1271 2644 1364 2674 utpote
1378 2638 1510 2666 habentes
1526 2636 1669 2664 aedilicium
1691 2644 1776 2671 super
1791 2643 1838 2671 pe-

1041 2697 1111 2720 tram
1132 2690 1225 2718 Jesum
1248 2688 1400 2720 Christum,
1421 2686 1466 2714 cui
1485 2689 1527 2713 est
1541 2684 1626 2720 gloria
1641 2688 1670 2711 et
1687 2683 1836 2719 imperium

1042 2739 1068 2766 in
1086 2736 1185 2765 saecula
1205 2734 1377 2763 saeculorum.
1395 2732 1491 2759 Amen.

1001 2203 1023 2230 D
