1879 3046
72 94 115 122 εδδ

342 151 484 180 HOMILIA
503 152 549 180 lx.

72 220 102 247 De
113 227 142 247 eo
155 219 224 254 quod
244 219 375 254 scriptum
392 225 435 247 est
449 229 456 247 :
474 220 508 247 Et
529 221 619 247 audivi
632 228 718 247 eat-em
736 218 842 247 Domini

98 255 227 290 dicentis;
242 254 326 287 Quem
348 256 463 286 mittant,
481 262 505 282 et
525 257 584 290 quis
598 256 647 282 ibit
663 256 697 282 ad
716 255 842 290 populum

99 291 190 326 istum."
206 289 237 316 Et
255 290 462 326 transgrediens
481 289 586 326 modica
613 291 735 326 pervenit
751 289 843 325 usque

100 325 128 352 ad
147 325 230 352 lorum
254 325 280 351 in
306 333 361 359 quo
379 325 509 353 scribitur
527 334 534 352 :
551 325 613 353 Pete
631 326 677 352 tibi
701 326 805 361 signum
827 334 844 352 α

102 361 266 430 Domino)tuo
283 361 309 386 in
335 360 496 395 profundum
514 366 559 387 aut
577 362 605 387 in
623 361 754 388 excelsum
771 362 841 396 (cap.

102 404 122 423 vt
134 401 157 423 et
171 404 203 422 vn
221 415 227 421 .

100 404 122 423 Vl
134 401 157 423 el
171 401 227 423 \‘lll.

857 154 881 183 Α

98 475 158 509 Cap.
174 482 208 507 vt.
226 482 298 501 vers.
315 475 342 506 8,
357 475 382 502 9.
402 474 436 501 Et
451 474 542 501 audivi
564 482 649 502 vocem
674 474 780 501 Domini
805 474 844 501 di-

71 520 150 550 centis,
164 528 236 554 quem
252 519 368 552 mittam,
385 524 408 546 et
423 520 481 554 quis
494 519 543 546 ibit
556 519 590 546 otl
602 519 725 554 populum
740 521 820 546 istum
833 521 845 546 .’

70 566 98 592 Et
113 565 165 592 diri
176 574 185 592 :
199 565 265 592 Ecce
283 573 330 601 ego
342 574 410 599 sum,
425 566 499 592 mitte
516 573 566 592 me.
583 565 617 592 Et
639 566 677 592 ait
693 574 702 592 ι
722 565 803 598 Vade,
820 570 845 593 et

70 611 105 637 die
120 611 208 646 populo
227 611 312 639 huic:
329 611 399 638 Aure
418 611 546 644 audietis,
566 616 590 639 et
610 620 662 638 non
681 611 842 647 intelligetis,

69 661 91 684 et
102 657 204 692 reliqua.
220 656 258 684 De
273 664 308 684 eo
321 657 366 692 qui
382 665 453 685 nunc
464 658 550 685 lectus
566 662 608 685 est
619 657 696 685 Isaia
707 659 845 692 prophetae

70 711 189 736 sermone,
202 711 312 730 oremus
324 703 420 735 Deum,
437 708 466 730 ut
481 704 559 731 nobis
572 704 686 739 gratiam
702 704 843 739 largiatur,

71 752 95 774 ut
108 749 181 783 digna
197 749 356 783 prophetico
376 749 473 784 spiritu
488 749 627 777 valeamus
646 757 791 784 exponere.
810 749 843 775 Et

70 793 162 825 audivi,
179 794 281 829 inquit,
301 803 387 822 vocem
406 795 510 822 Domini
531 795 666 823 dicentis:
686 795 768 828 Quem
788 796 846 822 mit-

70 839 134 866 tam?
149 839 292 874 Postquam
315 846 448 876 purgatus
462 846 504 869 est
524 841 603 869 labiis
625 841 756 876 propheta
767 862 773 874 ,
796 849 845 876 pa-
861 831 882 858 Β

70 889 133 911 ratus
155 887 271 921 suscepit
295 887 478 914 ministerium
495 888 613 922 Domini,
630 892 657 915 et
677 888 742 914 dicit
762 897 768 914 :
788 886 844 922 Ego

70 938 134 963 tum,
152 931 222 958 mitte
237 940 287 958 me.
311 931 364 959 Sed
381 936 410 959 ut
429 933 548 967 paratior
571 938 642 961 esset
662 933 694 960 ad
712 933 774 965 hoc.
792 941 846 960 me-

70 976 447 1012 mineratvocisMoysis.Nant
462 985 489 1007 et
503 980 547 1008 ille
560 980 652 1007 eadem
671 984 749 1007 utens
767 988 843 1013 voce,

70 1024 130 1049 mitte
153 1032 191 1051 me
211 1024 251 1058 ⁸⁷,
271 1025 399 1060 princeps
418 1026 526 1060 populi,
543 1025 682 1060 judexque
706 1025 795 1052 {actus
819 1031 845 1053 et

70 1068 171 1097 famulus
186 1069 232 1097 Dei
251 1076 427 1105 nuncupatus
447 1076 498 1099 est.
521 1071 618 1098 Audivi
640 1075 731 1098 autem
752 1079 848 1105 quein-

70 1115 120 1141 dam
134 1113 272 1143 llebrazum
296 1120 476 1151 exponentem
496 1117 569 1144 hunc
588 1117 689 1151 locum,
704 1122 785 1152 atque
803 1118 844 1144 di-

70 1165 169 1193 centem,
184 1161 245 1196 quia
264 1162 381 1189 libenter
397 1162 506 1197 quidem
531 1162 676 1197 prophetes
691 1168 716 1191 et
731 1166 844 1198 paratus

70 1207 221 1241 prophetiam
238 1208 404 1243 suscepitad
420 1209 561 1242 populum,
578 1209 707 1243 ignorans
721 1217 781 1244 quae
798 1217 843 1236 es—

69 1257 118 1279 sent
135 1254 157 1280 ei
171 1253 297 1281 dicenda.
322 1253 408 1281 Porro
428 1255 544 1281 audiens
564 1253 650 1281 tristia
675 1262 735 1289 Quae
754 1258 845 1281 essent

69 1299 153 1332 populo
169 1301 333 1333 nuntianda,
350 1301 400 1327 hoc
413 1305 455 1327 est
469 1309 532 1327 aure
544 1301 668 1333 audietis,
687 1305 712 1327 et
731 1309 781 1327 non
800 1301 842 1327 ins

68 1344 189 1380 teltigetis,
209 1352 261 1373 etc.
274 1367 282 1378 ,
304 1347 332 1373 in
355 1347 532 1381 sequentibus
550 1347 652 1382 pigrior
671 1347 700 1374 lit
716 1357 721 1374 :
739 1347 844 1373 dicente

67 1390 86 1417 ei
103 1398 160 1419 voce
174 1391 220 1419 Dei
240 1402 246 1419 :
264 1393 379 1425 Clama,
400 1393 540 1427 respondit
558 1393 599 1426 ei,
619 1397 646 1419 et
663 1392 729 1420 dicit
748 1401 754 1419 :
774 1391 844 1424 Quid

65 1436 171 1465 clamabo
184 1439 205 1454 "
215 1438 226 1465 ?
238 1439 368 1465 Arbitror
383 1443 474 1466 autem
492 1438 550 1466 haec
565 1439 720 1473 prophetari
736 1439 769 1466 de
785 1438 844 1465 Sal-

65 1487 153 1516 I'atore,
168 1484 231 1519 quia
254 1483 380 1512 futurum
404 1491 463 1513 erat
482 1489 511 1511 ut
530 1485 671 1512 audientes
693 1492 745 1511 non
769 1485 845 1511 audi-

65 1535 125 1562 rent,
143 1535 170 1558 et
190 1530 318 1559 videntes
336 1539 389 1558 non
412 1532 543 1558 viderent.
565 1531 734 1558 Manifestius
761 1538 843 1565 porro

64 1575 102 1603 lict
113 1577 181 1611 quod
199 1578 319 1610 dicitur,
339 1578 362 1604 si
376 1578 581 1605 consideremus
601 1576 740 1612 paululum
754 1577 844 1604 locum

65 1621 134 1649 istum
151 1632 158 1649 :
177 1623 320 1650 Cernentes
341 1624 517 1658 aspicietis.et
533 1633 584 1651 non
601 1619 730 1652 videbitis.
751 1624 845 1652 Istius—

64 1668 126 1695 modi
145 1673 193 1696 est.
211 1668 348 1696 Videbam
362 1670 471 1704 quidem
488 1670 580 1697 videre
599 1675 664 1698 tunc
684 1679 771 1699 caecos
803 1680 846 1700 re-

64 1712 203 1747 spicientes,
220 1715 358 1742 rationem
370 1720 460 1742 autem
476 1715 589 1743 visionis
607 1717 776 1752 ignorabant.
791 1719 847 1746 Au-

65 1756 161 1785 diebant
170 1759 318 1793 parabolas
331 1767 401 1794 quas
411 1759 578 1786 dissolvebat
589 1765 694 1788 secreto
705 1761 847 1796 discipulis

66 1801 188 1832 Saliator.
209 1804 265 1840 Ipsi
281 1812 347 1833 vero
360 1812 415 1832 non
432 1805 592 1838 audiebant,
616 1807 768 1835 nescientes
788 1816 849 1843 quae

92 1905 114 1922 "
125 1907 208 1937 Exod.
227 1917 266 1943 tv,
280 1909 326 1937 15.
364 1909 388 1926 ⁵⁸
399 1909 461 1937 lsai.
480 1918 513 1936 ιι,
525 1930 533 1943 ,
559 1910 585 1937 6.
625 1911 648 1926 ⁵³
660 1910 756 1939 Matth.
776 1919 837 1946 xtII,
851 1911 879 1940 9.

667 93 701 121 ῐΝ
722 93 840 121 lSAlAM
861 92 1001 121 HOMlLlA
1024 93 1069 121 lx.

1634 97 1688 124 253

896 152 1068 185 dicebantur,
1083 156 1193 187 propter
1214 152 1268 180 hoc
1289 152 1437 181 testillcnns
1456 160 1505 182 eos
1521 153 1588 182 dixit
1606 163 1612 181 :
1634 155 1687 187 Qui

894 197 969 224 habet
990 206 1067 224 aures
1083 198 1226 232 audiendi,
1251 199 1344 225 audiat
1364 199 1397 227 ".
1418 198 1473 226 Nec
1494 200 1566 226 enim
1588 200 1686 234 privati

894 248 971 270 erant
991 243 1032 270 his
1049 243 1162 270 auribus
1173 263 1181 275 ,
1198 247 1228 270 ut
1244 251 1297 270 non
1315 243 1451 275 audirent.
1476 245 1524 271 sed
1543 245 1687 273 interiores

895 297 989 316 eorum
1006 296 1087 316 aures
1102 293 1221 324 gravatae
1233 293 1311 316 erant
1329 289 1363 316 ad
1375 289 1552 316 audiendutn.
1574 289 1688 326 Propter

896 335 947 362 hoc
959 335 1089 369 praedicat
1105 335 1156 368 eis,
1172 339 1198 362 et
1210 343 1257 369 per
1269 336 1427 370 prophetam
1445 336 1534 363 futura
1547 337 1686 371 prwfatur,

895 382 988 409 dicens
998 381 1080 416 (vers.
1096 381 1410 416 9,10):Aureaudietis,
1425 387 1449 409 et
1465 391 1515 409 non
1525 383 1687 418 intelligetis,

894 433 918 459 et
933 432 1065 454 cernentes
1082 427 1227 461 aspicietis,
1243 432 1267 454 et
1285 436 1335 454 non
1346 427 1425 463 124
1436 429 1564 456 ridebitis.
1581 428 1690 457 literas-

895 479 981 500 satum
997 478 1035 500 est
1061 473 1130 499 enim
1149 481 1194 499 cor
1204 473 1294 508 populi
1305 474 1392 510 hujus.
1414 474 1483 507 Quid
1500 475 1534 502 sit
1554 475 1604 502 hoc
1615 475 1688 510 quod

895 520 996 546 dicitur
1011 528 1017 546 :
1035 517 1221 545 Incrassatum
1243 524 1280 545 est
1302 509 1347 546 cor
1368 520 1457 553 populi
1478 520 1573 554 hujus,
1601 509 1687 556 inspi-

896 565 1013 592 ciamus.
1033 563 1169 591 Omnibus
1188 565 1235 599 qui
1256 565 1283 591 in
1304 566 1446 599 prtrsentis
1459 565 1521 592 vitae
1540 566 1614 594 curis
1629 575 1690 593 ver-

896 615 1004 642 santur,
1020 617 1067 637 cor
1082 609 1263 636 iucrassatum
1280 615 1322 638 est
1338 620 1345 637 :
1363 611 1433 638 haud
1449 611 1527 638 aliter
1540 612 1580 639 eis
1596 612 1645 647 qui
1660 613 1688 639 in

897 658 1075 686 Saecularibus
1092 662 1244 688 morantur,
1268 657 1449 684 incrassatum
1462 661 1503 685 cst
1518 665 1582 689 cor,
1605 666 1688 692 quam

897 704 918 730 si
935 711 949 730 a
964 705 1050 739 spinis
1060 708 1216 732 enecentur.
1235 702 1338 730 idcirco
1353 703 1508 738 pinguescit
1519 712 1576 735 cor,
1591 708 1618 730 et
1634 711 1688 730 nou

897 755 986 786 potest
1003 751 1135 779 tenuioris
1149 751 1262 786 spiritus
1278 750 1417 784 suscipere
1437 751 1574 777 notiones.
1591 750 1689 785 Fugin-

899 804 960 823 mus
979 804 1043 832 ergo
1069 805 1086 824 a
1109 797 1208 824 talibus
1224 796 1313 829 curis,
1331 801 1360 822 ut
1382 799 1551 822 attenuatum
1574 803 1620 822 cor
1639 803 1688 822 no-

897 849 983 872 strum
1001 843 1056 871 Deo
1071 845 1238 879 acccptahile
1260 844 1317 872 ﬁat.
1339 842 1488 878 Fugiamus
1511 847 1616 869 terrena
1639 850 1688 869 ue-

897 890 980 925 gotia.
997 889 1048 918 Ista
1074 895 1138 918 sunt
1152 890 1224 918 enim
1241 890 1340 925 quibus
1355 897 1403 916 cor
1423 889 1600 915 inerassatur.
1622 887 1690 914 Pro-

896 941 955 972 pter
971 937 1023 964 hoc
1044 944 1133 964 sermo
1148 936 1256 963 subtilis
1275 939 1351 968 erat,
1374 939 1403 961 ut
1425 934 1450 960 in
1471 933 1565 960 Exodo
1583 933 1604 948 ⁶⁰
1624 933 1694 960 scri-

896 981 969 1008 bitur
994 981 1027 1008 de
1047 988 1079 1008 eo
1101 981 1172 1015 quod
1198 981 1236 1007 ait
1251 989 1258 1008 :
1273 980 1435 1014 Quicunque
1457 978 1557 1005 fuerint
1581 982 1692 1012 propter

897 1026 1056 1053 tenuitatem
1084 1026 1174 1053 cordis
1196 1025 1347 1060 ejusmodi.
1370 1024 1414 1050 isti
1441 1023 1525 1050 Deum
1548 1024 1689 1052 videbunt.

896 1072 1008 1099 Talibus
1027 1072 1099 1099 enim
1125 1072 1211 1098 oculis
1226 1070 1297 1098 Deus
1313 1071 1431 1097 videtur.
1448 1069 1511 1096 Tria
1538 1074 1602 1096 sunt
1628 1077 1690 1103 qua.

895 1117 1024 1144 dicuntur
1040 1127 1045 1144 :
1062 1117 1249 1144 lncrussatnm
1274 1118 1343 1143 enim
1361 1122 1397 1143 est
1423 1124 1468 1142 cor
1486 1115 1576 1150 populi
1600 1116 1692 1150 hujus,

895 1169 918 1190 et
938 1163 1047 1190 auribus
1067 1164 1123 1190 suis
1146 1164 1263 1198 grauiter
1283 1163 1442 1194 audierunt,
1465 1167 1490 1189 et
1512 1162 1602 1189 oculos
1628 1170 1691 1189 suos

896 1209 1060 1237 clauserunt.
1082 1209 1204 1237 Possunt
1222 1213 1311 1236 autem
1325 1215 1351 1236 et
1371 1210 1448 1236 aliter
1461 1208 1631 1236 maniftstius
1646 1208 1688 1235 in-

896 1257 978 1291 telligi
995 1259 1055 1291 q‘uaa
1072 1257 1122 1284 hoc
1139 1257 1268 1284 dicuntur
1283 1257 1309 1284 in
1328 1257 1396 1284 loco.
1414 1257 1489 1284 Multi
1507 1257 1578 1283 enim
1594 1259 1688 1290 putant

896 1303 1073 1338 inspicientes
1088 1308 1229 1331 creaturas
1242 1323 1250 1335 .
1272 1308 1298 1331 et
1317 1303 1449 1331 mundum
1466 1303 1548 1330 istum
1568 1307 1686 1329 content-

896 1350 1012 1385 plantes,
1029 1350 1121 1376 videre
1137 1357 1166 1376 se
1182 1357 1224 1377 ea.
1237 1349 1270 1376 Et
1282 1350 1347 1385 quid
1363 1349 1424 1376 dico
1441 1349 1602 1375 hominum?
1619 1347 1688 1375 Ecce

895 1396 1030 1428 volucres,
1048 1401 1073 1423 et
1088 1395 1276 1430 quadrupedia
1296 1396 1388 1423 vident
1403 1396 1487 1423 solem
1503 1399 1529 1422 et
1544 1395 1648 1426 lunam,
1662 1398 1687 1421 et

897 1442 1055 1469 universum
1073 1442 1156 1468 simul
1172 1441 1270 1469 cmlum
1290 1449 1351 1469 eum
1369 1441 1510 1469 stellarum
1528 1441 1622 1473 choro,
1641 1439 1689 1467 sed

896 1487 1016 1514 rationes
1035 1494 1132 1514 eorum
1151 1494 1205 1514 non
1234 1487 1397 1522 intelligunt,
1421 1486 1471 1514 soli
1499 1493 1563 1512 vero
1581 1485 1648 1520 justi
1663 1490 1690 1515 et

897 1533 983 1560 sancti
999 1540 1048 1567 per
1066 1532 1206 1567 sapientia:
1234 1531 1280 1559 Dei
1310 1532 1441 1559 rationem
1459 1531 1690 1566 comprehenden-

899 1583 940 1607 tes
959 1579 1108 1613 inspiciunt
1138 1585 1182 1605 ea.
1208 1578 1270 1605 ldeo
1290 1577 1316 1604 iu
1335 1585 1382 1604 \‘lll
1405 1577 1474 1612 psal.
1493 1576 1576 1603 David
1596 1576 1662 1604 dicit
1680 1585 1689 1604 :

899 1626 1032 1659 Quoniam
1045 1624 1136 1651 videbo
1152 1624 1229 1651 ca-los
1243 1629 1312 1657 tuus,
1327 1632 1405 1658 opera
1418 1623 1561 1658 digitorum
1571 1627 1688 1654 tuorum,

899 1672 990 1699 tunam
1005 1676 1029 1698 et
1044 1672 1136 1698 stellas
1150 1678 1209 1706 quae
1222 1675 1249 1697 tu
1261 1670 1380 1704 fundasti
1395 1670 1426 1696 “.
1443 1669 1512 1702 Quid
1529 1669 1601 1696 enim
1617 1676 1690 1698 nunc

900 1717 1031 1753 propheta
1048 1725 1103 1744 non
1119 1717 1191 1744 videt
1204 1716 1303 1743 cmlum
1318 1720 1344 1743 et
1359 1715 1470 1743 lunam?
1485 1715 1537 1742 Sed
1551 1715 1602 1742 hoc
1615 1714 1690 1749 quod

901 1762 949 1796 ait,
973 1762 1073 1796 ridebo,
1094 1763 1118 1790 si
1136 1761 1508 1797 consideremus,poterimus
1528 1760 1687 1796 intelligere.

916 1911 940 1928 ‘°
955 1912 1020 1947 Cap.
1033 1919 1109 1940 utv.
1147 1911 1169 1928 “
1183 1911 1255 1939 Psal.
1274 1918 1332 1945 vni,
1349 1911 1377 1938 4.

63 2017 1671 2032 _.___________________—________________

703 2106 857 2165 MON
865 2107 1045 2164 [TUM

257 2227 336 2271 AD
374 2226 663 2272 OBIGENIS
701 2224 996 2272 HOMILIAS
1035 2225 1095 2269 IN
1133 2223 1465 2270 JEREMIAM.

90 2410 227 2448 Ieremiam
243 2421 279 2439 an
293 2411 374 2438 aliter
387 2411 676 2448 exposueritOrigenes
690 2421 770 2448 quam
785 2413 912 2446 homiliis,
927 2414 1055 2441 incertum
1072 2417 1122 2441 est.
1140 2411 1326 2448 Cassiodorus,
1345 2410 1389 2438 lib.
1405 2410 1495 2448 Ιηειὶιζ
1509 2410 1593 2448 divin.
1603 2430 1610 2442 ,
1620 2418 1685 2448 _rap.

61 2445 83 2477 3,
95 2447 210 2483 humilius
229 2448 264 2474 45
277 2444 424 2478 enumerat,
441 2455 499 2481 qua:
512 2444 751 2474 udhuevexstabaut
765 2448 866 2475 Rabani
882 2444 970 2476 Mauri
984 2448 1154 2483 temporibus,
1169 2448 1208 2474 uti
1220 2447 1347 2483 discimus
1359 2453 1391 2472 ea:
1403 2446 1461 2483 ejus
1474 2444 1557 2479 Prw].
1571 2445 1597 2471 in
1611 2444 1687 2471 Jere-

62 2483 141 2508 iniam.
168 2482 326 2509 Trieesimw
343 2490 419 2508 nona:
435 2480 612 2516 fragmentum
633 2483 735 2509 exhibet
754 2483 913 2511 Philocalia.
936 2480 1141 2516 Quatuordecim
1161 2482 1270 2516 confuso
1289 2481 1381 2508 ordine
1400 2480 1495 2506 Latine
1517 2489 1532 2506 η
1551 2488 1578 2506 se
1591 2488 1686 2516 persas

61 2517 133 2554 fuisti:
147 2523 260 2554 testatur
273 2514 452 2554 Hieronymus
466 2516 549 2554 Prwf.
563 2518 590 2554 in
607 2516 779 2554 Eur/delent,
792 2527 874 2553 neque
886 2514 974 2554 plures
993 2519 1024 2546 ab
1041 2527 1070 2546 eo
1081 2518 1176 2554 Latine
1190 2514 1306 2554 redditas
1319 2516 1420 2554 uidisse
1427 2524 1453 2542 se
1463 2519 1574 2554 testatur
1584 2514 1686 2554 Cassio—

60 2552 130 2580 dorus
148 2553 206 2579 loco
221 2561 306 2586 supra
320 2549 412 2578 (italo.
429 2549 612 2579 Noremdecim
627 2553 719 2580 deinde
731 2553 820 2580 Greece
831 2549 860 2580 in
875 2549 963 2580 codice
981 2553 1143 2581 Seorialensi
1166 2553 1271 2586 reperit,
1289 2560 1382 2585 easque
1400 2550 1489 2586 Grrece
1506 2549 1686 2586 adjunctarin-

61 2590 237 2619 terpretatione
253 2584 305 2615 sua
318 2586 428 2618 Latina,
438 2587 588 2621 Antuerpite
604 2596 672 2614 anno
687 2588 766 2621 1548,
777 2588 859 2615 edidit
871 2589 1011 2616 Corderius
1024 2589 1070 2615 sub
1086 2584 1284 2614 nomine-sancti
1301 2584 1397 2620 Cyrilli
1408 2585 1591 2621 Alegandrini,
1605 2585 1648 2610 cui
1657 2584 1685 2610 in

61 2623 138 2650 codice
153 2623 338 2656 manuscripto
361 2623 490 2655 ascriptus
505 2619 623 2655 viderat;
641 2623 695 2649 sed'
709 2619 806 2650 codicis
819 2624 850 2650 de
865 2624 980 2650 auctoris
993 2624 1095 2650 nomine
1108 2630 1222 2649 errorem
1235 2621 1314 2656 facile
1329 2621 1426 2647 detexit
1440 2619 1563 2656 Huetius,
1583 2625 1639 2656 tum
1653 2626 1686 2646 ea:

61 2666 84 2693 ro
100 2658 163 2692 quod
179 2654 322 2693 duodecim
332 2656 393 2690 jam
404 2665 422 2693 Va
432 2654 508 2693 beato
522 2656 684 2691 Hieronymo
695 2657 788 2685 Latine
800 2659 917 2685 redditas
930 2659 1011 2693 fuisse
1027 2659 1150 2693 advertit,
1165 2662 1220 2693 tum
1235 2654 1307 2693 quod
1321 2656 1383 2693 alia:
1394 2660 1490 2690 septem
1504 2654 1592 2693 Greece
1605 2654 1684 2693 etiam

61 2692 83 2728 i_n
98 2689 186 2728 codice,
209 2689 343 2728 Vaticano
364 2692 408 2728 ubi
425 2691 532 2728 Origeni
553 2689 730 2728 ascribuntur,
747 2698 856 2728 τέρεν-ιω
873 2689 976 2728 fuerant
993 2702 1009 2720 a
1031 2689 1300 2728 Mieltaele_Ghislerio
1316 2691 1361 2725 qui
1374 2689 1485 2728 cassum
1500 2690 1528 2716 in
1542 2689 1685 2728 Jeremiupl

59 2725 156 2755 Calen-ie
168 2727 261 2755 Greece
276 2735 307 2754 ac
322 2725 417 2753 Latine
427 2724 545 2763 inseruit.
559 2727 582 2753 Ε
591 2724 801 2763 guatuordecim.
814 2724 879 2761 quas
895 2725 1078 2763 interpretatus
1089 2732 1127 2754 est
1146 2726 1434 2763 Hieronymus,textus
1447 2725 1554 2763 erctta
1565 2724 1686 2763 secundm

61 2766 80 2786 tt
97 2768 176 2790 tertiae
188 2772 234 2790 nec
253 2767 373 2797 repertus
389 2762 466 2797 estin
479 2763 566 2788 codice
585 2760 756 2795 Scorialensi,
786 2760 830 2790 nee
845 2764 871 2790 in
891 2760 1029 2790 Vaticano.
1050 2762 1192 2797 Utramque
1211 2763 1238 2788 in
1257 2760 1348 2787 lluetii
1364 2760 1477 2797 editione
1488 2761 1612 2797 antissent
1621 2761 1688 2797 post

62 2803 81 2834 ρ’
91 2799 226 2824 remdecim
242 2793 352 2834 Graecas
367 2796 537 2834 pfoferimus,
548 2798 635 2832 ibique
649 2793 772 2824 addimus
789 2798 904 2834 Itomilire
924 2799 1062 2825 tricesima:
1082 2793 1156 2834 aonie
1178 2797 1353 2834 fragmentum
1368 2794 1488 2834 Crtecunt
1500 2794 1570 2834 guod
1583 2793 1685 2820 exhibet

63 2830 94 2858 Ρη
107 2834 209 2867 localia,
231 2841 291 2867 cup.
314 2829 516 2860 l0.'Prtvterea
536 2829 804 2868 rum'quatuor-derint
823 2833 945 2861 homitius
962 2833 1053 2860 ordine
1071 2829 1182 2867 confuso
1199 2829 1384 2866 interpretatus
1397 2829 1477 2864 fuerit
1496 2829 1683 2862 Hieronymus,
