1879 3046
69 179 116 205 957

685 176 718 203 ΙΝ
736 175 910 204 JEREMIAM
933 175 1074 202 HOMIIJA
1096 177 1116 203 l.

69 237 162 274 ᾓρξατο
174 235 359 273 προφητεύειν
368 236 397 263 ὲν
408 237 526 272 ἡμέραις
543 235 655 268 Ἰωσίου,
668 237 727 264 υἰοῦ
751 237 847 273 ’Λμὼςι

939 244 964 264 re
978 236 1004 264 in
1024 237 1121 264 diebus
1135 237 1226 270 Josim,
1249 237 1296 264 l‘lii
1309 238 1404 270 Amos,
1427 238 1498 274 regis
1514 237 1593 271 Juda,
1614 247 1701 275 usque

71 283 193 318 βασιλέως
226 282 323 315 Ἰούδα,
347 282 400 315 ἕως
421 282 497 315 ἔτους
521 282 746 319 τρισκαιδεκάτου
769 285 798 310 ἐν
818 282 852 319 τῇ

71 329 183 365 βασιλείᾳ
204 328 300 356 αὑτοῦ·
319 327 378 356 εἶτα
394 329 503 364 ἐγένετο
519 330 547 356 ὲν
565 331 626 362 ταῖς
641 330 757 366 ἡμέραις
779 329 854 357 Ἰωα-

71 375 137 410 κείμ,
161 374 221 402 υίοῦ
245 375 359 408 Ἰωσίου,
385 373 518 411 βασιλέως
552 375 648 408 Ἰούδα,
674 375 853 412 προφητεύων

70 419 116 451 ἕως
138 420 186 456 τῆς
210 421 366 454 συντελείας
387 421 435 448 τοῦ
460 421 604 449 ἑνδεκάτου
623 421 700 454 ἔτους
717 423 852 453 Σεδεκίου,

71 467 120 494 υἱοῦ
139 467 252 500 Ἰωσίου,
269 468 401 503 βασιλέως
423 468 516 495 Ἰούδα.
534 469 589 495 Καὶ
603 468 713 504 ἔμαθον,
727 469 767 495 ὄτι
784 469 854 496 κατὰ

69 515 136 549 τρεῖς
150 513 271 549 βασιλεῖς
283 515 300 550 ἡ
317 514 470 551 προφητεία
486 514 567 542 αὑτοῦ
585 515 778 548 συνεξέτεινεν,
801 515 854 547 ἕως

69 561 112 595 τῆς
130 560 317 596 αἰχμαλωσίας
342 561 521 597 Ἰερουσαλὴμ
538 562 566 588 ὲν
582 561 622 596 τῷ
640 561 760 597 πέμπτῳ
777 561 851 597 μηνί.

70 603 98 632 Τί
110 604 152 633 οὖν
167 607 211 634 διὰ
229 607 333 634 τούτων
347 607 539 643 διδασκόμεθα,
556 607 603 634 ἐὰν
624 607 805 643 προσέχωμεν
819 608 853 644 τῇ

69 653 212 688 ἀναγνώσει
225 662 232 687 ;

99 699 280 727 Κατεδίκασεν
295 700 310 727 ὸ
321 699 386 732 Θεὸς
397 699 446 736 τὴν
468 699 647 736 Ἰερουσαλὴμ
661 699 706 727 6Ἱά
721 699 756 728 τά
765 700 855 737 ἀμαρ-

69 745 169 782 τήματα
186 745 285 780 αὐτῆς,
306 745 354 772 καὶ
365 742 436 782 ἦσαν
453 746 595 782 κριθέντες
609 746 650 778 εἰς
664 745 854 782 αἰχμαλωσίαν

70 790 319 826 ἐγκαταλειφθῆναι.
329 789 423 826 Ὅμως
433 791 448 816 ὁ
461 790 652 827 φιλάνθρωπος
662 790 739 823 Θεὺς,
747 792 790 818 ὲνε
795 799 856 827 στη-

70 835 139 868 κότος
156 834 202 863 τοῦ
222 835 333 873 καιροῦ,
351 836 456 872 πέμπει
472 837 520 863 καὶ
534 836 629 864 τοῦτον
646 837 692 864 τὸν
712 838 855 873 προφήτην

70 880 186 917 ἀνωτέρω
196 881 295 917 τρίτης
311 880 448 916 βασιλείας
463 881 513 918 τῆς
529 882 576 908 ἐπὶ
589 882 639 918 τῆς
652 883 852 918 αἰχμαλωσίας.

905 282 938 310 ad
961 290 1063 310 annum
1089 283 1199 311 tertium
1224 283 1360 312 decimum
1387 285 1462 320 regni
1495 285 1574 321 ejus;
1603 285 1702 315 deinde

905 328 1107 364 prophetaverit
1129 329 1157 356 in
1183 329 1280 357 diebus
1294 329 1431 362 .loachim,
1449 330 1496 357 lilii
1514 330 1606 363 Josim,
1629 332 1702 367 regis

904 373 992 408 .lutla,
1010 383 1097 410 usque
1121 375 1154 402 ad
1180 376 1445 403 consummationem
1471 376 1609 404 undecimi
1635 378 1703 405 anni

907 420 1026 448 Sr-decia)
1046 421 1093 448 ﬁlii
1117 420 1212 455 Josim,
1240 421 1311 457 regis
1335 421 1415 449 Juda.
1445 421 1478 449 Et
1502 422 1595 458 legens
1617 422 1702 451 didici

905 466 969 501 quia
993 474 1041 502 per
1064 472 1118 494 tres
1145 475 1222 503 reges
1249 468 1390 502 prophetia
1411 467 1471 503 ejus
1493 473 1620 496 contexta
1643 469 1699 502 sit,

907 519 994 547 usque
1009 513 1042 539 ad
1057 512 1241 548 captivitatem
1259 511 1428 540 Hierusalem
1443 513 1470 540 in
1485 513 1581 549 quinto
1595 522 1700 543 mense.

905 556 975 590 Quid
992 566 1057 593 ergo
1074 559 1205 586 docemur
1225 565 1274 594 per
1289 559 1358 594 haec,
1381 560 1403 587 si
1424 559 1533 588 lectioni
1553 561 1639 589 simus
1659 561 1702 588 in-

906 604 992 630 tenti?

940 693 968 721 3.
988 693 1224 722 Condetnnaverat
1241 695 1312 724 Deus
1328 696 1496 725 Hierusalem
1510 703 1622 733 propter
1639 705 1702 733 pec-

905 744 966 767 cata
979 747 1040 775 quae
1056 740 1167 773 fecerat,
1185 747 1213 768 et
1225 741 1282 769 haec
1296 748 1355 770 erat
1369 748 1491 770 extrema
1507 745 1652 779 sententia,
1671 749 1703 773 ut

906 786 1055 820 captivitati
1084 787 1303 821 relinquerentur
1332 789 1382 823 (7).
1421 788 1613 817 Verumtamen
1637 797 1701 818 cum

906 831 1049 859 hominum
1073 832 1107 860 sit
1131 837 1247 866 amator,
1267 842 1317 861 nec
1331 842 1497 870 quemquam
1514 836 1579 863 velit
1600 837 1700 871 perire,

907 883 1054 914 antequam
1070 879 1290 914 depopulatiouis
1308 884 1416 915 tempus
1439 881 1567 915 instaret,
1583 882 1660 909 misit
1674 885 1702 910 et

73 925 164 952 Ἐδίδου
175 925 229 962 γάρ
244 926 345 962 ἀνοχὴν
355 926 369 953 ὁ
382 926 557 962 μακρόθυμος
569 926 647 959 Θεὸς,
662 928 709 954 καὶ
719 927 774 964 πρὸ
790 928 847 963 μιᾶς

939 932 981 952 Inc
1004 925 1176 960 prophetam,
1197 930 1226 952 ut
1248 933 1297 960 per
1316 933 1457 954 sermones
1478 926 1538 962 ejus
1559 928 1592 955 ad
1613 928 1702 962 poeni-

69 971 174 1008 ὴμέρας,
191 972 229 1004 ὡς
243 971 319 998 ἐστιν
340 973 437 1004 εἰπεῖν,
455 973 505 1008 τῆς
519 972 719 1007 αἰχμαλωσίας,
734 972 852 1009 προτρέ-

70 1025 120 1044 πων
132 1018 273 1054 μετανοεῖν
285 1017 349 1049 τοὺς
365 1017 524 1050 ἀκούοντας,
543 1018 586 1044 ῐνα
605 1017 745 1054 παύσηται
755 1019 790 1046 τὰ
803 1018 852 1054 τῆς

70 1064 244 1099 αἰχμαλωσίας
277 1063 464 1100 Ἰερουσαλὴμ,
488 1063 692 1100 προεφήτευσεν
720 1063 853 1100 Ἱερεμίας

69 1108 114 1142 ἕως
125 1109 170 1137 τοῦ
181 1109 311 1145 πέμπτου
326 1109 418 1145 μηνός.
437 1108 558 1144 Ἤρξατο
570 1109 587 1144 ἠ
604 1109 788 1144 αἰχμαλωσία,
806 1109 853 1136 καὶ

69 1155 103 1182 ἔτι
124 1152 380 1191 προεφήτευεν-οἷον
394 1155 490 1190 λέγων·
513 1154 686 1190 Αίχμάλωτοι
711 1155 852 1189 γεγόνατεο

69 1203 113 1229 κάν
125 1201 193 1229 οὕτω
216 1202 422 1238 μετανοήσατε·
448 1202 674 1237 μετανοησάντων
695 1201 750 1238 γὰρ
774 1200 854 1237 ὑμῶν

69 1248 94 1274 οὐ
106 1247 230 1283 προκόψει
246 1247 282 1275 τὰ
297 1249 346 1283 τῆς
369 1247 568 1283 αἰχμαλωσίας,
585 1247 654 1274 ἀλλά
667 1247 697 1274 τὸ
715 1247 789 1279 ελιος
805 1246 852 1274 τοῦ

69 1294 126 1321 Θιοῦ
142 1294 356 1330 ὲπισταθὴσεται
367 1294 439 1329 ὑμῖν.
458 1294 576 1329 Ἔχομεν
589 1291 635 1320 οὖν
651 1293 786 1328 χρήσιμον
798 1292 853 1319 ἀπὸ

68 1340 111 1375 τῆς
120 1340 281 1377 ἀναγραφῆς
293 1339 408 1375 ἐχούσης
415 1339 478 1371 τοὺς
488 1339 600 1375 χρόνους
609 1339 660 1374 τῆς
671 1339 851 1375 προφητείας,

67 1386 103 1413 ὅτι
114 1387 261 1423 προτρέπει
279 1385 350 1412 κατὰ
364 1385 567 1421 φιλανθρωπίαν
575 1384 673 1412 ἑαυτοῦ
684 1386 698 1412 ό
712 1384 778 1417 Θεὸς
788 1386 852 1417 τοὺς

68 1433 203 1465 ἀκούοντας
220 1433 260 1469 μὴ
283 1431 380 1459 παθεῖν
401 1432 436 1458 τὰ
454 1432 504 1467 τῆς
519 1431 718 1467 αἰχμαλωσίας.
734 1430 852 1458 Τοιαῦτα

67 1477 180 1514 καὶπερὶ
193 1478 271 1513 ἡμᾶς
287 1477 371 1504 ἐστιν’
386 1477 433 1504 ἐὰν
447 1477 662 1512 ἁμαρτάνωμεν,
681 1475 851 1512 αἰχμάλωτοι

67 1523 108 1549 καὶ
119 1523 196 1559 ἡμεῖς
216 1522 353 1559 μέλλομεν
367 1521 504 1557 γίνεσθαι’
516 1522 548 1549 τὺ
559 1521 614 1558 γὰρ
625 1522 792 1559 παραδοῦναι
804 1522 850 1549 τὺν

67 1569 175 1596 τοιοῦτον
190 1569 233 1605 τῷ
252 1569 364 1604 σατανᾷ,
378 1568 455 1595 οὐδὲν
473 1568 596 1604 διαφέρει
611 1568 659 1595 τοῦ
680 1567 850 1604 παραδοῦναι

905 971 1019 999 tentiam
1036 977 1279 1005 converterentur;
1302 972 1379 1000 misit
1397 973 1522 1000 eumdem
1544 978 1572 1001 et
1591 974 1644 1001 sub
1657 981 1701 1002 se-

904 1017 996 1045 cundo
1010 1025 1073 1052 rege
1090 1023 1150 1052 post
1170 1018 1287 1053 primum
1298 1039 1305 1051 ,
1321 1019 1398 1046 misit
1412 1027 1522 1055 quoque
1542 1021 1593 1048 sub
1608 1021 1700 1049 tertio.

904 1060 976 1096 Quid
1003 1063 1100 1098 plura?
1120 1063 1179 1091 Jam
1196 1065 1341 1100 captivitas
1362 1065 1544 1099 imminebat,
1564 1071 1591 1095 et
1610 1068 1702 1096 adhuc

904 1109 1102 1136 adhortabatur
1115 1109 1187 1138 Deus
1201 1110 1335 1144 tribuens,
1359 1115 1390 1138 ut
1412 1112 1450 1139 ita
1467 1112 1554 1140 dicant
1566 1133 1574 1145 ,
1594 1117 1623 1141 et
1638 1118 1702 1142 ante

904 1163 988 1183 unam
1003 1155 1074 1183 diem
1093 1156 1182 1183 locum
1198 1156 1366 1191 poenitentia:
1386 1166 1393 1184 :
1413 1158 1484 1186 unde
1499 1160 1630 1194 scriptum
1646 1164 1700 1193 est,

905 1209 992 1236 usque
1014 1202 1047 1229 ad
1073 1202 1259 1237 captivitatem
1286 1202 1477 1238 Hierusalem,
1502 1209 1529 1232 et
1556 1213 1644 1241 usque
1666 1207 1701 1235 ad

903 1247 1028 1283 quintum
1046 1254 1168 1276 mensem
1188 1249 1364 1284 prophetasse
1385 1249 1541 1278 Jeremiam.
1563 1250 1622 1279 Iam
1649 1252 1701 1280 ho-

903 1293 986 1321 stium
1001 1293 1110 1322 vincula
1131 1295 1329 1323 restrinxerant
1347 1304 1456 1330 manus,
1476 1303 1503 1325 et
1519 1297 1700 1327 nihilominus

905 1338 964 1367 haec
980 1340 1181 1374 quodammodo
1194 1340 1302 1368 dicebat
1317 1341 1389 1369 Deus
1405 1352 1412 1369 :
1431 1341 1500 1370 Ecce
1519 1344 1618 1379 captivi
1634 1344 1699 1373 facti

902 1385 985 1418 estis;
1003 1385 1074 1421 agite
1087 1406 1095 1420 ,
1124 1386 1187 1414 licet
1201 1394 1280 1421 sero,
1303 1388 1508 1423 paenitentiam;
1528 1394 1621 1425 rogate
1637 1398 1699 1425 me,

906 1435 933 1457 et
955 1437 1066 1465 parcam
1088 1431 1184 1465 vobis;
1206 1439 1318 1468 possum
1348 1441 1444 1462 eruere
1464 1434 1498 1462 dc
1524 1435 1698 1471 captivitate,

901 1475 948 1511 qui
977 1477 1086 1504 tradidi.
1117 1476 1256 1506 Habemus
1292 1479 1383 1514 itaque
1414 1480 1544 1515 quiddam
1572 1489 1699 1510 necessa-

901 1522 972 1550 rium
987 1522 1026 1558 (8)
1040 1531 1073 1551 ex
1090 1525 1321 1559 superscriptione
1339 1525 1401 1557 ista,
1418 1534 1479 1561 quae
1497 1527 1618 1555 continet
1630 1532 1700 1555 tem-

901 1576 967 1604 pora
983 1570 1143 1605 prophetiae,
1159 1571 1223 1606 quia
1235 1571 1312 1605 juxta
1325 1579 1402 1600 suam
1417 1573 1588 1601 clementiam
1601 1574 1701 1602 exhor-

65 1613 120 1645 τοὺς
139 1614 191 1641 ἀπὺ
210 1613 394 1651 Ἰερουσαλὴμ
415 1613 454 1650 τῷ
472 1613 719 1651 Ναϐουχοδονόσορ·
736 1614 774 1646 ὡς
796 1614 847 1651 γὰρ

939 1604 1071 1645 Luereus
1090 1626 1196 1654 semper
1213 1619 1337 1647 homines
1362 1620 1395 1646 ad
1418 1620 1533 1648 salutem
1547 1641 1555 1653 ,
1577 1626 1607 1649 ut
1637 1629 1699 1649 ces-

67 1660 154 1688 ὲκείνοι
165 1659 364 1697 παραδέδονται
380 1659 424 1687 διὰ
439 1660 489 1696 τῆς
502 1660 641 1696 ἁμαρτίας
653 1660 692 1696 τῷ
711 1659 851 1696 Ναϐουχο-

67 1707 175 1744 δονόσορ,
191 1707 242 1735 καὶ
261 1706 316 1740 οὓς
331 1705 484 1741 παρέδωκε
498 1705 540 1739 τῷ
564 1705 692 1739 σατανᾷ,
717 1706 768 1733 ἵνα
785 1713 853 1733 παι-

67 1752 183 1782 δευθῶσι
195 1753 243 1790 μὴ
260 1753 465 1788 βλασφημεῖν,
481 1752 548 1789 φησὶ
567 1753 631 1789 περὶ
654 1752 741 1780 ἀλλων
762 1753 853 1789 ἁμαρ-

67 1799 149 1827 τωλῶν
168 1802 182 1827 ὁ
203 1799 378 1832 Ἀπὸστολος.

905 1667 983 1691 same
1007 1663 1108 1692 delicto
1132 1664 1214 1692 etiam
1247 1665 1392 1700 captivitas
1424 1667 1609 1701 conquiescat.
1636 1666 1700 1695 Haec

905 1714 997 1737 autem
1011 1713 1038 1737 et
1058 1710 1092 1738 dc
1108 1711 1187 1738 nobis
1209 1719 1357 1746 possumus
1373 1712 1524 1748 intelligere
1541 1722 1547 1740 :
1562 1714 1585 1741 si
1601 1721 1700 1749 pecca-

905 1756 1037 1789 verimus,
1059 1761 1086 1784 et
1100 1765 1150 1785 nos
1163 1758 1261 1793 captivi
1275 1758 1360 1786 futuri
1377 1766 1484 1787 sumus.
1505 1758 1611 1786 Etenim
1629 1759 1700 1787 tradi

905 1805 1077 1837 peccator-em
1094 1801 1202 1830 Satana:
1218 1803 1239 1837 ⁸,
1255 1803 1322 1831 nihil
1343 1804 1426 1831 distat
1438 1805 1472 1832 ab
1484 1812 1517 1832 eo
1529 1805 1600 1840 quod
1613 1804 1698 1833 Judaei

68 1852 124 1874 sunt
141 1849 234 1876 traditi
263 1847 523 1876 Nabuchodonosor.
541 1845 632 1882 thue
652 1847 714 1876 illos
730 1847 801 1876 Deus
819 1848 859 1885 (9)
876 1851 1013 1878 concessit
1033 1850 1200 1884 adversario,
1224 1856 1334 1887 propter
1358 1852 1514 1887 frequentes
1531 1853 1699 1888 impietatu;

69 1893 103 1921 sic
123 1902 171 1923 nos
192 1900 308 1931 propter
329 1899 438 1931 peccata
468 1903 530 1930 qua:
555 1894 691 1929 fecimtts,
717 1895 852 1924 tradimur
878 1898 995 1933 spiritali
1019 1897 1272 1927 Nabuchodonosor
1294 1909 1301 1927 :
1322 1903 1349 1927 et
1372 1908 1437 1935 quos
1459 1901 1577 1934 tradidi,
1598 1901 1698 1937 inquit,

71 1939 179 1975 Satamz,
196 1948 229 1970 ut
241 1943 346 1971 discant
363 1951 413 1970 non
433 1941 615 1977 blasphemare
626 1942 647 1976 ',
663 1942 811 1978 Apostolus
823 1944 857 1972 de
872 1945 934 1973 aliis
946 1946 1146 1980 peccatoribus.
1198 1946 1200 1949 ’

99 1990 163 2026 Ὅρα
179 1988 228 2017 οὖν
247 1989 362 2025 πηλίκον
379 1990 462 2017 κακόν
480 1990 538 2016 ἐστι
557 1989 588 2016 τὸ
605 1990 783 2025 ἁμαρτάνειν,
808 1990 852 2017 ῐνα

70 2036 233 2072 παραὼθῶσι
251 2035 292 2072 τῷ
311 2037 423 2072 σατανᾷ,
443 2035 670 2071 αίχμαλωτίζοντι
692 2035 742 2068 τάς
761 2035 851 2071 ψυχὰς

69 2082 114 2110 τῶν
131 2081 403 2118 ὲγκαταλειπομένων
422 2082 476 2109 ὑπὸ
496 2081 565 2109 θεοῦ
576 2090 582 2097 ·
609 2082 659 2109 οὐκ
676 2082 805 2114 ἀναιτίως
822 2082 851 2110 δὲ

70 2130 194 2165 κάκρίτως
217 2128 447 2164 ἐγκαταλιπόντος
468 2127 535 2155 Θεοῦ
554 2119 600 2160 οῦς
623 2128 848 2162 ὲγκαταλέλοιπε.

75 2175 148 2202 sm
164 2176 220 2212 γὰρ
237 2174 334 2210 πέμψῃ
353 2174 398 2201 τὸν
411 2174 488 2201 ὑετὸν
501 2175 548 2201 ἐπὶ
561 2173 607 2201 τὸν
619 2173 780 2210 ἀμπελῶνα,
796 2174 811 2201 ὀ
821 2174 850 2201 δὲ

70 2222 188 2258 ἀμπελὼν
209 2221 284 2258 φέρῃ
308 2220 368 2248 ἀντὶ
385 2219 523 2256 σταφυλῆς
544 2219 675 2251 ἀκάνθας,
695 2219 722 2246 τί
742 2220 851 2255 ποιήσει

69 2268 82 2294 ὁ
99 2269 168 2302 Θεὸς,
190 2270 208 2306 ἢ
232 2269 294 2301 ταῖς
315 2267 440 2303 νεφέλαις
459 2267 605 2294 ἐντελεῖται
626 2266 674 2294 τοῦ
698 2267 735 2303 μὴ
757 2267 851 2303 βρέξαι

939 1993 967 2020 4.
987 1992 1056 2020 Puta
1069 1998 1202 2028 quantum
1220 1993 1322 2021 malum
1344 1998 1386 2022 est
1403 2002 1526 2030 peccare.
1541 2000 1570 2023 ut
1588 1996 1699 2025 tradan-

905 2042 949 2066 tur
963 2038 1020 2074 (l0)
1038 2037 1146 2066 Satante
1163 2039 1310 2075 captivanti
1326 2039 1432 2068 animos
1444 2048 1538 2068 eorum
1554 2042 1600 2077 qui
1615 2042 1699 2070 relin-

904 2089 1027 2119 quuntur
1043 2092 1058 2111 a
1075 2083 1131 2111 Deo
1146 2093 1152 2111 :
1169 2092 1223 2112 non
1241 2086 1302 2112 sine
1321 2092 1403 2113 causa
1419 2090 1522 2120 autem,
1538 2095 1625 2123 neque
1640 2089 1700 2116 sine

901 2130 1005 2166 judicio
1028 2130 1083 2158 Deo
1109 2131 1279 2166 relinquente
1302 2139 1372 2166 quos
1396 2132 1506 2160 deserit.
1533 2132 1601 2160 Cum
1624 2135 1698 2162 enim

903 2177 1009 2205 miserit
1030 2178 1150 2212 pluviam
1175 2185 1258 2212 super
1278 2178 1398 2212 vineam,
1423 2183 1451 2207 et
1473 2179 1554 2207 vinea
1575 2187 1624 2215 pro
1645 2188 1698 2209 uva

903 2224 1024 2251 attulerit
1045 2225 1149 2259 spinas,
1178 2224 1242 2259 quid
1264 2223 1345 2253 faciet
1367 2225 1420 2252 nisi
1436 2229 1466 2253 ut
1483 2225 1595 2254 mandet
1617 2227 1698 2254 nubi-

903 2269 965 2302 bus,
976 2277 1009 2297 ne
1022 2270 1117 2305 pluant
1129 2278 1212 2305 super
1222 2278 1281 2298 eam
1295 2271 1429 2299 imbrem?
1439 2271 1610 2308 Quapropter
1618 2272 1697 2308 127

71 2315 137 2342 ὑετὸν
158 2316 204 2343 ἐπὶ
229 2315 275 2342 τὸν
299 2313 467 2351 ἀμπελῶνα;
491 2314 644 2341 Ἐπίκειται
667 2311 714 2340 οὖν
740 2313 784 2340 διὰ
803 2314 847 2346 τὰς

950 2315 1077 2350 proximo
1088 2320 1131 2343 est
1143 2320 1255 2351 propter
1270 2315 1369 2343 delicta
1383 2321 1489 2348 nostra,
1510 2324 1626 2351 quorum
1645 2325 1696 2344 no-

70 2362 194 2398 ἁμαρτίας
215 2361 295 2398 ἡμῶν
311 2361 358 2388 καὶ
371 2361 439 2397 ἡμῖν
452 2359 634 2396 αίχμαλωσία,
652 2361 699 2386 καὶ
720 2359 852 2396 μέλλομεν

71 2409 265 2443 παραδίδοσθαι,
275 2407 323 2434 ἐὰν
331 2407 368 2443 μὴ
376 2406 559 2443 μετανοῶμεν,
568 2405 607 2442 τῷ
615 2405 851 2442 Ναϐουχοδονόσορ

71 2453 171 2487 καὶτοῖς
184 2453 379 2485 Βαϐυλωνίοις,
395 2452 439 2480 ἴνα
451 2453 526 2488 ἡμᾶς
541 2451 716 2488 σπαράξωσιν
726 2451 750 2478 oi
761 2451 852 2487 νοητοὶ

71 2497 235 2526 Βαϐυλώνιοι.
255 2497 452 2533 Ἐπικειμένων
465 2497 579 2529 τούτων,
593 2498 618 2524 οἱ
629 2497 703 2532 λόγοι
715 2496 770 2523 τῶν
783 2506 851 2532 προ-

71 2542 162 2578 φητῶν,
177 2543 203 2570 οἱ
220 2543 295 2577 λόγοι
314 2541 361 2569 τοῦ
377 2542 469 2578 νόμου,
487 2543 512 2569 oi.
525 2542 599 2576 λόγοι
611 2542 664 2569 τῶν
681 2541 848 2575 ἀποστόλων,

100 2602 130 2629 ⁸1
146 2602 210 2630 Cor.
224 2610 250 2633 ν,
268 2602 294 2629 5.
332 2602 343 2618 ⁸
358 2600 368 2628 Ι
398 2601 469 2628 Tim.
483 2609 502 2635 ι,
516 2601 561 2629 20.

100 2661 136 2695 (7)
154 2662 219 2691 Mss.
234 2662 322 2697 Regii,
335 2662 553 2698 relinquerentur.
575 2662 654 2690 Libb.
668 2662 732 2690 edit.
744 2683 752 2696 ,
773 2663 855 2690 relin-

70 2703 192 2731 queretur,
206 2703 234 2726 et
249 2698 333 2730 infra,
351 2698 386 2724 ad
403 2698 584 2732 ρωηὶιειιιίαηι
600 2702 802 2725 converteretur.

101 2733 136 2768 (8)
155 2732 232 2767 Mss.,
246 2733 374 2768 quiddam
388 2733 576 2761 ttecexsun'um.
591 2733 669 2760 Libb.
683 2733 750 2761 edit.
759 2753 767 2766 ,
779 2740 852 2768 qure-

70 2767 125 2794 dam
138 2767 294 2796 necessaria.

102 2803 136 2838 (9)
157 2802 239 2839 thue
260 2803 321 2832 illos
337 2803 419 2838 Deus,
435 2808 489 2832 etc.
508 2802 568 2831 Non
583 2804 674 2831 omnia
691 2810 752 2839 quae
769 2802 851 2839 habet

72 2836 116 2864 hoc
126 2836 188 2875 loco
196 2836 387 2875 Hieronymus
397 2836 416 2870 ,⁷
429 2842 608 2875 reprs'sentat
618 2836 715 2866 conte}:
720 2843 763 2866 tus
775 2838 850 2866 Grae-

72 2873 278 2909 cushodiernus,
293 2873 321 2902 iit
334 2881 391 2909 quo
408 2873 514 2901 videtur
525 2881 587 2901 esse
602 2873 704 2901 hiatus.

102 2908 155 2945 (l0)
175 2903 403 2938 Tradatitur.'$ic
419 2909 505 2938 codex
521 2909 726 2938 Gemeticensis.
741 2907 771 2938 ιιι
788 2903 858 2937 ιιιίίέ

904 2360 946 2389 bis
963 2362 1066 2389 conscii
1089 2369 1197 2395 sumus,
1214 2366 1241 2389 et
1261 2369 1310 2389 nos
1334 2362 1476 2397 captivari.
1498 2361 1632 2390 Futurum
1656 2367 1699 2391 est

903 2407 977 2434 enim
994 2412 1024 2434 ut
1040 2407 1198 2440 tradamur,
1219 2406 1242 2434 si
1265 2414 1319 2434 non
1336 2407 1473 2442 egerimus
1494 2409 1696 2444 paenitentiam,

903 2453 1157 2481 Nabuchodonosor
1181 2457 1262 2488 atque
1278 2453 1450 2489 Babyloniis,
1470 2454 1516 2489 qui
1539 2462 1590 2482 nos
1609 2455 1698 2482 sensi-

904 2496 996 2524 biliter
1007 2497 1176 2524 excrucient.
1195 2497 1257 2525 lstis
1271 2497 1327 2532 jam
1341 2497 1539 2533 adiacentibus,
1555 2505 1698 2527 sermones

903 2543 1110 2578 prophetarum,
1137 2548 1278 2570 sermones
1295 2542 1373 2578 legis,
1398 2549 1539 2570 sermones
1558 2543 1696 2578 apostolo-

905 2670 973 2691 mss.
995 2662 1094 2697 legitur
1112 2661 1194 2690 modo
1208 2662 1316 2694 trador,
1336 2660 1419 2697 modo
1442 2662 1549 2692 tradat;
1562 2667 1699 2697 nonnun-

904 2705 985 2732 quam
1004 2695 1154 2725 trizdantur.
1176 2697 1262 2732 Paulo
1273 2701 1335 2732 post
1353 2698 1380 2724 in
1395 2695 1581 2728 Laudunensi,
1597 2695 1697 2732 Geme—

903 2731 1019 2766 ticensi,
1044 2738 1071 2760 et
1092 2732 1232 2760 nonnullis
1252 2731 1344 2766 Regiis
1364 2732 1479 2759 habetur
1504 2740 1511 2759 :
1534 2739 1614 2766 neque
1637 2731 1696 2758 sint

897 2768 1001 2803 judicio
1021 2767 1076 2795 Deo
1096 2767 1256 2803 relinquente
1267 2775 1331 2803 quos
1345 2767 1461 2803 deserit;
1483 2767 1512 2794 in
1528 2767 1590 2794 aliis
1606 2770 1693 2803 ωσι,

901 2811 983 2839 neque
1004 2803 1059 2830 sine
1072 2803 1176 2843 judicio
1196 2802 1244 2829 Dei
1267 2802 1436 2844 relinquenti;
1452 2810 1516 2837 quos
1537 2802 1644 2844 deserit.
1663 2803 1692 2830 in

901 2838 978 2866 libris
990 2842 1068 2866 antea
1084 2837 1176 2872 editis,
1195 2845 1275 2873 neque
1287 2837 1391 2872 Judtrio
1405 2837 1472 2864 Deus
1488 2836 1613 2873 relinquit
1629 2843 1694 2871 quos

941 2846 978 2866 l‘lS
990 2846 1068 2866 antea
1084 2846 1176 2872 eurus,
1195 2846 1275 2872 neque

901 2873 1007 2901 deurit.
