1879 3046
177 174 229 201 959

916 171 1078 200 ORICENIS

1761 173 1813 201 260

179 243 252 266 rum,
277 241 418 262 sermones
438 234 521 262 etiam
538 234 645 262 Domini
665 241 692 263 et
708 234 857 262 Salvatoris
882 234 965 261 nostri

1037 233 1044 259 ί
1062 233 1136 268 λόγοι
1152 233 1198 260 τοῦ
1214 233 1328 270 Κυρίου,
1343 234 1390 261 καὶ
1403 234 1527 270 ἃιιτῆρος
1539 234 1618 271 ἡμῶν
1642 234 1732 270 Ἰησοῦ
1749 235 1815 270 Χρι-

178 278 243 306 Jesu
260 278 362 306 Christi
388 279 532 306 hortantur
545 279 579 306 ad
596 280 780 314 pmnitcntiam
793 299 801 311 ,
823 283 972 314 provocant

178 323 213 350 ad
237 323 363 350 salutem.
397 323 426 350 Si
447 329 537 352 autem
572 324 748 356 audierimus.
778 324 917 352 credimus
946 324 970 351 ci

177 369 226 404 qui
257 369 326 396 dixit
346 378 354 397 :
375 368 410 396 Et
434 378 480 405 ego
502 371 678 404 paenitentiam
699 379 775 406 agam
796 371 828 397 de
850 370 970 397 omnibus

178 415 267 448 malis,
283 424 342 451 qua:
356 416 459 443 locutus
474 425 532 443 sum
547 417 633 451 facere
645 417 682 443 eis
700 417 720 445 ⁸.
742 416 776 444 Et
787 417 844 444 haec
859 417 968 452 quidem

179 462 206 488 in
223 462 396 495 promlnium.

213 508 240 534 5.
254 507 319 535 Post
338 507 499 543 prooemium
515 512 605 535 autem
622 507 658 535 ita
676 508 810 543 scriptum
823 512 865 536 est
881 528 888 536 .
906 508 963 536 Fa-

177 559 234 580 ctus
249 559 288 581 est
298 554 405 580 Domini
418 561 501 580 sermo
516 553 551 580 ad
581 561 663 586 eum;
676 559 782 582 certum
798 559 839 582 est
854 555 918 590 quia
931 555 966 582 ad

176 598 334 626 Jeremiam.
351 598 419 631 Quid
435 598 500 626 dicit
516 606 608 626 sermo
623 599 731 627 Domini
746 599 780 626 ad
800 601 885 627 eum?
900 607 969 635 prte-

175 646 285 680 cipuum
300 645 334 672 ab
345 645 475 672 onmibus
489 653 549 680 qua:
561 646 702 681 prophetis
716 646 788 673 dicta
805 651 870 673 sunt
885 651 968 673 caete--

174 691 221 718 ris.
240 690 298 717 Iloc
311 690 384 718 enim
402 699 542 726 nunquam
559 691 593 718 ad
610 691 696 718 ullum
713 694 910 726 prophetarum
925 692 968 718 di-

172 741 245 764 ctum
272 737 436 764 invenimus.
462 737 602 764 Abraham
629 737 764 772 propheta
791 741 967 771 nuncupatus

172 788 224 815 est,
244 783 270 810 in
286 790 318 810 eo
335 783 407 816 quod
422 783 522 810 dicitur
537 792 544 810 :
565 783 698 817 Propheta
713 787 763 816 est,
777 787 802 809 et
817 783 904 809 orabit
919 791 966 817 pro

173 836 197 857 te
209 831 236 863 ";
251 834 277 858 et
294 835 384 858 tamen
410 838 464 857 non
480 830 548 857 dixit
562 829 596 856 ad
617 837 679 857 eum
695 828 767 856 Deus
781 838 787 856 :
805 829 966 864 Priusquam

174 883 197 904 te
212 877 373 910 plasmarem
387 878 414 904 in
428 882 514 909 utero,
533 877 592 903 noui
608 880 650 908 te;
664 880 688 902 et
701 876 857 910 priusquam
880 875 964 902 exire;

175 922 207 949 de
229 922 318 955 vulva,
341 923 506 957 sancti/ienui
532 927 555 948 te
568 922 588 948 ⁸.
609 921 660 948 Sed
680 925 774 956 postea
795 921 822 947 in
843 927 965 948 extremo

173 968 229 1003 jam
251 972 374 1003 tempore
399 968 584 996 sanctiticatus
610 972 652 994 est
678 967 829 1000 Abraham,
855 966 966 1002 quando

177 1022 305 1050 egressus
320 1018 360 1042 est
374 1014 407 1042 de
423 1019 494 1041 terra
509 1022 569 1046 sua,
587 1018 614 1040 et
629 1013 662 1040 de
678 1014 839 1048 cognatione
862 1021 921 1046 sua,
939 1017 966 1041 et

174 1061 207 1088 de
223 1061 304 1088 domo
320 1060 405 1095 patris
428 1060 470 1087 sui
492 1060 511 1086 ‘.
527 1059 566 1087 Ex
583 1060 797 1094 repromissione
822 1065 904 1088 natus
922 1064 966 1088 est

174 1106 260 1139 lsaac,
277 1111 303 1133 et
318 1111 407 1133 tatnen
424 1113 512 1140 neque
530 1105 562 1132 ad
578 1113 640 1132 eum
664 1106 815 1140 reperimus
836 1105 910 1133 hunc
921 1105 964 1133 di-

174 1159 247 1180 ctum
264 1160 326 1180 esse
345 1160 512 1180 sermonem.
530 1151 563 1178 Et
587 1152 652 1187 quid
676 1159 719 1179 me
732 1159 844 1179 necesse
859 1155 901 1178 est
918 1159 965 1186 per

174 1199 298 1233 singulos
315 1199 444 1226 currere?
465 1197 597 1225 Jeremias
622 1198 788 1233 praecipuum
805 1198 875 1225 inter
894 1205 964 1225 cun-

172 1249 231 1271 ctos
242 1249 403 1272 consecutus
411 1245 524 1277 donum,
533 1244 640 1271 dicente
653 1243 788 1271 Domino:
802 1243 965 1278 Priusquam

171 1295 195 1317 te
207 1290 366 1322 plusmarem
380 1291 408 1317 in
427 1297 512 1324 utero,
531 1291 590 1317 novi
606 1295 651 1322 te;
668 1295 692 1317 et
710 1291 867 1325 priusquam
880 1290 964 1317 exires

171 1337 204 1364 de
216 1337 303 1370 vulva,
316 1337 480 1372 sancti/icavi
499 1341 535 1363 te.

207 1381 235 1408 6.
249 1381 342 1416 Neque
364 1389 428 1408 Vero
443 1381 601 1416 ignoramus
616 1381 752 1416 quosdam
767 1388 829 1408 esse
843 1380 890 1416 qui
913 1381 964 1408 ista

174 1427 305 1461 referant,
329 1427 408 1462 quasi
427 1428 514 1461 major
532 1427 567 1454 sit
577 1426 705 1460 Jeremia,
722 1435 804 1463 super
826 1426 965 1454 Salvatore

172 1479 267 1502 nostro
279 1479 306 1501 et
322 1473 436 1501 Domino
450 1472 513 1501 Jesu
531 1473 642 1501 Christo
657 1483 664 1500 :
687 1473 885 1508 sciendumque
901 1473 964 1508 p|u«

173 1520 243 1547 rima
258 1528 290 1548 ex
310 1520 353 1548 his
369 1527 429 1547 esse
442 1528 503 1554 qua:
518 1525 634 1554 possunt
656 1518 791 1546 Salvatori
805 1520 963 1553 convenire,

171 1574 232 1602 quae
246 1567 327 1594 etiam
344 1575 394 1594 nos
414 1567 631 1602 interponemus.
648 1566 737 1594 Pauca
760 1571 849 1594 autem
866 1574 962 1594 eorum
977 1584 998 1613 ο

171 1622 232 1648 quae
245 1615 277 1641 ad
289 1613 435 1641 Jeremiam
449 1614 522 1641 dicta
535 1618 609 1646 sunt,
619 1618 763 1641 coarctant
780 1614 962 1648 intellectum,

172 1660 250 1695 quasi
268 1667 320 1686 non
339 1659 456 1694 possint.
472 1665 501 1686 ut
522 1659 613 1694 plures
630 1659 797 1691 existimant,
813 1659 846 1686 ad
869 1659 964 1686 Domi-

173 1714 238 1733 uuln
258 1705 366 1732 referri.
385 1705 451 1738 Qua:
475 1709 539 1732 sunt
560 1713 624 1740 ergo
644 1713 705 1740 quat
730 1710 845 1740 possunt
861 1713 963 1733 conve-

173 1753 232 1779 nire
246 1751 379 1779 Domino?
396 1752 437 1778 Ad
452 1760 541 1778 onmes
564 1752 599 1778 ad
613 1760 779 1787 quoscunque
806 1752 910 1779 mittam
928 1757 962 1785 te,

172 1799 231 1831 ibis,
252 1802 276 1825 et
290 1799 379 1825 omnia
401 1807 458 1834 qnte
474 1798 569 1825 mando
584 1799 631 1825 tibi
649 1799 772 1833 loqueris.
788 1798 830 1826 Ne
843 1800 936 1826 timeas
947 1808 964 1826 a

172 1845 241 1881 facie
255 1854 355 1878 eorum,
370 1845 432 1880 quia
445 1854 491 1880 ego
505 1850 590 1872 tecum
609 1853 678 1876 sum,
696 1850 723 1871 ut
736 1853 828 1872 eruam
843 1850 867 1872 te
877 1866 884 1878 ,
897 1846 962 1872 dicit

175 1891 300 1918 Dominus
314 1892 346 1918 ιθ.
370 1891 491 1919 Necdum
518 1891 569 1918 ista
595 1891 681 1918 otiose
711 1891 768 1926 (ll)
784 1891 910 1918 videntur
930 1891 964 1918 ad

173 1937 342 1965 Salvatorem
363 1938 459 1965 referri
479 1947 485 1964 :
502 1946 533 1964 ca
551 1944 616 1964 vero
637 1945 699 1971 quze
715 1941 868 1972 sequuntur
883 1946 890 1964 :
907 1936 966 1963 Ea;-

172 1985 253 2012 tendit
283 1984 411 2010 Dominus
439 1991 547 2010 manum
576 1991 652 2010 suam
676 1982 710 2009 αιί
731 1991 781 2015 me,
795 1988 818 2010 et
833 1983 918 2018 tetigit
936 1991 963 2009 os

171 2039 268 2063 meum,
284 2036 307 2057 et
320 2030 389 2056 dixit
407 2029 536 2056 Dominus
550 2030 584 2055 ad
597 2037 637 2055 me
654 2036 662 2055 :
680 2028 746 2055 Ecce
757 2029 818 2056 dedi
831 2037 964 2058 sermones

171 2085 240 2105 meos
259 2078 285 2104 in
300 2086 328 2104 os
341 2083 414 2104 tunm
428 2085 506 2108 ;ecce
521 2076 647 2103 constitui
660 2082 683 2102 te
696 2075 772 2102 Itodie
787 2085 866 2110 super
877 2081 964 2111 gentes

170 2128 194 2150 et
209 2132 300 2159 regna,
313 2123 448 2150 eradicare
462 2128 486 2149 et
500 2123 650 2155 disperdere
667 2122 686 2137 “
701 2142 709 2154 ,
725 2122 758 2149 de
769 2121 886 2150 Ieremia
900 2121 965 2150 dim-

171 2170 365 2200 cilemfaciuut
379 2168 631 2202 interpretationem
660 2178 665 2194 ε
690 2175 759 2202 quas
778 2168 851 2195 enim
872 2172 966 2202 gentes

172 2215 321 2242 eradicavit
331 2214 485 2242 Jt-rcmias?
498 2222 558 2249 qua!
572 2222 653 2248 regna
667 2214 811 2245 subvertit,
825 2219 855 2241 ut
867 2215 966 2241 merito

980 911 1001 939 B

1024 279 1097 312 στοῧ,
1115 279 1237 313 λέγουσιν
1257 281 1323 315 ἡμῖν
1347 280 1411 316 περὶ
1429 280 1582 316 μετανοίας,
1605 279 1816 316 παρακαλοῦσιν

1021 325 1096 360 ἡμᾶς
1106 326 1145 356 είς
1158 325 1337 361 ἐπιστροφήν·
1351 325 1398 352 ἐὰν
1410 325 1580 361 ἀκούσωμεν,
1596 327 1765 361 πιστεύομεν
1777 326 1815 362 τῷ

1021 371 1142 406 εἰρηκότι
1154 379 1160 386 ο
1176 371 1359 405 Μετανοήσω
1372 371 1452 407 κάγὼ
1468 372 1535 406 περὶ
1549 371 1672 398 πάντων
1686 371 1748 398 τῶν
1768 381 1821 399 κα-

1021 416 1082 443 κῶν
1099 414 1143 443 ὧν
1157 416 1296 452 ἐλάλησα
1312 417 1365 444 τοῦ
1377 417 1502 452 ποιῆσαι
1515 418 1618 452 αὐτοῖς
1628 426 1636 434 θ
1657 418 1750 445 ταῦτα
1767 418 1816 453 μὲν

1021 463 1060 494 εἰς
1072 462 1102 488 το
1113 462 1265 497 προοίμιον.

1054 508 1134 535 Μετὰ
1147 508 1176 535 δὲ
1201 509 1230 535 τὺ
1249 508 1392 544 προοίμιον
1412 508 1577 544 γέγραπται,
1596 509 1647 541 ὃτι,
1680 508 1814 545 Ἐγένετο

1019 554 1110 589 λόγος
1125 554 1235 588 Kvpiov
1249 554 1323 588 πρὸς
1335 555 1438 581 αὐτόν·
1453 555 1531 590 δῆλον
1544 555 1585 581 ὃτι
1601 554 1648 581 τὸν
1665 554 1814 590 Ἰερεμίαν.

1020 601 1052 627 Ti
1069 600 1097 627 δὲ
1109 600 1181 634 λέγει
1193 601 1206 626 ὸ
1216 601 1294 634 λόγος
1305 600 1352 627 τοῦ
1367 599 1468 636 Κυρίου
1483 600 1550 636 πρὸς
1561 601 1658 633 αὺτὸν;
1671 601 1815 636 ἐξαίρετον

1020 645 1096 681 παρὰ
1116 646 1146 672 τὸ
1175 646 1318 682 εἰρημένον
1350 646 1418 681 πρὸς
1439 646 1503 678 τοὺς
1516 647 1626 678 λοιποὺς
1655 648 1814 683 προφήτας.

1019 692 1104 719 Τοῦτο
1114 692 1168 728 γὰρ
1181 693 1249 729 πρὸς
1263 693 1359 719 οὐδένα
1371 690 1487 728 ε’ὖρομεν
1501 693 1555 720 τῶν
1571 694 1720 729 προφητῶν
1734 695 1814 729 εἰρη-

1019 739 1108 774 μένον.
1132 738 1256 774 Ἀϐραὰμ.
1268 739 1411 775 προφήτης
1426 740 1609 775 ἐχρημάτισεν
1622 741 1651 766 ὲν
1662 740 1716 775 τῷ,
1737 742 1813 774 Προ-

1017 784 1114 819 φήτης
1129 785 1206 816 ἐστὶ,
1222 785 1272 811 καὶ
1296 785 1494 819 προσεύξεται
1514 786 1580 820 περὶ
1598 786 1666 812 σοῦ·
1694 786 1743 813 καὶ
1762 785 1815 813 οὐκ

1017 829 1078 858 εἷπε
1093 831 1161 867 πρὸς
1176 831 1258 858 αὐτὸν
1275 833 1288 858 ὁ
1302 831 1384 864 Θεόςι
1397 832 1458 866 Πρὸ
1474 833 1526 859 τοῦ
1541 841 1579 867 με
1590 833 1709 860 πλάσαι
1723 842 1763 861 σε
1778 834 1815 860 ἐν

1017 877 1116 911 κοιλίᾳ
1132 877 1295 913 ἐπίσταμαί
1305 886 1351 911 σε,
1373 879 1421 905 καὶ
1437 878 1493 912 πρὸ
1508 878 1561 905 τοῦ
1577 887 1613 905 σε
1625 879 1764 911 ἐξελθεῖν
1779 881 1815 907 ἐκ

1013 924 1129 958 μήτρας
1141 923 1252 960 ἠγίακά
1272 933 1319 952 σε.
1347 925 1428 951 Ἀλλὰ
1446 925 1561 961 ὕστερον
1578 934 1643 952 ποτε
1662 924 1785 961 ἡγιάσθη
1801 927 1816 952 ὀ

1023 969 1158 1006 Ἀϐραὰμ,
1171 971 1215 997 ὅτε
1229 970 1342 1005 ἐξῆλθεν
1355 971 1387 997 ὲκ
1401 971 1453 1005 γῆς
1465 971 1558 1004 αὑτοῦ,
1573 972 1621 999 καὶ
1634 973 1667 998 ὲκ
1680 972 1732 1007 τῆς
1749 981 1814 1006 συγ-

1015 1015 1122 1051 γενείας
1141 1015 1236 1048 αὑτοῦ,
1254 1017 1301 1042 καὶ
1319 1016 1352 1042 ὲκ
1366 1016 1413 1043 τοῦ
1430 1016 1505 1043 οἴκου
1524 1016 1572 1043 τοῦ
1594 1018 1699 1053 πατρὸς
1714 1018 1815 1045 αὑτοῦ.

1022 1061 1066 1094 Ἐξ
1079 1061 1245 1096 ἐπαγγελίας
1258 1062 1402 1098 γεγένηται
1415 1063 1429 1089 ὁ
1448 1063 1549 1096 Ἰσαὰκ,
1563 1064 1610 1090 καὶ
1628 1065 1678 1099 οὐχ
1694 1063 1815 1100 εὕρομεν

1015 1106 1077 1133 οὐδὲ
1100 1107 1168 1143 πρὸς
1182 1108 1263 1135 αὐτὸν
1275 1107 1369 1134 τοῦτον
1385 1108 1530 1144 λεγόμενον
1544 1109 1590 1136 τὸν
1604 1109 1694 1143 λόγον.
1714 1110 1773 1136 Καὶ
1788 1110 1816 1136 τί

1017 1161 1051 1187 με
1060 1153 1101 1179 δεῖ
1109 1153 1270 1188 καταλέγειν
1283 1154 1410 1190 περὶτῶν
1422 1154 1500 1189 ὲξῆς;
1518 1155 1656 1192 Ἱερεμίας
1669 1155 1815 1191 ὲξαιρέτου

1015 1195 1073 1233 εἶχε
1089 1198 1202 1234 δωρεᾶς,
1214 1199 1280 1235 τῆς,
1299 1208 1308 1224 ι
1324 1199 1381 1235 Πρὸ
1396 1198 1444 1225 τοῦ
1461 1208 1494 1235 με
1511 1199 1614 1226 πλάσαι
1630 1208 1659 1226 σε
1677 1201 1706 1226 ὲν
1723 1199 1816 1235 κοιλίᾳ

1016 1243 1168 1280 ἐπίσταμαί
1188 1253 1230 1278 σε,
1250 1245 1298 1272 καὶ
1313 1245 1366 1280 πρὸ
1384 1245 1431 1272 τοῦ
1456 1254 1486 1272 σε
1504 1245 1622 1278 ἐξελθεῖν
1645 1247 1678 1272 ἐκ
1703 1246 1815 1282 μήτρας

1015 1289 1120 1325 ήγίακὰ
1138 1298 1179 1318 σε.
1199 1299 1209 1316 ι

1052 1379 1110 1406 Οὐκ
1130 1378 1292 1415 ἀγνοοῦμεν,
1315 1380 1356 1407 ὅτι
1379 1379 1466 1408 ταῦτα
1486 1379 1653 1416 ἀναφέρουπί
1671 1388 1756 1412 τινες,
1778 1379 1815 1412 ὡς

1017 1425 1129 1460 μείζονα
1149 1426 1291 1462 Ἱερεμίου,
1303 1427 1349 1454 ἐπὶ
1360 1427 1405 1453 τὸν
1420 1427 1534 1463 Σωτῆρα
1548 1428 1595 1454 καὶ
1607 1426 1711 1462 Κύριον
1723 1426 1813 1462 ἡμῶν·

1016 1472 1066 1499 καὶ
1083 1472 1183 1505 ἰστέον,
1195 1473 1235 1500 ὅτι
1252 1473 1286 1500 τὰ
1302 1473 1350 1509 μὲν
1362 1473 1446 1500 πολλὰ
1455 1473 1529 1509 αὐτῷ
1541 1473 1660 1509 συνᾴδει,
1672 1473 1722 1500 καὶ
1735 1473 1816 1499 δύνα-

1014 1527 1060 1545 ται
1080 1519 1265 1555 ἀναφέρεσθαι
1282 1521 1329 1546 ἐπὶ
1346 1519 1391 1546 τὸν
1409 1520 1535 1556 Σωτῆρα,
1560 1520 1578 1547 ἃ
1598 1520 1814 1556 παραϐήσομαι·

1015 1563 1093 1599 ὀλίγα
1105 1565 1134 1591 δέ
1153 1574 1213 1592 τινα
1229 1566 1297 1601 πρὸς
1311 1566 1373 1597 τοὺς
1391 1565 1505 1598 πολλοὺς
1524 1566 1681 1602 ἐφαρμόσαι
1701 1565 1742 1601 τῷ
1761 1567 1816 1592 Σω-

1014 1611 1088 1646 τῆρι.
1115 1611 1182 1638 Τίνα
1205 1610 1251 1638 οὖν
1275 1612 1333 1638 ἐστι
1355 1611 1389 1638 τὰ
1411 1611 1602 1648 ἐφαρμόζοντα
1627 1611 1667 1646 τῷ
1688 1612 1817 1647 Σωτῆρι;

1018 1665 1027 1683 ι
1043 1657 1114 1693 Πρὸς
1140 1657 1255 1689 πάντας,
1282 1657 1328 1689 οὓς
1340 1657 1387 1684 ἐὰν
1407 1654 1589 1690 ὲξαποστείλω
1613 1666 1653 1690 σε,
1677 1658 1814 1694 πορεύσῃ·

1016 1703 1063 1730 καὶ
1086 1703 1157 1730 κατὰ
1178 1704 1266 1730 πάντα
1286 1704 1335 1730 ὅσα
1357 1703 1404 1730 ἐὰν
1427 1703 1588 1739 ἐντείλωμαί
1608 1712 1649 1730 σοι
1672 1703 1816 1739 λαλήο-εις.

1015 1749 1061 1784 Μὴ
1074 1749 1196 1785 φοϐηθῇς
1207 1749 1261 1776 ἀπὸ
1275 1749 1421 1785 προσώπου
1433 1749 1532 1775 αὐτῶν·
1549 1750 1590 1776 ὅτι
1604 1749 1674 1784 μετὰ
1690 1750 1740 1776 σοῦ
1760 1750 1818 1785 εἰμι

1014 1794 1061 1820 τοῦ
1074 1793 1240 1830 ἐξαιρεῖσθαι
1254 1794 1376 1829 σε,λέγει
1390 1794 1502 1830 Κύριος.
1519 1804 1528 1820 ι
1543 1794 1626 1821 Οὔπω
1637 1795 1727 1822 ταῦτα
1741 1796 1818 1830 ἐναρ-

1015 1840 1072 1875 γῶς
1086 1841 1154 1876 πρὸς
1167 1840 1212 1867 τὸν
1225 1841 1340 1876 Σωτῆρα
1353 1840 1422 1873 δόξει
1436 1840 1468 1867 ἂν
1482 1840 1678 1877 ἀναφέρεσθαι,
1693 1841 1730 1867 τὰ
1754 1841 1818 1876 ἑξῆς

1015 1887 1060 1914 δέ’
1076 1896 1085 1912 ‹
1102 1887 1157 1912 Καὶ
1173 1886 1288 1919 ἐξέτεινε
1300 1887 1402 1922 Κύριος
1418 1887 1467 1922 τὴν
1482 1887 1562 1922 χεῖρα
1580 1886 1663 1912 αὐτοῦ
1681 1887 1756 1922 πρός
1774 1895 1818 1921 με,

1016 1935 1066 1961 καὶ
1089 1934 1177 1969 ἥψατο
1192 1934 1239 1960 τοῦ
1257 1934 1390 1970 στόματός
1407 1943 1467 1969 μου,
1485 1934 1530 1960 καὶ
1545 1931 1606 1960 εἷπε
1623 1934 1729 1971 Κύριος
1749 1935 1817 1970 πρός

1018 1990 1051 2016 με
1060 1990 1067 1996 ·
1088 1981 1153 2007 Ἰδοὺ
1166 1981 1270 2007 δέδωκα
1281 1981 1344 2011 τοὺς
1360 1980 1455 2014 λόγους
1467 1988 1517 2015 μου
1538 1981 1578 2011 εἰς
1591 1980 1623 2006 ’τὸ
1647 1980 1740 2016 στόμα
1760 1989 1816 2007 σου·

1021 2026 1075 2053 ἰδοὺ
1091 2025 1248 2053 καθέστακα
1269 2033 1299 2051 σε
1316 2025 1435 2060 σήμερον
1447 2025 1494 2050 ὲπὶ
1508 2022 1571 2060 ἔθνη
1590 2026 1637 2051 καὶ
1659 2025 1818 2060 βασιλείας,

1017 2073 1142 2109 ὲκριζοῦν
1158 2073 1204 2099 καὶ
1222 2073 1438 2099 κατασκάπτειν.
1465 2082 1474 2097 ι
1506 2073 1642 2108 Ἱερεμίας
1663 2074 1732 2099 ποῖα
1755 2074 1819 2108 ἔθνη

1016 2118 1179 2154 ὲξεῤῥίζωςε
1193 2126 1200 2151 ;
1217 2118 1296 2149 ποίας
1309 2117 1476 2152 κατέστρεψε
1488 2117 1643 2151 βασιλείαςς
1656 2119 1820 2154 γέγραπται

1016 2165 1080 2200 γάρ·
1098 2173 1107 2190 ι
1133 2164 1198 2190 Ἰδοὺ
1215 2163 1373 2190 καθέστακα
1390 2172 1419 2190 σε
1433 2164 1552 2199 σήμερον
1566 2164 1613 2190 ἐπὶ
1627 2162 1692 2198 ἔθνη
1707 2166 1759 2191 καὶ
1772 2164 1819 2200 βα-

1019 2210 1130 2242 σιλείας,
1141 2210 1267 2245 ὲκριζοῦν
1280 2210 1325 2236 καὶ
1339 2211 1554 2237 κατασκάπτειν.
1575 2220 1584 2236 ι
1602 2210 1686 2236 Ποίαν
1699 2211 1732 2237 δὲ
1747 2209 1821 2246 εἶχεν

172 2260 196 2287 ei
210 2260 313 2287 dictum
331 2260 380 2286 sit:
390 2259 457 2286 Ecce
470 2260 596 2286 constitui
609 2266 633 2286 te
648 2259 724 2286 hodie
741 2267 819 2294 super
830 2265 928 2294 gentes,
939 2263 963 2285 et

1037 2256 1140 2288 Ξουσίαν
1153 2257 1167 2283 ὸ
1189 2256 1323 2292 Ἱερεμίας
1340 2257 1380 2288 εἰς
1399 2257 1429 2283 τὸ
1444 2257 1600 2289 ἀπολλύειν,
1616 2258 1687 2293 ὅπερ
1708 2260 1820 2295 εἴρηται

172 2312 249 2340 super
261 2313 338 2340 regna
345 2305 482 2332 eradicare
492 2305 572 2340 128
578 2309 602 2331 et
610 2305 762 2338 suffodere?
775 2305 860 2337 Quam
870 2304 966 2331 hahuit

173 2355 332 2386 potestatem
349 2351 382 2378 ad
396 2351 620 2385 dispordemium,
634 2355 662 2377 ut
673 2350 789 2377 audierit
803 2359 810 2377 :
826 2356 850 2377 et
863 2351 966 2385 disper-

172 2396 256 2423 dere?
275 2395 349 2428 Quos
373 2403 439 2422 vero
454 2395 511 2428 ιη)
539 2395 693 2428 ωιίίιὶειινίι,
714 2399 743 2422 ιιι
767 2400 967 2430 consequenter

172 2442 300 2474 addatur,
319 2442 475 2476 aediﬁcare?
497 2440 632 2468 Jul-etuias
654 2441 722 2470 dixit
748 2451 755 2469 :
779 2440 841 2468 Non
865 2441 964 2476 profui,

172 2495 253 2522 neque
273 2487 373 2522 profuit
397 2487 461 2513 mihi
478 2486 588 2521 aliquis,
605 2491 632 2513 et
646 2487 784 2522 quomodo
801 2487 862 2514 data
884 2491 926 2513 est
941 2486 966 2513 ei

171 2534 314 2562 mliﬁcatio
336 2539 418 2568 atque
448 2532 600 2568 plantatio?
625 2532 698 2566 Ilaec,
725 2537 755 2561 ut
777 2533 910 2563 diximus,
930 2531 965 2560 ad

173 2580 342 2607 Salvatorcm
370 2579 453 2605 relata
478 2586 531 2605 non
557 2583 700 2606 coarctant
728 2579 963 2613 interpretantem.

171 2625 303 2652 Jeremias
313 2625 386 2652 enim
401 2625 428 2651 in
438 2624 497 2652 istis
510 2624 661 2652 Salvatoris
673 2624 725 2659 tigu
731 2632 759 2651 ra
769 2629 822 2651 est.
833 2623 884 2650 Sed
898 2629 925 2650 et
933 2632 965 2651 ea

172 2678 233 2705 qua:
249 2676 413 2706 sequuntur,
430 2675 457 2698 et
475 2670 636 2698 doctissimo
657 2669 762 2697 homini
779 2669 963 2697 dillicultatem

942 2771 956 2785 κ

211 2769 222 2785 ⁸
237 2769 339 2798 Jerem.
357 2779 435 2803 mu,
448 2772 476 2799 8.
514 2772 524 2788 ⁷
541 2772 609 2799 Gen.
624 2779 672 2804 xx,
687 2771 714 2798 '7.
753 2771 764 2786 "
781 2771 883 2799 Jerem.
900 2779 920 2803 ι,
940 2771 969 2798 5.

211 2830 266 2865 (il)
284 2830 384 2859 Otiose.
402 2831 535 2859 Vitiosum
555 2833 601 2860 hic
615 2836 727 2860 secutus
744 2832 850 2859 videtur
870 2831 967 2859 lliero—

177 2872 278 2903 nymus
293 2871 382 2903 textus
400 2866 485 2893 Gneci
503 2867 658 2902 lectionem,
684 2874 782 2902 nempe
798 2866 892 2903 ἀργῶς
915 2874 965 2903 pro

177 2900 254 2936 mm
261 2900 310 2933 ὡς,
327 2902 434 2934 diserto,
449 2907 548 2935 aperte.

1017 2300 1054 2333 ὡς
1079 2301 1147 2337 πρὸς
1172 2301 1305 2336 Ἰερεμίαν
1324 2301 1353 2327 ἐν
1377 2300 1776 2336 τῷ,καὶάπολλύειν;Τίνας
1793 2303 1820 2330 δὲ

1019 2347 1162 2379 τοσούτους
1184 2347 1357 2382 ᾠκοδόμησεν
1388 2348 1532 2383 Ἱερεμίας,
1560 2348 1604 2375 ἵνα
1629 2349 1750 2386 λέγηται
1776 2351 1820 2378 καὶ

1017 2392 1234 2427 ἀνοικοδομεῖν;
1263 2393 1400 2428 Ἱερεμίας
1428 2393 1527 2427 φησίν·
1562 2394 1622 2420 οὐκ
1657 2394 1818 2428 ὠφέληση,

1017 2438 1088 2465 οὐδὲ
1102 2437 1240 2473 ὠφέλησέ
1256 2447 1293 2473 με
1313 2438 1422 2471 οὐδείς.
1438 2439 1500 2470 Πῶς
1514 2437 1560 2467 οὖν
1575 2439 1679 2466 δέδοται
1698 2442 1779 2476 αὐτῷ
1791 2441 1819 2467 τὸ

1019 2483 1170 2519 οἰκοδομεῖν
1181 2485 1228 2511 καὶ
1243 2484 1452 2518 καταφυτεύειν;
1470 2483 1532 2515 Πῶς
1549 2485 1595 2510 ἐπὶ
1611 2484 1656 2510 τὸν
1681 2485 1820 2521 Ἱερεμίαν

1020 2531 1170 2566 ἐφαρμόσει
1187 2531 1217 2557 τὸ
1234 2530 1443 2565 καταφυτεύειν;
1459 2530 1552 2557 Ταῦτα
1573 2531 1620 2556 ἐπὶ
1636 2531 1684 2557 τὸν
1700 2532 1819 2567 Σωτῆρα

1019 2577 1220 2612 ἀναφερόμενα,
1233 2577 1263 2602 οὐ
1277 2576 1363 2603 ϐλίὸει
1376 2577 1421 2602 τὸν
1433 2576 1629 2612 ἑρμηνεύοντα·
1642 2577 1686 2604 ὅτι
1700 2580 1714 2604 ὁ
1737 2579 1819 2614 Ἱερε-

1021 2622 1087 2658 μίας
1103 2623 1131 2648 ὲν
1149 2622 1253 2654 τούτοις
1275 2622 1410 2658 σύμϐολον
1430 2622 1477 2648 τοῦ
1495 2622 1622 2658 Σωτῆρος
1639 2623 1713 2651 ἐστι.
1736 2624 1779 2650 Τὰ
1793 2624 1819 2649 δὲ

1019 2669 1268 2705 παρατεθησόμενα
1289 2669 1360 2696 πάνυ
1381 2668 1467 2695 θλίϐει
1484 2668 1591 2695 καὶτὸν
1615 2670 1688 2696 πάνυ
1708 2671 1818 2697 συνετὴν

1006 2771 1017 2787 ⁹
1032 2771 1101 2799 Gen.
1119 2780 1168 2805 xu,
1187 2773 1213 2800 1.
1253 2773 1274 2788 ¹⁰
1290 2771 1391 2800 Jerem.
1408 2779 1427 2805 ι,
1442 2771 1468 2805 7,
1482 2771 1510 2799 8.
1551 2772 1571 2787 “
1586 2771 1655 2799 ibid.
1671 2772 1701 2804 9,
1719 2772 1767 2800 l0.

1019 2820 1116 2895 urg-2)
1131 2832 1234 2862 Omnes
1249 2842 1328 2867 mss.,
1343 2842 1407 2870 quos
1423 2841 1494 2862 vero.
1512 2833 1591 2862 Libb.
1602 2833 1816 2871 cdit.,qtutnom

1253 2773 1274 2788 '°
1290 2771 1391 2800 Jerem.
1408 2779 1427 2805 ι,
1442 2771 1468 2805 7,
1482 2771 1510 2799 8.
