1879 3046
67 125 103 154 ιλιι
657 124 690 152 ιχ
708 125 824 153 JEREMi

914 125 1040 154 IOMlLlA
1063 125 1084 154 l.

1622 129 1676 156 262

69 183 201 218 ᾗονλὸμενῡν
218 182 300 214 δεῖξαι
321 182 379 214 πῶς
402 183 447 210 καὶ
464 182 551 209 ταῦτα.
572 182 684 209 δύναται
708 183 824 219 ἁρμόσαι

919 183 1064 217 positionis
1080 183 1238 217 imponam,
1254 185 1393 218 quomodo
1407 184 1511 216 possint
1524 192 1676 220 congruere

69 230 103 254 ἐπὶ
115 229 153 254 τὴν
167 228 273 264 Σωτῆρα
283 237 290 244 ·
311 228 364 255 Kal
379 226 458 255 εἶπα·
484 228 511 255 ’0
522 228 710 261 ἰόν-,δέσποτα
727 231 827 264 Κύριε,

67 275 118 301 ἰδοὺ
142 275 190 301 οὐκ
221 274 377 308 ἐπίσταμαι
400 275 518 302 λαλεῖν*
545 276 620 307 ὅστις
650 277 709 302 ἐστὶ
737 276 827 310 σοφία,

67 321 124 351 ὅστις
144 320 197 346 ἐστὶ
217 314 426 355 δύναμις”Θδοῦ,
447 320 476 352 ὃς
490 321 605 357 ῆνεγκεν
625 321 691 356 ἡμῖν
712 321 743 347 τὸ
766 321 830 356 πλή-

67 374 129 401 ρωμα
151 366 195 401 τῆς
219 365 350 400 θεότητος,
377 366 391 392 ὃ
415 365 576 402 κατῴκησεν
593 368 623 393 ὲν
645 367 720 402 αὺτῷ
737 375 830 402 σωμα-

68 413 139 444 τικῶς.
157 412 215 444 Πῶς
232 410 278 439 οὖν
293 412 403 439 δύναται
423 413 556 449 ἁρμόζειν
570 413 612 444 τὸ,
630 415 691 441 Οὐκ
705 414 829 441 ἐπίστα-

66 467 104 492 μαι
119 459 222 490 λαῑεῐν,
243 458 281 494 τῷ
302 459 425 495 Σωτῆρις
454 459 534 486 Ἀλλὰ
550 460 596 486 καὶ
615 462 649 488 τὸ
660 480 668 493 ,
679 460 829 495 Νεώτερος

67 504 109 539 ἐγώ
126 507 187 539 εἰμι,
210 505 409 540 ἀπαγορεύεται
431 505 498 541 πρὸς
520 505 565 532 τὸν
580 505 704 542 Σωτῆρα,
722 506 760 537 ὡς
788 506 828 533 λέ-

67 559 129 584 γοντα
142 552 214 578 αὐτὸν
227 552 256 578 οὐ
275 551 375 583 καλῶς.
389 551 420 577 Et
438 550 492 586 γὰρ
506 550 580 586 αὐτῷ
592 550 667 585 λέγει
683 552 698 578 ό
714 551 826 587 Κύριος,

67 597 101 630 Μὴ
114 597 174 631 λέγε
188 597 261 629 τόδε,
278 597 365 632 δῆλον,
382 597 422 623 ὃτι
437 597 466 623 οὐ
486 596 576 628 καλῶς
591 596 737 631 λεγόμενον
771 598 827 626 ἀπ-

67 642 261 677 αγορεύειαύτόν.
273 644 328 679 Οὐχ
348 642 462 678 ἁρμόζει
478 640 524 669 οὖν
537 642 624 670 ταῦτα
644 644 690 669 έπὶ
707 643 752 669 τὸν
769 643 826 669 Σω-

66 687 127 722 τῆρα.
151 688 251 715 Ἐκεῖνα
265 688 339 715 δοκεῖ
355 688 490 716 δυσωπεῖν
510 689 557 715 ἐπὶ
574 688 619 715 τὸν
636 689 763 725 Σωτῆρα.
780 690 826 716 Εἰ-

64 733 110 758 πείν
122 732 154 765 δὲ,
168 733 204 760 ὄτι
216 733 300 760 ταῦτα
318 734 366 770 μὲν
383 734 428 760 ἐπὶ
438 734 485 760 τδν
501 734 636 770 Ἰερεμίαν
647 735 825 770 ἀναφέρεται,

62 778 133 804 ἐκεῖνα
147 779 171 805 δὲ
192 779 234 806 ἐπὶ
254 780 300 806 τὸν
322 780 446 816 Σωτῆρα,
471 780 501 807 οὐ
519 781 646 816 χαλεπόν.
677 781 706 807 Ὁ
734 781 837 817 μέντοι¹

62 824 183 860 εὐγνώμων
197 825 264 852 πάνυ
275 826 433 861 θλιϐἡσεται
448 826 477 853 ὲν
489 826 528 862 τῷ
542 827 627 862 τόπῳ,
640 826 724 863 ὁρῶν,
738 828 779 854 ὅτι
797 827 826 854 τὸ

62 870 163 905 διακόψαι
172 873 198 898 ὲν
210 872 297 907 εἱρμῷ
308 872 394 906 λόγων
402 873 498 907 λόγους
516 873 678 908 εἰρημένους
690 873 746 899 εἴτε
760 873 828 908 πρὸς

61 915 94 941 τὸν
111 915 240 952 Ἰερεμίαν,
258 919 314 944 εἴτε
337 918 405 953 πρὸς
419 918 465 944 τὸν
489 918 611 953 Σωτῆρα.
627 918 724 945 Καίτοι
737 918 827 952 λέγειν

61 961 127 988 ταῦτα
138 963 165 989 οὐ
175 962 210 998 τῷ
223 963 343 999 Χριστῷ,
355 963 422 990 ἀλλὰ
436 964 474 999 τῷ
487 963 608 1001 Ἱερεμίᾳ.
622 963 753 999 ἁρμόζειν
762 972 768 979 ·
779 964 827 991 καὶ

60 1008 134 1040 ταῦτα,
145 1010 201 1036 ἐπεὶ
213 1010 325 1045 μείζονά
339 1012 413 1037 ἐστιν
433 1011 576 1046 Ἱερεμίου,
591 1011 622 1037 οὐ
638 1010 676 1046 τῷ
693 1011 825 1046 Ἱερεμίᾳ,

60 1053 112 1080 ἀλλὰ
124 1054 157 1089 τῷ
170 1056 276 1091 Χριστῷ
291 1056 434 1092 ἁρμόζειν,
456 1056 622 1091 ἀγνωμόνων
639 1056 724 1083 ἐστίν.
744 1057 826 1083 ’Ὀλον

60 1097 94 1125 03v
113 1100 151 1126 ἐπὶ
167 1101 209 1127 τὸν
236 1101 372 1138 Ἱερεμίαν
395 1102 582 1138 ὰναφερέσοω,
607 1102 654 1129 καὶ
677 1102 764 1129 ταῦτα
792 1102 827 1129 τὰ

59 1145 164 1172 δοκοῦντα
178 1145 244 1174 εἶναι
263 1147 376 1183 μείζονα
399 1148 532 1183 Ἱερεμίου
549 1148 756 1184 έρμηνευέσθω.

86 1190 132 1223 Πᾶς
149 1193 161 1218 ό
176 1192 263 1219 λαϐὼν
280 1193 376 1227 λόγους
391 1193 445 1220 ἀπὸ
460 1193 538 1226 Θεοῦ,
557 1195 604 1221 καὶ
627 1194 697 1229 ἔχων
713 1195 763 1230 τὴν
781 1195 826 1231 χά-

59 1243 90 1271 ριν
101 1238 146 1264 τῶν
159 1239 287 1275 οὐρανίων
307 1240 406 1274 λόγων,
421 1240 516 1267 ἐλαϐεν
533 1240 631 1273 αὐτοὺς
652 1240 698 1267 ὲπὶ
711 1241 745 1268 τὰ
761 1241 824 1278 ἔθνη

58 1282 93 1308 καὶ
114 1283 250 1318 βασιλείας,
275 1285 404 1321 ὲκριζοῦν
427 1287 474 1313 καὶ
493 1287 708 1314 κατασκάπτειν.
743 1287 825 1316 Ἀλλὰ

57 1327 105 1364 ἔθνη
113 1329 154 1356 καὶ
164 1330 300 1365 βασιλείας
315 1331 362 1359 ἐὰν
375 1332 488 1367 λέγηται
502 1332 627 1369 έκριζοῦν
639 1334 693 1365 πᾶς
707 1334 721 1360 ό
735 1333 825 1364 λαϐὼν

56 1372 131 1409 λόγους
147 1376 197 1402 ἀπὸ
219 1377 298 1409 Θεοῦ,
326 1377 362 1413 μὴ
387 1378 551 1413 σωματικῶς
569 1387 614 1414 μοι
636 1379 691 1406 νόει
707 1379 741 1406 τὰ
761 1379 824 1416 ἔθνη

55 1421 90 1447 καὶ
106 1422 150 1454 τὰς
164 1422 310 1458 βασιλείας,
325 1423 391 1450 ἀλλὰ
406 1425 576 1460 κατανοήσας
586 1425 636 1457 τὰς
652 1425 825 1460 ἀνθρωπίνας

54 1466 123 1501 ψυχὰς
144 1469 353 1505 βασιλευομένας
379 1470 431 1497 ὑπὸ
454 1470 504 1506 τῆς
532 1471 678 1506 ἁμαρτίας,
703 1472 773 1499 κατὰ
795 1472 825 1499 τδ

53 1512 173 1547 εἰρημένον
185 1515 257 1550 παρὰ
270 1515 311 1550 τῷ
331 1515 494 1551 Ἀποστόλῳ·
509 1516 557 1551 Μὴ
571 1515 628 1544 οὖν
635 1517 823 1550 βασιλευέτω

54 1557 68 1590 ὴ
82 1558 194 1592 ἁμαρτία
206 1560 240 1587 ἐν
251 1560 291 1593 τῷ
306 1560 404 1595 θνητῷ
420 1561 504 1596 ὑμῶν
518 1562 648 1596 σώματι·
671 1563 776 1598 βλέπων
795 1564 824 1591 δὲ

53 1602 87 1628 καὶ
97 1603 126 1630 τὰ
138 1605 217 1632 πολλὰ
229 1606 287 1642 εῐδη
299 1605 356 1632 τῶν
365 1607 584 1643 ἁμαρτημάτων,
603 1609 762 1644 τροπολόγει
777 1608 824 1636 καὶ

54 1646 79 1672 τὰ
88 1647 151 1683 ἔθνη,
165 1650 210 1676 καὶ
225 1651 274 1682 τὰς
291 1650 443 1686 βασιλείας,
458 1652 506 1679 καὶ
521 1651 556 1678 τὰ
566 1652 656 1687 φαῦλα
672 1652 706 1679 τὰ
721 1654 750 1680 ἐν
765 1655 824 1685 ταῖς

51 1691 130 1728 ψυχαῖς
137 1695 186 1722 τῶν
195 1696 349 1732 ἀνθρώπων
359 1696 433 1729 ὄντα,
449 1697 529 1724 ἆτινα
538 1697 707 1733 ὲκριζοῦται,
718 1699 766 1726 καὶ
777 1707 825 1726 χα-

52 1739 211 1767 τασκάπτεται
235 1742 288 1768 ὑπὸ
303 1741 359 1768 τῶν
375 1741 525 1778 δεδομένων
541 1743 595 1769 εἴτε
621 1743 744 1779 Ἱερεμίᾳ
767 1744 823 1770 εἴτε

52 1783 156 1818 ᾡτινιοῦν
167 1786 251 1821 λόγων
265 1787 314 1814 τοῦ
327 1787 405 1814 Θεοῦ.
423 1789 479 1815 Καὶ
489 1788 600 1815 δύναται
611 1789 658 1816 καὶ
669 1789 704 1816 τὰ
714 1789 822 1825 πρῶτα,

52 1828 77 1854 τὰ
84 1830 194 1859 Θλίϐοντα
206 1833 243 1865 ὡς
259 1834 330 1869 πρὲις
341 1833 386 1860 τὸν
401 1834 529 1870 Σωτῆρα,
543 1834 700 1870 ἐφαρμόσαι
713 1835 753 1870 τῷ
774 1835 824 1862 Ἰε-

52 1875 126 1912 ρεμίᾳ,
141 1879 184 1904 καὶ
199 1878 233 1905 τὰ
249 1878 367 1914 δεύτερα
382 1879 481 1914 ὁμοίως
500 1880 540 1915 τῷ
553 1880 633 1907 εἰδότι
651 1881 824 1917 τροπολογεῖν

52 1920 182 1957 ἐφαρμόσαι
202 1925 241 1960 τῷ
261 1925 350 1960 αὐτῷ.
368 1926 442 1961 Ἑρεῖ
464 1925 508 1961 μοί
529 1935 570 1958 τις
591 1926 644 1954 τῶν
659 1928 823 1955 ἀκουόντωνε

51 1965 166 2002 Γὺμνασον
191 1971 236 1998 καὶ
257 1972 306 1998 τὸν
327 1971 406 1998 ἄλλον
428 1971 517 2006 λόγον,
543 1972 591 1999 καὶ
606 1972 655 1999 ὅλα
677 1974 824 2010 πειράθητι

51 2015 202 2051 παραστῆσαι
219 2017 254 2044 τὰ
268 2017 452 2053 γεγραμμένα
476 2017 630 2054 ἁρμόζοντα
649 2019 689 2055 τῷ
705 2020 822 2056 Σωτῆρν

49 2061 100 2095 περὶ
113 2061 160 2088 τῶν
175 2062 313 2100 δευτέρων
339 2063 375 2099 μὴ
391 2064 512 2098 ἀγωνίαν
532 2065 658 2099 φαίνεται
675 2065 742 2102 γὰρ,
752 2067 794 2093 ὃτι
809 2067 824 2093 ό

49 2103 126 2141 Σωτὴρ
140 2107 303 2142 ἑξεῤῥίζωσε
325 2107 376 2140 τὰς
397 2107 528 2135 διαϐόλων
551 2108 701 2143 βασιλείας,
725 2110 771 2136 καὶ
790 2110 824 2137 τὰ

49 2147 98 2185 ἔθνη
111 2153 271 2189 κατέσκαψε,
280 2154 330 2180 τὸν
341 2153 447 2181 ὲθνικὺν
459 2154 515 2190 βίον
528 2155 660 2182 καθελών.
679 2156 822 2190 Ἐνταῦθα,

886 227 1014 255 Domino:
1024 227 1058 254 Et
1072 228 1130 254 dixi
1140 235 1150 255 :
1163 228 1214 260 Qui
1223 236 1249 255 et
1259 228 1315 263 (l3)
1325 229 1475 256 dominator
1489 229 1610 263 Domine,
1617 239 1674 258 ecce

884 274 970 300 nescio
982 273 1054 309 loqui
1072 274 1103 300 “.
1118 273 1169 306 Qui
1185 278 1226 301 est
1237 274 1380 309 sapientia,
1396 275 1443 309 qui
1460 281 1500 302 est
1516 275 1602 303 virtus
1614 276 1674 310 Dei,

883 321 910 347 in
924 328 979 355 quo
991 319 1132 355 plenitudo
1141 319 1296 348 Diviuitatis
1309 321 1630 356 inhabitatcorporaliter
1639 320 1672 353 ".

882 366 1020 400 quomodo
1037 365 1100 392 huic
1118 365 1205 400 aptari
1223 369 1311 399 potest
1326 374 1332 392 :
1352 365 1449 393 Nescio
1463 367 1534 402 loqui
1546 368 1559 395 2
1575 368 1628 395 Sed
1646 371 1675 395 et

882 412 948 438 illud
965 420 972 438 :
990 411 1061 444 Quia
1080 412 1186 446 juvenis
1209 420 1255 446 ego
1273 420 1342 443 sum,
1360 412 1530 440 interdicitur
1546 414 1570 440 ei
1594 415 1674 448 quasi

882 465 935 485 non
952 458 1021 485 bene
1041 458 1226 492 responderit.
1243 457 1272 484 Si
1289 458 1386 485 etenim
1400 459 1425 485 ei
1439 459 1506 487 dicit
1517 459 1650 488 Dominus
1665 469 1672 487 :

883 502 974 530 Nolite
997 503 1084 530 dicere
1109 503 1173 538 quia
1195 503 1301 537 juvenis
1328 512 1400 537 sum,
1426 504 1602 532 manifestum
1631 511 1674 533 est

881 548 960 582 quasi
976 555 1028 574 non
1046 548 1113 575 bene
1127 548 1266 581 dicentem
1287 547 1373 575 fuisse
1388 549 1594 583 reprehensum.
1610 549 1674 578 Hac

881 599 946 620 sunt
964 601 1025 628 quze
1043 592 1177 620 Salvatori
1193 594 1320 621 videnlur
1335 603 1387 621 non
1410 595 1564 623 convenire.
1582 595 1671 630 Supe-

880 639 952 666 riora
967 644 1058 666 autem
1079 639 1152 667 facili
1167 640 1304 667 intellectu
1316 641 1349 668 ad
1366 649 1427 668 eum
1446 641 1609 669 referuntur.
1626 642 1672 668 Di-

879 693 942 713 cere
962 693 1027 713 vero
1043 686 1096 713 alia
1109 693 1191 720 super
1204 685 1332 719 Jeremia,
1348 687 1401 714 alia
1425 695 1508 722 super
1524 687 1668 714 Salvatore

880 731 1084 766 interpretanda
1097 739 1169 763 esse,
1183 739 1236 758 nou
1249 732 1397 766 pessimum
1410 736 1462 761 est.
1477 732 1528 760 Sed
1541 734 1588 769 qui
1603 735 1672 762 bene

881 777 1039 811 Seripturas
1053 785 1132 804 nosse
1148 783 1273 811 conatur,
1287 779 1460 806 vehementer
1475 779 1501 806 in
1514 780 1567 807 isto
1581 781 1672 808 trists-

880 821 954 849 bitur
966 823 1022 858 (l4)
1034 823 1105 855 loco,
1120 823 1214 850 videns
1228 824 1279 851 sub
1290 831 1345 851 uno
1355 828 1428 852 textu
1442 825 1670 853 sermonisdividi

880 869 1101 903 intellectum,“
1117 870 1169 897 dici
1189 879 1195 897 :
1218 870 1286 902 haec,
1307 872 1437 905 quoniam
1461 872 1568 899 minora
1594 877 1670 905 sunt,

879 923 934 943 non
954 916 1120 943 conveniunt
1137 916 1284 949 Salvatori,
1300 917 1347 944 sed
1369 916 1511 948 Jeremize;
1528 918 1573 944 illa
1595 925 1670 951 vero,

878 962 1008 997 quoniam
1034 962 1139 997 majora
1162 967 1236 996 sunt,
1250 971 1304 990 non
1328 961 1463 995 Jeremiaa.
1481 964 1527 991 sed
1548 963 1669 991 Christo.

877 1007 919 1034 0b
932 1008 958 1035 id
979 1013 1078 1035 cuneta
1091 1015 1142 1035 nos
1159 1009 1194 1035 ad
1212 1007 1359 1036 Jeremiam
1375 1008 1478 1036 referre
1491 1010 1669 1044 tentabimus;

878 1054 931 1082 hoc
945 1059 997 1087 est,
1011 1059 1038 1081 et
1052 1062 1094 1088 ea,
1110 1062 1171 1089 quae
1184 1062 1246 1082 cum
1263 1055 1366 1090 majora
1380 1055 1446 1089 sint,
1464 1055 1591 1084 videmur
1603 1064 1671 1085 eon-

877 1100 1009 1128 ditionem
1025 1100 1085 1136 ejus
1101 1102 1241 1129 excedere.

914 1193 941 1221 7.
955 1192 1118 1228 Quicunque
1133 1201 1147 1220 a
1171 1192 1224 1220 Deo
1239 1193 1344 1228 accepit
1358 1193 1452 1226 verba,
1469 1201 1581 1222 sumens
1604 1202 1668 1230 gra-

876 1239 943 1266 tiam
959 1239 1078 1267 caelestis
1099 1239 1212 1274 eloquii,
1229 1239 1330 1266 idcirco
1351 1247 1382 1267 ea
1405 1240 1514 1274 accipit,
1534 1246 1564 1267 ut
1586 1248 1667 1276 regna

877 1289 1026 1321 gentesque
1040 1285 1160 1313 eradicet
1175 1289 1257 1319 atque
1268 1285 1419 1313 subvertat.
1436 1285 1489 1313 Sed
1503 1294 1564 1313 eum
1580 1287 1669 1313 nomi-

877 1335 977 1358 nentur
1001 1335 1096 1366 gentes
1123 1335 1150 1358 et
1172 1338 1266 1366 regna,
1284 1331 1374 1359 omnis
1398 1332 1444 1366 qui
1468 1333 1559 1360 divina
1585 1335 1668 1361 verba

877 1373 1007 1408 suscepit,
1028 1376 1091 1401 nolo
1116 1382 1178 1402 eum
1205 1375 1386 1410 corporaliter
1410 1376 1562 1411 intelligere
1586 1385 1667 1413 regna

876 1425 902 1448 et
915 1426 1017 1456 gentes,
1034 1421 1080 1449 sed
1094 1422 1273 1450 considerans
1288 1422 1395 1451 animas
1409 1424 1550 1451 hominum
1571 1432 1669 1459 regna-

877 1470 919 1494 tas
940 1474 955 1494 a
976 1473 1099 1501 peccato,
1114 1468 1192 1501 juxta
1209 1468 1234 1495 id
1248 1470 1320 1503 quod
1343 1469 1370 1496 in
1388 1469 1519 1504 Apostolo
1535 1470 1667 1504 scriptum

876 1517 919 1541 est
941 1522 948 1540 :
973 1512 1035 1540 Non
1061 1519 1148 1547 regnet
1173 1518 1310 1548 peccatum
1334 1514 1361 1542 ἱιι
1383 1520 1468 1542 uestro
1486 1516 1594 1543 mortali
1608 1523 1668 1543 cor-

875 1567 938 1594 pore
952 1559 993 1591 ¹⁵;
1012 1559 1108 1586 videns
1125 1567 1234 1594 quoque
1253 1560 1354 1588 multas
1374 1561 1480 1596 species
1494 1561 1665 1595 delictorum,

876 1605 1033 1640 allegorizet
1056 1613 1138 1640 regna
1163 1611 1189 1633 et
1213 1611 1306 1640 gentes
1319 1615 1368 1642 per
1388 1608 1462 1634 varia
1479 1608 1588 1642 delicta,
1604 1617 1667 1644 qua:

876 1650 1011 1678 humanas
1031 1651 1138 1679 animas
1163 1653 1359 1686 possederunt;
1381 1657 1409 1680 et
1425 1653 1481 1681 haee
1502 1658 1583 1682 erunt
1606 1662 1668 1689 qum

875 1696 1024 1724 evellentur
1039 1701 1122 1731 atque
1138 1696 1318 1724 sutl'odientur
1329 1705 1344 1724 a
1358 1698 1530 1726 sermonibus
1546 1699 1602 1732 Dei,
1618 1699 1666 1734 qul

875 1742 931 1770 dati
945 1746 1009 1770 sunt
1025 1742 1082 1769 sive
1093 1742 1229 1774 Jeremie,
1242 1743 1300 1770 sive
1318 1742 1424 1770 caeteris
1437 1743 1551 1771 sanctis.
1569 1743 1607 1771 Ita
1621 1746 1668 1772 tiet

875 1792 905 1815 ut
915 1788 1002 1823 prima
1010 1796 1071 1824 quae
1078 1796 1133 1815 non
1142 1788 1304 1816 videbantur
1314 1796 1465 1824 congruere
1477 1789 1622 1822 Salvatori,
1631 1791 1666 1818 ad

874 1832 1021 1861 Jeremiam
1035 1834 1274 1869 129rel'erantur
1285 1843 1292 1866 ;
1305 1839 1332 1862 et
1343 1836 1461 1863 secunda
1469 1836 1504 1863 ab
1515 1844 1547 1863 eo
1557 1837 1602 1871 qui
1614 1837 1666 1864 scit

879 1880 992 1914 ﬁgurate
1010 1880 1082 1908 dicta
1096 1889 1158 1916 qua:
1171 1881 1243 1909 dicta
1257 1886 1330 1913 sunt,
1347 1881 1475 1909 Ieremia
1489 1882 1663 1917 deputentur.

875 1924 952 1952 Dicet
965 1925 1032 1952 mihi
1056 1925 1156 1960 aliquis
1179 1925 1348 1958 auditorum.
1363 1926 1446 1957 etiam
1469 1927 1553 1954 alium
1576 1929 1666 1963 pande

875 1977 1041 2002 sermonem,
1062 1974 1090 1997 et
1108 1975 1206 1998 cuncta
1221 1979 1282 2006 quae
1303 1971 1404 2006 scripta
1423 1976 1488 1999 sttnt
1505 1980 1588 2008 super
1602 1971 1665 2000 Sal-

874 2019 978 2048 vatore,
995 2014 1074 2050 quasi
1099 2015 1133 2042 de
1149 2023 1181 2042 eo
1202 2015 1257 2043 sint
1284 2016 1389 2051 scripta
1403 2017 1554 2051 constitue;
1572 2018 1606 2045 de
1619 2026 1664 2045 se-

875 2062 973 2089 cundis
989 2061 1044 2088 noli
1060 2069 1122 2089 esse
1135 2062 1279 2090 sollicitus.
1295 2064 1413 2098 Apparet
1425 2063 1498 2090 enim
1516 2064 1580 2098 quia
1603 2063 1665 2092 Sal-

874 2112 952 2135 vator
972 2107 1152 2135 eradicaverit
1175 2115 1257 2144 regna
1283 2108 1397 2142 diaboli,
1411 2113 1439 2136 et
1454 2109 1580 2138 nationes
1597 2111 1663 2138 sub—

874 2154 996 2188 verterit,
1019 2154 1147 2189 gentilem
1173 2155 1317 2183 destruens
1341 2155 1436 2183 vitam.
1458 2157 1488 2183 lu
1511 2157 1573 2184 istis
1589 2158 1663 2193 quod

50 2196 104 2222 κατὰ
120 2198 147 2224 τὸ
168 2199 274 2232 δοκοῦν,
298 2199 448 2235 δύσφημον,
472 2199 511 2232 ὡς
535 2200 604 2236 πρὸς
626 2201 672 2228 τὸν
696 2202 821 2238 Σωτῆρα,

914 2200 1043 2227 ,elleetum
1063 2200 1197 2227 diﬁicilem
1215 2200 1279 2228 facit
1294 2201 1347 2228 hoc
1363 2206 1415 2233 est,
1428 2202 1566 2236 quomodo
1578 2204 1664 2238 possit

49 2239 165 2275 γύμνασόν
176 2253 234 2276 πως
243 2245 292 2272 τὸν
301 2245 389 2279 λόγον·
402 2245 460 2278 πῶς
469 2245 581 2273 δύναται
591 2247 680 2281 λέγειν
689 2248 703 2274 ὁ
715 2248 822 2284 Σωτήρο

49 2287 97 2312 Οὐκ
104 2288 254 2325 ἐπίσταμαι
266 2290 387 2323 λαλεῖν,
403 2291 447 2318 ὅτι
458 2291 602 2327 νεώτερος
619 2293 676 2328 ἐγώ
692 2295 762 2328 ειμι.
777 2295 824 2321 καὶ

47 2330 74 2358 τὰ
85 2333 156 2369 Egi-lg;
177 2336 268 2372 Ὁρᾷς,
286 2337 330 2363 ὅτι
345 2337 359 2363 ό
373 2337 452 2371 λόγος
466 2340 689 2375 στενοχωρεῖται;
703 2340 749 2366 τὸν
765 2341 823 2366 Σω-

46 2377 104 2413 τῆρα
116 2381 219 2416 οἴδαμεν
235 2382 353 2419 Κύριον.
365 2383 505 2418 Ζητοῦμεν
518 2384 591 2411 κατὰ
609 2385 659 2419 τὴν
680 2384 759 2417 ἀξίαν
775 2385 822 2412 τοῦ

46 2421 120 2458 λόγου,
132 2429 175 2455 καὶ
190 2429 261 2456 κατὰ
275 2429 328 2465 τὴν
341 2429 470 2464 ἀλήθειαν
486 2430 573 2457 ταῦτα
585 2431 632 2457 ἐπὶ
648 2431 694 2458 τὸν
709 2432 823 2467 Σωτῆρα

46 2470 181 2506 ἀναγαγεῖν·
197 2475 345 2511 μάρτυρας
355 2475 395 2501 δεῖ
408 2474 500 2502 λαϐεῖν
510 2476 560 2508 τὰς
575 2477 695 2512 Γραφάς.
721 2478 822 2514 Ἀμάρ-

46 2520 108 2550 τυρσι
119 2517 170 2554 γὰρ
182 2521 209 2546 αἱ
224 2520 354 2546 ἐπιὸολαὶ
364 2521 443 2556 ἡμῶν
456 2521 503 2548 καὶ
514 2521 542 2548 αἱ
554 2520 701 2557 ἐξηγήσεις
712 2521 822 2549 ἄπιστοί

46 2561 112 2588 εἰσιν
134 2565 192 2592 Ἐπὶ
203 2568 334 2601 στόματι
347 2567 402 2593 δύο
419 2567 467 2594 καὶ
482 2567 571 2600 τριῶν
581 2568 741 2602 μαρτύρων
754 2576 823 2595 ata-

46 2606 149 2640 θήσεται
164 2611 227 2640 πᾶν
240 2612 334 2648 ῥῆμα,
350 2613 450 2648 μᾶλλον
464 2613 579 2649 ἁρμόζει
601 2613 648 2640 ἐπὶ
663 2613 718 2640 τῶν
730 2614 823 2650 διηγή-

877 2245 1002 2273 Salvator
1017 2245 1126 2273 dicere:
1140 2245 1237 2273 Nescia
1250 2245 1332 2281 loqui,
1345 2247 1407 2282 quia
1417 2247 1522 2282 juveni:
1534 2256 1579 2283 ego
1593 2256 1662 2280 sum,

875 2296 902 2319 et
927 2296 1034 2319 caetera.
1054 2291 1082 2318 ln
1098 2291 1148 2319 hoc
1170 2300 1296 2320 sermone
1311 2293 1521 2327 interpretantes
1543 2300 1664 2329 coangu-

878 2341 995 2364 stantur.
1013 2336 1107 2364 Jesum
1122 2337 1262 2365 Christum
1277 2339 1380 2365 scimus
1395 2338 1480 2366 Deum
1496 2340 1663 2374 :quaerimus

876 2384 962 2411 verba
985 2391 1047 2418 quae
1068 2384 1142 2411 dicta
1159 2388 1223 2411 sunt
1240 2384 1317 2419 juxta
1335 2392 1457 2419 personae
1472 2392 1608 2419 exponere
1622 2386 1665 2413 di-

877 2429 1008 2465 gnitatem
1024 2438 1030 2456 :
1045 2434 1213 2464 quapropter
1227 2437 1338 2458 necesse
1350 2435 1392 2457 est
1407 2431 1485 2458 nobis
1507 2430 1664 2466 Scripturas

877 2480 987 2503 sanctas
1018 2476 1044 2502 in
1072 2476 1260 2503 testimonium
1293 2483 1409 2509 vocare;
1434 2484 1535 2504 sensus
1564 2477 1664 2511 quippe

877 2522 964 2549 nostri
982 2526 1010 2548 et
1023 2522 1213 2549 enarrationes
1225 2521 1284 2549 sine
1305 2521 1339 2550 iis
1359 2523 1474 2550 testibus
1492 2530 1547 2550 non
1563 2523 1664 2552 habent

877 2567 956 2594 tidem
974 2575 980 2594 :
998 2570 1026 2593 et
1039 2567 1090 2594 hoc
1108 2567 1179 2600 quod
1194 2567 1296 2594 dictum
1311 2572 1353 2595 est
1371 2576 1378 2594 :
1391 2567 1425 2594 In
1439 2575 1484 2594 ore
1498 2567 1612 2594 duorum
1625 2568 1664 2594 uel
1679 2604 1682 2608 .

877 2614 958 2640 trium
972 2613 1078 2640 testium
1098 2613 1179 2641 stabit
1200 2622 1275 2640 omne
1290 2615 1396 2642 verbum
1411 2614 1444 2648 η,
1460 2613 1546 2650 magis
1564 2620 1665 2641 conve-

73 2679 92 2695 “
107 2680 168 2709 ibid.
182 2683 208 2710 6.
248 2685 272 2700 ¹³
289 2684 383 2712 Colos.
402 2693 432 2717 ιι,
450 2685 477 2712 9.
517 2685 538 2701 ¹⁵
555 2685 633 2712 Rom.
650 2693 688 2717 vr,
703 2685 747 2713 12.
787 2686 808 2702 ¹

915 2706 921 2713 .
941 2693 1019 2719 xvnl,
1036 2685 1079 2712 l6.

72 2740 128 2780 (l'5)_
140 2743 279 2780 lnﬂantear
294 2744 381 2780 editis
399 2744 469 2772 male
489 2745 599 2780 legitur,
616 2746 676 2780 quis
693 2753 730 2777 es,
745 2749 773 2772 et
789 2745 817 2772 in

45 2779 98 2815 Pass.
113 2776 199 2815 Regiis
212 2779 287 2815 quid
298 2784 346 2806 est.
359 2778 429 2815 Vera
441 2776 542 2815 quippe
555 2776 635 2807 lectio
648 2785 700 2812 est,
717 2776 761 2815 qui
776 2789 814 2807 es.

46 2805 82 2837 Hic
94 2805 163 2840 enini
181 2805 244 2841 cuin
683 2805 817 2850 liiérony-

46 2851 101 2878 mus,
114 2849 158 2882 qui
175 2857 201 2875 In
213 2857 265 2877 sua
277 2849 402 2877 Jeremia:
415 2851 638 2885 interpretatione
654 2849 814 2878 llcbraimin

873 2746 998 2781 sequitur
1024 2745 1176 2778 veritatem,
1192 2745 1238 2772 ubi
1263 2745 1337 2773 hunc
1352 2752 1463 2773 versum
1478 2746 1519 2774 sic
1543 2747 1630 2775 reddit
1651 2753 1661 2774 a

871 2786 896 2808 et
910 2782 996 2808 dixit.
1014 2784 1046 2812 Α,
1064 2789 1090 2812 a,
1107 2789 1133 2811 α,
1150 2781 1259 2807 Domine
1277 2781 1356 2807 Deus.

909 2817 966 2852 (l4)
984 2815 1061 2850 Mss.,
1076 2816 1245 2847 tristabitur;
1263 2815 1308 2842 lib.
1325 2815 1404 2849 cdit.,
1417 2815 1534 2842 instabil.
