1879 3046
197 119 251 146 2(7)

1649 87 1658 101 ο

908 111 1070 140 oﬁIGENIS
1776 120 1818 146 aut

198 178 240 204 uit
256 177 290 204 ad
310 175 516 211 interpretantis
531 173 727 209 probationem,
743 180 826 208 quam
848 179 982 207 quorum-

1048 179 1104 197 ἐων
1117 171 1133 206 ἢ
1145 171 1191 197 ἐπὶ
1204 170 1257 196 τῶν
1269 169 1430 206 ἀνθρώπων,
1444 170 1487 196 ῐνα
1502 171 1593 206 στήσω
1605 171 1640 198 τὰ
1691 182 1764 207 ματα
1777 177 1817 209 τῆς

200 230 311 257 cunque
333 221 474 249 hominum
501 227 645 247 numerum
665 228 672 246 :
694 223 723 245 ut
742 218 846 245 ﬁrmem
869 218 982 245 verbum

202 267 357 295 intellectus
377 265 441 297 mei,
457 264 593 298 accipiens
618 263 686 290 duos
707 266 788 289 testes
809 261 842 288 de
866 259 941 288 Novo
957 265 985 288 et

201 312 293 341 Veteri
309 312 492 342 Testamento,
509 310 645 344 accipiens
664 313 719 336 tres
736 312 818 335 testes
839 308 873 334 de
895 306 984 335 Evan-

201 359 282 394 gelio,
300 359 333 386 de
356 359 497 393 propheta,
519 357 552 383 de
574 355 713 389 Apostolo.
737 354 783 381 Sic
805 353 877 380 enim
901 353 984 381 stabit

200 412 282 432 omne
296 405 419 432 verbum.
436 402 578 435 Quomodo
592 401 674 435 igitur
685 399 836 426 valebimus
849 399 900 426 ista
919 405 984 426 eon-

198 451 312 485 jungere
333 449 484 477 Salvatori?
511 447 560 474 Det
584 446 651 473 mihi
677 445 865 472 tealimonium
897 443 983 471 Vetus

200 495 403 524 Testamentum
425 504 432 521 :
454 494 523 526 Quia
539 493 694 527 priusquam
714 495 839 526 agnoscat
853 498 918 524 puer
937 489 982 516 bo-

199 549 260 568 num
271 546 316 568 aut
339 541 436 567 malum
460 540 491 571 ’⁸,
509 543 536 566 et
557 542 665 565 uetera.
691 536 740 564 Det
761 537 842 564 etiam
869 536 954 563 lsaias
974 545 980 563 :

199 587 266 614 Ecce
292 585 370 621 Virgo
394 586 520 620 concipiet
543 586 570 611 in
592 588 676 616 utero,
693 588 718 610 et
742 584 826 617 pariet
844 582 940 617 ﬁlium,
957 587 981 609 et

197 632 331 659 vocabitur
343 639 436 658 nomen
448 631 504 665 ejus
521 628 678 656 Emmanuel
694 629 731 661 ";
751 628 843 663 ibique
856 627 980 655 additur:

196 677 356 713 Priusquam
367 680 507 711 cognoscat
519 683 594 710 puer.
610 674 638 702 Si
651 679 739 701 autem
754 679 781 701 et
791 674 825 701 de
837 673 982 709 Evangelia

196 725 319 758 accipere
343 726 450 757 oportet
473 719 671 752 testimonium,
686 719 766 747 Jesus
793 720 908 747 necdum
929 719 980 752 vir,

196 770 245 798 sed
273 769 363 796 adhuc
390 767 493 800 infans,
508 766 572 802 quia
600 774 630 793 se
653 766 840 793 exinaniverat
865 765 980 792 formam

197 814 269 842 servi
291 814 437 848 accipiens,
455 811 622 847 proﬁciebat.
642 810 727 838 Nemo
751 816 842 838 autem
863 812 980 846 proﬁcit,

1038 216 1195 252 ἑρμηνείας,
1208 215 1297 242 λαὸὼν
1316 215 1456 251 μάρτυρας
1468 216 1514 242 δύο
1528 217 1582 243 ἀπὸ
1597 218 1697 253 καινῆς
1714 221 1761 246 καὶ
1778 229 1817 249 περ

1035 262 1114 292 λαιᾶς
1131 261 1279 296 Διαθήκης·
1305 260 1394 287 λαϐὼν
1420 261 1560 297 μάρτυρας
1576 265 1652 298 τρεῖς
1669 264 1725 291 ἀπὺ
1739 266 1819 301 Εὐαγ-

1036 306 1136 340 γελίου,
1158 307 1212 334 ἀπὸ
1230 308 1380 343 προφήτου,
1399 308 1452 334 ἀπὸ
1471 309 1642 336 ’Δποστόλου.
1664 311 1758 344 Οὕτως
1775 314 1818 349 γὰρ

1037 353 1201 389 σταθήσεται
1216 355 1270 380 πᾶν
1285 355 1369 389 ῥῆμα.
1384 354 1446 386 Πῶς
1462 353 1507 382 οὖν
1523 355 1660 391 δυνάμεθα
1676 358 1765 385 ταῦτα
1781 361 1819 386 ἐπὶ

1035 399 1080 425 τὸν
1093 400 1207 435 Σωτῆρα
1220 401 1385 434 ἁναγαγεῖν;
1404 401 1471 436 Φέρε
1487 401 1613 438 μάρτυρα
1629 403 1749 431 παλαιὰν
1765 406 1819 432 Δια-

1036 444 1222 480 Θήκην·Διότι
1239 446 1310 479 πρὶν
1326 446 1345 480 ἢ
1361 445 1470 481 γνῶναι
1487 446 1520 473 τὸ
1535 448 1656 474 παιδίον
1675 450 1790 483 ἁπτιθὸν
1803 451 1819 484 ἣ

1035 490 1140 522 κακὸν,
1157 490 1274 518 ἀπειθεῖ
1282 493 1412 526 πονηρίᾳ
1428 492 1480 520 τοῦ
1502 494 1686 526 ἐκλέξασθαι
1706 496 1740 523 τὸ
1759 497 1820 532 ἀτω-

1035 537 1104 578 ᾂόν·
1125 537 1172 563 καὶ
1186 536 1316 572 ἄντικρυς
1333 537 1420 564 ταῦτα
1443 539 1507 574 περὶ
1523 539 1571 566 τοῦ
1595 541 1723 577 Σωτῆρος
1741 543 1770 570 ἐν
1787 543 1820 578 τῷ

1042 577 1139 616 Ἡσαΐᾳ
1153 581 1286 609 λέλεκται·
1307 581 1379 609 Ἰδοὺ
1395 583 1412 616 ἡ
1429 583 1579 618 Παρθένος
1589 585 1623 612 ὲν
1636 587 1745 621 γαστρὶ
1754 577 1819 620 ἕξει,

1035 626 1084 653 καὶ
1103 626 1217 659 τέξεται
1232 627 1309 660 υἱὸν,
1328 629 1377 655 καὶ
1391 628 1559 657 καλέσουσι
1575 631 1608 657 τὸ
1624 631 1720 667 ὄνομα
1733 635 1820 662 αὐτοῦ

1041 671 1237 707 Ἐμμανουήλ.
1253 673 1306 700 Καὶ
1321 674 1379 700 ἐκεῖ
1394 675 1561 710 ἐπιφέρεται·
1579 677 1653 711 Πρὶν
1675 679 1694 712 ἣ
1715 679 1820 714 ττι-(ἵησι

1035 718 1068 745 τὸ
1085 719 1215 746 παιδίον.
1228 720 1259 746 Εἰ
1271 720 1299 746 δὲ
1315 721 1362 747 καὶ
1377 721 1431 747 ἀπὸ
1446 722 1610 757 Εὑαγγελίου
1623 723 1665 750 δεῖ
1676 724 1821 760 λαμϐάνειν

1035 764 1220 800 παράδειγμα·
1244 765 1347 800 Ἰησοῦς
1368 767 1418 792 οὐκ
1441 767 1510 804 ἀνὴρ
1529 769 1685 805 γενόμενος,
1709 771 1769 798 ἀλλ’
1788 773 1821 799 ἑτι

1035 809 1139 836 παιδίον
1152 809 1200 842 ὢν,
1223 810 1284 837 ἐπεὶ
1306 811 1438 838 ἐκένωσεν
1458 814 1564 847 ἑαυτὸν,
1587 817 1769 851 προέκοπτεν-
1783 818 1822 844 οὐ·

197 860 244 894 qui
258 865 299 887 est
313 859 460 894 perfectus,
480 857 527 886 sed
543 857 588 884 ille
599 857 719 892 proﬁcit.
736 858 782 892 qui
802 857 906 892 indiget
919 865 982 892 pro-

1049 856 1089 888 εὶς
1104 856 1158 891 γὰρ
1176 857 1324 892 προκόπτει
1344 859 1563 895 τετελειωμένος,
1584 863 1653 890 ἀλλὰ
1672 865 1822 900 προκόπτει

199 905 280 933 fectu.
294 905 365 940 Ergo
384 904 542 940 proﬁciebat
558 908 647 935 aetate,
662 903 821 938 proﬁciebat
837 903 981 938 sapientia,

199 949 356 984 proﬁciebat
381 949 477 984 gratia,
493 953 519 975 et
542 947 614 983 apud
640 947 724 974 Deum
747 951 775 975 et
795 947 867 982 apud
891 947 982 974 ltomi-

200 1004 247 1024 nes
263 996 294 1023 ".
311 995 379 1023 Nam
392 996 414 1023 si
429 999 609 1023 evacuaverat
625 994 742 1029 seipsum
757 994 791 1021 ad
804 1001 854 1021 nos
873 994 983 1021 descen-

197 1043 276 1076 dens,
289 1046 316 1069 et
330 1048 466 1069 evacuans
477 1041 597 1076 ssipsum
614 1040 763 1076 resumpsit
785 1040 883 1067 iterum
899 1047 931 1066 ea
948 1039 982 1067 de

197 1087 297 1122 quibus
311 1095 340 1114 se
354 1086 429 1122 prius
437 1090 625 1120 evacuaverat,
637 1086 703 1121 quid
713 1085 853 1119 indignum
866 1091 908 1113 est
922 1093 983 1120 pro-

197 1132 295 1160 fecisse
311 1139 372 1159 cum
393 1132 536 1167 sapientia,
554 1131 702 1166 profecisse
720 1135 809 1163 aetate,
833 1130 982 1166 profecisse

196 1179 280 1214 gratia
300 1179 371 1215 apud
385 1178 469 1207 Deum
493 1183 520 1206 et
535 1179 607 1214 apud
623 1178 760 1210 homines,
776 1182 805 1206 et
821 1186 884 1206 vera
900 1179 933 1207 de
948 1187 982 1207 eo

195 1233 256 1252 esse
279 1225 331 1252 ista
356 1232 417 1260 qua
432 1224 504 1251 dicta
530 1228 594 1252 sunt
620 1233 627 1252 :
655 1223 818 1259 Priusquam
841 1230 979 1260 cognoscat

195 1280 260 1306 puer
275 1272 371 1298 bonum
387 1276 433 1297 aut
449 1271 548 1298 malum
570 1271 603 1302 η,
618 1275 646 1298 et
662 1278 691 1298 ea
706 1278 767 1305 quae
780 1271 813 1298 de
827 1271 921 1299 eodem
939 1271 981 1299 in-

196 1317 399 1352 terposuimus?

231 1362 257 1389 8.
285 1362 339 1389 Sed
364 1362 436 1389 dicet
462 1361 528 1388 milii
548 1361 648 1397 aliquis
672 1370 679 1388 :
705 1360 819 1389 Etiamsi
842 1365 933 1397 potest
946 1363 982 1391 de

197 1407 336 1435 Salvatore
348 1407 460 1442 intelligi
474 1408 577 1435 dictum
593 1415 664 1439 esse.
681 1408 745 1443 quia
761 1408 872 1441 nesciat,
889 1413 917 1436 et
929 1416 982 1436 eas-

195 1459 252 1481 tera
264 1454 419 1488 hujusmodi
431 1461 491 1488 quae
504 1453 609 1487 majora
625 1458 699 1486 sunt,
710 1457 737 1480 et
750 1453 773 1481 si
785 1461 898 1488 puerum
917 1461 979 1481 eum

195 1500 323 1534 accipias,
339 1507 428 1526 nonne
438 1499 554 1526 oﬁettdis
567 1500 619 1526 ista
633 1500 773 1527 sentiendo
787 1499 819 1526 de
833 1499 979 1535 Unigenito

192 1552 221 1574 et
236 1545 419 1581 Primogenito
435 1546 567 1572 universm
581 1550 731 1578 creaturae;
748 1545 781 1573 de
792 1553 824 1572 eo
841 1545 885 1580 qui
903 1550 980 1573 ante-

193 1599 275 1627 quam
295 1592 496 1625 conciperetur,
514 1591 692 1618 annuntiatus
704 1595 756 1623 est,
780 1591 908 1625 loquente
925 1589 980 1618 Ga-

194 1637 277 1664 brielc
294 1646 300 1663 :
325 1635 440 1670 Spiritus
460 1641 568 1663 sanctus
594 1637 677 1664 veniet
698 1644 776 1671 super
798 1641 832 1669 te,
848 1641 872 1663 et
894 1636 978 1664 virtus

193 1682 324 1709 Altissimi
336 1682 500 1709 obumbrabit
513 1687 535 1709 te
543 1682 581 1716 '°;
594 1687 621 1710 et
630 1683 708 1718 13o
717 1683 801 1710 audes
814 1682 904 1710 dicere
915 1683 978 1718 quia

194 1729 299 1756 neseiat
312 1728 405 1763 loqui?
417 1727 600 1761 Quamobrem
617 1729 712 1756 videbo
724 1728 748 1756 si
765 1732 860 1763 potero
874 1729 978 1764 aliquid

193 1775 305 1810 dignum
320 1775 353 1802 de
366 1774 507 1802 Salvatore
520 1775 546 1801 in
559 1775 611 1802 hoc
629 1774 689 1802 loco
702 1774 809 1806 aiferre,
822 1775 895 1810 quod
907 1782 979 1810 quat-

192 1821 255 1848 dam
275 1820 400 1848 nesciens
420 1820 509 1855 major
524 1821 560 1848 sit
574 1820 597 1847 si
617 1827 649 1847 ea
663 1820 840 1855 ignoraverit,
858 1829 941 1856 quam
953 1821 977 1849 si

191 1867 294 1894 scierit.
323 1866 437 1894 Utamur
465 1873 531 1893 voce
554 1866 614 1901 ejus
641 1866 782 1901 quomodo
807 1866 862 1893 sint
887 1867 978 1902 aliqua

190 1921 252 1948 quae
279 1913 393 1940 nesciat.
419 1912 569 1947 Respondit
593 1913 634 1939 eis
660 1912 707 1947 qui
736 1913 788 1940 sibi
812 1913 938 1940 dicebant
969 1921 976 1940 :

192 1957 286 1985 Nouus
300 1958 339 1993 (in
360 1957 465 1984 nomine
482 1963 525 1984 tuo
541 1957 712 1990 comedimus,
726 1963 751 1984 et
764 1958 791 1984 in
803 1958 907 1984 nomine
928 1963 973 1984 tuo

190 2005 313 2037 bibimus,
330 2009 365 2039 et)
379 2005 407 2030 in
422 2004 526 2030 nomine
539 2009 583 2030 tuo
596 2003 726 2030 daemonia
737 2003 873 2038 ejecimus,
884 2008 908 2030 et
920 2004 976 2030 vir-

190 2055 259 2077 tutes
269 2050 365 2077 multa:
375 2049 643 2084 fecimus?Discedite
653 2058 667 2075 ιι
681 2057 730 2081 me,
742 2057 792 2076 non
809 2049 868 2076 novi
883 2057 926 2076 vos
942 2050 975 2076 ¹¹.

190 2095 309 2123 Putasne
320 2096 371 2123 hoc
381 2095 453 2130 quod
469 2096 508 2122 ait
521 2105 527 2122 :
549 2094 610 2121 Non
622 2095 681 2121 novi
694 2102 747 2127 vos,
764 2096 896 2122 minorem
917 2095 976 2130 ejus

189 2141 317 2167 virtutem
342 2140 484 2175 approbat,
504 2148 538 2166 an
560 2139 691 2174 majorem
715 2144 796 2173 atque
812 2140 975 2174 mirabilem,

189 2187 255 2221 quia
270 2186 358 2213 malos
375 2186 566 2220 periturasque
581 2184 703 2212 neseiat?
720 2184 775 2212 Scll
791 2186 863 2212 enim
881 2186 915 2213 ab
933 2187 975 2214 his
991 2199 1014 2226 ο

190 2232 368 2264 differentias,
394 2232 445 2259 scit
473 2232 598 2264 meliora,
621 2231 673 2259 scit
697 2231 829 2259 Dominus
856 2239 903 2260 eos
929 2233 976 2267 qui

189 2279 250 2314 ejus
269 2282 333 2306 sunt
348 2287 354 2305 :
370 2283 398 2305 et
418 2278 442 2304 si
458 2278 517 2312 quis
540 2278 655 2312 ignorat,
674 2278 812 2313 ignoratur
827 2278 860 2304 ¹¹.
879 2278 974 2311 luitur,

191 2329 220 2352 ut
243 2329 360 2357 constat,
381 2328 508 2359 peccator
533 2324 674 2359 ignoratur
696 2331 712 2350 a
734 2323 798 2351 Deo.
816 2323 893 2352 Dicet
909 2325 976 2352 mihi

190 2370 290 2406 aliquis
306 2370 340 2398 de
350 2370 523 2397 auditoribus
537 2379 543 2396 :
556 2369 704 2397 Ostendisti
720 2371 783 2405 quia
798 2369 901 2397 neseiat
913 2378 977 2405 pec-

190 2421 297 2444 catores
323 2416 404 2448 Deus,
419 2415 562 2443 ostendisti
577 2416 641 2450 quia
657 2416 763 2450 ignoret
779 2423 827 2442 eos
840 2416 886 2450 qui
909 2423 976 2450 ope-

190 2465 286 2490 rantur
306 2462 494 2496 iniquitatem;
516 2469 606 2496 neque
632 2461 705 2488 enim
722 2460 795 2495 digni
813 2465 877 2487 sunt
900 2461 978 2495 agni-

190 2509 263 2536 tione
279 2508 357 2542 ejus:
370 2507 508 2543 quomodo
523 2507 680 2543 approbatis
691 2514 819 2542 magnum
833 2511 860 2533 et
875 2506 977 2541 glorio—

189 2562 250 2582 sum
275 2561 336 2582 esse
356 2553 430 2589 quod
452 2553 487 2580 ab
506 2560 540 2580 eo
561 2553 663 2580 dictum
686 2557 729 2579 est
751 2561 759 2579 :
782 2551 879 2578 Nescio
895 2551 976 2587 loqui,

176 2590 261 2634 quod
282 2600 432 2626 humanum
453 2602 505 2630 est,
521 2602 548 2625 et
564 2597 673 2633 eloquio
686 2604 758 2631 sape
775 2597 888 2628 utimur,
902 2596 977 2623 verbi

190 2653 284 2677 causa,
297 2644 471 2672 Hebraeorum
488 2651 565 2675 voce,
581 2644 639 2670 sive
657 2642 828 2674 Graecorum,
845 2642 903 2669 sive
915 2642 977 2668 reli-

191 2697 307 2724 quorum
328 2690 472 2718 sermone?
486 2689 556 2724 Ergo
571 2689 595 2716 si
619 2687 777 2715 ascenderis
793 2686 826 2714 ad
849 2686 974 2724 Salvato-

193 2742 260 2765 rem.
277 2738 304 2760 et
323 2734 417 2762 scieris
431 2741 493 2761 eum
512 2735 537 2760 in
562 2732 696 2768 principio
713 2732 786 2767 apud
805 2731 888 2759 Deum
905 2731 975 2758 Ver-

229 2792 249 2806 ¹⁶
264 2791 315 2817 lsa.
331 2799 379 2824 vn,
403 2791 447 2818 16.
487 2793 507 2807 ¹⁷
530 2792 595 2819 ibid.
623 2791 665 2818 Ηι.

192 2826 214 2840 "
231 2827 239 2851 Ι
256 2825 320 2853 Cor.
337 2833 390 2859 ur,
407 2826 452 2853 38.

1032 902 1157 937 δεόμενος
1169 903 1320 939 προκοπῆς·
1332 903 1429 931 οὐκοῦν
1440 906 1609 941 προέκοπτεν
1629 907 1738 945 ἡλικίᾳ,
1757 915 1821 942 προ-

1030 946 1129 975 έκοπτε
1141 950 1232 985 σοφίᾳ,
1253 949 1405 984 προέκοπτε
1421 950 1512 986 χάριτι
1528 953 1603 988 παρὰ
1622 953 1683 989 Θεῷ
1710 955 1760 981 καὶ
1778 956 1820 981 άν-

1033 993 1161 1028 θρώποις.
1185 995 1217 1020 El
1241 994 1295 1030 γὰρ
1311 995 1444 1022 ἐκένωσεν
1465 997 1560 1024 ἑαυτὸν
1583 1000 1761 1028 καταϐαίνων
1783 1002 1822 1027 ὲν-

1031 1039 1128 1071 ταῦθα,
1147 1040 1194 1067 καὶ
1212 1041 1332 1072 κενώσας
1350 1042 1455 1074 ἑαυτὸν,
1477 1043 1614 1079 ἐλάμϐανε
1632 1046 1714 1073 πάλιν
1740 1048 1822 1076 ταῦτα

1032 1086 1080 1120 ἀφ’
1103 1082 1139 1112 ὧν
1160 1086 1293 1114 ἐπένευσεν
1309 1088 1414 1120 ἑαυτὸν,
1437 1088 1508 1116 ἑκὼν
1525 1089 1648 1123 κενώσας
1666 1093 1782 1120 ἑαυτόν·
1798 1094 1821 1120 τί

1032 1130 1132 1158 ἄτοπον
1145 1132 1226 1159 αὑτὸν
1241 1133 1287 1159 καὶ
1302 1134 1500 1169 προκεκοφέναι
1513 1135 1594 1171 σοφίᾳ
1607 1137 1654 1163 καὶ
1668 1137 1765 1174 ἡλικίᾳ
1779 1140 1821 1166 καὶ

1031 1177 1122 1213 χάριτι
1146 1177 1220 1213 παρὰ
1236 1178 1296 1213 Θεῷ
1315 1180 1362 1206 καὶ
1381 1179 1543 1215 ἀνθρώποις,
1566 1182 1614 1208 καὶ
1641 1183 1820 1218 ἀληθεύεσθαι

1032 1223 1096 1258 περὶ
1113 1222 1193 1249 αὑτὸν
1205 1224 1235 1250 τό
1245 1233 1251 1239 ·
1269 1225 1344 1258 Πρὶν
1356 1225 1375 1259 ἢ
1394 1225 1503 1259 γνῶναι
1514 1228 1609 1254 αὐτὸν
1620 1229 1719 1256 καλὸν
1735 1230 1754 1264 ἣ
1771 1237 1821 1257 ποι

1031 1267 1135 1302 νηρὸν,
1143 1269 1297 1301 tutata;
1308 1270 1341 1297 τὸ
1351 1270 1474 1306 ἀγαθὸν,
1484 1272 1531 1298 καὶ
1547 1272 1667 1301 ἀπειθεῖ
1681 1278 1820 1310 xor-imm;

1031 1313 1117 1341 Τοῦτο
1130 1315 1288 1351 παρεθέμην
1302 1317 1355 1343 ἀπὸ
1370 1317 1417 1344 τοῦ
1443 1317 1564 1345 Ἡσαΐου.

1073 1358 1141 1385 Ἀλλ’
1157 1360 1215 1394 ὲρεῖ
1235 1368 1292 1391 τις·
1311 1361 1342 1386 Et
1361 1360 1473 1388 δύνασαι
1486 1362 1532 1388 ἐπὶ
1547 1363 1592 1389 τὸν
1615 1363 1733 1399 Σωτῆρα
1756 1366 1818 1392 ἀνσ-

1030 1405 1124 1438 γαγεῖν
1137 1405 1178 1437 τὸ,
1195 1405 1252 1432 Οὐκ
1267 1403 1336 1438 οῖδα,
1354 1407 1400 1432 καὶ
1416 1406 1527 1434 δύνασαι
1539 1407 1628 1442 λέγειν
1642 1410 1690 1436 ἐπὶ
1705 1411 1753 1437 τὸν
1769 1411 1821 1437 24.n-

1030 1450 1100 1486 τῆρα
1115 1450 1146 1476 τὸ
1161 1450 1274 1483 τοιοῦτο,
1297 1451 1344 1478 καὶ
1369 1452 1474 1479 παιδίον
1497 1454 1578 1480 αὑτὸν
1601 1454 1767 1490 λαμϐάνειν·
1793 1458 1820 1484 οὐ

1030 1496 1196 1531 προσκόπτει
1219 1504 1259 1523 σοι
1276 1496 1362 1523 ταῦτα
1381 1497 1469 1532 λέγειν
1491 1499 1554 1534 περὶ
1575 1500 1622 1526 τοῦ
1639 1501 1820 1536 Μονογενοῦς,

1031 1542 1095 1577 περὶ
1111 1541 1158 1567 τοῦ
1172 1541 1348 1577 Πρωτοτόκου
1368 1543 1457 1578 πάσης
1470 1544 1596 1577 κτίσεως,
1612 1547 1678 1581 περὶ
1695 1547 1744 1574 τοῦ
1761 1549 1822 1583 πρὶν

1031 1586 1187 1622 συλλήψεως
1201 1587 1448 1621 εὐαγγελισθέντος,
1462 1589 1532 1616 κατὰ
1545 1589 1588 1623 τὸ,
1602 1592 1727 1627 Πνεῦμα
1738 1594 1822 1629 ἄτιον

1029 1631 1223 1660 ἐπελεύσεται
1239 1634 1288 1660 ἐπὶ
1305 1634 1354 1667 σὲ,
1371 1635 1419 1661 καὶ
1443 1635 1570 1671 δύναμις
1587 1637 1738 1672 Ὑψίστου
1759 1641 1823 1667 ἐπι-

1029 1677 1148 1705 σκιάσει
1170 1686 1236 1705 σοι·
1261 1679 1307 1705 καὶ
1332 1679 1415 1714 λέγει,
1444 1681 1501 1707 Οὐκ
1533 1682 1686 1718 ἐπίσταμαι
1714 1684 1822 1718 mm;

1032 1723 1113 1760 Ὅρα,
1128 1725 1151 1751 εί
1168 1724 1279 1752 δύνασαί
1294 1734 1319 1752 τι
1334 1725 1470 1761 ἀξιόλογον
1481 1728 1527 1754 καὶ
1541 1728 1612 1764 μέγα
1627 1731 1694 1766 περὶ
1707 1731 1756 1758 τὸν
1770 1733 1824 1758 Σω-

1028 1769 1100 1805 τῆρα
1121 1771 1150 1796 ὲν
1172 1771 1211 1806 τῷ
1226 1771 1302 1806 τόπῳ
1324 1771 1396 1798 ἰδεῖν·
1422 1774 1472 1806 ὅτι,
1486 1775 1546 1801 τινὰ
1567 1775 1604 1810 μὴ
1628 1777 1823 1813 ἐπιστάμενος,

1031 1814 1131 1850 μείζων
1144 1816 1202 1841 ἐστὶ
1224 1816 1261 1852 μὴ
1282 1818 1473 1853 ἐπιστάμενος,
1492 1819 1508 1855 ἢ
1530 1821 1715 1857 ἐπιστάμενος
1738 1826 1823 1851 αὐτὼ

1029 1861 1076 1887 καὶ
1090 1860 1200 1897 χρῶμαι
1220 1862 1302 1889 αὐτοῦ
1323 1865 1356 1899 τῇ
1371 1866 1444 1900 φωνῇ
1463 1866 1676 1902 μαρτυροῦντος,
1699 1870 1742 1896 ὅτι
1765 1871 1826 1897 τινὰ

1028 1905 1078 1931 οὐκ
1096 1905 1247 1934 ἐπίσταται,
1263 1908 1342 1943 Λέγει
1355 1909 1419 1943 γοῦν
1437 1912 1494 1942 τοῖς
1510 1911 1661 1946 φάσκουσιν
1676 1915 1766 1950 αὐτῷ⁸
1784 1917 1825 1947 Οὐ

1029 1951 1069 1985 τῷ
1079 1953 1202 1987 ὀνόματι
1209 1962 1267 1981 σου
1274 1954 1411 1990 δαιμόνια
1418 1956 1609 1992 ἐξεϐάλομεν,
1621 1960 1671 1986 καὶ
1679 1960 1826 1997 δυνάμεις

1028 2000 1146 2033 πολλὰς
1155 2001 1350 2037 ἐποιήσαμεν;
1368 2004 1562 2038 Ἀποχωρεῖτε
1575 2005 1627 2032 ἀπ’
1639 2006 1726 2041 ἐμοῦ,
1737 2009 1826 2036 οὐδέ·

1028 2054 1100 2072 ποτε
1109 2046 1202 2081 ἐγυνων
1217 2044 1306 2080 ὑμᾶς.
1327 2045 1400 2084 ’Δρα
1406 2047 1448 2081 τὸ,
1462 2048 1612 2076 Οὐδέποτε
1623 2051 1724 2085 ἔγνων
1734 2053 1825 2087 ὑμᾶς.

1028 2091 1086 2117 ἐκεῖ
1106 2091 1250 2127 λεγόμενον
1270 2093 1322 2119 ὑπὸ
1335 2094 1379 2120 τοῦ
1399 2095 1536 2130 Σωτῆρος,
1557 2096 1608 2123 οὐκ
1626 2097 1764 2126 ἐλάττονα
1778 2100 1828 2135 τὴν

1027 2137 1141 2172 δύναμιν
1156 2137 1238 2164 αὐτοῦ
1256 2139 1429 2174 παρίστησιν,
1443 2141 1511 2168 ἀλλὰ
1531 2141 1642 2177 μείζονα
1655 2145 1704 2171 καὶ
1717 2145 1828 2182 θαυμα-

1029 2184 1168 2219 σιωτέραν,
1182 2184 1248 2210 διότι
1264 2185 1327 2216 τοὺς
1339 2186 1462 2222 χείρονας
1474 2187 1521 2213 καὶ
1534 2188 1598 2220 τοὺς
1614 2189 1828 2225 ἀπολλυμένους

1028 2230 1077 2256 οὐκ
1094 2229 1176 2264 ἐγνω;
1194 2231 1284 2264 Ἔγνω
1300 2231 1352 2267 γὰρ
1373 2232 1406 2258 τὰ
1418 2232 1580 2268 διαφέροντα
1597 2235 1646 2261 καὶ
1661 2237 1826 2272 κρείττονα,

1029 2275 1075 2302 καὶ
1087 2275 1156 2309 ἔγνω
1169 2275 1269 2310 Κύριος
1280 2276 1343 2308 τοὺς
1353 2276 1432 2308 ὄντας
1444 2277 1538 2304 αὐτοῦ’
1553 2280 1600 2306 καὶ
1614 2280 1644 2305 εἴ
1655 2289 1703 2314 τις
1710 2282 1827 2317 ἀγνοεῖ.

1028 2320 1185 2355 ἀγνοεῖται.
1203 2321 1307 2348 Οὐκοῦν
1325 2323 1339 2348 ὁ
1358 2322 1520 2358 ἁμαρτωλὸς
1542 2324 1682 2358 ἀγνοεῖται
1709 2328 1765 2354 ὑπὸ
1778 2329 1827 2354 τοῦ

1028 2367 1107 2395 Θεοῦ.
1131 2368 1205 2404 Ἐρετ
1219 2368 1264 2403 μοί
1280 2377 1322 2401 τις
1335 2369 1390 2396 τῶν
1400 2370 1553 2406 ἀκροατῶν·
1570 2371 1708 2406 Ἔδειξας,
1720 2375 1763 2401 ὅτι
1776 2376 1828 2402 οὐκ

1029 2412 1083 2440 οἶδε
1099 2414 1162 2446 τοὺς
1175 2415 1362 2449 ἁμαρτωλοὺς,
1377 2415 1491 2449 ἔδειξας,
1505 2415 1548 2443 ὅτι
1564 2418 1614 2444 οὐκ
1626 2417 1682 2445 οἶδε
1696 2422 1764 2452 τοὺς
1783 2423 1829 2456 ὲρ-

1029 2459 1196 2496 γαζομένους
1207 2461 1255 2497 τὴν
1271 2461 1396 2497 ἀνομίαν·
1409 2462 1440 2489 οὺ
1454 2463 1509 2498 γὰρ
1523 2462 1593 2495 ἄξιοί
1608 2465 1663 2491 εἱσι
1678 2466 1731 2502 τῆς
1750 2467 1829 2501 γνώ-

1026 2514 1095 2538 σεως
1111 2506 1203 2533 αὑτοῦ·
1225 2507 1285 2538 πῶς
1304 2507 1333 2534 δὲ
1350 2508 1537 2544 παραστήσεις
1555 2509 1628 2544 μέγα
1648 2512 1698 2537 καὶ
1719 2512 1830 2546 ἔνδοξον

1025 2550 1094 2578 εἶναι
1108 2552 1151 2588 τὸ,
1169 2553 1230 2579 Οὐκ
1241 2553 1401 2587 ἐπίσταμαι
1411 2554 1527 2588 λαλεῖν,
1545 2555 1695 2592 λεγόμενον
1710 2558 1765 2585 ὑπὸ
1779 2558 1830 2585 τοῦ

1025 2598 1169 2634 Σωτῆρος;
1185 2598 1222 2625 Τὸ
1236 2599 1326 2626 λαλεῖν
1337 2599 1507 2635 ἀνθρώπινόν
1519 2603 1592 2629 ὲστι·
1604 2603 1636 2629 τὸ
1652 2603 1746 2631 λαλεῖν
1763 2605 1828 2631 6(a—

1024 2644 1111 2678 λέκτῳ
1126 2644 1280 2679 χρήσασθαί
1296 2645 1379 2677 ἐστιν,
1395 2645 1466 2672 ὥστε
1479 2647 1567 2674 εἰπεῖν
1591 2648 1741 2684 Ἓεραίων,
1756 2650 1827 2686 φέρε

1028 2689 1125 2720 εἰπεῖν,
1147 2689 1248 2724 φωνὴν,
1264 2689 1281 2725 ἢ
1303 2691 1436 2726 Ἐλλήνων
1452 2691 1544 2719 τινῶν.
1570 2693 1635 2720 Ἐὰν
1653 2694 1762 2730 ἀναΰῇς
1777 2696 1828 2722 ἐπὶ

1028 2734 1073 2760 τὸν
1093 2735 1218 2772 Σωτῆρα,
1232 2736 1280 2763 καὶ
1302 2737 1376 2772 εἰδῇς
1395 2737 1475 2764 αὐτὸν
1494 2738 1581 2773 Λόγον
1606 2740 1636 2766 ὲν
1659 2741 1734 2776 ἀρχῇ
1755 2741 1826 2778 πρὸς

720 2791 741 2807 ¹⁸
764 2790 830 2818 Luc.
860 2798 889 2823 Il,
917 2790 961 2818 5‘2.

1048 2790 1096 2818 lsa.
1116 2799 1165 2824 vn,
1191 2792 1232 2820 i6.
1274 2793 1296 2809 ὀ
1317 2793 1384 2821 Luc.
1410 2802 1429 2828 I,
1461 2794 1507 2824 '55.
1547 2796 1568 2812 ³¹
1584 2795 1684 2824 Matth.
1700 2805 1748 2828 vn.
1777 2798 1825 2824 ‘22..
