1879 3046
69 135 121 164 εδδ

691 136 724 164 ΙΝ
743 137 916 167 JEREMIAM
936 136 1078 166 HOMILIA
1098 139 1120 167 I.

1650 142 1704 171 266

69 195 113 223 τὸν
123 195 203 228 Θεὸν,
219 195 292 231 ὄψει,
307 196 348 223 δτι
360 196 410 223 οὐκ
421 195 564 224 ἐπίσταται
579 196 678 223 λαλεῖν.
699 197 762 224 Ἐὰν
777 197 805 224 δὲ
818 198 859 224 καὶ

949 205 990 231 im,
1010 197 1112 232 inspice
1122 196 1185 232 quia
1203 197 1306 226 neseiat
1319 197 1393 233 loqui
1408 197 1481 233 (cum
1499 196 1650 225 humanum
1667 199 1704 226 sit

69 241 194 276 ἀγγέλων
218 242 348 276 γλώσσας
373 243 523 279 συγκρίνῃς
544 242 695 278 ἀνθρώπιον
716 241 863 276 γλώσσαις,

69 289 117 316 καὶ
137 289 223 324 εἰδῇς,
245 290 287 316 ὅτι
309 287 387 321 οὗτος
408 289 507 324 μείζων
527 289 587 316 ἐστὶ
603 289 650 316 καὶ
670 288 804 323 ἀγγέλων,
825 289 865 322 ὡς

70 334 264 370 ἐμαρτύρησεν
286 335 315 361 έν
337 336 370 370 τῇ
396 334 465 369 πρὸς
497 334 639 370 Ἐϐραίους
662 335 676 360 ό
703 334 864 366 Ἀπόστολος

70 381 210 416 ἐπιστολῇ.
222 381 306 416 ἐρεῖς,
317 381 357 407 ὃτι
369 381 474 416 καὶτῆς
483 380 607 415 ἀγγέλων
621 379 746 416 γλώσσης
763 381 864 416 μείζων

68 425 112 462 ἦν,
129 427 175 454 ὅτε
196 427 263 459 Θεὸς
279 425 313 463 ἦν
328 427 414 462 Λόγος
431 427 500 463 πρὸς
518 435 564 454 τον
581 427 700 463 Πατέρα.
725 427 862 454 Μανθάνει

69 471 126 505 οὖν,
159 473 207 500 καὶ
238 473 320 499 οἱονεὶ
342 473 527 509 ἀναλαμϐάνει
553 473 707 509 ἐπιστήμην
723 473 754 500 οὐ
784 473 865 509 μεγά-

69 519 133 551 λων,
152 519 213 546 ἁλλ⁹
227 518 427 554 ὑποδεεστέρων
438 519 485 546 καὶ
503 519 672 555 μικροτέρων
683 527 691 535 ·
707 520 754 547 καὶ
769 519 864 557 ὥσπερ

71 564 211 601 μανθάνω,
227 565 385 600 βιαζόμενος
410 565 528 600 ἐμαυτὸν
549 564 703 600 ψελλιζειν,
727 566 772 593 ὅτε
797 574 862 593 παι-

69 611 135 642 δίοις
152 611 322 646 διαλέγομαι·
347 611 376 637 οὐ
396 610 451 646 γὰρ
469 612 650 646 ἐπιστάμενος
672 611 802 643 παιδιστὶ,
831 611 863 637 ἵν’

69 656 158 688 οὓτως
174 657 252 688 εἴπω,
271 657 371 689 λαλεῖν,
389 656 516 692 βιάζομαι
532 657 634 688 τέλειος
646 656 694 683 ὥν·
715 657 800 689 οὕτως
817 656 864 683 καὶ

70 703 100 729 ὲν
121 704 155 738 τῇ
171 702 360 738 μεγαλειότητι
370 703 419 738 τῆς
433 703 512 738 δόξης
522 703 568 730 τοῦ
580 703 648 730 Θεοῦ
667 704 819 738 τυγχάνων,
833 703 863 730 οὺ

70 747 148 774 λαλεῖ
160 747 329 784 ἀνθρώπινα,
343 748 393 775 οὐκ
404 746 457 775 οἶδε
469 748 636 783 φθέγγεσθαι
647 750 702 780 τοῖς
715 749 802 776 κάτω·
819 749 863 776 ὅτε

68 793 98 820 δὲ
112 793 225 829 ἔρχεται
237 794 277 825 εἰς
293 793 372 829 σῶμα
391 793 571 829 ἀνθρώπινον,
583 793 657 827 λέγει
674 793 745 820 κατὰ
755 793 804 825 τὰς
815 794 864 830 ἁρ-

69 840 130 874 χάς·
146 840 208 866 οὐκ
218 839 379 874 ἐπίσταμαι
388 839 506 872 λαλεῖν,
517 839 563 866 ὅτι
573 839 716 874 νεώτερος
728 839 784 874 ἐγώ
793 841 860 874 ειμι·

916 243 969 270 hoc
990 243 1062 277 quod
1087 241 1189 270 dicitur
1208 242 1294 277 loqui,
1309 243 1332 270 si
1359 243 1420 270 ideo
1438 243 1552 276 neseiat,
1569 242 1634 278 quia
1649 244 1705 271 sint

915 287 1020 324 majora
1041 295 1103 324 qua:
1123 289 1249 323 noverit).
1273 288 1302 315 Si
1318 293 1407 316 autem
1429 293 1457 316 et
1472 288 1632 324 angelorum
1653 289 1703 316 lin-

915 342 984 370 guas
1000 334 1129 362 humanis
1143 335 1349 370 comparaveris
1364 335 1476 370 linguis,
1490 339 1517 362 et
1528 334 1624 363 scieris
1640 336 1703 370 quia

915 380 967 408 iste
983 380 1071 415 major
1082 381 1117 408 sit
1131 380 1247 416 angelis,
1264 380 1336 408 sicut
1351 384 1466 408 testatus
1482 384 1524 408 est
1536 380 1569 407 de
1585 387 1618 408 eo
1631 380 1704 415 Apo-

915 425 1002 453 stolus
1023 425 1051 453 in
1066 424 1187 460 Epistola
1201 432 1251 453 sua
1267 433 1349 460 quam
1367 425 1463 453 scribit
1477 425 1511 452 ad
1530 424 1659 453 Hebraeos
1671 427 1704 459 ",

914 471 1048 507 intelliges
1059 471 1192 506 majorem
1204 478 1266 499 eum
1277 476 1304 499 et
1317 471 1476 507 angelorum
1489 471 1592 507 linguis
1607 472 1702 506 fuisse.

914 518 1025 553 quando
1053 521 1158 545 tantum
1185 517 1258 545 Deus
1284 516 1402 544 Verbum
1420 522 1478 545 erat
1492 517 1562 552 apud
1584 517 1702 546 Patrem.

915 564 1000 592 Discit
1024 571 1107 599 ergo,
1133 569 1161 592 et
1185 564 1389 600 quodammodo
1410 564 1510 599 accipit
1532 564 1704 600 disciplinam

915 617 970 638 non
983 618 1156 644 magnorum,
1174 610 1221 638 sed
1240 609 1402 638 inferiorum
1417 617 1450 637 ac
1465 609 1614 638 minorum.
1630 610 1706 638 Sicu

913 659 941 683 et
955 663 1007 691 ego
1023 656 1158 683 balbutire
1179 655 1266 688 disco,
1284 655 1441 687 violentiam
1469 655 1648 691 mihimctipsi
1667 656 1708 682 fi-

914 700 1001 732 ciens,
1025 700 1136 735 quando
1155 709 1217 728 cum
1239 701 1360 736 parvulis
1383 701 1491 736 loquor,
1517 709 1607 737 neque
1631 702 1703 730 enim

914 747 982 778 scio,
999 751 1031 773 ut
1051 747 1088 774 ila
1113 747 1213 779 dicam,
1234 746 1396 774 iniantiliter
1418 747 1505 782 loqui,
1530 751 1558 775 et
1581 747 1706 775 infractis

914 792 1006 820 verbis
1019 792 1073 827 iam
1089 792 1251 828 grandaevus
1267 800 1329 820 cum
1342 792 1434 828 pueris
1445 793 1624 821 sermocinari
1637 800 1644 820 :
1656 801 1704 820 co—

914 837 974 865 dem
992 838 1072 866 modo
1089 837 1214 865 Salvator
1229 837 1256 865 in
1270 837 1470 873 magniﬁcentia
1485 838 1579 874 gloriae
1595 839 1704 874 quidem

70 885 203 921 νεώτερος
217 885 244 911 δὲ
253 885 297 911 διὰ
307 885 356 921 τὴν
373 885 481 920 γένεσιν
495 885 544 922 τὴν
559 885 729 921 σωματικὴν,
743 885 859 921 πρεσϐύ-

949 884 962 910 :i
983 883 1021 919 (et
1033 883 1059 911 in
1074 883 1153 911 Patre
1169 884 1348 916 consistens),
1360 891 1414 911 non
1430 884 1554 918 loquitur
1572 884 1704 918 humana,

69 939 148 967 τερος
162 930 191 957 δὲ
208 931 279 959 κατὰ
299 931 346 958 τό·
366 931 541 967 Πρωτότοκος
559 932 650 967 πάσης
669 931 718 966 τῆς
731 930 861 963 κτίσεως·

68 977 214 1012 νεώτερος,
235 977 276 1004 ὅτι
294 977 343 1004 ἐπὶ
363 976 505 1012 συντελείᾳ
523 976 577 1003 τῶν
593 976 700 1003 αἰώνων
722 974 799 1012 ἦλθε,
815 976 864 1003 καὶ

69 1022 184 1058 ὕστερον
197 1021 237 1057 τῷ
247 1021 298 1057 βίῳ
312 1021 507 1058 ἐπιδεδήμηκε.
521 1021 602 1056 Λέγει
616 1019 715 1055 οὗνςεό·
732 1022 794 1048 Οὐκ
806 1020 858 1046 ἐπ-

68 1065 317 1101 ίσταμαιλαλεῖν
329 1065 388 1094 οἶδά
413 1076 474 1095 τινα
497 1067 607 1103 μείζονα
626 1068 673 1095 τοῦ
690 1067 790 1100 λαλεῖν,
803 1064 863 1094 οἶδά

67 1120 129 1138 τινα
153 1111 266 1148 μείζονα
286 1113 334 1140 τοῦ
352 1113 471 1148 φθόγγου
495 1113 592 1140 τούτου
612 1114 660 1140 τοῦ
678 1113 860 1150 ἀνθρωπίνου.

68 1158 162 1190 Θέλεις
178 1168 212 1194 με
228 1159 317 1187 λαλεῖν
333 1159 496 1195 ἀνθρώποις,
511 1159 588 1187 οὔπω
601 1160 739 1188 διάλεκτον
757 1159 862 1196 ἀνθρω-

67 1203 148 1240 πίνην
163 1205 308 1241 ἀνείληφα,
327 1206 381 1242 ἔχω
396 1206 536 1234 διάλεκτόν
552 1215 599 1234 σου
611 1207 660 1235 τοῦ
679 1207 758 1239 Θεοῦ,
776 1206 861 1241 Λόγος

67 1250 126 1285 εἰμί
138 1258 188 1276 σου
203 1250 250 1277 τοῦ
263 1251 342 1283 Θεοῦ,
356 1251 398 1278 σοὶ
411 1249 470 1279 οἶδα
485 1252 739 1288 προσδιαλέγεσθαι,
757 1250 862 1288 ἀνθρώ-

67 1304 128 1328 ποις
140 1296 194 1323 οὐκ
210 1297 360 1333 ἐπίσταμαι
376 1297 476 1331 λαλεῖν,
494 1298 534 1325 ὅτι
548 1298 678 1334 νεώτερός
693 1299 761 1334 εἰμι.

914 929 1002 957 nescit
1016 929 1093 956 all‘ari
1112 937 1160 956 eos
1175 929 1221 964 qui
1236 929 1363 957 deorsum
1380 933 1455 957 sunt.
1474 928 1590 961 Quando
1612 935 1705 958 autem

914 975 988 1002 venit
1007 974 1036 1002 in
1053 982 1153 1010 corpus
1177 975 1340 1008 humanum,
1357 975 1422 1002 dicit
1444 975 1471 1002 in
1488 975 1603 1003 exordio
1621 987 1627 1003 :
1647 975 1704 1003 Ne-

913 1021 968 1047 scio
983 1020 1068 1056 loqui,
1084 1021 1150 1056 quia
1157 1021 1263 1056 juvenis
1275 1029 1321 1056 ego
1333 1029 1395 1048 sum
1408 1021 1430 1037 "
1442 1031 1449 1056 ;
1463 1022 1582 1058 juvenis,
1595 1027 1706 1057 propter

913 1066 1145 1101 dispensationem
1157 1088 1164 1100 ,
1175 1067 1354 1102 senex,juxta
1367 1068 1418 1096 hoc
1426 1070 1499 1104 quod
1509 1069 1706 1104 primogenitns

915 1111 1006 1138 omnis
1029 1116 1177 1145 creatum;
1195 1112 1315 1147 juvenis,
1330 1113 1394 1148 quia
1418 1114 1445 1141 in
1469 1114 1706 1142 consummatione

913 1155 970 1191 jam
987 1157 1163 1189 saeculorum,
1177 1161 1204 1185 et
1215 1157 1242 1184 in
1257 1162 1409 1186 extremum
1424 1159 1506 1194 hujus
1521 1160 1584 1187 vita:
1599 1164 1707 1195 tempus

915 1203 1034 1231 advenit.
1062 1203 1134 1231 Dicit
1159 1204 1252 1239 itaque
1277 1213 1285 1231 :
1316 1203 1412 1232 Nescio
1438 1204 1529 1240 loqui;
1551 1205 1610 1233 scio
1631 1205 1704 1233 enim

915 1249 1040 1284 quaedam
1064 1250 1170 1284 majora
1184 1250 1272 1285 loqui,
1288 1250 1346 1278 seio
1373 1250 1497 1286 quadam
1523 1251 1628 1287 majora
1653 1252 1706 1279 isto

915 1303 1042 1323 sermone
1053 1296 1174 1324 mortali.
1188 1295 1234 1323 Vis
1246 1303 1289 1324 me
1302 1296 1378 1332 loqui
1388 1297 1577 1331 terrestribus,
1589 1298 1704 1326 necdum

65 1343 207 1379 assumpsi
224 1344 371 1372 humanam
394 1344 580 1381 fragilitatem,
603 1346 690 1374 habeo
715 1343 856 1381 eloquium
879 1346 969 1376 tuum,
992 1343 1111 1371 Verbum
1135 1347 1212 1372 tuum
1230 1351 1304 1378 sum,
1321 1345 1368 1372 tibi
1392 1345 1449 1373 scio
1472 1345 1566 1381 loqui,
1589 1347 1706 1374 hotnini~

67 1389 120 1416 bus
143 1390 238 1417 nescio
257 1390 342 1425 loqui.
356 1391 467 1426 juvenis
489 1400 561 1420 sum.

100 1435 158 1462 Kal
177 1435 257 1470 ,λέγει
275 1437 390 1470 Κύριος·
405 1436 454 1470 Μὴ
471 1437 551 1472 λέγε,
566 1434 769 1471 ὅτιΝεώτερός
790 1437 857 1472 ειμι,

64 1480 112 1508 ὅτι
132 1481 209 1514 πρὸς
223 1480 348 1514 πάντας,
367 1481 420 1514 οὓς
438 1480 495 1508 ἐὰν
511 1481 718 1514 ἑξαποστείλω
733 1489 787 1513 σε,
808 1489 862 1508 πο-

950 1432 978 1460 9.
991 1432 1068 1468 131
1082 1431 1147 1460 Noli
1158 1433 1376 1461 dicereﬂuvenis
1393 1442 1439 1470 ego
1456 1443 1525 1468 sum,
1534 1436 1661 1471 quoniam
1670 1438 1705 1465 ad

916 1485 1004 1506 omnes
1028 1486 1195 1513 quoscunque
1211 1479 1301 1515 (15-1)
1318 1479 1424 1506 mittant
1443 1485 1476 1514 te,
1494 1481 1553 1508 ibis.
1603 1481 1706 1511 Deinde

62 1526 163 1560 ρεύσῃ
174 1545 182 1552 .
202 1525 296 1558 Οὓτως
310 1526 424 1554 ἐκτείνει
439 1526 488 1562 τὴν
503 1529 591 1563 χεῖρα,
605 1527 720 1555 ἅπτεται
739 1526 785 1554 τοῦ
801 1526 859 1554 στό-

952 1524 1066 1552 mmovit
1079 1533 1190 1552 manum
1207 1525 1241 1553 ad
1257 1527 1421 1562 langendum
1438 1535 1469 1555 os
1485 1527 1554 1562 ejus,
1574 1533 1603 1556 ut
1620 1529 1645 1556 ei
1660 1530 1705 1557 det

65 1580 154 1608 ματος
173 1571 268 1604 αὑτοῦ,
283 1572 388 1600 δίδωσιν
399 1572 474 1608 αὐτῷ
488 1572 594 1607 λόγους,
609 1574 656 1601 καὶ
671 1573 779 1600 δίδωσιν
788 1573 863 1608 αὑτῷ

64 1619 163 1653 λόγους
179 1619 224 1646 διὰ
239 1618 287 1651 τὰς
301 1619 437 1654 βασιλείας
447 1638 454 1651 ,
468 1619 501 1645 ἵν’
513 1619 661 1656 ὲκριζὼσῃ.
677 1620 714 1646 Οὑ
728 1618 820 1656 χρείαν
835 1619 863 1646 δὲ

64 1663 140 1701 εἶχεν
157 1665 339 1700 ἑκριζούντων
357 1663 455 1698 λόγων,
468 1665 512 1692 ὅτε
525 1662 560 1700 ἦν
571 1666 600 1692 ὲν
611 1665 710 1701 Πατρὶ,
725 1665 756 1692 οὐ
768 1664 862 1700 χρείαν

64 1709 123 1747 εἶχε
150 1710 400 1737 κατασκαπτόντων
421 1710 518 1744 λόγων,
541 1711 588 1738 καὶ
606 1711 808 1747 καθαιρούντων
827 1711 862 1738 τὰ

64 1757 178 1793 χείρονα
189 1765 195 1772 ·
215 1756 291 1784 οὐδὲν
308 1754 402 1792 γὰρῆν
416 1756 490 1789 ἄξιον
509 1757 689 1793 κατασκαφῆς
703 1758 772 1790 ἐκεῖ,
786 1757 862 1784 οὐδὲν

62 1801 98 1839 ἦν
115 1802 193 1836 ἄξιον
208 1801 389 1838 έκριζώσεως.
408 1802 488 1838 Μέγα
515 1801 562 1830 οὖν
578 1803 662 1835 ἔστιν,
679 1802 718 1836 ὡς
735 1802 780 1830 τό·
801 1805 861 1831 Οὐκ

63 1847 133 1877 οῖδα
151 1848 241 1884 ὑμᾶς,
260 1848 305 1875 ὅτι
322 1847 441 1883 ἐιρτάται
453 1849 524 1884 ἐστὲ
540 1849 679 1884 ἀνομίας·
702 1849 788 1881 οὕτως
809 1850 862 1876 ὑπὸ

61 1895 110 1922 τοῦ
128 1895 257 1930 Σωτῆρος
273 1895 428 1930 λεγόμενον,
446 1895 490 1922 διὰ
507 1895 539 1922 τὸ
560 1894 729 1931 ὑπερϐάλλον
747 1895 861 1930 μέγεθος

62 1941 112 1977 τῆς
130 1941 212 1976 δόξης
229 1940 312 1967 αὑτοῦ
323 1949 329 1955 ·
345 1940 402 1968 ἴσον
418 1940 482 1975 γοῦν
499 1940 646 1977 δυνάμενον
661 1941 709 1976 τῷ,
727 1942 788 1968 οὐκ
806 1942 860 1968 ἐπ-

63 1986 190 2022 ίσταμιιι
196 1986 305 2013 λαλεῖν
312 1986 491 2021 ἀνθρώπινα,
506 1987 551 2014 τό”
566 1988 622 2015 οὐκ
635 1987 795 2023 ἐπίσταμαι
808 1988 860 2014 λιι-

62 2032 140 2060 λεῗν.

98 2077 164 2104 Εἴτε
179 2077 209 2104 δὲ
223 2078 292 2114 πρὸς
303 2078 348 2105 τὸν
370 2079 513 2114 Ἱερεμίαν,
528 2079 583 2106 εἴτε
600 2079 667 2115 πρὸς
680 2079 726 2106 τὸν
745 2080 861 2116 Σωτῆρα

63 2123 175 2158 λέγεται
185 2131 192 2138 ·
207 2124 268 2157 Πρὸ
283 2124 335 2151 τοῦ
347 2133 385 2158 με
399 2124 513 2152 πλάσαι
521 2131 558 2151 σε
572 2124 606 2151 ἐν
617 2125 727 2158 κοιλίᾳ,
740 2125 861 2153 ἐπίστω-

61 2171 115 2206 μαι
131 2177 180 2201 σε,
197 2170 330 2203 ἀναγνοὺς
342 2168 392 2204 τὴν
406 2169 522 2203 Γένεσιν,
537 2171 584 2197 καὶ
599 2171 722 2207 τηρήσας
736 2171 770 2198 τὰ
785 2171 860 2207 εἰρη-

913 1571 1013 1604 verba,
1035 1571 1136 1606 quibus
1149 1571 1269 1599 eradicet
1288 1572 1412 1607 imperia.
1442 1571 1536 1608 Neque
1551 1582 1615 1602 vero
1631 1575 1704 1602 imii-

914 1616 994 1652 gebat
1012 1615 1136 1644 Salvator
1151 1617 1251 1650 verbis,
1267 1622 1298 1644 ut
1308 1625 1340 1645 ea
1355 1618 1500 1653 acciperet,
1517 1620 1627 1654 quando
1644 1626 1704 1649 erat

913 1662 940 1689 in
959 1662 1056 1694 Patre,
1079 1663 1161 1690 nullis
1184 1663 1212 1690 in
1234 1663 1304 1691 caelo
1324 1664 1431 1700 dignis,
1454 1673 1514 1700 qua:
1534 1672 1704 1696 mererentur

913 1708 1008 1736 everti.
1039 1708 1105 1742 (Sed
1120 1716 1192 1736 nunc
1206 1709 1305 1744 accipit
1321 1717 1404 1744 parva
1415 1731 1423 1743 ,
1448 1711 1577 1740 dill‘erens
1598 1713 1703 1749 majora

914 1754 1074 1789 paulisper).
1095 1754 1184 1790 Atque
1197 1755 1234 1782 ita
1248 1763 1282 1783 ex
1294 1756 1344 1783 hoe
1357 1757 1531 1791 approbatur,
1544 1758 1623 1786 sicuti
1637 1760 1703 1787 alibi

914 1800 1033 1835 gloriose
1049 1801 1155 1828 dixerat
1169 1810 1176 1828 :
1196 1801 1293 1829 Nescio
1306 1810 1360 1836 vos,
1372 1803 1435 1837 quia
1451 1805 1566 1839 operarii
1576 1806 1638 1833 estis
1653 1806 1705 1832 ini-

913 1846 1025 1881 quitatis
1038 1847 1060 1862 "’
1071 1867 1078 1879 ,
1103 1851 1130 1874 et
1143 1855 1216 1874 nunc
1231 1847 1312 1875 verba
1328 1848 1446 1882 gloriose
1459 1851 1598 1886 accepisse
1607 1872 1614 1885 ,
1640 1859 1703 1881 cum

914 1891 987 1919 Deus
1004 1892 1050 1925 sit,
1069 1897 1095 1920 ct
1108 1893 1186 1928 juxta
1201 1893 1430 1929 magniﬁcentiam
1449 1903 1506 1923 sum
1523 1897 1626 1925 dixisse
1642 1898 1702 1934 glo-

913 1935 961 1964 fill!
975 1946 982 1964 :
1002 1936 1099 1965 Nescio
1115 1938 1197 1968 ioani,
1216 1938 1242 1966 id
1257 1943 1309 1973 est,
1327 1939 1446 1967 humana
1460 1948 1513 1968 non
1529 1942 1603 1969 n0vi.

949 2075 992 2102 10.
1015 2074 1078 2102 Sive
1091 2079 1181 2102 autem
1198 2075 1230 2103 ad
1244 2075 1400 2110 Jeremiam,
1416 2077 1472 2105 sive
1486 2078 1518 2106 ad
1531 2078 1701 2108 Salvatorem

912 2120 1012 2148 dicitur
1026 2130 1032 2148 :
1053 2120 1213 2156 Priusquam
1227 2126 1251 2148 te
1263 2121 1424 2157 plasnmrem
1444 2124 1470 2150 in
1487 2128 1560 2151 utero
1570 2145 1577 2158 ,
1595 2126 1654 2153 novi
1666 2131 1701 2158 te,

911 2166 1004 2201 legrns
1020 2166 1145 2194 Genesim
1163 2172 1189 2194 et
1205 2167 1355 2195 observans
1378 2176 1409 2196 ea
1429 2177 1491 2205 qure
1505 2171 1540 2198 ibi
1557 2171 1589 2199 de
1604 2172 1702 2200 condi-

63 2216 132 2250 μένα
149 2215 216 2250 περὶ
232 2215 281 2250 τῆς
298 2215 411 2247 κτίσεως
427 2215 473 2242 τοῦ
490 2216 603 2251 κόσμου,
622 2216 758 2252 εὑρήσεις,
776 2217 816 2244 ὃτι
839 2218 856 2252 ή

952 2219 985 2239 ne
1006 2212 1099 2239 mundi
1119 2212 1219 2248 scripta
1242 2217 1317 2247 sunt,
1340 2213 1462 2243 invenies
1475 2216 1539 2251 quia
1559 2216 1701 2253 Scriptura

62 2261 158 2297 Γραφὴ
176 2261 248 2288 πάνυ
259 2261 490 2289 διαλεκτικώτατα
503 2262 553 2288 οὐκ
565 2259 651 2294 εἶπεν,
665 2263 716 2294 ὅτι,
731 2263 790 2297 Πρὸ
804 2263 858 2290 τοῦ

59 2316 97 2342 με
112 2307 243 2341 ποιῆσαί
262 2315 299 2334 σε
313 2307 348 2334 ἐν
362 2308 471 2341 κοιλίᾳ,
491 2308 653 2342 ἐπίσταμαί
669 2316 721 2335 σε⁵
742 2309 786 2335 ὅτε
808 2308 858 2343 μὲν

58 2352 115 2387 γὰρ
127 2353 142 2379 ό
154 2353 214 2379 κατ’
227 2352 318 2379 εἰκόνα
331 2353 461 2384 ἐκτίζετο,
475 2351 551 2379 εἶπεν
564 2354 578 2379 ὁ
590 2353 655 2385 Θεός
665 2361 672 2368 ·
683 2353 857 2388 Ποιήσωμεν

62 2398 222 2432 (ἲν-θρωπον
243 2397 306 2424 κατ’
327 2398 430 2424 είκόνα
452 2397 502 2424 καὶ
526 2398 669 2432 ὁμοίωσιν
691 2398 854 2433 ἡμετέρανε

62 2444 111 2472 οὐκ
123 2443 196 2476 εἷπε,
210 2444 378 2479 Πλάσωμεν·
394 2444 437 2470 ὅτε
451 2444 478 2470 δὲ
493 2444 572 2471 ἔλαϐε
587 2444 650 2479 χοῦν
663 2443 716 2471 ἀπὸ
729 2445 777 2480 τῆς
792 2444 854 2480 γῆς,

61 2488 238 2524 οὑΠεποίηκε
252 2489 297 2515 τὸν
308 2488 460 2524 ἄνθρωπον,
471 2488 528 2515 ἀλλ’
537 2489 670 2516 ’Ἐπλασε
683 2489 736 2515 τὸν
746 2489 857 2523 ἄνθρω-

61 2542 130 2566 πον,
147 2535 195 2561 καὶ
216 2534 292 2562 ἔθετο
306 2536 335 2561 ἐν
355 2534 393 2569 τῷ
411 2535 567 2570 παραδείσῳ
589 2535 635 2561 τὸν
658 2534 802 2570 ἄνθρωπον
825 2534 855 2561 ὃν

60 2581 188 2613 ἔπλασεν,
208 2579 372 2616 ἐργάξεσθαι
387 2580 478 2614 αὑτὸν,
494 2580 540 2607 καὶ
558 2580 713 2615 φυλάσσειν.
731 2580 762 2607 Ei
778 2580 856 2607 δύνα-

59 2635 115 2659 σαι,
128 2627 180 2662 ὅρα
191 2626 324 2661 διαφορὰν
340 2625 484 2660 ποιήσεως,
498 2625 538 2652 ὅτι
552 2627 567 2652 ό
577 2625 662 2660 λέγων
676 2624 777 2660 Κύριος
787 2625 856 2661 πρὸς

57 2673 103 2699 τὸν
117 2673 173 2700 εἴτε
197 2672 343 2708 Ἰερεμίαν,
361 2671 417 2698 εἴτε
434 2671 502 2707 πρὸς
517 2672 562 2698 τὸν
577 2671 701 2707 Σωτῆρα,
717 2671 768 2698 οὐκ
783 2669 854 2703 εἶπε,

58 2719 118 2754 Πρὸ
136 2718 192 2746 τοῦ
203 2727 242 2753 με
261 2716 390 2751 ποιῆσαί
408 2724 444 2743 σε
461 2717 496 2744 ἐν
511 2717 619 2751 κοιλίᾳ,
628 2717 791 2752 ἐπίσταμαί
802 2725 855 2744 σεο

910 2258 1001 2285 divina
1019 2258 1133 2285 multum
1153 2258 1179 2285 in
1202 2260 1376 2288 sermonibus
1398 2267 1487 2296 cauta,
1511 2271 1563 2290 non
1580 2264 1699 2292 dixerit:

909 2303 1071 2339 Priusquam
1097 2309 1120 2332 te
1143 2306 1256 2339 facerent
1281 2307 1308 2333 in
1331 2312 1423 2340 utero,
1442 2310 1501 2336 nori
1524 2314 1564 2342 te;
1590 2311 1700 2345 quando

908 2348 982 2376 enim
995 2349 1072 2383 juxta
1089 2349 1233 2384 imaginem
1248 2352 1369 2379 conditio
1383 2358 1434 2386 est,
1452 2353 1518 2381 dicit
1533 2354 1605 2382 Deus
1621 2364 1628 2383 :
1648 2356 1702 2383 Fa-

909 2395 1010 2423 ciamus
1029 2396 1159 2423 [inminent
1176 2397 1210 2423 αιί
1229 2397 1370 2432 imaginem
1391 2405 1415 2426 et
1437 2401 1637 2429 similitudinem
1651 2411 1700 2430 no-

911 2445 995 2468 stram
1007 2442 1045 2474 ἐς
1064 2446 1091 2469 et
1107 2449 1160 2469 non
1177 2442 1252 2476 dicit,
1268 2444 1445 2478 plasmemus.
1476 2445 1591 2480 Quando
1608 2453 1699 2476 autem

910 2488 1014 2523 accepit
1031 2488 1117 2516 lutum
1134 2489 1167 2516 de
1180 2494 1262 2521 terra,
1274 2498 1329 2518 non
1344 2496 1385 2519 est
1400 2493 1531 2527 scripturn
1546 2503 1552 2520 :
1568 2493 1642 2521 Fecit
1654 2495 1700 2521 ho-

910 2532 1011 2561 minem
1023 2554 1030 2567 ,
1049 2533 1096 2561 sed
1116 2543 1122 2560 :
1140 2533 1287 2561 Plusniavit
1304 2535 1433 2562 hominem
1447 2537 1486 2565 "’.
1513 2541 1540 2564 et
1564 2538 1656 2573 posuit
1671 2538 1698 2565 in

909 2579 1038 2613 paradiso
1051 2579 1190 2607 hominem
1208 2588 1287 2616 quem
1301 2581 1455 2616 plasmavit,
1467 2583 1586 2617 operari,
1602 2588 1629 2610 et
1641 2590 1700 2610 ser-

908 2631 972 2651 vare
987 2631 1061 2651 eum.
1093 2624 1121 2652 Si
1136 2630 1229 2660 potes,
1255 2626 1374 2662 intelligo
1390 2627 1569 2655 diﬂ'erentiam
1586 2628 1698 2655 facturae

908 2675 936 2698 et
948 2670 1148 2705 plasmationis,
1167 2678 1229 2698 cum
1244 2671 1338 2700 dicens
1353 2672 1411 2700 sive
1427 2672 1461 2700 ad
1475 2671 1631 2705 Jeremiam.
1658 2675 1698 2701 si-

910 2723 944 2744 ve
955 2716 990 2744 ad
1006 2715 1185 2749 Salvatorcm,
1201 2725 1255 2744 non
1267 2718 1367 2746 dixerit
1382 2727 1388 2745 :
1405 2718 1567 2754 Priusquam
1586 2723 1610 2747 te
1623 2719 1695 2754 face-

93 2787 116 2803 ”
134 2786 216 2814 Hebr.
230 2795 249 2820 ι,
266 2786 294 2819 4,
312 2785 341 2814 5.
381 2785 403 2801 "‘
417 2784 472 2812 Jer.
488 2792 508 2816 ι,
521 2784 548 2811 6.
584 2785 606 2801 ³⁵
624 2784 691 2812 Luc.
710 2792 774 2816 xm,
788 2784 834 2812 ‘21.

949 2790 987 2811 an.
1003 2789 1024 2816 ι,
1036 2782 1083 2810 ‘26.
1120 2783 1142 2799 ³⁷
1162 2783 1230 2811 Gen.
1246 2791 1276 2818 ιι,
1297 2784 1324 2812 7.

95 2856 182 2892 (ιδ-ι)
203 2856 268 2885 Mss.
283 2855 413 2891 quoniam
428 2855 462 2881 ad
476 2862 565 2882 omnes
577 2862 754 2890 quoscunque.
767 2854 846 2883 Libb.
863 2854 940 2889 editi,
954 2853 1088 2887 Quoniam
1103 2853 1138 2881 ad
1154 2854 1243 2881 omnia
1260 2854 1294 2881 ad
1306 2863 1477 2890 quacunque.

189 2918 334 2949 Ριτιιοι..
353 2915 412 2946 Gn.
431 2914 518 2946 Xlll.
