1879 3046
185 126 238 155 261

922 117 1084 147 ORIGENIS

1764 121 1813 149 2‘58

185 193 241 213 rem
257 183 284 212 in
300 187 386 210 utero.
411 180 493 215 Quod
508 178 581 208 enim
593 179 632 213 fit,
650 186 703 207 non
726 178 756 206 fit
769 178 796 205 in
813 181 907 210 utero;
926 176 966 204 scd

1063 175 1116 211 γὰρ
1126 173 1286 209 ποιούμενον
1296 174 1346 201 οὑκ
1355 175 1384 202 ὲν
1393 174 1482 212 κοιλίᾳ
1489 175 1603 210 γῖνεται,
1614 176 1684 204 ἀλλὰ
1696 177 1725 204 τὺ
1737 177 1815 205 πλασ-

186 231 260 267 quod
281 232 391 258 creatur
412 227 446 255 de
467 230 547 254 teme
566 224 694 260 pulvere,
712 223 764 250 hoc
779 222 928 258 plasmatur
945 222 972 248 in

186 284 275 307 utero.
293 276 453 311 Priusquam
469 277 493 300 te
507 272 666 308 plasmarem
681 271 708 297 in
722 274 806 302 utero,
821 269 876 296 scio
890 273 925 296 te.
945 267 974 296 Si

188 331 285 352 omnes
300 321 375 350 novit
391 319 472 352 Deus,
490 317 627 354 quomodo
641 315 720 351 quasi
735 315 873 350 praecipuo
888 322 908 341 'a
921 321 974 342 caa-

185 368 254 398 teris
267 366 392 395 let-emite
403 365 470 393 dicit
495 373 503 391 :
531 362 601 390 Novi
616 362 661 389 te?
684 360 725 387 An
741 368 789 388 eos
803 363 909 387 tantum
922 360 974 387 scit

186 414 260 442 Deus
276 410 324 448 qni
341 411 455 439 scientia
468 409 528 444 ejus
542 407 615 444 digni
629 411 709 439 sunt,
731 410 759 433 et
770 405 913 441 cognoscit
925 412 974 434 eos

186 461 233 497 qui
257 459 318 495 ejus
336 462 418 492 sunt;
441 456 568 492 indignos
587 461 651 482 vero
670 453 757 481 nescit
777 459 866 487 neque
883 451 973 485 Pater,

186 496 276 542 neque
296 505 398 538 Filius,
425 503 518 531 dicens
533 510 540 528 :
558 500 619 528 Non
631 499 693 527 navi
713 507 758 527 vos
772 498 816 525 "‘3
832 496 896 533 ;Nos
910 505 973 525 cum

186 553 276 581 simus
292 550 427 581 homines,
451 548 473 576 si
486 547 576 582 aliqua
592 545 725 574 fuerimus
738 544 843 580 praediti
856 543 974 580 dignita-

187 603 223 633 te,
246 598 315 625 alios
337 600 429 624 nostra
444 593 538 622 notitia
552 593 661 628 dignos,
679 591 748 619 alios
762 590 918 626 iudicamus
931 590 974 617 in—

184 645 282 680 dignos
297 653 304 671 :
322 646 350 670 et
364 648 434 677 quos
449 640 521 669 scire
535 639 665 667 nolumus
675 657 683 671 ,
701 644 790 672 neque
814 636 909 664 audire
923 643 973 663 vo-

183 691 286 723 lumus,
303 696 351 716 eos
363 687 513 715 nescimus.
549 684 620 718 Quid
636 684 779 711 arbitraris
794 683 827 710 de
840 682 974 710 universi-

183 736 248 765 tatis
270 735 345 763 Deo?
374 733 440 761 Vult
458 732 528 761 scire
547 731 736 763 Pharaonem,
751 729 809 757 vult
831 728 973 764 Egyptios

183 790 277 816 nosse,
293 781 340 810 sed
353 779 458 816 indigni
472 783 536 807 sunt
553 777 648 806 notitia
660 777 719 812 ejus
735 776 792 813 (sed
806 775 857 811 ipsi
870 775 974 802 faciunt

183 833 215 857 ut
225 825 408 864 ignorentur).
429 824 487 853 Scit
497 828 590 851 autem
607 823 737 858 Moysem,
751 822 803 850 scit
815 821 971 857 prophetas,

1024 222 1136 257 σύμενον
1154 220 1207 247 ἀπὸ
1216 220 1262 246 τοῦ
1276 219 1323 255 χοῦ
1340 221 1388 256 τῆς
1402 221 1464 256 γῆς,
1478 221 1557 248 τοῦτο
1581 223 1611 249 ὲν
1629 223 1717 258 κοιλίᾳ
1730 223 1816 256 κτίζε-

1023 276 1077 295 ται.
1095 267 1156 300 Πρὸ
1172 266 1225 293 τοῦ
1237 274 1275 301 με
1292 266 1407 293 πλάσαι
1425 275 1462 294 σε
1475 266 1509 293 ἐκ
1526 268 1643 301 κοιλίης
1661 268 1815 303 ἐπίσταμαι

1024 321 1070 341 σε.
1084 313 1115 341 Ei
1128 312 1232 344 πάντας
1244 312 1378 347 ἠπίστατο
1388 314 1402 340 ὸ
1413 312 1525 349 Κύριος,
1540 313 1599 345 πῶς
1613 314 1687 348 λέγει
1696 314 1727 340 τό
1735 323 1744 330 ο
1758 316 1815 342 οὐκ

1023 357 1183 392 ἐπίσταμαι
1199 357 1316 389 λαλεῖν,
1332 357 1394 384 ἐπεὶ
1415 357 1453 393 (2)
1470 358 1573 390 πάντας
1587 359 1721 393 ἠπίστατο
1735 360 1751 386 ὁ
1764 359 1816 386 K5-

1026 411 1096 438 ριος;
1112 402 1220 430 λεκτέον
1240 402 1294 438 γὰρ
1309 402 1348 434 ὠς
1367 402 1401 430 ἃν
1422 403 1460 435 ὥς
1475 412 1502 431 τι
1519 404 1657 440 ἐξαίρετον
1684 405 1761 439 ἔλεγε
1779 405 1816 441 τῷ

1031 449 1150 484 Ἱερεμίᾳ
1166 448 1212 475 τό·
1236 448 1290 476 Καὶ
1307 448 1470 484 ἐπίσταμαί
1486 456 1523 476 σε
1534 458 1541 465 ·
1557 449 1656 478 οὐκοῦν
1673 451 1711 482 ὡς
1725 451 1817 485 διαφέ-

1026 503 1121 531 ροντας
1138 495 1282 522 ἐπίσταται
1296 495 1310 521 ὁ
1329 494 1407 527 Θεὸς,
1425 495 1488 527 τοὺς
1507 495 1599 529 ἀξίους
1618 496 1668 532 τῆς
1691 495 1817 531 γνώσεως

1024 541 1107 569 αὐτοῦ
1131 541 1273 568 ἐπίσταται
1293 542 1307 568 ό
1324 541 1399 574 Θεὸς,
1424 542 1471 569 καὶ
1491 542 1561 576 ἔγνω
1574 542 1678 578 Κύριος
1690 543 1755 574 τοὺς
1773 543 1815 569 δν-

1023 597 1072 620 τας
1085 587 1169 614 αὐτοῦ
1179 595 1185 602 ·
1205 588 1268 620 τοὺς
1283 588 1313 615 δὲ
1331 587 1457 620 ἀναξίους
1480 588 1530 614 οὐκ
1546 587 1690 615 ἐπίσταται
1706 589 1721 614 ό
1740 588 1815 620 Θεὸς,

1024 633 1062 666 ὼς
1078 633 1139 660 οὐδὲ
1156 635 1171 660 ὁ
1191 633 1411 670 ἃυτὴρ,λέγων·
1439 633 1589 661 οὐδέποτε
1612 633 1710 669 ἔγνων
1729 633 1815 668 ὑμᾶς.

1030 679 1135 716 Ἡμεῖς,
1149 679 1286 717 ἄνθρωποι
1298 680 1385 712 ὄντες,
1398 679 1460 707 ὅσον
1473 680 1674 716 προκόπτομεν,
1688 680 1816 716 κρίνομέν

1023 735 1094 759 τινα,
1110 726 1172 760 ἄξια
1186 726 1250 754 ὄντα
1264 726 1310 753 τοῦ
1328 725 1489 754 ἐπίστασθαι
1503 727 1578 762 ἡμᾶς
1589 727 1669 754 αὐτὰ.
1687 727 1744 754 Καί
1759 735 1817 753 τινα

1023 772 1084 799 οὐδὲ
1099 772 1209 799 ἀκούειν
1223 772 1344 807 θέλομεν,
1359 772 1402 799 ῖνα
1419 771 1456 808 μὴ
1467 772 1536 799 αὐτὰ
1548 771 1737 808 ὲπιστώμεθα,
1752 772 1816 807 μηδὲ

1024 816 1148 852 εἰδῶμεν·
1163 817 1224 844 τινὰ
1235 817 1266 844 δὲ
1282 817 1394 853 θέλομεν
1407 816 1579 844 ἐπίστασθαι.
1594 818 1626 843 Εἰ
1639 817 1667 843 δὲ
1681 817 1738 844 τῶν
1751 818 1816 844 ὅλων

183 881 211 903 et
226 853 252 903 si
263 875 325 910 quis
338 873 435 901 similis
448 879 544 900 eorum
560 875 612 899 est.
643 869 756 897 Multum
775 874 800 897 te
812 873 918 904 oportet
932 869 966 896 la-

1058 863 1091 895 ιδς
1105 863 1136 890 οὺ
1155 863 1226 890 θέλει
1251 863 1414 890 ἐπίστασθαι
1430 863 1475 890 τὸν
1491 862 1606 898 Φαραὼ,
1620 863 1651 889 οὐ
1669 862 1742 889 θέλει
1760 863 1816 889 ἐπί-

183 922 293 955 borare,
302 926 333 949 ut
348 920 423 948 nosci
441 918 580 954 incipiaris
594 925 610 945 a
621 917 748 945 Domino.
757 916 902 944 Jeremiam
912 916 974 951 qui-

183 969 257 1003 dem,
269 968 347 1004 132
355 966 514 1003 priusquam
520 963 696 1000 plasmaverit
712 963 739 991 in
753 967 858 996 ventre,
869 969 972 998 cogno-

182 1015 240 1049 vit;
262 1014 345 1042 alium
357 1020 423 1041 vero
435 1011 469 1040 de
482 1010 622 1047 prophetis
636 1009 748 1045 triginta
763 1017 899 1037 annorum
914 1016 972 1036 cm-

182 1058 224 1094 pit
241 1065 332 1091 nosse,
350 1057 434 1085 alium
447 1054 638 1091 quadraginta.
661 1053 809 1082 Sermones
822 1057 887 1082 sunt
901 1053 972 1080 inef-

182 1105 281 1134 fabiles
302 1103 337 1132 de
358 1102 511 1134 Salvatore,
526 1104 553 1129 et
564 1107 619 1128 non
633 1107 797 1136 magnopere
811 1099 970 1135 quaerendi;

182 1150 216 1179 de
232 1149 350 1178 Ieremia
366 1156 447 1181 vero,
472 1154 567 1176 eorum
590 1146 638 1182 qui
657 1145 800 1175 scientiam
816 1145 972 1181 Scriptura-

180 1204 242 1226 rum
255 1195 366 1231 habent,
383 1194 497 1224 auribus
510 1193 673 1230 indigemus.

217 1337 261 1365 ll.
282 1335 427 1370 Quomodo
438 1336 532 1364 dicat:
549 1334 713 1369 Priusquam
732 1337 757 1360 te
768 1332 929 1368 plasmarem
943 1331 972 1358 in

180 1389 268 1417 utero,
283 1384 343 1412 noui
359 1389 401 1416 te,-
426 1388 451 1411 et
475 1383 630 1418 priusquam
644 1381 729 1408 exire:
743 1381 775 1408 de
787 1379 864 1408 vulva
876 1379 971 1407 matria

181 1436 245 1464 tum,
271 1431 437 1465 sanctiﬁcavi
460 1434 484 1457 te
494 1429 507 1456 .9
531 1428 603 1456 Deus
618 1427 669 1456 sibi
684 1427 742 1463 ipse
755 1426 908 1454 sanctiﬁcat
921 1426 972 1453 ali-

182 1485 264 1514 quos.
290 1476 375 1505 Istum
390 1484 445 1504 non
459 1478 609 1511 exslmctat,
625 1478 655 1501 ut
667 1472 820 1501 sanctiﬁcat
838 1472 969 1507 genitum,

1024 910 1137 937 σταοθαι
1150 910 1214 944 τοὺς
1228 909 1403 944 Αἰγυπτίους,
1416 909 1467 936 οὐκ
1477 908 1550 935 εἰσὶν
1557 907 1626 940 ἄξιοι
1639 907 1690 943 τῆς
1704 909 1816 943 ἐπιστή-

1024 965 1078 992 μης
1093 955 1140 983 τοῦ
1151 955 1230 982 Θεοῦ.
1241 955 1362 991 Μωῦσῆς
1378 955 1406 982 δὲ
1421 954 1504 987 ἄξιος,
1519 954 1567 981 καὶ
1585 954 1664 985 ἕκτος
1680 954 1736 981 τῶν
1753 963 1817 990 προ-

1023 1002 1116 1038 φητῶν
1131 1002 1170 1038 (5)
1183 1001 1352 1038 τηλικοῦτος.
1369 1001 1459 1028 Πολλά
1472 1009 1502 1027 σε
1516 1000 1555 1027 δεῖ
1569 1000 1757 1036 κατορθῶσαι,
1775 1001 1816 1027 ἴνα

1022 1049 1037 1075 ὀ
1050 1048 1116 1080 Θεὸς
1134 1047 1204 1080 ἀξιοῖ
1222 1055 1251 1074 σε
1271 1047 1442 1075 ἐπίστασθαι.
1459 1046 1511 1074 Τὸν
1531 1047 1580 1082 μὲν
1601 1047 1655 1082 γὰρ
1682 1046 1815 1083 Ἰερεμίαν

1022 1093 1076 1130 πρὸ
1089 1091 1136 1120 τοῦ
1148 1092 1250 1119 πλάσαι
1263 1093 1292 1118 ὲν
1305 1092 1394 1128 κοιλίᾳ
1407 1091 1536 1119 ἐπίστατο
1545 1100 1552 1106 ·
1568 1091 1648 1119 ἄλλον
1658 1091 1688 1118 δὲ
1705 1092 1816 1127 ἄρχεται

1022 1139 1184 1167 ἐπίστασθαι
1195 1138 1339 1175 τριάκοντα
1351 1138 1398 1174 ἐτη
1414 1138 1543 1173 γεγονότα
1554 1138 1603 1174 (4),
1611 1138 1815 1174 τεσσαράκοντα

1020 1185 1069 1222 ἐτη
1083 1184 1224 1221 γεγονότα.
1242 1185 1323 1219 Λόγοι
1338 1184 1406 1211 θεοῦ
1419 1185 1488 1211 εἰσιν
1501 1184 1652 1220 ἀπόρρητοι
1661 1192 1668 1199 ·
1688 1183 1756 1220 περὶ
1768 1183 1815 1218 μὲν

1021 1229 1067 1259 οὗν
1080 1230 1126 1258 τοῦ
1139 1231 1263 1267 Σωτῆρος
1273 1230 1303 1256 οὐ
1318 1229 1489 1265 ζητούμενοι,
1501 1229 1564 1265 περὶ
1575 1228 1603 1255 δὲ
1619 1228 1666 1255 τοῦ
1683 1227 1815 1264 Ίερεμέω

1021 1278 1076 1310 τοῖς
1092 1273 1151 1304 ὦτα
1168 1275 1275 1312 ἔχουσιν
1288 1274 1458 1306 ἐπιστάσεως
1469 1274 1601 1310 δεόμενοι.

1060 1333 1123 1366 Πῶς
1133 1332 1223 1368 λέγει’
1244 1342 1254 1359 (
1274 1331 1332 1368 Πρδ
1343 1331 1392 1360 τοῦ
1409 1341 1443 1368 με
1455 1331 1556 1359 πλάσαι
1569 1340 1600 1358 σε
1613 1331 1641 1358 ὲν
1654 1329 1815 1366 κοιλίᾳ,ὲπί-

1022 1379 1124 1416 σταμαι
1136 1388 1165 1406 σε
1174 1388 1181 1394 ·
1196 1379 1243 1406 καὶ
1254 1378 1306 1414 πρδ
1317 1377 1364 1405 τοῦ
1379 1386 1409 1405 σε
1419 1377 1536 1412 ἐξελθεῖν
1548 1378 1580 1404 ὲκ
1595 1377 1704 1413 μήτρας
1714 1375 1814 1412 ήγίακά

1023 1434 1052 1453 σε
1071 1433 1099 1459 ›;
1122 1424 1153 1453 '0
1168 1425 1234 1457 Θεὸς
1250 1424 1340 1460 ἑαυτῷ
1359 1424 1468 1459 ἅγιάσει
1488 1424 1573 1456 τινάς.
1592 1423 1696 1450 Τοῦτον
1715 1423 1747 1450 οὒ
1767 1431 1812 1448 πε-

1022 1472 1168 1508 ριέμεινεν,
1182 1471 1225 1498 ἵνα
1239 1471 1349 1497 ἐλθόντα
1364 1471 1404 1502 εις
1414 1470 1519 1505 γένεσιν
1535 1470 1649 1506 ἁγιάσῃ,
1668 1469 1740 1496 ἀλλὰ
1753 1468 1813 1504 πρὶν

181 1524 229 1553 sed
242 1524 318 1559 prius
331 1522 485 1551 sanctiﬁcat
497 1528 579 1557 quam
595 1520 628 1547 de
643 1519 722 1546 vulva
747 1518 911 1554 egrediatur.
941 1516 966 1545 Si

1058 1518 1140 1546 ελθεῖν
1157 1519 1189 1545 ὲκ
1207 1518 1312 1554 μήτρας
1332 1517 1383 1553 ήδη
1405 1517 1528 1552 ήγιασεν.
1552 1516 1615 1543 Ἐὰν
1637 1516 1686 1542 ἐπὶ
1698 1516 1746 1543 τὸν
1759 1516 1813 1541 hi-

179 1570 215 1598 ad
231 1569 412 1601 Salvatorem,
429 1573 459 1596 ut
471 1568 537 1601 dixi,
556 1566 670 1599 referas,
686 1573 742 1593 non
754 1569 795 1593 est
810 1565 913 1592 malum
929 1564 971 1592 di-

180 1623 244 1645 cere
265 1616 344 1652 prius
364 1622 427 1643 eum
453 1613 653 1642 sanctificatum
668 1619 745 1646 esse,
762 1619 844 1647 quam
864 1616 969 1639 natum.

1023 1564 1095 1599 τῆρα
1109 1563 1257 1599 ὰναφὲρῃς,
1269 1562 1299 1588 οὐ
1315 1561 1432 1597 χαλεπὸν
1448 1562 1545 1594 εἰπεῖν,
1559 1561 1600 1587 ὅτι
1617 1560 1683 1596 πρὶν
1699 1559 1813 1593 ἐξελθεῖν

1024 1610 1058 1637 ὲκ
1075 1611 1181 1647 μήτρας
1197 1609 1338 1645 ἡγίασται.

182 1663 242 1701 [Sic
259 1667 287 1691 ct
299 1663 334 1690 de
347 1660 463 1690 Domino
475 1659 620 1694 intelligas,
636 1658 683 1694 qui
699 1662 846 1693 antequam
862 1658 895 1685 de
909 1659 989 1686 vulva
1009 1657 1124 1690 exierit,
1147 1655 1335 1684 sanctilicatus
1357 1658 1415 1688 est,
1444 1653 1492 1682 sed
1521 1653 1628 1682 inﬁnito
1656 1657 1723 1681 ante
1749 1658 1813 1680 tem-

180 1700 248 1746 pore
270 1716 379 1744 semper
401 1711 514 1735 sanctus
536 1705 587 1733 fuit
606 1714 613 1732 :
630 1705 674 1732 hic
692 1712 756 1732 vero
769 1709 914 1740 antequam
932 1705 965 1732 de
979 1710 1057 1732 utero
1071 1703 1167 1736 exiret,
1181 1702 1365 1730 sanctiﬁcatus
1378 1700 1442 1737 est.]

217 1758 262 1786 η.
282 1756 443 1791 Propheta»:
456 1755 484 1782 in
500 1753 618 1790 gentibus
633 1753 709 1788 posui
725 1757 759 1780 te.
795 1751 822 1779 Si
837 1751 970 1780 Jcremias

180 1803 282 1842 quzeris
297 1801 436 1839 quomodo
461 1800 497 1828 sit
520 1800 651 1842 propheta
665 1798 692 1825 in
710 1798 835 1833 gentibus
852 1797 968 1833 positus,

180 1840 297 1881 observa
313 1850 341 1878 in
356 1847 588 1883 consequentibus
603 1840 664 1874 cum
679 1845 791 1880 jubetur
806 1844 970 1879 prophetare

180 1898 215 1926 ad
226 1904 322 1926 omnes
331 1899 424 1932 gentes
440 1903 446 1922 :
463 1901 526 1921 nam
538 1891 693 1920 istiusmodi
708 1890 820 1926 scriptio
830 1893 883 1922 est,
896 1889 970 1924 quod

179 1934 353 1979 prophetarit
376 1939 509 1967 Jcremias
539 1945 621 1972 super
645 1943 742 1964 omnes
762 1939 855 1970 gentes
880 1934 969 1967 Elam,

180 1978 317 2020 bamaSci,
340 1985 435 2019 Moab;
453 1989 480 2012 et
495 1982 608 2011 habebis
629 1981 693 2016 quia
713 1980 916 2016 prophetaverit
936 1978 971 2006 ad

178 2040 276 2062 omnes
288 2035 400 2068 gentes,
424 2030 502 2065 juxta
524 2028 550 2056 id
563 2027 636 2063 quod
650 2027 753 2054 dictum
767 2030 810 2053 cst
827 2035 833 2053 :
853 2025 971 2060 Prop/te-

181 2085 236 2108 tam
253 2079 280 2106 in
296 2077 415 2114 gentibus
431 2076 507 2111 posui
524 2080 558 2106 te,
575 2074 598 2102 si
614 2078 704 2101 tamen
728 2070 849 2099 volucris
865 2070 924 2097 hzec
937 2069 971 2097 de

1057 1749 1218 1785 Προφήτην
1234 1750 1276 1782 εις
1287 1748 1360 1783 ἔθνη
1375 1747 1490 1776 τέθεικά
1504 1755 1552 1775 σε.
1567 1747 1693 1783 Τήρησον
1714 1748 1744 1774 ὲν
1762 1749 1814 1778 τοῖς

1022 1796 1095 1832 ἑξῆς,
1108 1797 1147 1822 ὅτι
1165 1795 1304 1822 κελεύεται
1321 1793 1508 1830 προφητεῦσαι
1523 1793 1569 1820 ἐπὶ
1584 1793 1672 1819 πάντα
1689 1793 1726 1820 τὰ
1742 1793 1812 1828 ἔθνη,

1021 1844 1054 1878 τῇ
1071 1842 1172 1877 Αἰλὰμ,
1187 1843 1219 1877 τῇ
1241 1840 1390 1877 Δαμασκῷ,
1405 1841 1438 1876 τῇ
1457 1839 1560 1867 Μωάὸ·
1578 1838 1626 1866 καὶ
1646 1838 1758 1874 ἔχομεν,
1776 1839 1814 1865 ὅτι

1023 1890 1226 1926 προεφήτευσεν
1243 1889 1289 1914 ἐπὶ
1301 1887 1388 1914 πάντα
1404 1886 1439 1913 τὰ
1452 1885 1527 1921 ἔθνη,
1537 1885 1577 1918 ὡς
1590 1884 1707 1921 πρὸς-τὺ
1724 1886 1813 1922 ῥητὸν,

1022 1935 1073 1968 ὅτι,
1093 1933 1254 1969 Προφήτην
1269 1934 1312 1966 εὶς
1326 1933 1396 1968 ἔθνη
1411 1931 1527 1958 τέθεικά
1543 1938 1590 1963 σε,
1606 1931 1675 1966 πρὸς
1691 1930 1814 1958 iusim”

1023 1982 1076 2014 ἕως
1097 1981 1125 2008 δὲ
1139 1981 1209 2017 πρὸς
1227 1979 1382 2014 ἀναγωγὴν,
1407 1978 1453 2005 ἐὰν
1470 1978 1518 2014 μὲν
1537 1978 1583 2005 ἐπὶ
1598 1977 1644 2004 τὸν
1666 1977 1813 2013 Ἰερεμίαν,

1024 2027 1244 2063 προειρήκαμεν·
1269 2025 1316 2051 ἐὰν
1337 2025 1365 2051 δὲ
1383 2025 1430 2050 ἐπὶ
1445 2023 1492 2050 τοῦ
1515 2023 1650 2058 Σωτῆρος,
1667 2022 1694 2048 τί
1713 2023 1756 2049 δεῖ
1771 2021 1816 2048 ul.

1023 2071 1129 2106 λέγειν;
1146 2068 1223 2102 οὗτος
1237 2069 1343 2106 ἀληθῶς
1355 2069 1401 2095 ὲπὶ
1412 2069 1501 2096 πάντα
1515 2068 1551 2095 τὰ
1564 2068 1628 2103 ἔθνη
1645 2069 1816 2104 προεφήτευ-

180 2113 303 2154 Ieremia?
316 2124 388 2151 dicta
403 2122 514 2150 sentire.
547 2119 576 2147 Si
599 2123 690 2146 autem
715 2116 920 2151 intelligentiam
936 2115 966 2143 ad

1058 2125 1083 2144 ν’
1095 2116 1152 2142 ἐστι
1172 2116 1225 2151 γὰρ
1239 2115 1334 2150 ὥσπερ
1350 2113 1418 2141 ἄλλα
1434 2113 1530 2150 μυρία,
1544 2113 1614 2140 οὕτω
1637 2114 1685 2140 καὶ
1706 2114 1815 2149 προςή-

182 2171 268 2199 Deum
285 2169 444 2201 transferas,
459 2167 510 2195 iste
523 2173 586 2193 vere
601 2165 628 2192 in
645 2163 785 2191 universas
799 2165 893 2197 gentes
907 2168 972 2196 prac-

182 2216 294 2245 dicavit.
314 2215 363 2243 Est
379 2214 479 2249 quippe
496 2212 569 2240 sicut
581 2211 633 2238 alia
648 2209 744 2242 multa,
759 2208 799 2236 sic
813 2212 840 2235 et
856 2207 973 2242 pr0phe-

183 2267 222 2291 ta.
247 2260 284 2290 Ut
297 2265 338 2289 est
360 2261 486 2296 princeps
514 2257 704 2288 sacerdotum,
733 2258 764 2282 ut
778 2257 819 2282 est
836 2253 971 2286 Salvator,

183 2315 215 2337 ut
227 2312 270 2336 est
283 2308 418 2338 medicus,
436 2305 562 2333 similiter
577 2307 603 2331 ct
618 2301 750 2338 propheta
762 2304 804 2328 est
826 2299 876 2335 (1).
900 2298 974 2334 Moy-

184 2363 230 2384 ses
244 2354 410 2383 annuntians
425 2352 459 2380 de
470 2358 520 2384 eo,
541 2357 595 2377 non
619 2348 707 2377 solum
724 2346 882 2382 prophetam
893 2365 900 2378 ,
926 2344 973 2372 sed

184 2400 373 2429 admirabilem
398 2398 468 2425 inter
494 2400 608 2424 cunctos
625 2391 781 2421 nominavit
800 2391 974 2426 prophetam,

184 2447 280 2475 dicens
303 2455 309 2473 :
339 2444 500 2479 Prophetam
522 2449 554 2470 ea:
569 2441 697 2476 fratribus
720 2438 813 2466 vestris
835 2435 974 2464 suacitabit

184 2492 273 2525 vobis,
300 2492 365 2518 dicit
380 2489 508 2517 Dominus
522 2487 592 2515 Deut
605 2492 710 2518 noster;
731 2484 808 2520 quasi
831 2490 872 2509 me
885 2481 975 2508 audite

184 2547 254 2568 eum.
264 2538 420 2573 Quicunque
430 2543 483 2564 non
497 2534 612 2561 audierit
625 2532 777 2568 prophetam
790 2528 877 2561 illum,
892 2527 975 2554 inter-

185 2586 234 2614 ibit
258 2585 290 2612 de
312 2582 409 2620 popqu
423 2589 470 2609 suo
484 2581 518 2608 ".
546 2579 599 2607 lste
621 2582 664 2606 est
677 2577 822 2613 prophetes
839 2573 974 2602 constitu-

220 2653 244 2670 "
260 2652 355 2681 Matth.
374 2658 431 2683 vn,
447 2648 493 2677 35.
531 2648 554 2665 ”
571 2647 651 2675 Deut.
673 2652 758 2677 xvm,
778 2643 822 2671 15.

223 2710 261 2745 (Ι)
281 2708 347 2736 Mss.
363 2707 452 2744 Regii,
473 2706 545 2734 sicut
567 2705 687 2740 princeps
708 2701 913 2737 prophetarum,
935 2699 974 2726 sic

187 2750 211 2772 α
223 2745 402 2813 ῗᾶἶνέῗέαὶικ
415 2777 566 2813 ἐπίσταμαι
578 2774 680 2806 λαλεῖν,
697 2772 754 2807 lege
766 2779 827 2799 cum
841 2769 974 2805 Hierony-

189 2810 411 2852 Ιιιοιίὲπρταμαί
429 2820 470 2852 ge,
486 2810 557 2844 ἐπεί,
573 2814 629 2849 «ιιεΣ
773 2842 784 2852 Ι
800 2841 889 2852 HJ“
909 2838 940 2852 ﬂ:

224 2838 470 2888 (θ’)ὴᾶιῗθὶέίνξτιῖινἔ
494 2838 673 2881 προᾷητῶν,
699 2848 751 2873 etc.
773 2841 892 2878 Legebat
909 2838 974 2869 Hie-

1020 2169 1080 2196 της.
1107 2161 1150 2193 Ὠς
1172 2160 1244 2188 ἐστιν
1267 2159 1468 2196 ἁρχιερεὺς,ὼς
1484 2159 1541 2185 ἔστι
1561 2158 1668 2194 Σωτὴρ,
1687 2159 1730 2191 ὡς
1745 2160 1815 2186 ἐστιν

1023 2205 1123 2242 ἰατρὸς,
1143 2205 1214 2233 οὕτω
1237 2207 1285 2233 καὶ
1305 2206 1457 2241 προφήτης·
1478 2205 1598 2240 Munia-7;;
1610 2204 1686 2239 γοῦν,
1712 2214 1814 2240 προφη-

1021 2252 1107 2280 τεύων
1119 2253 1182 2289 περὶ
1193 2251 1286 2285 αὑτοῦ,
1299 2252 1359 2287 οὐχὶ
1370 2252 1512 2287 προφήτην
1524 2251 1613 2286 μόνον,
1626 2251 1694 2277 ἀλλὰ
1709 2251 1816 2286 ἐξαιρέ-

1021 2307 1075 2330 τως
1090 2295 1283 2330 εἷπεν,εῐπών·
1303 2297 1464 2332 Προφήτην
1476 2297 1510 2324 ἐκ
1526 2296 1586 2324 τῶν
1601 2296 1745 2330 ἀδελφῶν
1761 2305 1816 2324 σου

1022 2343 1190 2378 ἀναστήσει
1215 2343 1286 2378 ὑμῖν
1307 2344 1414 2378 Κύριος
1437 2344 1454 2370 ό
1479 2342 1560 2375 Θεὸς,
1585 2343 1625 2375 ὡς
1640 2342 1694 2376 ἐμὲ
1723 2341 1817 2369 αὐτοῦ

1023 2389 1156 2416 ἀκούετε.
1172 2389 1227 2416 Καὶ
1241 2390 1338 2421 ἔσται,
1352 2389 1386 2422 ὃς
1395 2388 1433 2416 ἂν
1443 2388 1486 2424 μὴ
1501 2389 1618 2422 ἀκούσῃ
1633 2388 1688 2414 τοῦ
1703 2388 1816 2423 προφή-

1023 2444 1075 2462 του
1083 2435 1211 2467 ἐκείνου,
1221 2433 1505 2469 ἐξολοθρευθήσεται
1512 2434 1547 2460 ἐκ
1559 2433 1611 2460 τοῦ
1621 2432 1700 2460 λαοῦ
1709 2432 1814 2460 αὐτοῦ.

1024 2479 1106 2513 Οὗτος
1120 2479 1166 2508 οὖν
1185 2481 1268 2513 ἐστιν,
1290 2480 1320 2512 ὃς
1337 2481 1482 2516 προφήτης
1502 2480 1542 2511 εις
1562 2478 1626 2514 ἔθνη
1646 2479 1815 2514 τεθειμένος,

1023 2527 1070 2553 καὶ
1080 2526 1159 2553 ἔλαϐε
1175 2527 1254 2562 χάριν
1265 2526 1318 2552 ἀπὸ
1327 2524 1394 2552 Θεοῦ
1409 2524 1567 2560 ἐκχυθεῖσαν
1582 2524 1611 2551 ὲν
1627 2525 1685 2556 τοῖς
1697 2524 1814 2559 χείλεσιν

1025 2571 1119 2604 αὑτοῦ,
1129 2572 1172 2599 ἰνα
1186 2573 1223 2608 μὴ
1240 2572 1319 2607 μόνον
1339 2572 1383 2598 ὅτε
1398 2571 1489 2606 παρῆν
1498 2570 1537 2605 τῷ
1553 2566 1671 2606 σώματι,
1686 2570 1758 2597 ἀλλὰ
1771 2569 1822 2596 καν

1024 2705 1156 2739 ronymus
1169 2706 1176 2739 ξ
1187 2696 1258 2739 εἴτις
1266 2696 1320 2723 τῶν
1332 2696 1477 2732 προφητῶν
1490 2703 1496 2710 ·
1515 2703 1576 2731 quae
1587 2695 1670 2723 lectio
1683 2695 1813 2723 hodierna

1026 2733 1116 2769 potior
1131 2733 1249 2759 videtur.

1062 2768 1101 2803 (4)
1120 2768 1190 2795 Ante
1201 2767 1403 2803 τεᾳσοιράκοντα
1415 2765 1589 2803 librariorum
1602 2765 1711 2803 incuria
1727 2764 1812 2793 omis-

1027 2811 1057 2831 sa
1067 2801 1114 2831 ἐει
1136 2810 1186 2829 vox
1201 2801 1293 2832 sum;
1305 2809 1366 2836 quae
1387 2801 1540 2830 necessaria
1554 2805 1607 2834 est,
1622 2801 1662 2828 uti
1680 2801 1766 2836 liquet
1779 2806 1810 2827 ex

1026 2837 1250 2874 interpretatione
1262 2836 1428 2871 Hieronymi.
