1869 3041
170 119 223 146 503

204 176 231 203 5.
243 175 338 210 Itaque
353 181 403 202 nos
414 174 441 202 in
451 172 656 209 nobismetipsis
670 173 858 209 pmnitentiam
873 181 956 209 agen-
970 175 995 203 Α

168 225 220 255 tes,
237 221 271 249 de
287 220 447 253 mendaciis,
470 227 531 254 quae
543 219 709 254 putabamus
722 227 783 246 esse
796 227 871 252 vera,
886 219 957 246 dici-

169 275 234 295 mus
250 276 257 294 :
276 266 340 294 Vere
358 267 386 293 in
403 265 571 293 mendacium
590 269 666 292 erant
684 264 762 292 colles
781 269 805 292 et
825 264 957 299 fortitudo

168 314 317 345 montium;
332 313 365 340 de
380 312 463 340 Israel
493 319 558 339 vero
574 316 636 346 post
652 319 702 339 nos
722 311 852 339 salvando
867 321 872 338 :
906 310 956 338 Ve-

170 364 317 386 rumtamen
333 367 379 394 per
389 358 530 385 Dominum
543 357 626 384 Deum
641 361 762 384 nostrum
779 357 852 384 salus
864 358 957 385 damus

171 405 268 432 Israel.
288 405 389 432 Deinde
403 405 562 433 confitentes
580 407 689 439 peccata
711 404 737 430 in
756 405 856 439 quibus
873 409 900 432 et
911 413 958 440 pa-

171 457 227 479 tres
243 451 330 478 nostri
349 451 469 483 fuerunt,
485 459 588 486 nosque
603 451 655 486 ipsi
671 451 743 478 idola
764 451 898 483 colentes.
915 451 958 478 di-

169 498 281 524 cimus:
301 497 427 531 Confusio
445 501 531 523 anteiit
551 498 713 532 consumpsit
727 497 830 524 labores
850 503 957 532 patrum

169 547 320 569 nostrorum
345 541 376 568 ab
393 541 568 568 adolescentia
580 550 681 575 eorum,
705 551 762 569 oves
775 550 866 569 eorum
879 547 903 568 et
919 542 958 568 vi-

169 588 239 615 tulos
253 595 354 620 eorum,
370 588 440 622 ﬁlios
452 595 544 614 eorum
555 593 579 614 et
593 588 665 622 ﬁlias
678 597 768 615 eorum
780 589 813 617 9‘.
831 589 923 625 Itaque
934 589 956 617 si

167 642 268 669 pravus
283 633 358 660 labor
370 633 575 661 consumendus
590 639 678 667 est,et
693 635 808 662 mendax
822 643 891 670 opus
909 643 958 670 pa-

167 684 239 706 trum
261 679 452 707 confusionem
471 680 545 707 nasei
564 688 676 708 necesse
697 686 756 714 est;
775 686 838 708 ante
861 682 958 709 confu-

166 725 271 753 sionem
287 726 359 753 enim
376 734 430 753 non
448 727 619 754 consumitur
634 727 710 754 labor
725 732 832 763 patrum
846 724 957 756 nostro—

166 779 238 805 rum,
254 776 281 799 et
297 780 358 807 qua:
375 772 523 800 adduntur.
545 772 693 807 Propterea
717 775 890 808 peccantium
906 774 958 802 dif-

165 817 297 845 ferentias
317 818 535 847 consideremus.
554 819 625 846 Sunt
646 819 692 854 qui
711 824 834 854 peccent.
856 825 882 848 et
901 828 956 848 non

167 863 386 895 confunduntur.
401 872 488 899 neque
505 865 698 892 verecundiam
717 866 883 901 concipiunt,
909 875 959 895 nec

167 910 334 937 erubescunt
352 911 385 937 de
401 911 519 945 peccatis
533 911 592 938 suis
611 921 617 938 :
636 911 790 939 istiusmodi
809 917 890 945 sunt,
912 913 958 946 qui

168 959 362 991 desperantes,
380 956 542 991 semetipsos
563 957 733 985 tradiderunt
747 958 821 984 omni
839 958 958 993 impudi—

168 1002 250 1033 citiae.
266 1007 293 1030 et
307 1002 379 1028 onmi
403 1002 583 1029 immunditize
594 1003 627 1029 ⁰⁷.
653 1002 732 1030 Vides
755 1003 828 1030 enim
845 1004 958 1039 gentiles

169 1055 222 1082 quo
238 1052 316 1082 pacto
332 1047 410 1081 quasi
426 1047 533 1081 egregia
552 1047 675 1075 facinora
695 1049 829 1076 interdum
845 1053 957 1076 narrent

167 1099 232 1120 suas
246 1091 440 1120 fornicationes
454 1097 481 1119 et
497 1093 640 1126 adulteria,
659 1101 747 1128 neque
758 1094 860 1128 pudeat
871 1095 957 1122 confi-

166 1139 215 1165 teri
232 1145 261 1165 se
282 1138 347 1165 talia
361 1143 493 1173 patrasse.
512 1137 567 1166 Nec
582 1139 627 1166 illa
642 1144 753 1174 peccata
775 1144 891 1172 vocant,
908 1149 956 1168 ne—

165 1183 229 1209 dum
241 1183 415 1216 erubescant,
431 1191 518 1218 neque
528 1189 730 1211 consumuntur
743 1185 864 1219 ipsorum
880 1186 956 1214 labo-

165 1235 220 1259 res,
234 1236 322 1263 neque
333 1233 534 1256 consumuntur
543 1237 638 1257 eorum
652 1235 771 1265 peccata.
787 1230 953 1267 Principium

164 1274 299 1301 bonormn
327 1279 370 1302 est
394 1275 498 1310 pudore
518 1275 587 1302 allici
600 1276 635 1303 ob
650 1284 682 1303 eu
699 1284 817 1311 quorum
834 1285 889 1304 non
905 1286 955 1312 pu-

164 1319 254 1346 debat.
271 1319 454 1353 Quamobrem
466 1328 516 1356 ego
529 1329 583 1348 non
596 1321 814 1350 maledictionem
827 1324 954 1353 existimo

166 1369 192 1396 id
207 1369 279 1403 quod
292 1369 319 1395 in
331 1368 469 1404 prophetis
483 1369 598 1396 habetur
613 1379 619 1396 :
635 1370 839 1405 Confundanlur
850 1377 875 1399 et
889 1382 953 1400 con--

165 1419 303 1441 vertantur
314 1419 460 1440 retrorsum
474 1422 562 1442 omnes
576 1415 620 1450 qui
635 1415 745 1443 oderunt
761 1415 837 1444 Sion.
851 1417 953 1446 Proca.

166 1465 212 1487 tur
223 1460 294 1487 enim
310 1465 340 1487 ut
351 1460 397 1495 qui
412 1460 600 1495 pudendorum
620 1469 733 1497 operum
756 1472 867 1492 sensum
889 1466 952 1493 nul-

166 1507 222 1534 lum
237 1506 346 1540 habent,
363 1507 381 1534 ii
394 1515 505 1535 sensum
519 1508 664 1542 accipiant,
680 1514 708 1536 ut
722 1509 830 1539 confusi
849 1513 954 1547 possint
969 1522 990 1552 α

166 1559 232 1579 suos
244 1552 350 1580 labores
361 1558 388 1580 et
404 1558 514 1588 peccata
531 1561 703 1581 consumere.

905 115 1068 144 ORIGENIS

1755 117 1805 145 300

1044 172 1148 200 Οὐκοῦν
1163 172 1278 209 λέγομεν
1292 173 1374 208 ἡμεῖς
1390 174 1414 200 οἰ
1431 173 1484 200 ἀπὸ
1503 173 1557 200 τῶν
1573 173 1659 201 ἐθνῶν
1678 175 1742 210 περὶ
1760 175 1806 210 μὲν

1010 219 1113 246 ἑαυτῶν
1132 219 1323 255 μετανοοῦντες
1339 220 1384 246 ἐπὶ
1397 220 1452 251 τοῖς
1463 220 1592 254 ψευδέσιν
1609 219 1627 247 ἃ
1648 220 1807 256 ἐνομίζομεν

1010 263 1078 292 εἶναι
1102 265 1205 300 ἀληθῆ-
1228 266 1337 300 Ὂντως
1361 267 1404 299 εις
1422 266 1533 300 ψεῦδος
1551 265 1635 302 ἦσαν
1653 269 1682 294 οἱ
1698 267 1806 299 βουνοί

1009 312 1058 338 καὶ
1075 312 1093 345 ἡ
1114 311 1241 346 δύναμις
1261 311 1320 338 τῶν
1338 311 1441 346 ι’ρέων·
1459 312 1524 347 περὶ
1545 312 1573 339 δὲ
1587 312 1635 338 τοῦ
1660 313 1720 348 μεθ’
1736 314 1808 348 ἡμᾶς

1011 357 1203 393 σωθησομένου
1239 358 1366 395 Ἰσραήλ·
1402 358 1490 392 Πλὴν
1516 358 1564 385 διὰ
1589 359 1704 392 Κυρίου
1735 359 1808 386 Θεοῦ

1009 402 1093 437 ἡμῶν
1107 403 1125 437 ἡ
1142 403 1272 437 mortuam
1289 403 1341 435 τοῦ
1359 403 1444 430 οἴκου
1469 403 1521 430 τοῦ
1543 404 1675 438 Ἰσραήλ.
1694 402 1809 439 (ηΕἷτα

1008 449 1248 485 ἐξομολογούμενοι
1263 451 1328 486 περὶ
1348 450 1401 477 τῶν
1425 451 1640 486 ἁμαρτημάτων,
1660 452 1690 477 ὲν
1706 447 1746 482 οἷς
1764 451 1810 477 καὶ

1009 498 1032 523 οἱ
1048 496 1164 532 πατέρες
1186 496 1264 531 ἡμῶν
1283 496 1421 530 γεγόνασι,
1438 497 1483 523 καὶ
1504 497 1584 532 ἡμεῖς
1603 496 1681 523 αὐτοὶ
1704 496 1809 522 εἰδωλο-

1009 541 1170 578 λατροῦντές
1182 550 1271 577 φαμεν
1281 550 1287 556 ·
1301 541 1378 570 Ἡδὲ
1386 543 1518 577 αἰσχύνη
1528 541 1726 576 κατηνάλωσε
1740 542 1809 574 τοὺς

1005 590 1139 624 μόχθους
1151 588 1212 615 τῶν
1223 588 1361 622 πατέρων
1375 588 1461 623 ἡμῶν
1470 588 1529 615 ἀπὸ
1543 589 1685 622 νεότητος
1697 588 1807 619 αὐτῶν,

1008 635 1045 662 τὰ
1055 635 1187 669 πρόϐατα
1197 634 1295 661 αὐτῶν
1307 635 1356 661 καὶ
1385 634 1457 668 τοὺς
1469 634 1548 667 βόας
1563 634 1676 666 αὐτῶν,
1700 633 1751 660 καὶ
1769 633 1808 669 (‘2)

1008 681 1079 714 τοὺς
1091 681 1175 714 υἱοὺς
1183 681 1293 713 αὐτῶν,
1304 682 1353 708 καὶ
1366 681 1418 714 τὰς
1429 681 1591 716 θυγατέρας
1607 681 1705 708 αὐτῶν
1713 702 1719 708 .
1739 682 1810 708 Οὐκ⁸

1008 727 1055 753 οὖν
1075 727 1098 752 εἰ
1125 726 1215 762 μέλλει
1235 725 1480 753 καταναλίσκεσθαι
1500 726 1514 752 6
1532 725 1670 761 μοχθηρὸς
1697 725 1807 760 μόχθος,

1008 773 1056 800 καὶ
1081 773 1111 799 τὸ
1127 773 1224 807 ψεῦδος
1239 773 1319 809 ἔργον
1334 773 1387 799 τῶν
1407 773 1545 808 πατέρων,
1563 772 1694 808 αἰσχύνην
1709 773 1751 799 δεῖ
1764 781 1810 806 γε-

1011 819 1103 846 νέσθαι
1115 828 1122 834 ⁶
1141 820 1205 855 πρὶν
1217 819 1271 855 γὰρ
1287 819 1418 855 αἰσχύνης
1433 820 1462 846 οὺ
1479 819 1710 846 καταναλίσκεται
1728 819 1742 845 ὁ
1765 818 1809 854 μό-

1012 865 1075 900 χθος
1087 865 1141 892 τῶν
1161 866 1287 901 πατέρων
1307 865 1396 901 ἡμῶν,
1416 865 1463 892 καὶ
1485 865 1519 892 τὰ
1540 866 1739 902 ἐπιφερόμενα.
1758 866 1808 893 At}:

1011 911 1090 938 τοῦτο
1111 913 1322 948 κατανοήσωμεν
1339 912 1549 948 ἁμαρτανόντων
1563 912 1707 948 διαφοράς.
1732 913 1808 939 Εἰσὶν

1009 959 1223 994 ἁμαρτάνοντες,
1239 959 1285 985 καὶ
1300 959 1351 984 οὐκ
1364 958 1563 993 αἰσχυνόμενοι,
1578 958 1638 984 οὑδὲ
1653 958 1807 993 αἰδούμενοι

1009 1005 1055 1031 ἐπὶ
1066 1006 1126 1036 ταῖς
1142 1005 1291 1040 ἁμαρτίαις
1309 1004 1410 1036 αὐτῶν,
1431 1004 1490 1031 οὐδὲ
1504 1003 1695 1039 ὲρυθριῶντες.
1713 1003 1808 1031 Τοιοῦ-

1007 1051 1049 1077 τοί
1057 1051 1125 1077 εἰσιν
1136 1051 1160 1077 οἱ
1171 1051 1371 1086 ἀπηλγηκότες,
1379 1050 1426 1077 καὶ
1434 1051 1546 1081 ἑαυτοὺς
1553 1049 1723 1086 παραδόντες
1733 1059 1751 1077 π
1758 1053 1767 1077 7’
1773 1059 1807 1087 σῃ

1007 1097 1146 1132 ἀσελγείᾳ,
1163 1097 1210 1123 καὶ
1218 1097 1290 1132 πάσῃ
1299 1096 1464 1132 ἀκαθαρσία.
1488 1096 1600 1128 Βλέπεις
1616 1095 1671 1132 γὰρ
1683 1097 1747 1128 τοὺς
1755 1096 1807 1122 ἀπὸ

1006 1143 1060 1170 τῶν
1071 1143 1156 1170 ἐθνῶν
1170 1143 1231 1170 τίνα
1242 1143 1342 1179 τρόπον
1359 1143 1396 1174 ὡς
1408 1142 1548 1178 ἀριστείας
1561 1142 1616 1169 ἐσθ’
1635 1143 1680 1169 ὅτε
1692 1142 1807 1170 καταλέ-

1006 1198 1084 1224 γουσι
1100 1189 1149 1221 τὰς
1169 1189 1297 1225 πορνείας
1309 1189 1356 1216 καὶ
1367 1189 1415 1220 τὰς
1425 1189 1546 1224 μοιχείας
1559 1188 1675 1220 ἑαυτῶν,
1694 1189 1757 1215 οὐδὲ
1768 1189 1807 1215 αἰ-

1007 1235 1133 1270 δούμενοι
1149 1234 1291 1269 ὁμολογεῖν
1311 1235 1344 1261 τὰ
1361 1234 1473 1261 τοιαῦτα
1494 1234 1685 1270 πεποιηκέναι.
1703 1235 1760 1261 Καὶ
1777 1235 1806 1261 οὑ

1005 1280 1129 1314 λέγουσιν
1144 1279 1213 1306 αὐτὰ
1229 1279 1338 1315 ἀμαρτή
1344 1288 1425 1314 ματα,
1435 1279 1496 1305 ὂσον
1507 1279 1556 1305 οὐκ
1566 1278 1806 1314 αἱσχύνονται,οὖχ

1005 1325 1194 1352 ἀναλίσκονται
1203 1324 1292 1352 αὐτῶν
1304 1325 1329 1351 οὶ
1345 1324 1450 1360 μόχθοι,
1463 1326 1514 1352 οὐκ
1524 1325 1702 1351 ἀναλίσκεται
1718 1325 1805 1352 αὐτῶν

1003 1371 1036 1398 τὰ
1045 1372 1153 1407 ἀμαρτή
1158 1380 1240 1406 ματα.
1250 1370 1332 1406 Ἀρχὴ
1341 1370 1448 1404 ἀγαθῶν
1456 1371 1512 1397 ἐστι
1522 1371 1551 1397 τὸ
1558 1370 1738 1406 αἱσχυνθῆναί
1748 1378 1806 1397 τινα

999 1418 1016 1444 ἂ
1031 1419 1080 1444 οὐκ
1096 1417 1236 1452 ᾐσχύνετο.
1255 1417 1304 1443 Διά
1315 1416 1393 1443 τοῦτο
1409 1415 1464 1450 ἐγὼ
1475 1416 1504 1442 οὐ
1520 1417 1642 1452 κατάραν
1662 1415 1766 1451 νομίζω
1778 1417 1805 1442 ὲν

1002 1464 1057 1496 τοῖς
1066 1463 1217 1499 προφήταις
1225 1461 1352 1496 λέγεσθαι
1366 1463 1395 1489 ὲν
1406 1462 1445 1498 τῷ
1454 1471 1460 1477 ·
1475 1461 1746 1496 Αἰσχυνθήτωσαν,
1759 1461 1805 1488 και

1007 1510 1242 1545 ἐντραπήτωσιιν
1255 1509 1365 1542 πάντες
1380 1510 1407 1535 ol
1417 1509 1581 1544 μισοῦντες
1588 1508 1680 1535 Σιών-
1698 1508 1806 1544 εὔχεται

1006 1558 1045 1594 (5)
1061 1557 1115 1592 γὰρ
1139 1556 1201 1587 τοὺς
1221 1555 1401 1591 ἀναισθήτους
1412 1556 1467 1582 τῶν
1487 1555 1538 1590 τῆς
1561 1555 1694 1590 αἰσχύνης
1717 1555 1806 1591 ἔργων

165 1599 206 1631 είς
225 1599 400 1634 συναίσθησιν
413 1599 554 1634 ἔρχεσθαι,
575 1600 619 1627 ἵνα
641 1601 830 1637 αἰσχυνθέντες
849 1605 999 1642 δυνηθῶσιν
1008 1603 1144 1632 ἀναλῶσαι
1166 1602 1229 1633 τοὺς
1250 1602 1366 1637 μόχθους
1384 1601 1431 1628 καὶ
1451 1601 1485 1628 τὰ
1502 1601 1688 1636 ἁμαρτήματα
1705 1601 1806 1627 αὐτῶν.

207 1645 236 1672 6.
271 1645 444 1673 Irrationales
473 1653 554 1680 porro
586 1650 693 1680 patrum
729 1653 818 1676 motus
853 1651 961 1678 vocavit

167 1698 233 1718 oves
261 1698 294 1718 ac
309 1691 409 1718 vitulos
435 1700 441 1718 :
471 1699 560 1726 neque
586 1692 658 1718 enim
675 1693 767 1722 omnia
789 1695 870 1723 bruta
899 1697 959 1724 Iau-

168 1738 285 1771 dahilia,
313 1737 361 1765 sed
377 1743 441 1766 sunt
464 1739 544 1766 bruta
565 1739 688 1774 quaedam
710 1741 791 1776 digna
812 1742 958 1778 vituperio,

166 1788 239 1816 sicut
270 1795 335 1816 oves
365 1793 474 1824 patrum
502 1789 550 1824 qui
575 1795 754 1825 peccaverant
781 1801 788 1820 :
819 1798 883 1821 sunt
911 1802 960 1821 au-

166 1847 220 1868 tem
250 1841 375 1876 quaedam
400 1840 479 1868 bruta
511 1842 590 1870 laude
623 1842 721 1878 digna,
753 1844 831 1879 juxta
863 1845 960 1873 illud:

167 1891 233 1921 Oves
248 1901 312 1921 mea:
324 1901 409 1920 vocem
428 1902 512 1920 meam
527 1894 639 1921 audiunt
650 1895 684 1922 ’⁸.
703 1894 773 1923 Oves
786 1901 865 1923 erant
877 1898 958 1925 etiam

165 1940 207 1967 ha:
219 1941 317 1975 quibus
328 1948 381 1968 non
393 1940 546 1968 absimilem
559 1941 692 1968 habemus
702 1942 847 1974 rationem,
858 1943 960 1971 haben-

166 1989 205 2013 tes
229 1990 364 2021 pastorem
382 1986 482 2013 bonum
506 1987 532 2012 in
549 1986 694 2014 animabus
713 1987 826 2014 nostris.
840 1987 956 2020 Quando

165 2037 237 2064 enim
254 2035 385 2064 Salvator
408 2037 463 2064 ait:
482 2036 539 2071 Ego
554 2045 612 2063 sum
631 2041 723 2071 pastor
738 2038 821 2063 bonus
839 2038 874 2070 “,
901 2046 954 2065 non

166 2087 271 2110 tantum
292 2087 321 2108 ut
337 2082 437 2114 caueri,
459 2082 586 2109 universe
613 2082 716 2109 dictum
740 2082 872 2117 intelligo,
891 2091 953 2110 eum

166 2140 263 2167 nempe
275 2140 336 2160 esse
349 2137 485 2167 pastorem
502 2132 680 2162 credentium.
689 2138 716 2159 et
729 2132 781 2160 hoc
789 2133 861 2160 enim
874 2133 952 2168 153
972 2127 992 2154 Ι)

165 2186 262 2206 sanum
271 2183 311 2204 est
322 2183 348 2205 et
356 2185 465 2210 verum;
481 2178 528 2205 sed
541 2178 601 2204 etin
612 2185 672 2204 mea
682 2178 773 2204 anima
785 2178 956 2207 debeoChri-

165 2233 238 2256 stum
254 2229 327 2256 intus
345 2229 456 2260 habere,
471 2229 573 2255 bonum
588 2232 726 2263 pastorem
741 2229 787 2264 qui
804 2230 830 2256 in
848 2238 889 2257 me
910 2238 954 2257 re-

165 2281 210 2311 gat
226 2280 316 2302 motus
341 2274 525 2306 irrationales,
549 2282 583 2301 ne
604 2274 722 2309 amplius
740 2275 772 2302 ad
789 2283 905 2310 pascua,
924 2280 955 2303 ut

163 2329 246 2350 casus
262 2321 364 2354 tulerit,
389 2325 498 2354 exeant,
523 2320 570 2348 sed
589 2327 604 2347 a
625 2325 734 2355 pastore
757 2321 843 2355 ducti,
867 2322 954 2358 ipsius

164 2373 266 2408 proprii
281 2373 346 2400 fiant
356 2373 402 2407 qui
413 2372 447 2400 ab
462 2380 494 2400 eo
505 2372 586 2400 alieni
599 2372 747 2408 aliquando
758 2378 845 2401 erant.
857 2373 955 2406 Quam-

164 2425 259 2452 obrem
281 2424 303 2452 si
329 2432 401 2452 nunc
418 2424 453 2452 sit
477 2424 504 2451 in
522 2432 565 2452 me
582 2430 675 2460 pastor
698 2425 745 2460 qui
760 2430 835 2460 regat
855 2432 952 2453 sensus

164 2479 252 2504 meos,
268 2478 322 2498 non
340 2470 461 2505 amplius
474 2470 591 2498 subsunt
607 2472 691 2498 menti
704 2471 809 2503 alienae,
821 2470 863 2498 vel
880 2470 951 2498 Pha-

199 2531 222 2546 "
239 2529 339 2557 Jerem.
354 2537 395 2561 III,
411 2529 456 2556 24.
495 2528 516 2544 ’⁷
537 2528 635 2564 Ephcs.
655 2536 692 2560 tv,
707 2528 751 2555 l9.
788 2528 811 2544 ’⁸
831 2526 911 2555 Joan.
926 2535 953 2561 κ,
970 2527 1015 2554 9.7.

199 2587 237 2622 (I)
255 2587 321 2614 Cod.
344 2585 472 2622 Scoriall,
486 2585 561 2622 πρὸς
633 2585 680 2622 τος)
698 2585 756 2622 μεθ’
769 2585 848 2622 ἡμας.
860 2583 948 2622 σωθης

164 2618 277 2661 σομένορ
297 2621 414 2661 ἰσραῄλ.
442 2618 707 2661 lD._'l1v_'_6tdt‘I‘(uRlou
733 2618 820 2654 Ἰησοῦ
837 2618 915 2661 ημῶν
933 2619 949 2654 ἠ

164 2637 277 2657 συμινυυ
305 2637 414 2661 ΙυΪυιΙλΛι
442 2637 515 2660 μιῖιγ
543 2637 587 2647 UHA
603 2637 707 2655 llvll-th
741 2637 820 2654 lquvv
841 2637 846 2644 l
859 2637 914 2659 rw:
935 2637 949 2654 1‘

163 2657 285 2692 σωτηρία
296 2665 342 2692 του
355 2656 433 2692 οἴκου
444 2664 490 2682 του
514 2654 631 2692 Ἰσραὴλ.
645 2654 838 2692 (iodex_vero_
849 2637 949 2692 hanc”

163 2666 235 2692 σωτη
258 2666 285 2684 ια
296 2666 342 2683 του
355 2666 430 2683 οικου
444 2666 490 2682 του
523 2666 631 2690 ισραηΛ.
645 2666 737 2681 \AUUCX
761 2666 824 2680 VCI'U
855 2666 949 2685 ‘ﬂllU-,

163 2692 229 2727 περὶ
240 2666 270 2718 ἵε
287 2691 334 2718 τοῦ
349 2691 408 2727 μεθξ
424 2691 496 2727 ὺμᾷς
514 2689 723 2727 σωθησομένου*
737 2688 863 2727 Ἰσραήλ·
882 2688 951 2727 πλὴν

163 2723 209 2753 sui
222 2727 324 2761 Κυρίου
339 2723 407 2752 Θεοῦ
418 2723 496 2761 ἡμῶν
507 2726 524 2760 ἡ
540 2723 664 2761 σωτηρία
678 2724 724 2750 τοῦ
740 2723 814 2750 οἴκου
832 2723 950 2761 Ἰσραήλ.

163 2733 207 2753 ora
223 2733 324 2761 λυριου
339 2733 407 2752 υεου
418 2733 496 2761 ημων
507 2733 524 2760 η
540 2733 593 2751 σωτ
616 2733 662 2758 ρια
678 2733 724 2750 του
740 2733 814 2750 οικου
840 2733 950 2759 ισραηΑ.

163 2761 192 2788 In
214 2766 306 2788 nostro
317 2766 402 2792 textu,
419 2761 500 2788 modo
524 2760 585 2788 cod.
596 2733 767 2787 nVaticanum
778 2779 785 2791 ,
801 2759 882 2786 modo
894 2757 959 2786 Sco-

165 2796 309 2823 tialensem
325 2796 477 2830 sequimur.

201 2830 280 2866 (2)1n
297 2828 389 2858 codice
414 2829 581 2858 Seorialensi
596 2829 670 2858 deest
694 2829 751 2857 καί.
778 2828 879 2857 Ibidem
893 2834 954 2864 post

1049 1648 1090 1676 Τὰ
1114 1648 1144 1674 δὲ
1168 1647 1253 1681 ἄλογα
1281 1646 1336 1672 τῶν
1364 1646 1489 1681 πατέρων
1517 1647 1654 1681 κινήματα
1682 1646 1806 1682 πρόϐατα

1013 1692 1074 1722 εἷπε
1088 1693 1136 1720 καὶ
1153 1693 1278 1728 μόσχους.
1293 1692 1330 1718 0'3
1345 1691 1399 1726 γὰρ
1416 1691 1503 1718 πάντα
1520 1691 1554 1718 τὰ
1567 1691 1651 1726 ἄλογα
1662 1692 1805 1719 ἐπαινετά-

1013 1739 1070 1767 ὰλλ’
1083 1739 1155 1765 ἔστιν
1169 1737 1254 1771 ἄλογα
1267 1745 1326 1763 τινα
1339 1736 1437 1771 ψεκτὰ,
1450 1736 1544 1772 ὥσπερ
1560 1735 1593 1762 τὰ
1612 1737 1740 1772 πρόϐατα
1756 1737 1807 1764 τῶν

1014 1784 1139 1819 πατέρων
1156 1783 1194 1819 (ιι)
1209 1782 1263 1809 τῶν
1293 1781 1504 1818 ἡμαρτηκότων
1518 1781 1576 1807 ἐστι
1591 1781 1620 1808 δέ
1641 1790 1703 1808 τινα
1722 1782 1808 1816 ἄλογα

1011 1829 1152 1862 ἐπαινετὰ,
1169 1825 1241 1856 οἷον
1262 1828 1300 1856 Τὰ
1319 1828 1375 1863 ἐμὰ
1394 1828 1528 1862 πρόϐατα
1546 1827 1602 1861 τῆς
1623 1828 1730 1862 φωνῆς
1748 1838 1806 1863 μου

1011 1877 1168 1904 ἀκούουσι.
1198 1874 1325 1910 Πρόϐατα
1351 1872 1384 1910 ἦν
1423 1874 1471 1901 καὶ
1492 1872 1578 1899 ταῦτα
1605 1870 1647 1905 οἷς
1675 1873 1806 1908 ἀνάλογον

1011 1922 1109 1958 ἔχομεν
1124 1922 1170 1948 τὸν
1185 1921 1274 1955 λόγον,
1291 1920 1397 1955 ἔχοντες
1411 1920 1456 1947 τὸν
1479 1920 1594 1954 ποιμένα
1611 1920 1658 1946 τὸν
1673 1920 1758 1947 καλδν
1780 1922 1807 1946 ἐν

1010 1969 1069 1999 ταῖς
1083 1967 1183 2002 ψυχαῖς
1202 1965 1288 2001 ήμῶν.
1315 1964 1398 1992 Ἐπὰν
1412 1965 1467 2001 γὰρ
1486 1965 1552 2000 λέγῃ
1567 1965 1580 1991 ὁ
1594 1964 1690 2000 Σωτήρ
1700 1973 1706 1980 ·
1734 1965 1808 2000 Ἐγώ

1007 2014 1066 2047 εἰμι
1079 2015 1096 2040 ό
1115 2011 1255 2046 ποιμὴνό
1278 2012 1371 2044 καλός
1385 2019 1391 2026 ’
1411 2011 1462 2037 οὐκ
1478 2011 1570 2038 ἀκούω
1594 2011 1676 2046 μόνον
1694 2011 1807 2038 καθολι-

1009 2059 1074 2092 κῶς,
1091 2058 1129 2090 ὡς
1144 2058 1245 2089 πάντες
1259 2057 1414 2088 ἀκούουσιν,
1432 2057 1473 2084 ὅτι
1492 2057 1594 2092 ποιμήν
1611 2057 1670 2083 ἐστι
1687 2057 1746 2084 τῶν
1763 2066 1807 2084 πισ-

1009 2104 1157 2131 στευόντων
1167 2112 1173 2118 ·
1190 2103 1237 2129 καὶ
1254 2102 1332 2129 τοῦτο
1348 2103 1396 2138 μὲν
1411 2102 1465 2138 γὰρ
1480 2103 1527 2130 καὶ
1539 2103 1614 2137 ὑγιὲς
1628 2103 1677 2129 καὶ
1693 2103 1806 2139 ἀληθές·

1007 2150 1075 2177 ἀλλὰ
1091 2150 1138 2177 καὶ
1155 2150 1183 2175 ἐν
1200 2151 1232 2184 τῇ
1250 2149 1302 2184 ὲμῇ
1319 2149 1390 2184 ψυχῇ
1404 2149 1503 2183 ὀφείλω
1518 2149 1590 2184 ἔχειν
1605 2148 1680 2175 ἔνδον
1697 2158 1749 2184 μου
1765 2149 1808 2175 τὶν

1007 2195 1135 2230 Χριστὸν,
1151 2193 1225 2220 ἔνδον
1247 2203 1297 2229 μου
1314 2194 1359 2220 τὸν
1375 2194 1456 2220 καλὸν
1473 2195 1606 2230 ποιμένα,
1624 2194 1807 2229 ποιμαίνοντα

1008 2241 1043 2267 τὰ
1059 2241 1088 2268 ἐν
1103 2241 1163 2276 ἐμοὶ
1183 2240 1269 2274 ἄλογα
1285 2241 1433 2276 κινήματα,
1450 2240 1494 2266 ἵνα
1513 2240 1611 2275 μηκέτι
1629 2240 1676 2266 ἐπὶ
1698 2241 1750 2276 τὴν
1765 2249 1808 2267 νο-

1008 2287 1072 2323 μὴν,
1101 2287 1139 2319 ὼς
1169 2286 1273 2322 ἔτυχεν,
1307 2286 1472 2322 ὲξέρχηται,
1504 2285 1560 2312 ἀλλ’
1595 2286 1722 2320 ἀγόμενα
1756 2286 1808 2313 ὑπὸ

1007 2332 1054 2358 τοῦ
1071 2332 1209 2367 ποιμένος,
1227 2332 1313 2358 ταῦτα
1337 2332 1370 2358 τὰ
1392 2331 1521 2367 ἀλλότρια
1547 2339 1612 2358 ποτε
1633 2332 1807 2366 τυγχάνοντα

1007 2376 1090 2404 αὑτοῦ
1116 2377 1170 2404 ἴδια
1189 2377 1314 2411 γενέσθαι
1327 2377 1365 2412 (5)
1382 2377 1474 2404 αὐτοῦ.
1504 2376 1554 2403 Διὰ
1575 2377 1655 2404 τοῦτο
1684 2377 1734 2403 νῦν
1761 2378 1808 2404 ἐὰν

1007 2421 1184 2459 ποιμὴνῇὲν
1205 2424 1276 2458 ἐμοὶ,
1307 2423 1336 2455 ὃς
1363 2423 1442 2458 ἄρχει
1472 2431 1521 2458 μου
1551 2422 1604 2449 τῶν
1637 2423 1806 2460 αἰσθήσεων,

1004 2470 1097 2497 οὐκέτι
1129 2471 1198 2497 εἰσὶν
1229 2470 1281 2497 ὑπὸ
1303 2470 1364 2497 νοῦν
1395 2469 1580 2506 ἀλλότριον,ῆ
1612 2469 1667 2496 ὑπὸ
1692 2470 1806 2506 Φαραὼ,

1067 2527 1089 2543 ⁹⁹
1105 2526 1173 2554 Ibid.
1192 2527 1236 2554 II.

1003 2575 1157 2619 θυγατέρας
1167 2584 1267 2617 αὐτῶν,
1283 2583 1369 2610 codex
1379 2583 1529 2611 Vaticanus
1540 2583 1617 2610 addit
1632 2592 1638 2610 :
1654 2584 1671 2619 ή
1684 2584 1804 2619 αἰσχύνη

1003 2618 1179 2654 κατηνάλωσε
1194 2620 1258 2650 τοὺς
1277 2618 1392 2654 μόχθους
1417 2619 1471 2646 τῶν
1494 2619 1621 2654 πατέρων
1647 2618 1805 2654 essent

1003 2654 1065 2680 τάδε
1082 2654 1116 2680 τὰ
1131 2654 1274 2680 εἰρημένα.
1294 2654 1408 2680 Οὐκοῦν.

1053 2662 1065 2680 ε
1082 2662 1116 2680 τα
1131 2662 1274 2681 ειρηιιενα.
1294 2662 1408 2681 υῐικουν.

1002 2662 1065 2680 ταοε
1082 2662 1116 2680 ιτα
1131 2662 1274 2689 ειρημενα.
1294 2662 1408 2681 υεικουν.

1040 2689 1078 2723 (5)
1100 2688 1168 2716 Cod.
1204 2690 1332 2720 Seorial..
1361 2689 1452 2724 ἔχεται
1470 2688 1525 2724 γὰρ
1540 2689 1603 2720 τοὺς
1617 2689 1804 2724 ἀναισθήτως

1008 2724 1056 2760 ’τῆς
1066 2725 1205 2760 αἰσχύνης
1216 2724 1303 2760 ἔργων
1319 2725 1359 2756 εἰς
1381 2724 1553 2760 συναίσθησιν
1571 2724 1713 2759 ἔρχεσθαι.

1047 2759 1085 2795 (ί)
1101 2759 1168 2795 βοά.
1187 2758 1272 2786 Vatic.
1289 2759 1400 2795 omittit,
1415 2759 1469 2786 τῶν
1482 2758 1620 2795 πατέρωνζ

1045 2793 1084 2829 (5)
1106 2794 1312 2829 Legejéiinmt.
1332 2794 1393 2822 Mox
1406 2795 1466 2822 cod.
1484 2793 1559 2826 ναις
1573 2799 1634 2828 post
1642 2794 1696 2823 ista
1705 2795 1798 2827 verba.

1009 2827 1055 2856 ἐὰν
1066 2829 1168 2864 ποιμὴν
1178 2827 1236 2866 ᾖεν
1249 2827 1320 2865 ἐμοί,
1335 2830 1435 2858 omittit
1447 2827 1592 2873 articulum
1608 2830 1648 2862 ὃς.
