1869 3041
169 127 221 155 307

901 128 1062 157 ()RlGENiS

1754 123 1802 152 508

171 194 231 212 men
245 186 319 220 quod
333 194 414 222 opera
428 187 598 215 confusionis
613 188 771 222 imponunt,
792 187 827 215 ab
842 188 947 223 ignomi

1066 185 1187 220 πατέρα,
1201 184 1381 219 ἐπικάλυμμα
1393 183 1498 218 γίνεται
1515 183 1562 210 τοῦ
1581 182 1731 219 προσώπου
1745 191 1802 217 μου,

172 231 222 258 uize
240 232 348 260 aclibus
363 233 522 262 auferamus
532 234 664 261 velamen.
679 233 706 260 In
723 239 815 261 nostra
829 239 870 261 est
883 239 960 269 pote-

170 281 242 306 state
257 279 353 306 tollere
369 280 503 313 velamen,
525 280 625 307 nullius
642 279 764 306 alterius.
795 279 866 306 Dum
890 281 959 306 enim

170 324 206 351 ad
221 324 362 352 Dominum
378 325 482 361 Moyses
493 325 669 353 revertebatur
679 345 687 357 ,
709 325 880 360 auferebatur
893 326 961 353 vcta-

171 377 229 396 men
246 369 266 396 ⁸.
282 369 378 397 Viden’
394 375 424 398 ut
439 370 544 406 Moyses
568 371 732 405 quandoque
759 375 884 397 sumatur
909 379 958 406 pro

169 415 288 449 populo?
309 415 376 442 Dum
398 423 452 442 non
474 415 661 442 revertebatur
684 415 718 442 ad
738 414 895 446 Dominum,
911 423 960 449 po-

170 461 224 495 puli
248 462 281 488 ad
297 461 440 488 Dominum
464 469 519 488 non
543 461 705 488 revertentis
723 460 836 496 ﬁguram
849 468 958 495 gerens,

168 503 292 531 velamen
315 504 409 530 habuit
430 504 546 538 positum
573 511 655 538 super
671 503 768 531 faciem
784 511 880 536 suam;
895 511 957 531 cum

168 556 232 576 vero
252 548 287 576 ad
313 548 458 575 Dominum
478 549 683 582 revertebatur,
707 548 902 576 revertentiqu
923 549 958 575 ad

166 591 311 620 Dominum
333 598 425 628 typum
447 601 563 628 gerens,
580 598 645 621 tunc
669 593 796 621 demebat
821 593 958 625 velamen,

166 638 245 674 idque
259 647 312 666 non
325 639 406 674 quale
421 639 493 666 Deus
506 639 530 667 ei
547 644 724 674 praeceperat.
736 639 795 667 Non
807 639 880 667 enim
890 639 959 667 dixit

162 684 294 712 Dominus
308 685 393 721 Moysi
414 695 419 712 :
446 686 558 720 Appone
580 685 716 718 velamen,
738 686 785 713 sed
803 693 865 713 cum
884 685 959 713 vide-

163 734 204 758 ret
222 729 330 766 Moyses
344 738 398 758 non
417 738 499 766 posse
513 731 645 765 populum
660 731 750 758 videre
760 731 874 766 gloriam
887 731 956 765 ejus,

162 777 281 810 ponebat.
297 777 420 804 velamen
433 784 516 811 super
530 776 627 804 faciem
644 784 734 808 suam,
750 784 802 804 nec
814 782 957 811 exspecta—

165 822 200 848 vit
213 821 298 849 Deum
311 823 461 849 dicentem:
479 822 595 849 Detrahe
608 823 744 854 velamen,
765 830 827 849 cum
846 823 880 850 ad
904 822 957 850 Do-

165 869 268 895 tuinum
281 869 479 902 revertebatur.

1011 232 1058 257 καὶ
1072 230 1143 265 λέγω
1153 238 1160 245 ·
1171 229 1379 263 Ἐπεκάλυψεν
1387 229 1424 264 (l)
1437 227 1515 263 ἡμᾶς
1524 229 1544 261 ἡ
1553 229 1664 263 ἀτιμία.
1675 227 1804 254 Διὰτοῦτο

1010 278 1157 312 νοήσαντες
1171 276 1201 302 τὸ
1216 275 1362 310 κάλυμμα,
1376 274 1408 301 τὸ
1426 274 1600 310 ἐπικείμενον
1617 274 1674 300 ἀπὸ
1688 273 1743 299 τῶν
1759 272 1803 308 τῆς

1010 322 1141 358 αἰσχύνης
1159 322 1260 358 ἔργων,
1274 321 1329 348 ἀπὸ
1344 320 1399 347 τῶν
1419 321 1470 355 τῆς
1489 320 1600 355 ἀτιμίας
1615 319 1746 356 πράξεων
1759 327 1803 347 τιε-

1012 367 1165 403 ριελώμεθα
1187 367 1218 394 τὸ
1241 367 1382 403 κάλυμμα.
1418 366 1475 400 Ἐφ’
1497 367 1563 402 ἡμῖν
1584 367 1643 393 ἐστι
1666 373 1806 402 napum;

1010 413 1088 449 θῆναι
1103 413 1133 440 τὸ
1146 412 1291 448 κάλυμμα,
1308 411 1416 444 οὐδενὸς
1430 412 1508 439 ἄλλου
1522 411 1605 438 ἐστίν.
1627 411 1737 439 Ἠνικα
1754 411 1804 446 τὰρ

1008 459 1176 494 ἐπέστρεψε
1199 459 1274 493 πρὸς
1296 459 1406 493 Κύριον
1427 457 1569 492 Μωῢσῆς,
1590 457 1760 491 περιῃρεῖτο
1774 456 1806 483 τὸ

1009 505 1159 541 κάλυμμα.
1174 505 1255 541 Ὁρᾷς
1271 505 1309 537 ὡς
1321 505 1440 540 Μωῡσῆς
1451 513 1516 531 ποτε
1532 503 1570 539 (2)
1580 503 1806 539 λαμϐάνεταικαὶ

1008 553 1055 580 ὲπὶ
1081 552 1129 578 τοῦ
1152 552 1229 579 λαοῦ.
1259 552 1340 578 Ὅσον
1364 551 1414 578 οὐκ
1433 551 1585 586 ἐπέστρεφε
1605 551 1676 586 πρὸς
1692 548 1805 583 Κύριον,

1009 596 1142 631 σὺμῆολον
1158 595 1197 623 ὢν
1215 596 1265 623 τοῦ
1278 595 1345 623 λαοῦ
1356 596 1394 631 (5)
1406 595 1452 622 τοῦ
1463 594 1719 630 μὴὲπιστρέφοντος
1739 593 1806 629 πρὸς

1008 640 1120 676 Κύριον,
1138 641 1271 677 κάλυμμα
1287 639 1360 677 εἶχεν
1379 641 1551 676 ἐπικείμενον
1568 639 1653 666 αὐτοῦ
1667 639 1708 673 τῷ
1723 646 1806 674 προσ-

1007 685 1090 721 ώπῳ·
1108 686 1153 713 ὅτε
1170 686 1198 713 δὲ
1221 686 1373 721 ἐπέστρεφε
1390 685 1459 720 πρὸς
1472 683 1588 720 Κύριον,
1609 682 1748 718 σύμϐολον
1763 691 1805 716 γε-

1008 730 1119 766 νόμενος
1133 730 1186 758 τῶν
1193 731 1411 767 ἐπιστρεφόντων
1419 730 1488 766 πρὸς
1496 730 1609 765 Κύριον,
1631 729 1694 755 τότε
1705 727 1747 763 (ι)
1759 736 1804 753 πε-

1010 778 1129 814 ριῃρεῖτο
1140 777 1171 804 τὸ
1182 777 1324 813 κάλυμμα,
1334 777 1380 804 καὶ
1388 777 1437 812 οὐχ
1443 773 1499 803 οἷον
1512 777 1526 802 ὁ
1536 775 1603 807 Θεὸς
1614 774 1652 810 (5)
1664 773 1740 809 αὐτῷ
1746 774 1805 800 ἐκέ-

1008 825 1080 851 λευε.
1103 825 1140 850 Οὐ
1157 823 1212 860 γὰρ
1223 822 1298 850 εἶπεν
1313 825 1327 850 6
1344 824 1446 859 Κύριος
1454 822 1521 858 πρὸς
1538 821 1672 856 Μωῦσῆνδ
1690 819 1806 856 Περίοου

1017 871 1048 897 τὺ
1060 870 1193 905 κάλυμμα
1202 879 1209 885 ·
1224 870 1281 896 ἀλλ’
1291 869 1489 904 ἱδὼνΜωῦσῆς,
1503 869 1544 895 ὅτι
1556 868 1586 894 οὐ
1598 867 1711 893 δύναται
1722 865 1806 897 ὁλαὸς

165 916 228 942 ἰδεῖν
244 916 294 952 τὴν
309 916 388 948 δόξαν
405 915 497 948 αὑτοῦ,
509 916 570 942 τότε
590 915 708 942 ἐπετίθει
720 916 750 942 τὸ
764 916 896 952 κάλυμμα
908 917 953 944 ἐπὶ
971 917 1001 944 τὺ
1022 918 1178 954 πρόσωπον·
1189 917 1236 945 καὶ
1250 917 1280 944 οὐ
1299 917 1456 954 περιέμεινε
1467 915 1507 951 (ϋ)
1522 915 1589 942 Θεὸν
1608 914 1638 940 λέ
1645 922 1735 949 γοντα,
1754 913 1807 939 Πε-

165 962 253 997 pulo-3
275 963 307 989 τὸ
324 963 467 998 κάλυμμα,
492 962 573 998 ἡνίκα
590 963 624 990 ἂν
643 963 793 999 ἐπέστρεψε
814 965 882 1000 πρὸς
899 965 1010 1001 Κύριον,

199 1010 226 1038 9.
243 1010 301 1038 Hoc
310 1011 402 1046 itaque
411 1011 543 1045 scriptum
558 1014 599 1038 est
612 1015 642 1038 ut
656 1015 683 1038 tu
696 1019 814 1046 quoque,
826 1020 888 1040 cum
904 1013 947 1040 im-

1054 1016 1128 1043 Γοῦτο
1152 1014 1200 1043 οὖν
1223 1015 1396 1050 γέγραπται,
1416 1012 1462 1038 ἵνα
1482 1011 1532 1038 καὶ
1558 1010 1591 1037 σὺ
1614 1008 1647 1036 τὸ
1671 1008 1807 1043 κάλυμμα

161 1059 287 1091 posueris
313 1057 437 1084 velamen
463 1056 542 1084 faciei
560 1060 614 1083 tua:
632 1065 680 1091 per
698 1064 779 1091 opera
797 1057 955 1092 ignominia:

160 1108 188 1130 et
204 1102 392 1136 confusionis,
418 1103 446 1130 id
463 1103 585 1132 velamen
604 1111 685 1131 cures
703 1103 894 1131 auferendum.
924 1103 953 1131 Si

160 1155 312 1175 conversus
339 1147 423 1174 fueris
452 1147 486 1174 ad
515 1147 676 1180 Dominum,
697 1152 763 1175 tunc
782 1147 891 1175 auferes
906 1156 953 1175 ve-

160 1194 266 1224 lamen.
292 1201 341 1221 uce
373 1193 491 1228 amplius
518 1194 611 1222 dices:
633 1194 776 1228 Cooperuit
797 1202 844 1221 uas
878 1195 955 1229 igno-

160 1239 358 1266 miniauustra.
375 1239 457 1266 Verbi
474 1240 576 1274 gratia,
599 1240 623 1267 si
641 1242 668 1266 in
684 1240 776 1267 anima
800 1245 893 1268 nostra
914 1241 953 1268 ira

163 1284 295 1312 adversus
311 1285 467 1319 quempiam
485 1285 627 1316 insederit,
643 1285 804 1319 impositum
822 1290 864 1312 est
877 1286 954 1313 vela-

159 1337 221 1357 men
237 1337 319 1364 super
336 1329 434 1357 facient
449 1333 585 1357 nostram.
608 1329 672 1356 Ideo
686 1330 710 1358 si
729 1330 857 1358 volumus
872 1337 954 1358 oran-

163 1382 200 1402 ILS
209 1375 316 1402 dicere:
331 1375 473 1410 Signatum
490 1381 529 1403 est
546 1383 625 1410 super
642 1384 689 1402 nos
700 1375 788 1402 lumen
801 1376 889 1404 vultus
901 1377 951 1410 tui,

161 1420 270 1447 Domine
283 1420 311 1452 ⁷,
328 1420 486 1448 auferamus
510 1421 635 1448 velamen
650 1442 657 1454 ,
682 1426 710 1448 et
736 1421 804 1449 illud
830 1422 952 1457 Apostoli

160 1470 334 1500 praestemus:
357 1466 421 1493 Volo
448 1475 509 1502 ergo
530 1467 608 1503 155
633 1467 702 1494 viros
728 1475 804 1494 orare
831 1468 859 1494 in
881 1468 952 1494 onmi

158 1511 226 1544 loco,
238 1511 354 1539 levantes
366 1521 447 1546 puras
463 1521 557 1539 "mnus
565 1514 622 1539 sine
635 1513 677 1539 ira
691 1520 717 1539 et
729 1514 920 1547 disceptatione
930 1514 951 1540 ⁸.

159 1556 187 1583 Si
199 1557 267 1583 iram
282 1557 503 1591 deposuerimus,
515 1557 598 1584 simul
610 1561 636 1584 et
649 1557 771 1584 velamen
784 1557 952 1590 auferemus;

158 1602 298 1634 similiter,
314 1603 336 1630 si
351 1611 446 1630 omnes
460 1603 545 1630 animi
566 1603 732 1632 affectiones.
749 1603 839 1631 Donec
861 1610 952 1632 autem

161 1649 203 1675 lue
223 1653 289 1676 sunt
312 1649 340 1676 in
371 1654 460 1677 mente
487 1654 514 1677 et
539 1650 703 1686 cogitatione
720 1654 824 1682 nostra,
841 1650 953 1677 interna:

1005 1063 1138 1095 ἐπιτιθείς
1158 1071 1205 1089 σου
1220 1062 1261 1097 τῷ
1274 1059 1412 1096 προσώπῳ
1426 1058 1470 1084 διὰ
1481 1057 1536 1084 τῶν
1552 1056 1603 1091 τῆς
1618 1055 1744 1090 ἀτιμίας,
1758 1053 1805 1080 καὶ

1004 1108 1057 1135 τῶν
1079 1108 1130 1143 τῆς
1146 1108 1277 1143 αἰσχύνης
1296 1106 1400 1142 ἔργων,
1420 1104 1501 1135 αὐτὸς
1518 1102 1625 1138 ἐργάσῃ
1641 1101 1690 1128 καὶ
1709 1100 1741 1126 τὺ
1757 1107 1808 1126 πε-

1008 1153 1180 1190 ριαιρεθῆναι
1193 1153 1223 1180 τὸ
1240 1152 1382 1187 κάλυμμα.
1406 1150 1469 1177 Ἐὰν
1482 1147 1651 1183 ὲπιστρέψῃς
1665 1146 1735 1183 πρὸς
1750 1145 1806 1172 Κύ-

1005 1207 1073 1235 ριον,
1096 1199 1157 1225 τότε
1181 1198 1333 1234 περιαιρεῖς
1349 1197 1379 1223 τὸ
1394 1195 1537 1230 κάλυμμα,
1555 1193 1603 1220 καὶ
1621 1192 1717 1220 οὐκέτι
1732 1193 1805 1227 ἐρεῖς

1003 1245 1034 1271 τό
1043 1254 1050 1259 ·
1075 1244 1287 1278 Ἐπεκάλυψεν
1300 1241 1381 1278 ’ἡμᾶς
1398 1243 1418 1276 ἡ
1432 1242 1534 1276 ἀτιμία
1550 1239 1645 1274 ἡμῶν.
1659 1236 1725 1265 Οἴου
1736 1238 1805 1274 ὀργὴ

1003 1290 1167 1325 ἐπικειμένη
1183 1290 1216 1324 τῇ
1231 1289 1303 1324 ψυχῇ
1317 1287 1395 1323 ἡμῶν
1410 1286 1481 1314 κατά
1496 1294 1578 1317 τινος,
1596 1284 1737 1310 ἐπίκειται
1754 1282 1804 1309 κά-

1003 1335 1099 1370 λυμμα
1115 1334 1195 1370 ἡμῶν
1213 1334 1260 1360 ἐπὶ
1281 1333 1312 1359 τὸ
1327 1332 1483 1368 πρόσωπον.
1504 1330 1554 1356 Διὰ
1571 1329 1651 1356 τοῦτο
1682 1329 1708 1354 εἰ
1730 1327 1805 1354 Θέλο-

1005 1389 1055 1415 μεν
1074 1380 1288 1416 προσευχόμενοι
1310 1380 1411 1405 εἰπεῖν·
1445 1375 1632 1411 Ἐσημειώθη
1651 1375 1701 1410 ἐφ’
1725 1372 1805 1408 ἡμᾶς

1003 1425 1037 1452 τὸ
1049 1426 1112 1460 φῶς
1127 1426 1180 1453 τοῦ
1194 1425 1355 1460 προσώπου
1372 1431 1442 1456 σου,
1455 1423 1554 1457 Κύριε,
1570 1421 1763 1457 περιαίρωμεν
1773 1418 1803 1446 τὸ

1004 1472 1151 1507 κάλυμμα,
1185 1471 1231 1498 καὶ
1261 1470 1421 1506 ποιήσωμεν
1447 1468 1477 1495 τὸ
1502 1466 1684 1494 ἀποστολικδν
1715 1468 1805 1493 ἐκεῖνο

1003 1516 1032 1543 τό
1041 1525 1049 1532 ·
1070 1517 1223 1550 Βούλομαι
1239 1514 1296 1543 οὖν
1309 1515 1533 1549 προσεύχεσθαι
1546 1513 1618 1546 τοὺς
1631 1512 1746 1546 ἄνδρας
1769 1512 1806 1538 ἐν

1003 1561 1092 1587 παντὶ
1106 1561 1195 1594 τόπῳ,
1214 1560 1392 1594 ἐπαίροντας
1407 1559 1514 1591 ὁσίους
1529 1557 1635 1592 χεῖρας
1652 1557 1745 1591 χωρὶς
1757 1557 1805 1590 σ’ρ-

1003 1605 1060 1641 γῆς
1076 1606 1124 1633 καὶ
1139 1605 1351 1641 διαλογισμῶν.
1376 1605 1438 1631 Ἐὰν
1451 1603 1625 1639 περιέλωμεν
1634 1603 1688 1638 τὴν
1706 1602 1805 1638 ὀργὴν,

1004 1651 1173 1687 περιέλωμεν
1183 1652 1214 1679 τὸ
1227 1652 1367 1686 κάλυμμα·
1385 1650 1517 1681 ὡσαύτως
1531 1649 1581 1684 (7),
1600 1648 1649 1675 ἐὰν
1675 1648 1712 1674 τὰ
1729 1647 1803 1682 πάθη

158 1693 261 1727 faciei,
275 1695 390 1730 principi
413 1703 509 1731 nempe
524 1697 624 1724 anima:
637 1696 759 1723 facultati
791 1696 947 1730 impositum

1054 1705 1102 1723 ιτα.
1120 1697 1201 1723 Ὅσον
1214 1696 1242 1723 δὲ
1254 1695 1341 1723 ταῦτά
1360 1696 1433 1721 ἐστιν
1449 1695 1478 1721 ἐν
1496 1693 1536 1729 τῷ
1551 1693 1591 1729 νῷ
1608 1693 1701 1729 ἡμῶν,
1721 1694 1750 1719 ἐν
1763 1692 1805 1727 τῷ

161 1743 205 1766 est
239 1740 360 1767 velamen
384 1745 412 1767 et
436 1741 605 1776 ignominia,
632 1750 667 1769 ne
692 1742 878 1777 splendentem
903 1741 952 1769 Dei

159 1784 274 1819 gloriam
292 1785 443 1813 videamus.
456 1785 515 1814 Non
533 1791 576 1814 est
592 1787 663 1815 Deus
677 1788 723 1822 qui
739 1788 853 1823 gloriam
871 1795 950 1814 suam

158 1839 172 1857 a
195 1828 274 1858 uoiiis
303 1831 456 1866 abscondit,
481 1833 529 1861 sed
546 1841 598 1862 nos
620 1833 668 1869 qui
696 1834 817 1861 velamen
840 1834 951 1861 malitia:

158 1876 242 1903 menti
257 1877 436 1912 imponimus.

195 2013 238 2040 10.
255 2014 325 2046 Quia
345 2023 434 2041 coram
453 2015 506 2042 Deo
520 2020 610 2042 nostra
622 2016 784 2050 peccavimus
799 2020 879 2042 noset
901 2023 950 2049 pa-

156 2066 208 2086 tres
223 2061 306 2086 nostri
318 2060 339 2087 '.
357 2060 467 2087 Utinam
485 2069 536 2088 nos
545 2069 654 2095 quoque
669 2061 741 2088 sicut
756 2061 783 2095 lii
799 2062 948 2088 secundum

156 2112 365 2139 prosopopteam
395 2105 535 2140 Propheta:
561 2106 733 2133 diceremus:
768 2106 947 2135 Peccavimus.

156 2149 215 2176 Non
240 2151 310 2177 idem
325 2155 376 2183 est,
394 2151 585 2185 peccavimus,
612 2152 685 2186 quod
708 2159 865 2186 peccamus.
895 2153 948 2186 Qui

155 2195 228 2221 enim
243 2195 332 2222 adhuc
344 2195 371 2221 in
387 2200 500 2229 peccato
513 2200 565 2227 est,
586 2203 620 2222 ne
638 2195 728 2222 dicat:
749 2195 946 2230 Peccavimus;

154 2240 201 2275 qui
215 2247 278 2267 vero
292 2245 370 2267 antea
385 2241 517 2274 peccavit,
537 2247 563 2268 et
580 2241 735 2276 diligentem
759 2241 945 2275 penitentiam

153 2287 220 2322 egit,
237 2287 260 2314 is
277 2287 359 2318 dicat,
372 2285 548 2314 Peccavimus
563 2295 570 2319 ;
588 2286 818 2321 quemadmodum
837 2291 863 2314 et
875 2288 948 2321 apud

157 2332 292 2359 Danielem
305 2332 406 2366 scripta
421 2337 464 2360 est
485 2331 622 2359 confessio
645 2340 739 2359 eorum
766 2333 813 2366 qui
835 2340 948 2367 peccare

154 2378 305 2408 desierunt.
322 2382 350 2404 et
362 2377 474 2405 dicunt:
497 2378 678 2410 Peccavimus,
694 2378 862 2412 iniquitatem
881 2378 946 2412 [eci-

153 2432 214 2451 ‘mun
230 2424 269 2457 ‘°;
296 2427 323 2450 et
340 2423 366 2450 in
391 2423 522 2451 Psalmis:
543 2424 584 2450 Ne
603 2424 753 2450 memineris
774 2425 946 2460 iniquitatum

154 2476 307 2497 nostrarum
322 2470 493 2504 antiquarunt
513 2471 545 2502 “,
561 2471 599 2497 ait
617 2470 763 2505 Propheta.
779 2469 812 2496 Et
831 2477 881 2497 nos
894 2470 945 2496 ita-

191 2530 202 2544 ⁶
219 2528 305 2555 Exod.
325 2536 416 2561 xxxtv,
432 2529 478 2556 5L

156 2571 259 2590 Lxxvul
270 2584 277 2595 ,
302 2565 329 2590 8.

191 2621 229 2656 ('l)
249 2622 316 2649 Cod.
334 2622 407 2652 Vat..
425 2622 472 2648 καὶ
483 2622 664 2656 ἐπεκάλυψεν.

193 2655 231 2689 κε)
251 2657 318 2684 Coi.
331 2657 447 2691 Scoriai.
460 2662 522 2691 post.
536 2665 600 2683 ποτε
612 2655 688 2683 addit
702 2655 790 2682 τοῦτο.

194 2693 231 2727 ᾖ)
249 2691 316 2727 βοά.
339 2691 411 2727 νειμ,
429 2689 521 2727 ἦν’τοῦ
533 2691 608 2718 λαοῦ.

206 2725 233 2755 ι)
254 2725 281 2751 In
297 2726 360 2752 cod.
378 2725 608 2753 Vatﬁdeest-tére.

206 2739 233 2755 ἸΙ
254 2739 281 2751 ΙΙΙ
297 2739 360 2752 υυυι
383 2739 437 2753 ἰδι.
452 2739 608 2753 υευδιτυῑτη

195 2739 235 2793 ὶδ)
256 2759 292 2786 lta
304 2761 365 2787 cod.
380 2761 495 2788 Scorial.
510 2765 537 2787 et.
549 2761 622 2792 Vah,
642 2765 669 2787 at
685 2760 837 2787 Ghislerius
855 2760 945 2794 legen—

161 2793 223 2828 dum
240 2798 324 2827 putat.
341 2796 387 2821 καὶ
398 2796 458 2828 οὐχὶ
471 2795 570 2826 ὁΘεὸς.
588 2796 688 2822 Ibidem
708 2795 768 2822 cod.
796 2793 856 2821 Vat.
885 2799 946 2828 post

161 2827 267 2854 ἐκέλευε
279 2829 351 2855 addit
362 2839 368 2855 ι
379 2827 489 2864 rapido-1
499 2830 529 2856 τὸ
540 2830 682 2866 κάλυμμα,
694 2836 718 2858 et
731 2837 802 2863 mox,
816 2838 863 2864 pro
879 2827 945 2865 ἦρος

533 2529 626 2557 ’Psal.
643 2537 680 2561 tv,
700 2527 724 2555 7.
764 2528 776 2544 ⁸
808 2528 901 2555 lTim.
928 2537 960 2562 ιι,
989 2528 1016 2556 8.

1003 1741 1127 1777 λογισμῷ
1146 1741 1235 1777 ἡμῶν,
1256 1742 1392 1768 ἐπίκειται
1414 1741 1453 1777 τῷ
1474 1740 1548 1767 ἔνδον
1569 1739 1714 1775 προσώπῳ
1739 1740 1805 1773 ἠγε-

1006 1787 1107 1823 μονικῷ
1123 1787 1160 1823 (8)
1175 1788 1253 1823 ἡμῶν
1270 1787 1301 1814 τὸ
1316 1787 1448 1822 κάλυμμα
1466 1785 1514 1812 καὶ
1534 1785 1552 1820 ἡ
1571 1784 1672 1818 ἀτιμία
1695 1782 1746 1810 τοῦ
1765 1783 1803 1817 μὴ

1004 1831 1113 1866 βλέπειν
1132 1832 1206 1867 ἡμᾶς
1226 1832 1276 1867 τὴν
1295 1831 1373 1863 δόξαν
1393 1830 1440 1857 τοῦ
1463 1830 1532 1856 Θεοῦ
1546 1829 1727 1864 λάμπουσαν.
1745 1827 1806 1853 Οὐκ

1002 1879 1075 1906 ἔστιν
1098 1879 1113 1904 6
1133 1878 1199 1910 Θεδς
1226 1879 1240 1905 6
1259 1878 1444 1913 ἀποκρύπτων
1466 1876 1549 1904 αὐτοῦ
1569 1876 1620 1911 τὴν
1645 1875 1728 1907 δόξαν
1756 1875 1804 1909 ἀφ’

1002 1924 1091 1960 ἡμῶν,
1106 1924 1162 1950 ἀλλ’
1184 1925 1250 1959 ἡμῖν
1263 1924 1293 1950 τὺ
1309 1923 1442 1958 κάλυμμα
1453 1923 1508 1949 ἀπὸ
1521 1922 1570 1958 τῆς
1585 1921 1689 1953 κακίας
1711 1922 1803 1948 ἐπιτι-

1005 1970 1097 2002 θέντες
1110 1969 1148 2006 (9)
1157 1969 1195 2004 τῷ
1207 1969 1373 2004 ἡγεμονικῷ.

1037 2015 1115 2042 Διότι
1128 2014 1230 2041 ἔναντι
1244 2014 1298 2041 τοῦ
1315 2014 1389 2041 Θεοῦ
1409 2013 1495 2048 ἡμῶν
1508 2012 1686 2048 ἡμάρτομεν
1700 2013 1804 2048 ἡμεῖς,

1001 2059 1051 2087 καὶ
1064 2061 1091 2087 οἱ
1105 2060 1232 2094 πατέρες
1251 2059 1346 2094 ἡμῶν.
1369 2059 1432 2086 Εἴθε
1450 2059 1496 2085 καὶ
1513 2059 1595 2093 ἡμεῖς
1610 2058 1751 2093 λέγωμεν,
1765 2058 1805 2090 ὡς

999 2102 1072 2132 οὗτοι
1079 2105 1203 2141 κατὰτὴν
1210 2105 1429 2140 προσωποποιιαν
1438 2104 1485 2130 τοῦ
1491 2104 1647 2139 Προφήτου,
1656 2103 1806 2138 Ἠμάρτοο

1000 2159 1064 2183 μεν.
1073 2151 1109 2177 Οὐ
1117 2150 1337 2185 ταὺτόν(10)ὲστι
1353 2150 1393 2183 τὸ,
1404 2150 1573 2185 ἡμάρτομεν,
1591 2149 1632 2184 τῷ
1647 2149 1808 2184 ἁμαρτάνο-

1001 2204 1064 2230 μεν·
1079 2195 1094 2221 ὁ
1109 2196 1156 2230 μὲν
1168 2195 1220 2231 γάρ
1232 2195 1271 2221 ἔτι
1284 2196 1312 2221 ἐν
1325 2195 1446 2230 ἁμαρτίᾳ
1457 2193 1505 2226 ὢν,
1523 2193 1560 2229 μὴ
1574 2193 1690 2228 λεγέτω,

999 2248 1081 2275 τομεν
1092 2248 1098 2254 ·
1115 2240 1129 2265 ὁ
1144 2240 1172 2266 δὲ
1188 2240 1413 2275 προαμαρτήσας,
1429 2238 1552 2274 ἀκριϐῶς
1563 2238 1592 2264 δὲ
1612 2239 1804 2274 μετανοήσας,

998 2285 1111 2319 λεγέτω,
1125 2285 1307 2320 Ἦμάρτομεν,
1316 2284 1353 2316 ὡς
1367 2285 1415 2310 καὶ
1432 2285 1460 2310 ὲν
1473 2284 1510 2319 τῷ
1524 2284 1627 2319 Δανιὴλ
1639 2284 1805 2320 γέγραπται

999 2331 1190 2366 ἐξομολόγησις
1208 2330 1262 2357 τῶν
1279 2331 1378 2366 μηκέτι
1401 2329 1628 2365 ἁμαρτανόντων,
1644 2330 1802 2364 λεγόντων

1006 2375 1408 2411 Ἡμάρτομεν,ἠνο]ιήσαμεν”
1422 2376 1470 2403 καὶ
1482 2377 1511 2402 ὲν
1517 2376 1658 2410 Ψαλμοῖς·
1667 2376 1720 2410 Μὴ
1726 2385 1806 2410 μνη-

1000 2422 1079 2456 σθῇς
1095 2422 1179 2457 ἡμῶν
1195 2421 1325 2456 ἀνομιῶν
1342 2422 1484 2457 ἀρχαιων,
1506 2422 1591 2457 φησὶν
1605 2423 1621 2448 ὁ
1634 2423 1803 2458 Προφήτης.

999 2470 1054 2496 Καὶ
1067 2470 1150 2504 ἡμεῖς
1160 2466 1205 2494 οὖν
1221 2467 1484 2504 ἑξομολογησώμεθα
1504 2469 1553 2500 τὰς
1570 2468 1727 2504 ἁμαρτίας.
1744 2469 1805 2495 eme

1072 2527 1197 2556 'Jerem.
1227 2536 1275 2560 Ill,
1299 2528 1344 2555 25.
1399 2528 1421 2544 ¹⁰
1439 2528 1506 2555 Dan.
1523 2536 1561 2561 Ix,
1587 2529 1617 2556 5.
1677 2529 1698 2545 ”
1725 2527 1801 2556 PaaL

1003 2618 1128 2651 Μωῡσῆν,
1144 2617 1224 2654 habet
1235 2617 1273 2653 τῷ
1285 2618 1397 2654 Μωῡσῇ.

1035 2654 1073 2689 (6)
1092 2653 1158 2681 Cod.
1174 2653 1247 2689 Vat,
1262 2653 1415 2689 περιέμενε.

1036 2688 1074 2723 (7)
1096 2689 1123 2715 In
1136 2689 1196 2716 cod.
1213 2688 1273 2715 Vat.
1290 2688 1375 2721 (lt-cst,
1391 2688 1534 2720 ὡσαύτως.

1036 2726 1073 2757 (8)
1095 2724 1161 2750 Cod.
1178 2723 1251 2759 Yat.,
1275 2723 1313 2757 τῷ
1326 2724 1492 2759 ἡγεμονικῷ.

1036 2759 1073 2793 (9)
1093 2759 1159 2785 Cod.
1177 2758 1267 2790 Scor.,
1281 2759 1465 2790 ἁποτιΟέντες.

1035 2794 1092 2829 (ιο)
1113 2793 1178 2821 Cod.
1198 2792 1258 2820 Vat.
1276 2794 1355 2826 male,
1374 2793 1423 2820 οὐκ
1435 2794 1526 2822 αὐτόν.
