1869 3041
63 131 108 164 313

634 133 668 163 IN
686 133 858 164 JEREMIAM
879 133 1019 163 HOMILIA
1040 133 1072 165 V.

1619 134 1671 162 ΞΗ

68 192 169 229 ὀλόγος
177 187 254 224 οὗτος
266 190 384 229 μάλιστα
391 194 446 227 τοῖς
455 193 609 221 διδάσκουσι
615 192 733 229 λέγεται,
746 194 789 220 ῐνα
800 194 837 229 μὴ

936 194 1003 221 erint
1025 193 1052 220 in
1077 200 1173 220 eorum
1196 192 1306 221 animis.
1323 191 1438 225 Ouando
1460 192 1533 220 enim
1551 192 1673 220 adhibito

64 239 184 275 πρότερον
197 239 402 274 ὲμπιστεύσωσι
414 239 447 267 τὰ
457 239 590 276 λεγόμενα
600 241 657 272 τοῖς
678 240 836 276 ἀκροαταῖς,

65 286 110 320 πρὸ
116 284 157 311 τοῦ
168 284 298 320 νεὼματα
311 286 421 321 ποιῆσαι
435 287 463 313 ὲν
473 287 532 317 ταῖς
539 286 637 321 ψυχαῖς
645 285 743 312 αὐτῶν.
755 286 837 313 Ὅταν

64 331 110 366 rip
123 331 225 367 ἀρότρῳ
245 331 421 364 ἐπιϐαλόντες
431 332 480 367 τὴν
492 333 570 367 χεῖρα
580 331 707 367 νεώματα
720 332 838 367 ποιήσω-

66 386 101 404 σιν
114 378 139 403 ὲν
154 378 212 408 ταῖς
222 377 335 412 ψυχαῖς,
346 378 417 404 κατὰ
424 377 473 413 τὴν
486 378 538 413 γῆν
551 378 601 413 τὴν
614 378 699 413 καλὴν
711 378 757 405 καὶ
770 378 838 411 ἀγα-

65 423 106 458 θὴν
118 422 214 449 τούτων
230 424 394 455 ἀκουόντων,
407 424 470 450 τότε
483 423 640 459 σπείροντες
660 424 690 450 οὐ
712 423 838 458 σπείρου-

67 477 100 494 σιν
117 469 156 495 ἐπ’
172 469 316 501 ἀκάνθαις·
335 469 382 496 ἐὰν
397 470 425 496 δὲ
441 469 495 505 πρὸ
509 469 559 496 τοῦ
576 470 702 506 ἀρότρου,
720 470 767 496 καὶ
784 470 837 504 πρὸ

63 512 102 538 τοῦ
115 512 237 548 νεώματα
257 514 369 548 ποιῆσαι
384 515 414 540 ἐν
429 513 468 548 τῷ
482 514 637 550 ἡγεμονικῷ
656 514 710 540 τῶν
723 514 837 541 ἀκουόν-

64 567 119 589 των1
133 558 198 594 λάϐῃ
217 568 260 590 τις
279 560 314 586 τὰ
333 559 478 595 σπέρματα
501 560 535 587 τὰ
554 561 629 594 ἅγια,
649 560 694 586 τὸν
711 560 774 595 περὶ
790 559 836 586 τοῦ

65 603 158 639 Πατρὸς
172 604 259 638 λόγον,
274 605 321 631 τὸν
336 606 399 641 περὶ
415 605 461 632 τοῦ
470 605 544 637 Υἰοῦ,
560 605 605 631 τὸν
618 605 682 641 περὶ
696 605 742 632 τοῦ
759 605 836 639 ἁγίου

65 650 215 686 Πνεύματος,
231 651 277 677 τὸν
293 651 372 685 λόγον
387 651 431 678 τὸν
451 654 514 688 περὶ
530 652 714 683 ἀναστάσεως,
731 651 777 677 τὸν
795 651 838 677 λό-

64 705 105 730 γον
116 697 159 723 τὸν
173 697 236 733 περὶ
254 697 402 730 κολάσεως,
419 697 465 724 τὸν
479 697 556 732 λόγον
570 698 614 724 τὸν
635 697 699 732 περὶ
713 697 837 724 ἀναπαύ-

66 750 134 774 σεως,
146 743 189 769 τὸν
200 744 264 779 περὶ
273 743 368 778 νόμου,
385 743 430 770 τὸν
440 744 503 779 περὶ
518 743 674 779 προφητῶν,
693 745 739 770 καὶ
750 743 838 776 ἀπαξ-

65 788 146 820 ατελῶς
157 789 270 816 ἑκάστου
294 789 349 816 τῶν
370 789 578 824 γεγραμμένων,
596 790 643 815 καὶ
658 789 767 825 σπείρῃ,
785 798 838 815 πα-

67 833 174 868 ραϐαίνει
185 834 234 869 τὴν
255 833 388 868 λέγουσαν
414 834 522 870 ἐντολὴν
551 835 669 870 πρῶτον·
700 835 838 861 Νεώσιιτε

888 243 979 266 aratro
1003 239 1110 266 novalia
1127 238 1241 266 fecerim
1255 238 1282 265 in
1297 242 1371 265 terra
1384 238 1454 266 bona
1467 243 1494 265 et
1506 238 1632 270 fecunda,
1645 239 1674 265 in

888 285 1032 313 animabus
1049 292 1146 320 nempe
1166 285 1320 312 auditorum
1332 305 1340 318 ,
1356 288 1421 312 tunc
1440 285 1604 312 seminantcs
1619 293 1674 311 non

889 332 1026 360 seminam
1046 339 1128 366 super
1153 332 1262 366 spinas;
1288 332 1310 358 si
1327 338 1391 358 vero
1405 337 1470 358 ante
1493 335 1631 363 aratrum,
1648 335 1676 358 et

889 378 1047 413 priusquam
1063 378 1170 406 novalia
1187 377 1258 405 facta
1285 378 1340 405 sint
1355 377 1382 404 in
1398 382 1487 405 meme
1500 378 1654 404 auditorum
1665 399 1673 410 ,

888 423 1024 458 acceperit
1043 423 1105 458 quis
1119 428 1212 450 sancta
1226 423 1330 450 semina
1341 443 1348 455 ,
1364 431 1518 450 sermonem
1535 423 1568 450 de
1583 422 1673 455 Patre,

888 477 1042 497 sermonem
1066 469 1100 496 de
1120 468 1207 500 Filio,
1224 476 1377 496 sermonem
1393 469 1426 495 de
1442 468 1544 503 Spiritu
1567 472 1673 496 sancto.

889 522 1040 542 sermonem
1059 514 1093 541 de
1119 514 1329 546 resurrectione,
1348 521 1501 540 sermonem
1519 514 1551 539 de
1569 512 1674 547 suppli-

888 560 956 591 ciis,
978 567 1132 587 sermonem
1147 559 1181 586 de
1196 559 1304 593 requie,
1320 566 1473 585 sermonem
1495 557 1528 584 de
1548 557 1620 592 lege,
1641 557 1674 584 de

888 605 1042 640 prophetis,
1054 609 1092 638 et,
1108 608 1139 631 ut
1155 612 1210 632 uno
1222 605 1304 632 verbo
1320 604 1420 636 dicam,
1439 605 1472 631 de
1489 604 1603 639 singulis
1614 612 1675 639 qua:

889 651 989 684 scripta
1005 655 1079 682 sunt,
1092 654 1119 676 et
1132 650 1316 681 seminaverit,
1331 650 1414 677 violat
1426 649 1584 676 mandatum
1600 649 1674 684 quod

889 696 927 723 ait
938 696 1040 730 primo:
1053 695 1155 722 Novate
1164 695 1234 722 vobis
1242 695 1364 727 novalia;
1377 695 1489 722 deinde:
1503 695 1536 721 Et
1546 695 1625 722 nolite
1637 703 1676 721 se-

888 750 945 768 rere
951 750 1029 775 snper
1037 740 1244 776 apinasNerum
1254 741 1326 768 dicet
1335 749 1471 768 nonnemo
1480 740 1560 775 158
1567 740 1676 767 audito—

888 795 949 814 rum
963 795 970 813 :
982 786 1038 820 Ego
1056 794 1109 813 non
1122 787 1218 818 doceo,
1235 792 1369 820 pracepto
1381 786 1444 813 huic
1462 794 1515 813 non
1533 786 1672 820 subjaceo.

889 832 942 860 Sed
959 832 1143 867 tuimetipsius
1161 832 1279 867 agricola
1295 831 1333 858 sis
1344 852 1351 863 ,
1365 835 1391 858 et
1408 831 1462 857 noli
1479 839 1569 858 serere
1592 838 1674 865 super

65 879 168 912 ἑαυτοῖς
179 879 324 914 ναὸματα·
342 880 476 917 δεύτερον,
500 880 556 908 Καὶ
572 880 615 915 μὴ
638 881 777 915 excipere
790 881 836 907 ἐπ’

936 886 990 906 nas.
1007 877 1108 905 Novale
1134 877 1177 905 fac
1197 885 1291 912 agrum
1313 885 1393 912 quem
1410 877 1458 904 tibi
1473 876 1587 904 credidit
1601 876 1674 904 Deus

65 924 204 958 ἀκάνθαις.
227 926 309 952 Ἀλλὰ
325 927 382 962 ὲρεί
402 935 442 957 τις
463 926 518 952 τῶν
538 926 785 961 ἀκουόντων-Ἐγὼ
805 927 835 953 οὑ

66 971 177 1003 διδάσκω,
184 971 231 1007 οὐχ
241 972 389 1007 ὑπόκειμαι
399 972 483 1008 ταύτῃ
492 973 524 1008 τῇ
535 972 636 1008 ἐντολῇ.
646 973 700 999 Καὶ
711 972 742 998 σὺ
750 981 837 1008 γεωρ-

66 1015 105 1049 γὸς
112 1017 185 1050 γενοῦ
198 1018 330 1050 σεαυτοῦ,
347 1018 384 1052 (l)
396 1019 442 1044 καὶ
455 1017 491 1053 μὴ
505 1017 618 1054 σπείρης
641 1019 683 1044 ἐπ’
695 1018 835 1051 ἀκάνθαις,

66 1060 122 1087 ἀλλὰ
131 1063 218 1097 ν’ωμα
235 1062 348 1097 ποίησόν
364 1070 408 1097 μοι
420 1062 450 1088 τὸ
464 1062 562 1097 χωρίον
572 1062 586 1088 ὃ
597 1062 762 1088 πεπίστευκέ
773 1070 814 1088 σοι
823 1063 837 1088 ὁ

66 1105 120 1138 Θεδς
129 1106 179 1133 τῶν
187 1107 265 1134 ὅλων.
288 1108 464 1142 Κατανόησον
483 1108 512 1134 τὸ
532 1108 639 1143 χωρίον,
655 1108 693 1134 ἴδε
707 1108 758 1134 ποῦ
769 1108 837 1134 εἰσιν

67 1152 176 1185 ἄκανθαι,
185 1153 234 1179 ποῦ
244 1154 376 1189 μέριμναι
385 1154 508 1189 βιωτικαὶ
515 1155 561 1180 καὶ
567 1153 680 1180 πλούτου
689 1153 835 1188 φιληδονία.

67 1197 112 1224 Καὶ
118 1200 281 1235 κατανοήσας
289 1199 340 1231 τὰς
347 1199 466 1231 ἀκάνθας
472 1199 521 1231 τὰς
529 1201 558 1226 ὲν
569 1201 600 1235 τῇ
612 1199 683 1235 ψυχῇ
694 1208 751 1230 σου,
760 1199 838 1234 ζήτη-

68 1250 105 1268 σον
112 1243 139 1269 τὺ
152 1243 255 1278 λογικὸν
269 1244 396 1280 ἄροτρον,
411 1245 474 1280 περὶ
484 1241 513 1270 οὗ
532 1244 634 1280 Ἰησοῦς
646 1253 710 1279 φησι
722 1244 767 1270 τό’
785 1246 838 1271 Οὑ-

66 1287 117 1322 ὃεὶς
125 1289 227 1321 βαλὼν
241 1289 300 1324 τὴν
313 1290 397 1325 χεῷα
413 1290 459 1317 ἐπ’
472 1290 608 1325 ἄροτρον,
627 1290 675 1317 καὶ
694 1290 837 1324 στραφεὶς

65 1334 101 1365 εὶς
112 1334 144 1360 τὰ
155 1335 258 1366 ὀπίσω,
273 1335 395 1367 εὔθετός
410 1335 475 1361 ἐστι
488 1334 524 1368 τῇ
531 1335 671 1368 βασιλείᾳ
686 1334 739 1361 τοῦ
750 1335 835 1361 Θεοῦ.

66 1379 174 1415 Ζητήσας
188 1380 263 1413 αὐτὸ,
277 1380 325 1406 καὶ
341 1379 438 1416 εὑρὼν,
454 1381 506 1407 ἀπὸ
522 1380 576 1407 τῶν
589 1381 704 1416 Γραφῶν
720 1389 838 1414 σίιναγα⁶

65 1424 111 1458 γὼν
121 1426 178 1457 τοὺς
187 1426 259 1461 βοῦς,
276 1426 338 1458 τοὺς
352 1426 468 1462 ἐργάτας
480 1427 544 1458 τοὺς
555 1426 702 1462 καθαροὺς,
714 1427 838 1462 ἀροτρια-

66 1477 112 1501 σον,
126 1469 169 1496 καὶ
182 1470 283 1496 νέωσον
300 1471 349 1506 τὴν
371 1471 432 1506 γῆν,
450 1471 497 1497 καὶ
512 1471 556 1498 ἵνα
571 1471 668 1507 μηκέτι
723 1472 835 1504 παλαιὰ,

65 1515 161 1550 minuat;
172 1515 254 1551 αΰτὴν
263 1516 336 1542 νέαν.
356 1517 550 1552 Ἐκδυσάμενος
556 1517 601 1543 τὸν
610 1517 722 1544 παλαιὸν
735 1517 838 1553 ἄνθρω-

66 1567 106 1585 πον
125 1561 168 1586 σὺν
188 1563 247 1593 ταῖς
264 1561 397 1596 πράξεσιν
416 1561 508 1593 αὐτοῦ,
530 1561 577 1588 καὶ
600 1562 777 1597 ἐνδυσάμενος
792 1561 837 1589 τὸν

66 1605 114 1631 νέον
135 1606 178 1633 τὸν
203 1606 434 1642 ἀνακαινούμενον
458 1608 497 1639 εἰς
527 1607 685 1641 ἐπίγνωσιν,
716 1608 838 1643 ποιήσεις

67 1652 156 1686 σεαυτῷ
165 1652 264 1687 νέωμα.
276 1653 330 1679 Καὶ
341 1653 388 1679 ἐὰν
397 1654 512 1689 ποιήσῃς
526 1653 556 1680 τὸ
569 1653 671 1688 νὲωμα,
684 1653 749 1679 λάϐε
761 1654 839 1688 σπέρ-

68 1704 129 1729 ματα
143 1697 193 1723 ἀπὸ
208 1697 261 1724 τῶν
278 1698 468 1729 διδασκόντων,
480 1698 545 1724 λάὸε
563 1698 707 1733 σπέρματα
722 1698 776 1725 ἀπὸ
791 1698 837 1725 τοῦ

67 1742 147 1776 νόμον,
163 1743 226 1770 λάϐε
250 1744 306 1770 ὰπὸ
323 1744 378 1770 τῶν
397 1744 553 1780 προφητῶν,
576 1744 630 1770 ἀπὸ
653 1744 837 1777 εὐαγγελικῶν

67 1785 176 1822 Γραφῶν,
196 1790 383 1816 ἀποστολικῶν
402 1790 498 1824 λόγων,
521 1790 567 1816 καὶ
587 1789 677 1817 λαϐὼν
700 1790 787 1816 ταῦτα
803 1789 837 1816 τὰ

68 1833 204 1869 σπέρματα,
214 1837 326 1871 σπεῖρον
337 1836 386 1871 τὴν
393 1835 480 1871 ψυχὴν
494 1835 533 1870 (2)
549 1835 594 1862 διὰ
604 1836 653 1871 τῆς
671 1836 779 1870 μνήμης
791 1835 838 1862 καὶ

67 1878 108 1913 τῆς
126 1880 242 1917 μελέτης.
261 1882 409 1916 Λύτόματα
425 1881 510 1907 ταῦτα
534 1881 604 1913 δόξει
628 1880 791 1912 ἀνατέλλειν,
809 1881 838 1907 τὺ

69 1925 160 1960 ἀληθῶς
172 1927 199 1953 δὲ
215 1928 265 1954 οὐκ
282 1927 350 1954 αὐτὰ
368 1928 505 1954 ἀνατέλλει
522 1928 590 1963 μετὰ
601 1927 651 1962 τὴν
666 1929 775 1962 μνήμην
791 1927 839 1952 αὑ-

68 1970 122 2003 τῶν,
142 1972 193 1999 ἀλλ’
216 1972 231 1998 ό
261 1972 329 2004 Θεὸς
353 1973 422 2000 αὐτὰ
450 1973 541 2005 αὔξει·
579 1973 651 2009 Ἐγὼ
675 1974 837 2007 ἐφύτευσα,

73 2014 201 2049 Ἀπολλὼς
223 2018 376 2050 ἐπότισεν,
407 2019 475 2046 ἀλλ’
499 2020 516 2045 ὁ
539 2019 611 2052 Θεὸς
631 2019 759 2053 ηὔξησε,
782 2019 838 2045 Καὶ.

68 2061 90 2086 εἴ
100 2062 136 2094 τίς
153 2071 181 2097 γε
193 2064 333 2098 δεδύνηται
358 2063 394 2100 (3)
415 2065 578 2100 κατανοῆσαι
594 2064 642 2096 τὰς
661 2064 781 2100 Γραφὰς,
794 2061 839 2091 οὗ-

68 2115 104 2138 τος
123 2110 249 2145 πεποίηκε
276 2110 386 2144 νέωμα·
412 2110 460 2136 καὶ
480 2111 595 2145 ποιήσας
618 2110 721 2145 νέωμα,
745 2110 838 2136 ἔσπει-

70 2160 107 2186 ρεν
122 2154 167 2180 οὐκ
187 2156 214 2181 ὲν
230 2155 375 2187 ἀκάνθαις.
398 2155 489 2181 Ταῦτα
521 2155 555 2182 τὰ
578 2156 721 2191 σπέρματα
739 2157 839 2183 οἰκονο-

71 2200 146 2231 μεῖται
167 2201 216 2227 ὑπὸ
239 2201 288 2227 τοῦ
309 2200 387 2232 Θεοῦ,
412 2202 462 2228 οὐκ
483 2201 614 2236 αἰφνίδιον
635 2201 761 2235 γενέσθαι
776 2200 836 2227 στά-
853 2210 874 2237 ι)

70 2251 117 2276 χυς.
123 2245 172 2271 ἀλλ’
185 2246 222 2281 (ι)
237 2246 274 2278 ὡς
283 2247 312 2272 ἐν
319 2246 357 2281 τῷ
366 2246 435 2273 κατὰ
444 2247 555 2281 Μάρκον
563 2246 721 2281 Εὑαγγελίῳ
729 2246 836 2282 πρῶτον

70 2287 157 2323 χόρτος,
168 2288 223 2316 εἶτα
241 2291 352 2326 στάχυς,
367 2289 425 2317 εἶτα
441 2291 549 2326 ἕτοιμον
565 2290 670 2324 γίνεται
685 2291 752 2325 πρὸς
768 2290 837 2326 θερι-

71 2333 135 2367 σμόν.
148 2336 227 2362 Ὅταν
243 2336 469 2372 γένηιαιέτοιμον
483 2337 550 2372 πρὸς
558 2337 696 2373 Θερισμδν,
712 2336 836 2362 ἐλεύσον-

70 2381 134 2406 ταιοι
147 2382 189 2407 ἐπὶ
200 2383 245 2409 τὸν
256 2383 385 2418 θερισμὸν
402 2383 667 2419 ὲξαποστελλόμενοι,
680 2384 743 2410 ὅταν
757 2383 838 2418 γένη-

69 2425 206 2462 τσιὲτοιμον
215 2428 284 2464 πρὸς
295 2429 341 2454 τὸν
347 2429 486 2465 θερισμὸν,
495 2429 649 2456 ἐλεύσονται
666 2429 701 2464 (5)
711 2429 778 2464 πρὸς
790 2428 837 2460 οὓς

71 2468 158 2504 ὺλόγος
178 2474 272 2508 φησίν·
294 2474 437 2508 Ἐειὶρίιτε
456 2475 527 2508 τοὺς
551 2475 725 2510 ὀφθαλμοὺς
744 2474 837 2509 ὑμῶν,

851 1542 872 1570 C

887 925 1088 952 universorum.
1117 924 1265 951 Considera
1297 931 1409 958 agrum,
1440 923 1501 950 vide
1531 923 1577 949 ubi
1610 926 1675 949 sunt

887 971 989 1006 spinae,
1012 971 1058 997 ubi
1076 970 1137 997 vitae
1155 970 1236 1004 hujus
1261 969 1440 1004 cogitationes
1466 974 1494 996 et
1517 968 1674 996 divitiarum

887 1024 982 1049 amor;
998 1021 1026 1043 et.
1048 1016 1094 1043 ubi
1111 1016 1205 1050 spinas
1225 1024 1286 1050 quae
1311 1021 1375 1043 sunt
1394 1015 1422 1042 in
1438 1015 1528 1042 anima
1553 1019 1599 1041 tua
1626 1022 1674 1040 co-

887 1061 1022 1096 gnoveris,
1038 1068 1128 1095 quaere
1143 1059 1305 1087 rationabile
1320 1064 1439 1087 aratrum
1456 1060 1489 1087 de
1505 1066 1561 1094 quo
1578 1059 1616 1085 ait
1629 1058 1674 1084 Je—

887 1115 953 1135 sus:
968 1106 1052 1134 Nemo
1066 1107 1171 1134 mittens
1188 1115 1296 1133 manum
1312 1106 1346 1133 ad
1363 1111 1483 1132 aratrum
1495 1110 1519 1132 et
1532 1105 1673 1139 respiciens

887 1157 967 1185 retro,
982 1157 1058 1186 aptus
1073 1157 1111 1178 est
1126 1160 1204 1186 regno
1228 1151 1276 1178 Dei
1286 1152 1317 1178 ‘7.
1344 1150 1400 1178 [loc
1424 1151 1575 1185 perquisito
1589 1155 1616 1177 et
1632 1150 1673 1176 in-

887 1203 985 1231 vento,
1010 1206 1026 1225 θ
1050 1198 1199 1232 Scripturis
1227 1198 1384 1224 conducens
1409 1198 1506 1229 boves,
1533 1197 1674 1230 operarios

887 1244 1024 1277 mundos,
1050 1248 1142 1270 aratro
1166 1243 1277 1278 subige,
1296 1247 1322 1270 et
1344 1243 1443 1270 innova
1461 1247 1577 1274 terram,
1593 1246 1620 1269 et
1641 1250 1674 1269 ne

887 1291 1004 1325 amplius
1027 1290 1062 1317 sit
1082 1294 1199 1321 vetusta,
1221 1289 1263 1316 fac
1280 1290 1364 1323 ipsam
1379 1297 1487 1316 novant.
1503 1287 1612 1315 Exurns
1629 1295 1674 1314 ve-

888 1341 972 1364 terem
986 1337 1122 1363 hominem
1138 1343 1199 1362 cum
1217 1335 1321 1364 actibus
1339 1334 1396 1361 suis
1406 1334 1437 1367 ⁸⁸,
1453 1338 1480 1360 et
1493 1333 1608 1360 induens
1626 1341 1675 1359 no-

887 1390 951 1409 vum
966 1382 1013 1416 qui
1038 1385 1187 1408 renovatur
1201 1381 1227 1407 in
1243 1379 1409 1415 agnitionem
1423 1399 1430 1410 ,
1450 1379 1532 1405 facies
1555 1378 1674 1405 tibimet-

888 1428 938 1463 ipsi
965 1428 1080 1461 novale;
1107 1432 1134 1454 et
1151 1427 1196 1453 ubi
1214 1425 1311 1453 feceris
1334 1425 1445 1456 novale,
1463 1433 1478 1451 a
1496 1424 1673 1456 doctoribus,

888 1474 956 1508 lege,
970 1473 1121 1508 prophetis,
1138 1472 1301 1506 evangelicis
1316 1471 1465 1505 Seripturis
1475 1491 1483 1503 ,
1500 1470 1673 1504 apostolicis-

889 1527 941 1554 que
963 1519 1136 1546 sermonibus
1149 1518 1241 1552 accipe
1255 1517 1359 1544 semina
1373 1521 1399 1542 et
1412 1524 1443 1542 ea
1460 1515 1486 1542 in
1502 1515 1618 1542 animam
1631 1514 1673 1548 ja-

888 1566 942 1592 cito
967 1565 1105 1592 memoria:
1128 1564 1260 1590 mandans
1284 1568 1309 1590 et
1338 1562 1513 1589 meditatione
1535 1560 1672 1588 excolcns.

888 1611 1025 1638 Pullulare
1049 1610 1106 1637 hac
1125 1617 1174 1637 sua
1195 1614 1291 1644 sponte
1317 1608 1481 1635 videbuntur
1497 1617 1503 1634 :
1519 1615 1612 1634 revera
1633 1610 1674 1632 ta-

888 1664 949 1684 men
971 1664 1025 1683 non
1049 1663 1081 1682 ea
1107 1663 1154 1690 per
1179 1655 1338 1681 memoriam
1365 1655 1506 1686 oriuntur,
1535 1652 1581 1679 sed
1602 1652 1674 1679 Deus

888 1703 955 1737 ipsis
980 1702 1179 1729 incrementum
1199 1701 1246 1728 dat
1263 1709 1269 1726 :
1288 1699 1343 1735 Ego
1362 1699 1498 1734 plantavi,
1526 1697 1620 1732 Apollo
1637 1698 1675 1723 ri—

886 1749 977 1783 gavit,
1001 1747 1071 1774 Deus
1096 1751 1183 1774 autem
1205 1747 1394 1773 incrementum
1419 1745 1491 1771 dedit
1502 1744 1533 1770 ι’.
1558 1743 1634 1776 Quod
1650 1744 1673 1769 si

887 1795 947 1828 quis
957 1793 1113 1827 Seripturas
1126 1792 1277 1826 intelligere
1288 1791 1416 1826 potuerit,
1428 1791 1471 1817 hic
1486 1790 1551 1817 iecit
1561 1789 1673 1822 novale;

887 1844 985 1866 etcum
1000 1838 1093 1866 fecerit
1106 1838 1212 1870 novale,
1226 1845 1278 1864 non
1296 1838 1322 1864 in
1339 1837 1425 1872 spinis
1443 1835 1597 1863 seminavit.
1611 1834 1674 1862 Πωσ

887 1884 1008 1917 semina,
1034 1884 1089 1910 Deo
1111 1884 1147 1909 ita
1170 1883 1349 1916 disponente,
1371 1890 1424 1909 non
1454 1886 1563 1916 repente
1592 1881 1674 1915 spicae

887 1929 965 1960 liunt,
981 1928 1038 1960 sed,
1053 1932 1083 1955 ut
1096 1928 1123 1954 in
1139 1927 1286 1962 Evangelio
1301 1927 1451 1954 Secundum
1467 1927 1587 1953 Marcum
1609 1926 1674 1960 legi-

888 1975 973 2006 tur”,
998 1973 1116 2008 primum
1140 1972 1220 1999 herba
1232 1991 1239 2003 ,
1257 1972 1353 1999 deinde
1370 1974 1456 2006 spica,
1470 1972 1578 1998 demum
1594 1978 1674 2005 para-

888 2024 944 2047 tum
961 2019 1129 2046 frumentum
1143 2018 1176 2045 ad
1192 2025 1320 2045 messem.
1336 2017 1405 2045 Cum
1427 2022 1518 2052 aptum
1544 2016 1625 2043 fuerit
1639 2017 1672 2043 ad

887 2072 1022 2096 messem,
1037 2063 1147 2091 venient
1168 2063 1213 2096 hi,
1238 2063 1284 2098 qui
1308 2063 1340 2090 ad
1368 2070 1483 2090 messem
1506 2062 1582 2088 missi
1597 2066 1671 2089 sunt.

887 2110 955 2137 Cum
977 2114 1069 2143 aptum
1099 2107 1181 2135 fuerit
1195 2108 1229 2135 ad
1244 2115 1359 2135 messem
1372 2129 1379 2141 ,
1396 2108 1504 2134 venient
1518 2108 1544 2134 hi
1558 2107 1591 2134 ad
1606 2115 1674 2142 quos

887 2155 988 2183 dictum
1011 2159 1053 2182 est.
1067 2163 1074 2180 :
1088 2153 1183 2182 Levate
1203 2154 1293 2181 oculos
1315 2159 1424 2187 vestros,
1446 2158 1469 2180 et
1488 2154 1571 2180 videte
1590 2154 1673 2189 regio-

887 2209 944 2232 nes,
960 2202 1023 2235 quia
1044 2200 1110 2228 alba:
1127 2205 1187 2227 sunt
1205 2201 1264 2235 jam
1281 2200 1315 2226 ad
1337 2200 1485 2226 messem".
1513 2200 1558 2226 Ait
1583 2199 1674 2233 itaque

889 2246 988 2273 nobis:
1006 2245 1106 2272 Novate
1120 2246 1191 2273 vobis
1205 2246 1326 2278 novalia,
1347 2250 1372 2271 et
1396 2245 1476 2271 nolite
1491 2252 1576 2271 serere
1596 2252 1674 2279 super

889 2292 989 2326 spinas.
1024 2291 1052 2318 Si
1074 2296 1164 2319 autem
1189 2291 1348 2326 priusquam
1371 2290 1529 2325 purgaveris
1553 2291 1671 2316 animam

889 2343 976 2370 tuam,
990 2338 1080 2365 adhuc
1092 2338 1195 2365 habens
1213 2338 1306 2372 spinas
1322 2337 1488 2372 processeris
1500 2337 1532 2363 ad
1548 2344 1610 2364 eum
1626 2336 1671 2370 qui

889 2383 987 2410 docere
1002 2383 1043 2410 vel
1061 2383 1156 2417 possit,
1170 2382 1211 2410 vel
1224 2387 1342 2417 putetur,
1357 2382 1398 2409 vel
1414 2382 1569 2416 promittat,
1586 2385 1612 2408 et
1627 2389 1672 2415 pe-

891 2433 931 2456 tas
947 2429 1131 2456 institutiones
1147 2436 1179 2455 ac
1194 2428 1298 2456 sentina
1317 2428 1448 2462 spiritalia
1460 2448 1468 2461 ,
1492 2428 1576 2454 violas
1593 2434 1673 2454 man-

892 2474 985 2500 datum
1001 2473 1073 2508 quod
1091 2474 1127 2500 ait
1145 2481 1151 2487 '
1173 2473 1262 2499 Nolite
1276 2481 1360 2500 serere
1373 2481 1449 2505 super
1465 2472 1564 2506 spinas.

70 2515 111 2542 καὶ
127 2518 246 2547 Bedente
273 2521 328 2554 τὰς
349 2520 458 2555 χώρας,
474 2522 526 2554 ,ὅτι
550 2523 656 2550 λευκαί
675 2524 734 2549 εὶσι
751 2521 826 2556 πρὸς
858 2521 998 2556 θερισμὸν
1021 2521 1095 2556 ἤδηι
1126 2521 1208 2557 φησὶν
1231 2518 1276 2548 οὖν
1296 2522 1378 2556 ἡμῖν’
1400 2519 1537 2547 Νεώσατε
1558 2519 1672 2553 ἑαυτοῖς

99 2616 117 2632 ²⁷
131 2617 192 2647 Luc.
215 2629 241 2648 ix
252 2642 259 2654 ,
275 2622 319 2650 62.

359 2622 382 2638 "
396 2622 501 2651 Coloss.
526 2631 572 2656 Ill,
591 2623 616 2651 9.
657 2625 677 2640 ¹⁰
694 2623 702 2650 l
718 2623 781 2652 Cor.
800 2632 842 2658 Ill,
856 2624 882 2651 6.

921 2622 1031 2650 “Marc.
1049 2631 1085 2656 Iv,
1097 2622 1142 2649 28.
1172 2622 1191 2637 ¹¹
1206 2620 1282 2649 Joan.
1300 2630 1334 2653 tv,
1346 2622 1390 2649 55.

99 2731 133 2799 ξι)
152 2733 215 2776 Ρόαῐθ
228 2736 288 2763 cod.
306 2735 397 2767 Scor..
421 2736 466 2763 σοῦ
483 2736 604 2772 γεωργὸς
617 2736 695 2771 γενοῦ
713 2735 836 2763 σεαυτοῦ.
884 2735 942 2762 ἀλλ’
957 2736 971 2761 ὁ
987 2735 1053 2767 Θεὸς
1066 2734 1178 2770 ηὔξησε.
1190 2735 1246 2761 Καὶ
1258 2735 1285 2760 εἴ
1295 2734 1336 2765 τίς
1349 2743 1381 2769 γε
1397 2735 1547 2770 δεδύνηται.

107 2765 132 2798 2)
149 2769 211 2796 tam.
230 2770 302 2799 var"
317 2773 350 2799 τῆ
368 2771 450 2799 φυγῇ,
925 2771 962 2799 tt)
984 2770 1011 2796 In
1028 2771 1088 2797 cod.
1105 2769 1166 2797 Vat.
1182 2770 1258 2797 deest
1274 2769 1341 2796 ἀλλ’.

107 2765 132 2807 ξ)
149 2769 211 2807 eoi.
230 2770 302 2807 vat,
317 2773 350 2807 τῇ
368 2765 450 2807 Wﬁ-

101 2801 134 2847 (ᾖ)
151 2801 320 2847 God.‘Scor.,
406 2801 470 2841 ’μὲν
485 2806 665 2847 αναστέλλειν,
683 2806 712 2833 τό
729 2805 835 2847 ἀληρῶς

105 2841 148 2864 οὐκ
164 2841 228 2866 αὐτὰ
250 2841 420 2874 ἀναστέλλεις
440 2841 507 2878 μετὰ
525 2841 574 2877 τὴν
597 2842 706 2877 μνήμην
727 2841 832 2874 αὐτῶν,

925 2771 962 2836 $4)
984 2770 1011 2796 ln
1028 2771 1088 2797 cod.
1105 2769 1166 2797 Vat.
1178 2770 1258 2810 deest
1274 2769 1341 2796 ἀλλ’.

936 2806 963 2836 5)
985 2805 1010 2832 In
1028 2805 1087 2832 rod.
1107 2804 1221 2832 Scortal.
1239 2805 1337 2831 desunt

936 2806 963 2838 5)
985 2805 1010 2832 In
1028 2805 1087 2832 rod.
1107 2804 1221 2841 Scoria‘l.
1239 2805 1346 2841 desunt
1358 2805 1414 2841 haec
1429 2806 1508 2841 verba
1523 2813 1529 2831 :
1547 2806 1613 2833 ὅταν
1625 2807 1670 2841 γέ-

888 2849 964 2876 νηται
980 2841 1086 2876 ἕτοιμον
1103 2841 1169 2876 πρὸς
1183 2839 1227 2867 τὸν
1241 2839 1379 2875 θερισμὸν,
1395 2839 1557 2868 ἐλεύσονται.
