1869 3041
182 157 233 186 ZI9

913 146 1075 179 ORIGENIS

1765 145 1814 175 520

180 220 271 242 tamus
291 213 407 242 rationis
431 212 557 240 humana:
571 211 662 239 sedem
679 218 739 238 esse
755 209 802 237 ubi
818 209 970 245 intelligen-

1042 205 1134 242 αρδίας
1153 203 1243 240 ἡμῶν.
1257 204 1289 231 Ἡ
1303 203 1356 239 γὰρ
1376 203 1518 239 (1)καρδία
1538 203 1611 230 ἐστὶν
1628 203 1730 239 ἔχουσα
1754 206 1813 231 καθ’

185 260 222 286 tia
235 263 287 291 est,
301 259 372 286 unde
385 265 474 293 pravze
487 261 587 285 exeunt
602 256 791 291 cogitationes.
805 254 857 288 Qui
873 261 972 289 pravas

185 306 275 332 aufert
302 305 500 339 cogitationes,
527 303 550 330 is
575 302 736 338 praeputium
758 301 849 328 cordis
871 299 971 327 aufert.

186 351 238 385 Qui
255 351 350 379 falsam
373 351 485 386 deponit
500 350 656 385 opinionem
671 368 677 380 ,
695 347 857 383 praeputium
881 346 972 374 cordis

185 399 227 425 sui
242 398 422 431 circumcidit,
449 397 531 431 ﬁtque
544 396 585 422 vir
600 394 668 422 Juda
679 415 685 427 ,
700 399 726 421 et
741 394 877 421 habitator
892 392 972 420 Jeru-

185 444 268 471 salem
285 451 352 478 pure
368 443 558 470 circumcisus.
584 441 612 468 Si
628 441 689 476 quis
704 445 793 467 autem
809 439 971 474 prmputium

183 489 275 517 cordis
291 490 332 517 sui
345 497 397 516 non
409 488 576 522 deposuerit,
591 487 733 514 videamus
748 486 812 520 quid
829 486 867 512 illi
882 492 972 512 sermo

183 535 366 561 comminetur
379 543 385 561 :
406 533 446 560 Ne
458 534 574 568 quando,
588 533 687 568 inquit,
698 532 851 568 egrediatur
861 537 888 558 ut
903 532 972 566 ignis

184 580 331 614 indignatio
342 587 409 610 mea,
424 583 448 604 et
458 579 637 608 succendetur.
652 583 675 606 et
695 587 745 606 non
755 580 804 606 erit
817 580 863 615 qui
875 579 974 606 exstin-

184 629 248 660 guat
264 626 295 651 ".
311 625 454 660 Egreditur
466 625 566 659 itaque.
581 625 656 652 velut
668 625 746 660 ignis,
762 625 911 661 indignatio
927 626 976 652 Do-

182 668 248 695 mini
259 668 334 703 161
344 669 475 696 adversus
488 677 536 696 eos
549 669 596 703 qui
607 669 662 696 Deo
669 677 723 696 non
733 674 796 696 sunt
805 669 970 702 circumcisi,

181 714 312 742 adversus
333 722 381 742 eos
402 715 450 749 qui
468 714 631 749 praeputium
649 715 740 742 cordis
756 715 799 742 sui
819 723 874 742 non
887 715 971 750 depo-

181 765 312 792 suerunt,
333 765 360 787 ct
386 769 438 787 non
454 761 506 788 erit
523 761 570 795 qui
593 761 752 795 exstinguat
774 769 788 787 a
809 760 878 788 facie
894 761 972 788 adin-

180 802 340 828 ventionum
357 802 490 836 ipsorum.
517 802 590 836 Ignis
606 803 657 829 iste
673 802 814 829 materiam
830 803 911 830 habet
924 810 972 829 ne-

179 847 296 882 quitiam
326 847 551 874 adinvcntionum
587 848 721 882 ipsorum.
752 847 804 874 Ubi
840 856 895 875 non
929 852 970 876 est

183 893 302 927 nequitia
321 894 544 920 adim‘entionum
556 913 563 925 ,
577 901 632 920 non
648 893 729 920 habet
745 893 816 928 ignis
832 895 903 929 quod
921 895 970 921 de-
986 886 1007 913 Β

183 942 321 971 pascatur.
340 937 425 964 Porro
442 938 582 965 materiam
600 938 679 965 istius
699 938 770 972 ignis
793 945 853 965 esse
875 938 970 972 nequi-

182 983 248 1010 tiam
272 983 494 1010 adinvenlionum
507 1004 516 1017 ,
535 983 598 1010 audi
623 983 785 1018 Prophelam
812 983 944 1011 dicentem
961 993 968 1011 :

181 1028 216 1056 Et
231 1038 282 1056 non
297 1030 346 1056 erit
357 1030 402 1064 qui
421 1030 574 1064 exstinguat
592 1037 608 1055 a
629 1029 699 1063 [acie
712 1029 835 1063 nequitia:
848 1028 969 1054 adiuven-

182 1076 281 1102 tianum
295 1080 440 1102 vestrarum
453 1083 462 1100 :
475 1075 630 1102 annuntiate
641 1075 668 1101 in
685 1074 768 1106 Juda,
781 1079 806 1100 et
818 1075 845 1100 in
857 1073 970 1100 Jerusa-

179 1122 230 1148 lem
243 1122 370 1148 audiatur
382 1129 391 1148 :
405 1121 494 1154 dicite,
512 1121 678 1153 annuntiate,
690 1120 837 1155 signiﬁcate
849 1120 911 1146 tuba
923 1127 969 1146 su—

179 1176 224 1202 per
240 1172 335 1194 terram
346 1189 353 1200 ,
369 1172 393 1194 et
407 1168 521 1194 clama'e
537 1168 681 1200 fortiter”.
695 1166 756 1194 Hac
766 1187 773 1200 ,
788 1166 892 1200 inquit,
908 1173 968 1200 quae

179 1216 340 1240 annuutiata
367 1218 432 1241 sunt
448 1214 529 1241 dicite
555 1214 582 1240 in
605 1213 693 1245 Juda,
719 1213 752 1240 iis
774 1213 822 1247 qui
843 1212 877 1238 de
897 1212 969 1238 tribu

177 1259 257 1291 Juda,
275 1263 340 1286 sunt
362 1259 474 1286 Christi.
490 1258 664 1286 Manifestum
681 1258 753 1285 enim
777 1262 819 1285 est
845 1257 970 1284 Salvato-

180 1312 234 1331 rem
252 1309 375 1331 nostrum
393 1313 408 1331 e
422 1304 491 1331 Juda
507 1309 632 1331 exortum
648 1311 718 1331 esse.

1022 251 1098 286 ἡμᾶς
1105 250 1135 277 τδ
1144 249 1316 286 ἡγεμονικὸν,
1331 248 1395 276 ἔνθα
1403 249 1460 275 ἐστὶ
1474 248 1508 274 τὰ
1521 249 1646 284 νοήματα
1656 249 1720 276 ὅθεν
1727 250 1753 276 οἱ
1760 251 1814 277 δια-

1023 297 1148 332 λογισμοὶ
1169 295 1325 332 ἐξέρχονται
1348 296 1373 321 οἱ
1396 295 1519 330 πονηροί.
1542 295 1571 322 '0
1585 295 1815 331 περιαιρούμενος

1022 344 1086 375 τοὺς
1107 343 1297 377 διαλογισμοὺς
1311 341 1375 372 τοὺς
1398 340 1542 376 πονηροὺς,
1557 341 1608 376 τὴν
1630 341 1816 377 ἀκροϐυστίαν

1022 389 1071 424 τῆς
1091 387 1204 424 καρδίας
1220 387 1412 422 περιαιρεῖται,
1433 387 1447 413 ὁ
1465 386 1661 421 ἁποτιθέμενος
1676 387 1728 421 τὴν
1749 387 1813 421 ψευ-

1022 434 1150 466 δοδοξίαν,
1178 433 1375 469 περιτέτμηται
1400 432 1449 468 τὴν
1470 432 1652 468 ἀκροϐυστίαν
1673 433 1726 467 τῆς
1749 441 1815 468 καρ-

1022 480 1080 512 δίας
1101 479 1194 512 αὺτοῦ,
1217 479 1263 507 καὶ
1286 479 1389 513 γίνεται
1405 477 1474 513 ἀνὴρ
1504 477 1597 508 Ἰούδα,
1617 478 1665 504 καὶ
1681 479 1816 504 κατοικῶν

1028 525 1214 561 Ἰερουσαλὴμ,
1232 524 1360 560 καθαρῶς
1380 523 1619 558 περιτεμνόμενος.
1651 523 1715 549 Ἐὰν
1734 523 1764 549 δέ
1777 532 1816 554 τις

1024 572 1061 607 μὴ
1078 571 1213 607 ἀπόθηται
1233 571 1283 607 τὴν
1305 569 1490 606 ἀκροϐυστίαν
1509 569 1558 605 τῆς
1580 569 1696 604 καρδίας
1721 569 1815 599 αὐτοῦ,

1023 617 1122 652 ῐδυμεν
1142 616 1169 642 τί
1184 615 1292 642 ἀπειλεῖ
1314 615 1388 650 αὐτῷ
1408 616 1422 642 ὁ
1444 614 1538 649 λόγος·
1564 615 1678 648 Μήπως
1692 615 1815 649 ἐξέλθῃ,

1023 663 1116 698 φησὶν,
1131 663 1171 695 ὡς
1193 661 1253 696 πῦρ
1273 663 1290 688 ὀ
1310 662 1404 696 θυμός
1414 670 1485 695 μου,
1509 661 1559 687 καὶ
1582 660 1814 693 ἐκκαυθήσεται,

1022 709 1071 736 καὶ
1087 710 1143 736 οὐκ
1156 709 1242 736 ἔσται
1258 709 1274 736 ὁ
1288 708 1417 736 σϐέσων.
1439 707 1593 743 Ἐξέρχεται
1608 705 1653 734 οὖν
1671 707 1710 739 ὡς
1734 707 1790 743 πῦρ
1801 708 1815 734 ὁ

1023 754 1108 789 θυμὸς
1122 754 1167 781 τοῦ
1191 755 1296 790 Κυρίου
1319 754 1365 780 ἐπὶ
1385 753 1448 784 τοὺς
1475 752 1512 788 μὴ
1535 753 1760 788 περιτμηθέντας
1779 753 1814 787 τῷ

1023 800 1092 836 Θεῷ,
1108 800 1155 826 ἐπὶ
1170 800 1233 830 τοὺς
1250 799 1286 835 μὴ
1302 799 1486 834 ἀποθεμένους
1495 800 1544 834 τὴν
1560 799 1747 833 ἀκροῦυστίαν
1767 799 1814 833 τῆς

1022 847 1135 882 καρδίας
1147 846 1248 879 αὐτῶν,
1274 846 1322 873 καὶ
1344 846 1395 873 οὐκ
1425 846 1502 872 ἔσται
1519 847 1532 872 ὁ
1550 845 1653 872 σϐέσων
1665 845 1722 871 ἀπὸ
1733 853 1814 880 προσ-

1022 892 1098 920 ώπου
1118 892 1251 928 πονηρίας
1271 891 1310 927 (2)
1333 892 1556 928 ἐπιτηδευμάτων
1575 891 1675 917 αὐτῶν.
1694 891 1732 917 Τὸ
1762 890 1814 926 πῦρ

1023 939 1110 964 ἐκεῖνο
1123 936 1189 973 ὓλην
1204 937 1260 972 ἔχει
1268 937 1316 973 τὴν
1325 937 1456 973 πονηρίαν
1471 937 1525 964 τῶν
1535 936 1761 971 ἐπιτηδευμάτων
1767 936 1813 962 αὖ·

1021 982 1179 1009 τῶν.”οπου
1193 982 1244 1009 οὐκ
1257 981 1679 1017 ἐστιπονηρίαὲπιτηδευμάτων,
1692 981 1745 1007 οὐκ
1760 981 1813 1014 ἔχει

1022 1027 1052 1054 τὸ
1062 1028 1118 1063 πῦρ
1132 1028 1198 1054 ὅπου
1213 1027 1329 1063 νεμηθῇ.
1346 1027 1406 1054 ’Ότι
1420 1027 1473 1062 δὲὴ
1492 1027 1540 1061 ὕλη
1555 1026 1659 1053 ἐκείνου
1671 1025 1719 1052 τοῦ
1729 1025 1812 1060 πυρὸς

1022 1075 1038 1109 ὴ
1054 1073 1171 1109 πονηρία
1185 1073 1244 1100 ἐστὶ
1259 1073 1314 1100 τῶν
1328 1073 1561 1109 ἐπιτηδευμάτων,
1576 1073 1658 1099 ἄκουε
1677 1072 1726 1098 τοῦ
1742 1072 1812 1105 Προ-

1021 1121 1106 1156 φήτου
1117 1120 1252 1155 λέγοντος·
1262 1120 1317 1147 Kal
1328 1121 1383 1146 οὐκ
1394 1120 1479 1146 ἔσται
1490 1121 1506 1146 ὁ
1516 1119 1636 1146 σϐἐσων
1647 1119 1707 1145 ἀπὸ
1716 1124 1812 1152 προσ-

1018 1166 1100 1194 ώπου
1126 1167 1274 1200 πονηρίας
1290 1165 1531 1200 ἐπιτηδευμάτων
1550 1165 1643 1199 ὑμῶν·
1664 1165 1701 1199 (5)
1723 1165 1812 1199 ἀναγ-

1020 1213 1138 1248 τ-είλιιτε
1153 1212 1188 1239 ὲν
1202 1211 1241 1244 τῷ
1267 1211 1374 1245 Ἰούδᾳ,
1391 1211 1440 1238 καί
1454 1211 1489 1238 ἐν
1508 1210 1702 1245 Ἰερουσαλὴμ
1720 1211 1812 1237 ἀκου-

1020 1257 1136 1291 σθήτω·
1153 1258 1268 1290 εἵσατε,
1279 1258 1488 1292 ἀναγγείλατε,
1501 1256 1654 1291 σημήνατε
1667 1255 1811 1290 σάλπιγγι

1020 1302 1069 1329 ἐπὶ
1081 1302 1135 1336 τῆς
1147 1302 1214 1337 γῆς,
1229 1302 1278 1329 καὶ
1292 1302 1420 1335 κράξατε
1430 1301 1516 1336 μέγα.
1528 1301 1631 1332 Ταῦτα,
1646 1299 1809 1336 φησὶηὰμ)

179 1349 404 1385 ἀπαγγελλόμενα
418 1350 456 1386 (ι)
467 1350 560 1377 εἴπατε
575 1351 604 1377 ὲν
617 1349 656 1385 τῷ
670 1349 764 1386 Ἰούδᾳ,
779 1350 836 1381 τοῖς
850 1349 904 1376 ἀπὸ
915 1348 964 1383 τῆς
983 1347 1068 1383 φυλῆς
1092 1348 1138 1375 τοῦ
1159 1348 1244 1375 Ἰούδα
1270 1348 1317 1375 τοῦ
1334 1348 1462 1384 Χριστοῦ·
1490 1347 1622 1383 πρόδηλον
1651 1346 1706 1382 γὰρ
1727 1347 1769 1373 ὅτι
1781 1345 1809 1378 ἐξ

184 1397 269 1425 Ἰούδα
284 1398 464 1425 ἀνατέταλκεν
476 1399 490 1424 ὁ
505 1398 599 1434 Σωτὴρ
614 1398 691 1434 ἡμῶν

217 1446 261 1473 16.
279 1445 432 1481 Siqui/itote
453 1447 515 1474 tuba
535 1454 612 1482 super
633 1451 741 1475 terram.
766 1447 862 1475 Sermo
885 1449 968 1476 subli-

1055 1450 1212 1486 Σημάνατε
1235 1450 1380 1486 σάλπιγγι
1400 1450 1448 1477 ἐπὶ
1473 1449 1529 1484 τῆς
1552 1448 1617 1484 γῆς.
1650 1449 1680 1475 '0
1700 1447 1778 1481 λόγος
1796 1447 1808 1473 ὸ

180 1492 243 1526 mis,
259 1493 383 1519 excitans
400 1493 563 1525 auditorem,
577 1501 734 1528 praeparans
755 1493 843 1528 ipsum
862 1495 894 1522 ad
909 1495 967 1522 bel-

180 1536 236 1564 lum
261 1542 355 1564 contra
377 1538 536 1572 passiones,
556 1537 589 1564 ad
615 1538 714 1565 bellum
739 1543 833 1566 contra
849 1540 969 1568 assultus

179 1583 311 1610 virtutum
328 1583 558 1615 adversariarum,
574 1591 729 1618 praeparans
748 1584 836 1619 ipsum
852 1586 886 1612 ad
901 1586 969 1613 festa

179 1629 303 1656 coelestia
320 1629 363 1664 (ad
381 1634 497 1663 utraque
510 1629 581 1656 enim
594 1630 651 1656 haec
666 1631 826 1666 assumitur)
838 1631 971 1666 accipitur

180 1683 231 1710 pro
255 1675 319 1702 tuba
341 1675 368 1701 in
390 1674 529 1702 Numeris.
552 1675 706 1703 Istiusmodi
730 1684 821 1704 sermo
837 1677 900 1704 tuba
917 1682 968 1711 est,

181 1721 270 1756 qualis
286 1721 350 1747 mihi
371 1725 398 1748 et
421 1721 444 1749 si
468 1721 512 1748 cui
534 1722 612 1748 alteri
637 1723 681 1750 hic
696 1723 871 1757 praecipitur;
890 1724 970 1751 datur

181 1771 272 1793 autem
288 1766 387 1793 volenti
412 1771 439 1793 ct
461 1768 591 1801 quaerenti
617 1775 728 1795 sensum
756 1767 968 1803 Scripturarum.

180 1810 261 1839 Iubet
284 1812 342 1838 ﬁeri
367 1813 446 1839 tuhns
475 1819 618 1848 argenteas
639 1814 765 1842 ductiles.
789 1814 836 1842 Sic
861 1816 898 1842 ait
926 1815 970 1843 hic

180 1865 271 1884 sermo
289 1866 295 1884 :
312 1857 468 1893 Signiﬁcate
493 1860 556 1885 tuba
581 1867 659 1894 super
684 1864 800 1893 terram,
815 1865 840 1887 et
857 1860 970 1888 clamate

180 1904 293 1938 fortiter,
309 1905 396 1937 dicite,
413 1903 626 1939 Congregamim‘,
643 1909 668 1932 et
689 1905 871 1940 ingrediantur
888 1907 915 1933 in
928 1908 968 1934 ci-

180 1950 274 1976 vitates
299 1955 428 1976 muratae.
447 1949 476 1976 In
494 1950 630 1977 civitatem
655 1950 741 1978 muris
760 1956 896 1978 carentem
914 1959 968 1978 non

178 1996 236 2022 vult
253 2004 303 2023 nos
315 1996 416 2023 intrare
428 2004 520 2023 sermo
536 1996 594 2030 Dei,
611 1997 657 2024 sed
674 1997 700 2023 in
718 2001 864 2024 muratam.
881 1996 971 2025 Eccle-

179 2042 220 2068 sia
247 2041 293 2068 Dei
320 2043 436 2069 viventis
462 2042 577 2069 verilate
604 2041 685 2070 Verbi
710 2045 814 2071 munita
842 2049 893 2071 est.
920 2043 969 2071 Hic

179 2096 297 2122 namque
314 2097 408 2116 murus
419 2094 470 2122 est,
486 2089 557 2116 sicut
571 2089 598 2116 in
612 2089 717 2117 decimo
733 2090 848 2124 septimo
863 2090 968 2124 psalmo

1024 1497 1134 1533 ὑψηλὸς,
1151 1499 1165 1524 ὁ
1180 1497 1321 1533 διεγείρων
1337 1497 1382 1524 τὸν
1397 1497 1544 1533 ἀκροατὴν.
1563 1497 1577 1522 ὁ
1592 1495 1808 1530 παρασκευάζων

1023 1543 1103 1570 αὑτὸν
1117 1544 1157 1575 είς
1171 1543 1216 1569 τὸν
1231 1543 1348 1578 πόλεμον
1370 1543 1416 1569 τὸν
1429 1540 1499 1568 κατὰ
1513 1541 1567 1567 τῶν
1582 1540 1688 1571 παθῶν,
1710 1541 1751 1571 είς
1766 1538 1808 1565 τον

1021 1588 1139 1624 πόλεμον
1159 1588 1205 1615 τὸν
1233 1588 1304 1615 κατὰ
1327 1588 1380 1615 τῶν
1403 1586 1547 1623 ἐνεργειῶν
1575 1585 1630 1612 τῶν
1657 1585 1809 1619 ἀντικειμέ-

1019 1643 1072 1662 νων
1089 1634 1126 1670 (6)
1144 1634 1295 1669 δυνάμεων,
1307 1635 1321 1660 ὁ
1334 1633 1551 1669 παρασκευάζων
1560 1631 1640 1658 αὑτὸν
1654 1633 1696 1662 είς
1708 1630 1809 1661 τὰςοὺ-

1022 1679 1128 1715 ρανίους
1134 1678 1240 1715 ἑορτὰς,
1247 1680 1287 1710 είς
1297 1678 1438 1714 ἀμφότερα
1444 1677 1497 1712 γὰρ
1504 1677 1589 1703 ταῦτα
1594 1677 1714 1710 λέγεται,
1723 1683 1810 1710 παρα-

1020 1724 1185 1759 λαμϐάνεται
1204 1725 1241 1760 (7)
1263 1724 1378 1758 σάλπιγξ
1396 1724 1424 1751 ὲν
1441 1725 1495 1755 τοῖς
1502 1724 1529 1749 Ἀ
1534 1722 1576 1758 ριθ
1581 1724 1640 1758 μοῖς
1650 1731 1656 1737 “
1666 1723 1680 1747 ὁ
1691 1721 1808 1752 τοιοῦτος

1020 1770 1097 1805 λόγος
1113 1770 1229 1805 σάλπιγξ
1246 1771 1329 1802 ἐστὶν,
1348 1767 1402 1797 οἷον
1421 1769 1483 1804 ἐμοὶ
1503 1768 1610 1795 κελεύει
1622 1769 1636 1794 ὁ
1658 1767 1748 1801 λόγος,
1765 1767 1809 1793 καὶ

1020 1817 1047 1844 εἰ
1061 1826 1114 1843 τινι
1128 1816 1209 1852 ἄλλῳ,
1225 1816 1328 1843 δέδοται
1338 1816 1365 1842 δὲ
1380 1815 1418 1850 τῷ
1435 1814 1586 1850 βουλομένῳ
1600 1813 1647 1839 καὶ
1660 1813 1807 1848 ζητήσαντι

1019 1863 1065 1890 τὸν
1088 1862 1150 1889 νοῦν
1170 1862 1224 1888 τῶν
1242 1861 1367 1898 Γραφῶν.
1384 1860 1497 1887 Κελεὺει
1523 1860 1635 1895 ποιῆσαι
1658 1859 1809 1892 σάλπιγγας

1022 1910 1145 1946 ἀργυρᾶς
1167 1908 1275 1940 ὲλατάς.
1297 1907 1377 1934 Οὕτω
1400 1908 1481 1942 φησὶν
1500 1907 1514 1933 ο
1537 1906 1630 1940 λόγος’
1655 1905 1809 1939 Σημάνατε

1019 1956 1163 1991 σάλπιγγι
1173 1956 1221 1982 ἐπὶ
1231 1954 1286 1989 τῆς
1296 1954 1360 1990 γῆς,
1373 1954 1421 1980 καὶ
1429 1953 1591 1987 κεκράξατε
1598 1953 1685 1987 μέγα·
1696 1952 1808 1978 εἴπατε·

1020 2001 1199 2036 Συνάχθητε,
1219 2001 1269 2027 καὶ
1291 1999 1474 2034 είσέλθωμεν
1496 2000 1540 2032 εις
1561 1998 1614 2031 τὰς
1633 1999 1736 2028 πόλεις
1759 1996 1809 2029 τὰς

1019 2047 1174 2083 τειχήρεις.
1199 2048 1246 2078 Εἰς
1270 2045 1419 2081 ἀτείχιστον
1441 2045 1516 2071 πόλιν
1539 2045 1569 2070 οὺ
1591 2043 1717 2079 βούλεται
1738 2043 1809 2078 ἡμᾶς

1020 2094 1149 2120 εἰσελθεῖν
1165 2094 1179 2119 ὁ
1200 2092 1277 2127 λόγος
1300 2091 1346 2118 τοῦ
1363 2091 1441 2122 Θεοῦ,
1463 2091 1519 2117 ἀλλ’
1532 2091 1571 2121 είς
1591 2089 1808 2124 τετειχισμένην.

178 2135 295 2162 habetur
308 2135 391 2162 Deum
404 2136 484 2162 etiam
498 2143 606 2162 murum
621 2143 682 2162 esse
697 2135 728 2161 ’⁸.
745 2136 909 2164 Assumentes
924 2138 968 2173 fu-

1042 2139 1214 2174 ίΙἘκκλησία
1227 2123 1274 2165 τοῦ
1290 2138 1389 2170 ζῶντος
1406 2137 1473 2164 θεοῦ
1488 2123 1681 2172 τετειχισμὲνήν
1694 2123 1748 2161 ὑπὸ
1763 2135 1808 2168 τῆς

179 2179 232 2214 gite
243 2180 270 2205 in
282 2178 354 2206 Sion.
368 2179 505 2214 Quotquot
517 2180 582 2206 estis
593 2184 667 2206 extra
678 2180 796 2213 Sionem,
809 2188 968 2211 assumentes

179 2222 264 2258 fugite
279 2223 305 2250 in
323 2222 398 2256 Sion,
423 2225 556 2258 festinate,
573 2224 654 2252 nolite
675 2231 746 2253 stare
762 2226 795 2253 ".
813 2226 864 2260 Qui
885 2227 969 2261 proﬁ-

179 2270 252 2302 citis,
269 2269 394 2297 festinate
416 2271 443 2297 in
467 2272 620 2305 speculum,
642 2272 705 2307 quia
721 2280 766 2308 ego
781 2273 851 2299 mala
864 2274 966 2300 adduco

179 2317 211 2343 ab
224 2317 360 2351 aquilone,
384 2321 408 2343 et
427 2317 610 2344 coutritionem
631 2326 755 2353 magnam
772 2319 905 2346 malorum
925 2319 964 2346 in-

177 2363 331 2397 gruentium
346 2363 380 2389 ab
398 2363 535 2397 aquilone,
549 2363 575 2389 id
589 2367 641 2396 est,
658 2364 826 2398 adversario,
843 2365 881 2391 uti
896 2371 966 2398 saepe

177 2409 282 2435 dictum
300 2412 350 2436 est.
366 2408 393 2436 Si
409 2410 470 2445 quis
486 2415 609 2444 repertus
633 2411 715 2438 fuerit
735 2411 782 2446 qui
799 2419 853 2438 non
869 2419 967 2446 prope-

217 2493 241 2509 “
255 2491 355 2519 Jerem.
373 2500 412 2524 tv,
429 2491 456 2519 4.
496 2492 518 2508 ³⁷
529 2491 584 2519 Jer.
599 2500 637 2525 ιν,
651 2492 677 2525 4,
691 2492 717 2520 5.
757 2492 780 2508 ’⁸
791 2491 864 2519 Psal.
877 2499 944 2526 xvii,
958 2492 986 2520 5.

213 2574 252 2610 (I)
273 2573 364 2601 Codex
381 2573 572 2610 scorialensis,
591 2574 616 2599 εἰ
631 2573 705 2610 γάρ,
723 2578 773 2610 etc.
789 2573 920 2610 Origenes
939 2574 966 2602 in

176 2608 255 2636 Imin.
275 2613 351 2643 LVII,
375 2609 422 2635 καὶ
446 2608 592 2643 ὲπισκὲψαι
614 2610 637 2634 εἰ
660 2609 704 2635 διὰ
725 2609 755 2635 τὸ
775 2610 804 2635 ἐν
825 2609 898 2643 μέσῳ
920 2610 966 2637 τοῦ

177 2644 277 2676 παντὸς
291 2642 361 2680 εἶναι
377 2644 502 2678 σώματος
514 2642 563 2680 τὴν
576 2643 713 2680 ἒκαρδίανε
730 2644 758 2670 ἐν
773 2644 803 2680 δε
869 2642 967 2680 κναρςῖίᾳ.

178 2680 207 2705 τ¹ι
224 2679 386 2714 ἡγεμονικὸν
409 2680 457 2706 καὶ
473 2679 544 2705 κατὰ
559 2678 609 2714 τὴν
623 2679 651 2704 ὲν
668 2679 775 2714 ἑκάστῳ
797 2678 885 2712 λόγον.
910 2678 967 2707 Hoc

180 2721 243 2740 νυν-ι
270 2713 510 2749 Peripateticorum
532 2719 574 2740 est
595 2713 692 2748 dogma
705 2733 712 2745 ,
733 2714 804 2749 quod
825 2715 966 2748 amplexos

179 2755 300 2808 quoqueil
312 2749 396 2776 fuisse
418 2749 525 2777 Stoicos
542 2748 674 2776 discimus
687 2756 720 2776 ex
738 2748 847 2776 Laertio
867 2750 894 2776 in
916 2748 966 2776 Ze-

182 2791 198 2808 II
212 2792 261 2808 Iltl‘.
305 2792 410 2808 UETlllS.

182 2791 198 2809 lt
212 2792 261 2808 Illl‘.
282 2791 410 2811 IIUETIUS.

218 2818 256 2849 (Ξ)
271 2818 360 2856 Code
376 2815 622 2856 vatieanus,§crtfv.
632 2818 704 2856 Infra
720 2819 804 2854 idem,
821 2819 964 2856 ἐπιτηδευ-

182 2852 274 2888 μάτων
292 2852 379 2888 ἡμῶν,
392 2853 458 2881 ὅπου
473 2855 522 2881 οὐκ
538 2854 576 2881 ἔνι
589 2853 714 2890 πονηρία.

1018 2184 1147 2220 ἀληθείας
1168 2185 1215 2211 τοῦ
1229 2184 1325 2218 Λόγου.
1344 2180 1427 2214 Οὗτος
1456 2182 1510 2218 γάρ
1533 2183 1589 2208 ἐστι
1609 2181 1638 2208 τὺ
1661 2183 1751 2216 τεῖχος
1773 2181 1808 2211 ὡς

1017 2230 1046 2256 ἐν
1062 2230 1101 2265 τῷ
1124 2228 1153 2261 ιζ’
1177 2230 1265 2256 κεῖται
1280 2228 1380 2264 ψαλμῷ
1407 2228 1456 2263 (8),
1480 2229 1520 2255 ὅτι
1541 2228 1586 2254 καὶ
1599 2227 1687 2262 τεῖχός
1708 2227 1808 2253 ,ἑο-τινά

1015 2276 1091 2308 Θεός”
1113 2277 1325 2309 Ἀναλαᾶίντες
1341 2276 1465 2310 φεύγετε
1481 2276 1525 2308 είς
1542 2274 1628 2301 Σιών.
1652 2274 1729 2300 Ὅσοι
1747 2272 1807 2299 ἐστὶ

989 2319 1000 2351 .'
1017 2321 1069 2355 ἔξω
1095 2322 1144 2358 τῆς
1167 2322 1246 2354 Σιὼν,
1276 2321 1478 2354 ἀναλαϐόντες
1503 2321 1629 2355 φεύγετε
1653 2321 1697 2352 εΙς
1722 2318 1806 2346 Σιών·

1019 2368 1184 2400 σπεύσατε,
1202 2367 1245 2403 μὴ
1263 2368 1365 2402 στῆτε.
1383 2368 1414 2394 Οἱ
1430 2367 1458 2393 ὲν
1473 2368 1506 2402 τῇ
1519 2367 1656 2402 προκοπῇ,
1673 2365 1805 2392 σπεύσατε

1020 2412 1067 2439 ἐπὶ
1092 2413 1123 2439 τὸ
1146 2413 1353 2449 σκοπευτήριον,
1377 2412 1423 2440 ὅτι
1447 2412 1526 2439 κακὰ
1548 2411 1607 2447 ἐγὼ
1629 2409 1732 2446 ἐπάγω
1751 2409 1806 2437 ἀπὸ

1019 2493 1040 2510 ’³
1054 2492 1153 2522 Jerem.
1169 2502 1206 2529 iv,
1219 2494 1245 2522 6.

1056 2577 1095 2648 (5;
1112 2577 1194 2619 Idem,

1067 2612 1083 2648 ᾖ
1109 2612 1199 2648 Codex
1219 2610 1620 2648 Αοιιεοῃιιςηὲπαγγελλόμενα.

1055 2646 1095 2680 (5)
1107 2646 1198 2674 Codex
1216 2646 1407 2679 Scorialensis,
1425 2646 1511 2681 ὑμῶν.

1055 2682 1093 2718 (6)
1120 2681 1338 2718 Ἀντικειμένων
1360 2680 1523 2716 δυνάμεων.
1547 2680 1576 2708 In
1601 2680 1699 2709 codice
1719 2682 1802 2711 Vatic.

1019 2717 1095 2744 deest
1106 2717 1258 2752 δυνάμεων.

1055 2753 1093 2786 ('2)
1110 2750 1182 2786 Codi
1194 2751 1295 2782 Vatia,
1313 2751 1359 2778 καὶ
1374 2750 1627 2786 παραλαμϐάνεται.

1054 2784 1091 2822 (8)
1106 2785 1200 2820 Οὗτος
1213 2787 1267 2821 γὰρ
1281 2788 1347 2814 ἐστι
1361 2786 1393 2813 τὸ
1410 2784 1507 2821 τεῖχοὶ)
1519 2787 1559 2819 ὠς
1569 2787 1604 2822 ἐν
1619 2784 1659 2816 τῷ
1673 2785 1704 2816 ιζ’
1719 2786 1805 2813 κεῖται

1019 2821 1137 2858 ψαλμῷ.
1156 2823 1186 2851 In
1204 2822 1298 2851 codice
1316 2821 1480 2850 Scorialensi
1497 2822 1573 2849 deest
1584 2821 1622 2854 ὣς
1634 2827 1661 2849 ει
1673 2823 1772 2849 κεῖται.

1112 2577 1194 2610 Idem,
1210 2578 1226 2610 ἡ

1086 2576 1095 2679 ξ
