  <div class='ocr_page' id='page_1' title='image "/cluster/home/n/w/nwhite01/storage/ocr_20150623/13/njp.32101077772430/216.png"; bbox 0 0 1869 3041; ppageno 0'>
   <div class='ocr_carea' id='block_1_1' title="bbox 59 103 109 132">
    <p class='ocr_par' dir='ltr' id='par_1_1' title="bbox 59 103 109 132">
     <span class='ocr_line' id='line_1_1' title="bbox 59 103 109 132; baseline -0.04 0"><span class='ocrx_word' id='word_1_1' title='bbox 59 103 109 132; x_wconf 69' lang='grc'><strong>321</strong></span> 
     </span>
    </p>
   </div>
   <div class='ocr_carea' id='block_1_2' title="bbox 645 107 1082 141">
    <p class='ocr_par' dir='ltr' id='par_1_2' title="bbox 645 107 1082 141">
     <span class='ocr_line' id='line_1_2' title="bbox 645 107 1082 141; baseline 0.011 -6"><span class='ocrx_word' id='word_1_2' title='bbox 645 107 677 135; x_wconf 76' lang='lat' dir='ltr'><strong>IN</strong></span> <span class='ocrx_word' id='word_1_3' title='bbox 696 108 867 137; x_wconf 80' lang='lat' dir='ltr'><strong>JEREMIAM</strong></span> <span class='ocrx_word' id='word_1_4' title='bbox 887 110 1030 139; x_wconf 74' lang='lat' dir='ltr'><strong>llOMlLlA</strong></span> <span class='ocrx_word' id='word_1_5' title='bbox 1052 113 1082 141; x_wconf 91' lang='lat' dir='ltr'><strong>V.</strong></span> 
     </span>
    </p>
   </div>
   <div class='ocr_carea' id='block_1_3' title="bbox 1645 122 1698 150">
    <p class='ocr_par' dir='ltr' id='par_1_3' title="bbox 1645 122 1698 150">
     <span class='ocr_line' id='line_1_3' title="bbox 1645 122 1698 150; baseline 0 0"><span class='ocrx_word' id='word_1_6' title='bbox 1645 122 1698 150; x_wconf 60' lang='grc' dir='ltr'><strong>τιέξ</strong></span> 
     </span>
    </p>
   </div>
   <div class='ocr_carea' id='block_1_4' title="bbox 55 161 828 215">
    <p class='ocr_par' dir='ltr' id='par_1_4' title="bbox 55 161 828 205">
     <span class='ocr_line' id='line_1_4' title="bbox 55 161 828 205; baseline 0.013 -17"><span class='ocrx_word' id='word_1_7' title='bbox 55 161 165 197; x_wconf 50' lang='lat' dir='ltr'><strong>ﬂagiti,</strong></span> <span class='ocrx_word' id='word_1_8' title='bbox 188 163 239 190; x_wconf 79' lang='grc' dir='ltr'>καὶ</span> <span class='ocrx_word' id='word_1_9' title='bbox 263 164 428 199; x_wconf 74' lang='grc' dir='ltr'>συν-τριϐὴν</span> <span class='ocrx_word' id='word_1_10' title='bbox 446 165 583 201; x_wconf 69' lang='grc' dir='ltr'><strong>μεγάλην</strong></span> <span class='ocrx_word' id='word_1_11' title='bbox 602 167 657 194; x_wconf 83' lang='grc' dir='ltr'>τῶν</span> <span class='ocrx_word' id='word_1_12' title='bbox 676 169 828 205; x_wconf 73' lang='grc' dir='ltr'><strong>ὲπαγομένιι</strong></span> 
     </span>
    </p>
   </div>
   <div class='ocr_carea' id='block_1_5' title="bbox 918 161 1697 215">
    <p class='ocr_par' dir='ltr' id='par_1_5' title="bbox 918 173 1697 215">
     <span class='ocr_line' id='line_1_5' title="bbox 918 173 1697 215; baseline 0.014 -17"><span class='ocrx_word' id='word_1_13' title='bbox 918 173 1018 207; x_wconf 66' lang='grc' dir='ltr'>’πνοι-ξι,</span> <span class='ocrx_word' id='word_1_14' title='bbox 1036 181 1125 209; x_wconf 88' lang='lat' dir='ltr'><strong>neque</strong></span> <span class='ocrx_word' id='word_1_15' title='bbox 1139 181 1169 202; x_wconf 92' lang='lat' dir='ltr'><strong>se</strong></span> <span class='ocrx_word' id='word_1_16' title='bbox 1185 174 1219 203; x_wconf 79' lang='lat' dir='ltr'><strong>ad</strong></span> <span class='ocrx_word' id='word_1_17' title='bbox 1238 175 1320 204; x_wconf 90' lang='lat' dir='ltr'><strong>urbes</strong></span> <span class='ocrx_word' id='word_1_18' title='bbox 1340 183 1463 206; x_wconf 77' lang='lat' dir='ltr'><strong>muratos</strong></span> <span class='ocrx_word' id='word_1_19' title='bbox 1481 180 1627 215; x_wconf 84' lang='lat' dir='ltr'><strong>receperit,</strong></span> <span class='ocrx_word' id='word_1_20' title='bbox 1644 181 1697 209; x_wconf 86' lang='lat' dir='ltr'><strong>hoc</strong></span> 
     </span>
    </p>
   </div>
   <div class='ocr_carea' id='block_1_6' title="bbox 57 209 852 249">
    <p class='ocr_par' dir='ltr' id='par_1_6' title="bbox 57 209 852 249">
     <span class='ocr_line' id='line_1_6' title="bbox 57 209 852 249; baseline 0.011 -14"><span class='ocrx_word' id='word_1_21' title='bbox 57 209 154 236; x_wconf 74' lang='grc' dir='ltr'>κακῶν</span> <span class='ocrx_word' id='word_1_22' title='bbox 169 209 225 236; x_wconf 80' lang='grc' dir='ltr'>ἀπὸ</span> <span class='ocrx_word' id='word_1_23' title='bbox 243 209 338 245; x_wconf 70' lang='grc' dir='ltr'>βορρᾶ,</span> <span class='ocrx_word' id='word_1_24' title='bbox 351 210 441 247; x_wconf 72' lang='grc' dir='ltr'>βορρᾶ</span> <span class='ocrx_word' id='word_1_25' title='bbox 453 211 500 239; x_wconf 81' lang='grc' dir='ltr'>τοῦ</span> <span class='ocrx_word' id='word_1_26' title='bbox 514 213 716 249; x_wconf 81' lang='grc' dir='ltr'>ἀντικειμένου,</span> <span class='ocrx_word' id='word_1_27' title='bbox 732 216 769 248; x_wconf 86' lang='grc' dir='ltr'>ὡς</span> <span class='ocrx_word' id='word_1_28' title='bbox 786 217 852 244; x_wconf 87' lang='grc' dir='ltr'>πολ-</span> 
     </span>
    </p>
   </div>
   <div class='ocr_carea' id='block_1_7' title="bbox 57 253 853 297">
    <p class='ocr_par' dir='ltr' id='par_1_7' title="bbox 57 253 853 297">
     <span class='ocr_line' id='line_1_7' title="bbox 57 253 853 297; baseline 0.011 -17"><span class='ocrx_word' id='word_1_29' title='bbox 57 253 137 285; x_wconf 73' lang='grc' dir='ltr'>λάκις</span> <span class='ocrx_word' id='word_1_30' title='bbox 160 253 298 282; x_wconf 83' lang='grc' dir='ltr'>λέλεκται.</span> <span class='ocrx_word' id='word_1_31' title='bbox 321 256 369 287; x_wconf 85' lang='grc' dir='ltr'>’ος</span> <span class='ocrx_word' id='word_1_32' title='bbox 391 255 438 283; x_wconf 79' lang='grc' dir='ltr'><strong>ἐὰν</strong></span> <span class='ocrx_word' id='word_1_33' title='bbox 452 257 549 293; x_wconf 86' lang='grc' dir='ltr'>εὑρεθῇ</span> <span class='ocrx_word' id='word_1_34' title='bbox 569 257 606 294; x_wconf 87' lang='grc' dir='ltr'>μὴ</span> <span class='ocrx_word' id='word_1_35' title='bbox 629 259 761 293; x_wconf 79' lang='grc' dir='ltr'><strong>σπεύσας,</strong></span> <span class='ocrx_word' id='word_1_36' title='bbox 785 262 853 297; x_wconf 80' lang='grc' dir='ltr'>μηδὲ</span> 
     </span>
    </p>
   </div>
   <div class='ocr_carea' id='block_1_8' title="bbox 56 299 852 341">
    <p class='ocr_par' dir='ltr' id='par_1_8' title="bbox 56 299 852 341">
     <span class='ocr_line' id='line_1_8' title="bbox 56 299 852 341; baseline 0.011 -17"><span class='ocrx_word' id='word_1_37' title='bbox 56 299 187 325; x_wconf 75' lang='grc' dir='ltr'>εἰσελθὼν</span> <span class='ocrx_word' id='word_1_38' title='bbox 202 301 243 331; x_wconf 78' lang='grc' dir='ltr'><strong>είς</strong></span> <span class='ocrx_word' id='word_1_39' title='bbox 256 300 307 332; x_wconf 74' lang='grc' dir='ltr'>τὰς</span> <span class='ocrx_word' id='word_1_40' title='bbox 319 301 411 332; x_wconf 80' lang='grc' dir='ltr'>πόλεις</span> <span class='ocrx_word' id='word_1_41' title='bbox 424 301 474 333; x_wconf 78' lang='grc' dir='ltr'><strong>τὰς</strong></span> <span class='ocrx_word' id='word_1_42' title='bbox 488 304 636 339; x_wconf 81' lang='grc' dir='ltr'><strong>τειχήρεις,</strong></span> <span class='ocrx_word' id='word_1_43' title='bbox 657 304 693 340; x_wconf 80' lang='grc' dir='ltr'><strong>μὴ</strong></span> <span class='ocrx_word' id='word_1_44' title='bbox 707 306 852 341; x_wconf 87' lang='grc' dir='ltr'>γενόμενος</span> 
     </span>
    </p>
   </div>
   <div class='ocr_carea' id='block_1_9' title="bbox 56 344 851 384">
    <p class='ocr_par' dir='ltr' id='par_1_9' title="bbox 56 344 851 384">
     <span class='ocr_line' id='line_1_9' title="bbox 56 344 851 384; baseline 0.009 -14"><span class='ocrx_word' id='word_1_45' title='bbox 56 344 86 370; x_wconf 84' lang='grc' dir='ltr'><strong>ὲν</strong></span> <span class='ocrx_word' id='word_1_46' title='bbox 99 346 160 376; x_wconf 84' lang='grc' dir='ltr'>ταῖς</span> <span class='ocrx_word' id='word_1_47' title='bbox 168 344 330 380; x_wconf 77' lang='grc' dir='ltr'><strong>ἐκκλησίαις</strong></span> <span class='ocrx_word' id='word_1_48' title='bbox 345 346 393 373; x_wconf 77' lang='grc' dir='ltr'>τοῦ</span> <span class='ocrx_word' id='word_1_49' title='bbox 407 346 485 380; x_wconf 83' lang='grc' dir='ltr'><strong>Θεοῦ,</strong></span> <span class='ocrx_word' id='word_1_50' title='bbox 502 347 559 374; x_wconf 83' lang='grc' dir='ltr'>ἀλλ’</span> <span class='ocrx_word' id='word_1_51' title='bbox 581 347 633 380; x_wconf 73' lang='grc' dir='ltr'>ἔξω</span> <span class='ocrx_word' id='word_1_52' title='bbox 643 349 778 384; x_wconf 78' lang='grc' dir='ltr'>ἑστηκὼς,</span> <span class='ocrx_word' id='word_1_53' title='bbox 801 351 851 377; x_wconf 69' lang='lat' dir='ltr'><strong>ab-</strong></span> 
     </span>
    </p>
   </div>
   <div class='ocr_carea' id='block_1_10' title="bbox 55 390 849 432">
    <p class='ocr_par' dir='ltr' id='par_1_10' title="bbox 55 390 849 432">
     <span class='ocr_line' id='line_1_10' title="bbox 55 390 849 432; baseline 0.01 -16"><span class='ocrx_word' id='word_1_54' title='bbox 55 390 102 422; x_wconf 78' lang='grc' dir='ltr'>τὸς</span> <span class='ocrx_word' id='word_1_55' title='bbox 122 391 178 417; x_wconf 83' lang='grc' dir='ltr'>ὑπὸ</span> <span class='ocrx_word' id='word_1_56' title='bbox 197 392 252 418; x_wconf 85' lang='grc' dir='ltr'><strong>τῶν</strong></span> <span class='ocrx_word' id='word_1_57' title='bbox 268 392 405 428; x_wconf 78' lang='grc' dir='ltr'>πολεμίων</span> <span class='ocrx_word' id='word_1_58' title='bbox 424 394 609 430; x_wconf 76' lang='grc' dir='ltr'>καταληφθεὶς</span> <span class='ocrx_word' id='word_1_59' title='bbox 630 396 849 432; x_wconf 87' lang='grc' dir='ltr'>ἀναιρεθήσεται.</span> 
     </span>
    </p>
   </div>
   <div class='ocr_carea' id='block_1_11' title="bbox 55 437 850 478">
    <p class='ocr_par' dir='ltr' id='par_1_11' title="bbox 55 437 850 478">
     <span class='ocr_line' id='line_1_11' title="bbox 55 437 850 478; baseline 0.008 -15"><span class='ocrx_word' id='word_1_60' title='bbox 55 437 103 469; x_wconf 84' lang='grc' dir='ltr'><strong>Τίς</strong></span> <span class='ocrx_word' id='word_1_61' title='bbox 116 438 397 475; x_wconf 73' lang='grc' dir='ltr'>ὲστινὸπολέμιοςμ)</span> <span class='ocrx_word' id='word_1_62' title='bbox 411 439 511 475; x_wconf 83' lang='grc' dir='ltr'>ἴδωμεν</span> <span class='ocrx_word' id='word_1_63' title='bbox 529 440 623 467; x_wconf 80' lang='grc' dir='ltr'>ἐκτῶν</span> <span class='ocrx_word' id='word_1_64' title='bbox 637 441 768 476; x_wconf 75' lang='grc' dir='ltr'>ἑξῆςτίνα</span> <span class='ocrx_word' id='word_1_65' title='bbox 784 443 850 478; x_wconf 86' lang='grc' dir='ltr'>τρό-</span> 
     </span>
    </p>
   </div>
   <div class='ocr_carea' id='block_1_12' title="bbox 55 484 847 522">
    <p class='ocr_par' dir='ltr' id='par_1_12' title="bbox 55 484 847 522">
     <span class='ocr_line' id='line_1_12' title="bbox 55 484 847 522; baseline 0.009 -13"><span class='ocrx_word' id='word_1_66' title='bbox 55 492 105 510; x_wconf 73' lang='grc' dir='ltr'><strong>πον</strong></span> <span class='ocrx_word' id='word_1_67' title='bbox 117 484 241 518; x_wconf 78' lang='grc' dir='ltr'>λέγεται·</span> <span class='ocrx_word' id='word_1_68' title='bbox 262 484 361 519; x_wconf 75' lang='grc' dir='ltr'>Ἀνέϐη</span> <span class='ocrx_word' id='word_1_69' title='bbox 380 485 458 512; x_wconf 73' lang='grc' dir='ltr'><strong>λέων</strong></span> <span class='ocrx_word' id='word_1_70' title='bbox 478 486 512 512; x_wconf 82' lang='grc' dir='ltr'>ἐκ</span> <span class='ocrx_word' id='word_1_71' title='bbox 524 485 579 520; x_wconf 79' lang='grc' dir='ltr'><strong>τῆς</strong></span> <span class='ocrx_word' id='word_1_72' title='bbox 590 486 729 522; x_wconf 78' lang='grc' dir='ltr'><strong>μάνδρας</strong></span> <span class='ocrx_word' id='word_1_73' title='bbox 743 489 847 520; x_wconf 81' lang='grc' dir='ltr'>αὐτοῦ,</span> 
     </span>
    </p>
   </div>
   <div class='ocr_carea' id='block_1_13' title="bbox 53 530 849 570">
    <p class='ocr_par' dir='ltr' id='par_1_13' title="bbox 53 530 849 570">
     <span class='ocr_line' id='line_1_13' title="bbox 53 530 849 570; baseline 0.008 -14"><span class='ocrx_word' id='word_1_74' title='bbox 53 530 260 565; x_wconf 70' lang='grc' dir='ltr'>ἐξολοθρεόων</span> <span class='ocrx_word' id='word_1_75' title='bbox 273 531 346 566; x_wconf 84' lang='grc' dir='ltr'><strong>ἔθνη</strong></span> <span class='ocrx_word' id='word_1_76' title='bbox 359 531 477 566; x_wconf 72' lang='grc' dir='ltr'><strong>ἐξῆρεν.</strong></span> <span class='ocrx_word' id='word_1_77' title='bbox 494 530 579 564; x_wconf 82' lang='grc' dir='ltr'>Οὗτός</span> <span class='ocrx_word' id='word_1_78' title='bbox 601 534 676 560; x_wconf 77' lang='grc' dir='ltr'>ἐστιν</span> <span class='ocrx_word' id='word_1_79' title='bbox 691 535 705 560; x_wconf 87' lang='grc' dir='ltr'><strong>ὁ</strong></span> <span class='ocrx_word' id='word_1_80' title='bbox 719 535 849 570; x_wconf 86' lang='grc' dir='ltr'>πολέμιος</span> 
     </span>
    </p>
   </div>
   <div class='ocr_carea' id='block_1_14' title="bbox 53 576 848 613">
    <p class='ocr_par' dir='ltr' id='par_1_14' title="bbox 53 576 848 613">
     <span class='ocr_line' id='line_1_14' title="bbox 53 576 848 613; baseline 0.006 -11"><span class='ocrx_word' id='word_1_81' title='bbox 53 576 82 603; x_wconf 82' lang='grc' dir='ltr'>ὃν</span> <span class='ocrx_word' id='word_1_82' title='bbox 94 577 135 602; x_wconf 82' lang='grc' dir='ltr'>δεῖ</span> <span class='ocrx_word' id='word_1_83' title='bbox 146 578 224 611; x_wconf 76' lang='grc' dir='ltr'>ἡμᾶς</span> <span class='ocrx_word' id='word_1_84' title='bbox 243 578 350 612; x_wconf 75' lang='grc' dir='ltr'><strong>φυγεῖν.</strong></span> <span class='ocrx_word' id='word_1_85' title='bbox 365 577 441 604; x_wconf 81' lang='grc' dir='ltr'>Λέων</span> <span class='ocrx_word' id='word_1_86' title='bbox 456 579 531 613; x_wconf 79' lang='grc' dir='ltr'>ἡμᾶς</span> <span class='ocrx_word' id='word_1_87' title='bbox 547 579 721 606; x_wconf 80' lang='grc' dir='ltr'><strong>καταδιώκει.</strong></span> <span class='ocrx_word' id='word_1_88' title='bbox 737 581 758 606; x_wconf 87' lang='grc' dir='ltr'><strong>Τ</strong></span> <span class='ocrx_word' id='word_1_89' title='bbox 761 581 785 612; x_wconf 86' lang='grc' dir='ltr'><strong>ίς</strong></span> <span class='ocrx_word' id='word_1_90' title='bbox 802 579 848 608; x_wconf 72' lang='grc' dir='ltr'><strong>οὖ-</strong></span> 
     </span>
    </p>
   </div>
   <div class='ocr_carea' id='block_1_15' title="bbox 51 623 848 660">
    <p class='ocr_par' dir='ltr' id='par_1_15' title="bbox 51 623 848 660">
     <span class='ocr_line' id='line_1_15' title="bbox 51 623 848 660; baseline 0.005 -11"><span class='ocrx_word' id='word_1_91' title='bbox 51 631 113 655; x_wconf 62' lang='lat' dir='ltr'><strong>ses;</strong></span> <span class='ocrx_word' id='word_1_92' title='bbox 131 624 238 659; x_wconf 81' lang='grc' dir='ltr'><strong>Πέτρος</strong></span> <span class='ocrx_word' id='word_1_93' title='bbox 267 624 341 659; x_wconf 80' lang='grc' dir='ltr'><strong>ἡμᾶς</strong></span> <span class='ocrx_word' id='word_1_94' title='bbox 370 623 491 650; x_wconf 81' lang='grc' dir='ltr'><strong>διδάσκει</strong></span> <span class='ocrx_word' id='word_1_95' title='bbox 520 623 618 658; x_wconf 81' lang='grc' dir='ltr'>λέγων·</span> <span class='ocrx_word' id='word_1_96' title='bbox 638 625 669 651; x_wconf 86' lang='lat'><strong>‘0</strong></span> <span class='ocrx_word' id='word_1_97' title='bbox 694 626 848 660; x_wconf 79' lang='grc' dir='ltr'><em>ἀντίδικος</em></span> 
     </span>
    </p>
   </div>
   <div class='ocr_carea' id='block_1_16' title="bbox 51 668 850 705">
    <p class='ocr_par' dir='ltr' id='par_1_16' title="bbox 51 668 850 705">
     <span class='ocr_line' id='line_1_16' title="bbox 51 668 850 705; baseline 0.004 -10"><span class='ocrx_word' id='word_1_98' title='bbox 51 668 135 703; x_wconf 74' lang='grc' dir='ltr'><strong>ὑμῶν</strong></span> <span class='ocrx_word' id='word_1_99' title='bbox 153 669 192 703; x_wconf 72' lang='lat'><strong>(‘2)</strong></span> <span class='ocrx_word' id='word_1_100' title='bbox 206 669 345 702; x_wconf 75' lang='grc' dir='ltr'>διάϐολος</span> <span class='ocrx_word' id='word_1_101' title='bbox 356 669 397 702; x_wconf 85' lang='grc' dir='ltr'><strong>ὡς</strong></span> <span class='ocrx_word' id='word_1_102' title='bbox 409 668 487 697; x_wconf 82' lang='grc' dir='ltr'><strong>λέων</strong></span> <span class='ocrx_word' id='word_1_103' title='bbox 509 669 679 705; x_wconf 80' lang='grc' dir='ltr'><strong>ὠρυόμενος</strong></span> <span class='ocrx_word' id='word_1_104' title='bbox 694 672 850 705; x_wconf 79' lang='grc' dir='ltr'>περιπατεῖ</span> 
     </span>
    </p>
   </div>
   <div class='ocr_carea' id='block_1_17' title="bbox 50 711 847 752">
    <p class='ocr_par' dir='ltr' id='par_1_17' title="bbox 50 711 847 752">
     <span class='ocr_line' id='line_1_17' title="bbox 50 711 847 752; baseline 0.004 -11"><span class='ocrx_word' id='word_1_105' title='bbox 50 714 146 748; x_wconf 81' lang='grc' dir='ltr'>ζητῶν</span> <span class='ocrx_word' id='word_1_106' title='bbox 153 716 224 742; x_wconf 75' lang='grc' dir='ltr'>τινα</span> <span class='ocrx_word' id='word_1_107' title='bbox 239 717 382 749; x_wconf 76' lang='grc' dir='ltr'><strong>καταπίῃ·</strong></span> <span class='ocrx_word' id='word_1_108' title='bbox 391 711 415 748; x_wconf 83' lang='grc' dir='ltr'>ᾧ</span> <span class='ocrx_word' id='word_1_109' title='bbox 422 715 704 751; x_wconf 74' lang='grc' dir='ltr'>ἀντΙστητεστερεοὶ</span> <span class='ocrx_word' id='word_1_110' title='bbox 714 718 749 744; x_wconf 78' lang='grc' dir='ltr'><strong>ἐν</strong></span> <span class='ocrx_word' id='word_1_111' title='bbox 758 717 795 752; x_wconf 82' lang='grc' dir='ltr'>τῇ</span> <span class='ocrx_word' id='word_1_112' title='bbox 803 718 847 744; x_wconf 84' lang='grc' dir='ltr'><strong>πί-</strong></span> 
     </span>
    </p>
   </div>
   <div class='ocr_carea' id='block_1_18' title="bbox 48 762 846 798">
    <p class='ocr_par' dir='ltr' id='par_1_18' title="bbox 48 762 846 798">
     <span class='ocr_line' id='line_1_18' title="bbox 48 762 846 798; baseline 0.003 -9"><span class='ocrx_word' id='word_1_113' title='bbox 48 771 113 790; x_wconf 77' lang='grc' dir='ltr'>στει</span> <span class='ocrx_word' id='word_1_114' title='bbox 123 771 131 778; x_wconf 76' lang='grc'><em>’</em></span> <span class='ocrx_word' id='word_1_115' title='bbox 148 763 207 794; x_wconf 82' lang='grc' dir='ltr'>καὶ,</span> <span class='ocrx_word' id='word_1_116' title='bbox 223 762 294 789; x_wconf 76' lang='grc' dir='ltr'>κατὰ</span> <span class='ocrx_word' id='word_1_117' title='bbox 309 762 354 788; x_wconf 75' lang='grc' dir='ltr'>τὸν</span> <span class='ocrx_word' id='word_1_118' title='bbox 371 762 393 789; x_wconf 86' lang='grc' dir='ltr'>θ’</span> <span class='ocrx_word' id='word_1_119' title='bbox 407 762 524 798; x_wconf 78' lang='grc' dir='ltr'><strong>ψαλμὸν,</strong></span> <span class='ocrx_word' id='word_1_120' title='bbox 544 763 706 797; x_wconf 81' lang='grc' dir='ltr'><strong>Ἐνεὸρεύει</strong></span> <span class='ocrx_word' id='word_1_121' title='bbox 721 764 756 790; x_wconf 82' lang='grc' dir='ltr'><strong>ἐν</strong></span> <span class='ocrx_word' id='word_1_122' title='bbox 772 765 846 792; x_wconf 82' lang='grc' dir='ltr'><strong>ἁπο-</strong></span> 
     </span>
    </p>
   </div>
   <div class='ocr_carea' id='block_1_19' title="bbox 47 808 842 844">
    <p class='ocr_par' dir='ltr' id='par_1_19' title="bbox 47 808 842 844">
     <span class='ocr_line' id='line_1_19' title="bbox 47 808 842 844; baseline 0.005 -10"><span class='ocrx_word' id='word_1_123' title='bbox 47 810 161 843; x_wconf 65' lang='grc' dir='ltr'>κρύφῳ,</span> <span class='ocrx_word' id='word_1_124' title='bbox 180 808 327 843; x_wconf 77' lang='grc' dir='ltr'><strong>ὲνεδρεύει</strong></span> <span class='ocrx_word' id='word_1_125' title='bbox 341 809 381 841; x_wconf 88' lang='grc' dir='ltr'><strong>ὼς</strong></span> <span class='ocrx_word' id='word_1_126' title='bbox 394 808 473 835; x_wconf 75' lang='grc' dir='ltr'>,λέων</span> <span class='ocrx_word' id='word_1_127' title='bbox 493 809 528 835; x_wconf 80' lang='grc' dir='ltr'><em>ἐν</em></span> <span class='ocrx_word' id='word_1_128' title='bbox 546 808 584 843; x_wconf 78' lang='grc' dir='ltr'>τῇ</span> <span class='ocrx_word' id='word_1_129' title='bbox 599 808 717 844; x_wconf 62' lang='lat' dir='ltr'><strong>pair-6pc;</strong></span> <span class='ocrx_word' id='word_1_130' title='bbox 738 811 842 838; x_wconf 80' lang='grc' dir='ltr'>αὐτοῦ·</span> 
     </span>
    </p>
   </div>
   <div class='ocr_carea' id='block_1_20' title="bbox 904 219 1695 260">
    <p class='ocr_par' dir='ltr' id='par_1_20' title="bbox 904 219 1695 260">
     <span class='ocr_line' id='line_1_20' title="bbox 904 219 1695 260; baseline 0.011 -15"><span class='ocrx_word' id='word_1_131' title='bbox 904 223 956 252; x_wconf 81' lang='lat' dir='ltr'><strong>est,</strong></span> <span class='ocrx_word' id='word_1_132' title='bbox 974 219 1045 248; x_wconf 87' lang='lat' dir='ltr'><strong>intra</strong></span> <span class='ocrx_word' id='word_1_133' title='bbox 1068 221 1198 250; x_wconf 80' lang='lat' dir='ltr'><strong>ecclesias</strong></span> <span class='ocrx_word' id='word_1_134' title='bbox 1222 221 1270 250; x_wconf 86' lang='lat' dir='ltr'><strong>Dei</strong></span> <span class='ocrx_word' id='word_1_135' title='bbox 1291 231 1345 251; x_wconf 91' lang='lat' dir='ltr'><strong>non</strong></span> <span class='ocrx_word' id='word_1_136' title='bbox 1373 224 1454 258; x_wconf 78' lang='lat' dir='ltr'><strong>fuerit</strong></span> <span class='ocrx_word' id='word_1_137' title='bbox 1479 225 1629 260; x_wconf 72' lang='lat' dir='ltr'><strong>ingressus.</strong></span> <span class='ocrx_word' id='word_1_138' title='bbox 1648 227 1695 254; x_wconf 79' lang='lat' dir='ltr'><strong>sed</strong></span> 
     </span>
    </p>
   </div>
   <div class='ocr_carea' id='block_1_21' title="bbox 903 264 1694 304">
    <p class='ocr_par' dir='ltr' id='par_1_21' title="bbox 903 264 1694 304">
     <span class='ocr_line' id='line_1_21' title="bbox 903 264 1694 304; baseline 0.01 -13"><span class='ocrx_word' id='word_1_139' title='bbox 903 264 971 292; x_wconf 83' lang='lat' dir='ltr'><strong>foris</strong></span> <span class='ocrx_word' id='word_1_140' title='bbox 984 268 1158 301; x_wconf 79' lang='lat' dir='ltr'><strong>remanserit,</strong></span> <span class='ocrx_word' id='word_1_141' title='bbox 1177 273 1273 304; x_wconf 79' lang='lat' dir='ltr'><strong>captus</strong></span> <span class='ocrx_word' id='word_1_142' title='bbox 1295 270 1329 298; x_wconf 84' lang='lat' dir='ltr'><strong>ah</strong></span> <span class='ocrx_word' id='word_1_143' title='bbox 1346 271 1470 299; x_wconf 81' lang='lat' dir='ltr'><strong>hostibus</strong></span> <span class='ocrx_word' id='word_1_144' title='bbox 1488 272 1546 299; x_wconf 79' lang='lat' dir='ltr'><strong>neci</strong></span> <span class='ocrx_word' id='word_1_145' title='bbox 1561 273 1694 299; x_wconf 67' lang='lat' dir='ltr'><strong>tradetur.</strong></span> 
     </span>
    </p>
   </div>
   <div class='ocr_carea' id='block_1_22' title="bbox 903 310 1696 353">
    <p class='ocr_par' dir='ltr' id='par_1_22' title="bbox 903 310 1696 353">
     <span class='ocr_line' id='line_1_22' title="bbox 903 310 1696 353; baseline 0.013 -16"><span class='ocrx_word' id='word_1_146' title='bbox 903 310 970 344; x_wconf 86' lang='lat' dir='ltr'><strong>Quis</strong></span> <span class='ocrx_word' id='word_1_147' title='bbox 985 312 1020 339; x_wconf 91' lang='lat' dir='ltr'><strong>sit</strong></span> <span class='ocrx_word' id='word_1_148' title='bbox 1041 313 1128 341; x_wconf 86' lang='lat' dir='ltr'><strong>hostis</strong></span> <span class='ocrx_word' id='word_1_149' title='bbox 1147 315 1290 343; x_wconf 83' lang='lat' dir='ltr'><strong>videamus</strong></span> <span class='ocrx_word' id='word_1_150' title='bbox 1313 323 1345 343; x_wconf 86' lang='lat' dir='ltr'><strong>ex</strong></span> <span class='ocrx_word' id='word_1_151' title='bbox 1364 318 1542 351; x_wconf 77' lang='lat' dir='ltr'><strong>sequentibus</strong></span> <span class='ocrx_word' id='word_1_152' title='bbox 1559 320 1696 353; x_wconf 87' lang='lat' dir='ltr'><strong>quomodo</strong></span> 
     </span>
    </p>
   </div>
   <div class='ocr_carea' id='block_1_23' title="bbox 902 357 1694 396">
    <p class='ocr_par' dir='ltr' id='par_1_23' title="bbox 902 357 1694 396">
     <span class='ocr_line' id='line_1_23' title="bbox 902 357 1694 396; baseline 0.01 -13"><span class='ocrx_word' id='word_1_153' title='bbox 902 357 1073 384; x_wconf 81' lang='lat' dir='ltr'><strong>describatur</strong></span> <span class='ocrx_word' id='word_1_154' title='bbox 1087 367 1093 384; x_wconf 89' lang='lat'>:</span> <span class='ocrx_word' id='word_1_155' title='bbox 1108 361 1233 386; x_wconf 77' lang='lat' dir='ltr'><strong>Ascendit</strong></span> <span class='ocrx_word' id='word_1_156' title='bbox 1247 361 1287 387; x_wconf 79' lang='lat' dir='ltr'><strong>leo</strong></span> <span class='ocrx_word' id='word_1_157' title='bbox 1303 361 1334 388; x_wconf 85' lang='lat' dir='ltr'><strong>de</strong></span> <span class='ocrx_word' id='word_1_158' title='bbox 1347 362 1428 389; x_wconf 79' lang='lat' dir='ltr'><strong>cubili</strong></span> <span class='ocrx_word' id='word_1_159' title='bbox 1440 371 1498 396; x_wconf 83' lang='lat' dir='ltr'><strong>suo,</strong></span> <span class='ocrx_word' id='word_1_160' title='bbox 1514 365 1694 392; x_wconf 69' lang='lat' dir='ltr'><strong>exterminans</strong></span> 
     </span>
    </p>
   </div>
   <div class='ocr_carea' id='block_1_24' title="bbox 901 404 1693 445">
    <p class='ocr_par' dir='ltr' id='par_1_24' title="bbox 901 404 1693 445">
     <span class='ocr_line' id='line_1_24' title="bbox 901 404 1693 445; baseline 0.013 -17"><span class='ocrx_word' id='word_1_161' title='bbox 901 407 988 437; x_wconf 80' lang='lat' dir='ltr'><strong>gentes</strong></span> <span class='ocrx_word' id='word_1_162' title='bbox 1002 404 1096 431; x_wconf 85' lang='lat' dir='ltr'><strong>levavit</strong></span> <span class='ocrx_word' id='word_1_163' title='bbox 1111 414 1138 432; x_wconf 88' lang='lat' dir='ltr'><strong>se</strong></span> <span class='ocrx_word' id='word_1_164' title='bbox 1155 405 1187 432; x_wconf 74' lang='grc' dir='ltr'><strong>³ο.</strong></span> <span class='ocrx_word' id='word_1_165' title='bbox 1208 406 1257 434; x_wconf 90' lang='lat' dir='ltr'><strong>llic</strong></span> <span class='ocrx_word' id='word_1_166' title='bbox 1270 412 1311 434; x_wconf 85' lang='lat' dir='ltr'><strong>est</strong></span> <span class='ocrx_word' id='word_1_167' title='bbox 1331 408 1418 436; x_wconf 84' lang='lat' dir='ltr'><strong>hostis</strong></span> <span class='ocrx_word' id='word_1_168' title='bbox 1437 410 1516 436; x_wconf 89' lang='lat' dir='ltr'><strong>nobis</strong></span> <span class='ocrx_word' id='word_1_169' title='bbox 1537 411 1693 445; x_wconf 77' lang='lat' dir='ltr'><strong>fugiendus.</strong></span> 
     </span>
    </p>
   </div>
   <div class='ocr_carea' id='block_1_25' title="bbox 901 448 1694 490">
    <p class='ocr_par' dir='ltr' id='par_1_25' title="bbox 901 448 1694 490">
     <span class='ocr_line' id='line_1_25' title="bbox 901 448 1694 490; baseline 0.011 -15"><span class='ocrx_word' id='word_1_170' title='bbox 901 448 957 476; x_wconf 89' lang='lat' dir='ltr'><strong>Leo</strong></span> <span class='ocrx_word' id='word_1_171' title='bbox 983 457 1033 477; x_wconf 90' lang='lat' dir='ltr'><strong>nos</strong></span> <span class='ocrx_word' id='word_1_172' title='bbox 1057 452 1240 487; x_wconf 82' lang='lat' dir='ltr'><strong>persequitur.</strong></span> <span class='ocrx_word' id='word_1_173' title='bbox 1261 453 1328 486; x_wconf 88' lang='lat' dir='ltr'><strong>Quis</strong></span> <span class='ocrx_word' id='word_1_174' title='bbox 1346 455 1423 490; x_wconf 80' lang='lat'><strong>162</strong></span> <span class='ocrx_word' id='word_1_175' title='bbox 1445 455 1507 482; x_wconf 88' lang='lat' dir='ltr'><strong>ille?</strong></span> <span class='ocrx_word' id='word_1_176' title='bbox 1524 455 1619 484; x_wconf 83' lang='lat' dir='ltr'><strong>Petrus</strong></span> <span class='ocrx_word' id='word_1_177' title='bbox 1643 464 1694 484; x_wconf 86' lang='lat' dir='ltr'><strong>nos</strong></span> 
     </span>
    </p>
   </div>
   <div class='ocr_carea' id='block_1_26' title="bbox 901 495 1694 530">
    <p class='ocr_par' dir='ltr' id='par_1_26' title="bbox 901 495 1694 530">
     <span class='ocr_line' id='line_1_26' title="bbox 901 495 1694 530; baseline 0.01 -8"><span class='ocrx_word' id='word_1_178' title='bbox 901 495 981 522; x_wconf 89' lang='lat' dir='ltr'><strong>docet</strong></span> <span class='ocrx_word' id='word_1_179' title='bbox 1002 497 1096 524; x_wconf 83' lang='lat' dir='ltr'><strong>dicens</strong></span> <span class='ocrx_word' id='word_1_180' title='bbox 1114 506 1120 523; x_wconf 94' lang='lat'>:</span> <span class='ocrx_word' id='word_1_181' title='bbox 1144 498 1321 526; x_wconf 74' lang='lat' dir='ltr'><strong>Adversarius</strong></span> <span class='ocrx_word' id='word_1_182' title='bbox 1347 507 1431 527; x_wconf 81' lang='lat' dir='ltr'><strong>vester</strong></span> <span class='ocrx_word' id='word_1_183' title='bbox 1453 501 1575 529; x_wconf 80' lang='lat' dir='ltr'><strong>diabolus</strong></span> <span class='ocrx_word' id='word_1_184' title='bbox 1599 503 1694 530; x_wconf 76' lang='lat' dir='ltr'><strong>circuit</strong></span> 
     </span>
    </p>
   </div>
   <div class='ocr_carea' id='block_1_27' title="bbox 900 543 1689 582">
    <p class='ocr_par' dir='ltr' id='par_1_27' title="bbox 900 543 1689 582">
     <span class='ocr_line' id='line_1_27' title="bbox 900 543 1689 582; baseline 0.011 -16"><span class='ocrx_word' id='word_1_185' title='bbox 900 549 1021 574; x_wconf 66' lang='lat' dir='ltr'><strong>quau-ens</strong></span> <span class='ocrx_word' id='word_1_186' title='bbox 1034 550 1110 577; x_wconf 87' lang='lat' dir='ltr'><strong>quem</strong></span> <span class='ocrx_word' id='word_1_187' title='bbox 1128 543 1248 576; x_wconf 80' lang='lat' dir='ltr'><strong>devoret;</strong></span> <span class='ocrx_word' id='word_1_188' title='bbox 1264 546 1308 571; x_wconf 87' lang='lat' dir='ltr'><strong>cui</strong></span> <span class='ocrx_word' id='word_1_189' title='bbox 1324 547 1437 573; x_wconf 74' lang='lat' dir='ltr'><strong>resistite</strong></span> <span class='ocrx_word' id='word_1_190' title='bbox 1453 547 1532 582; x_wconf 77' lang='lat' dir='ltr'><strong>fortes</strong></span> <span class='ocrx_word' id='word_1_191' title='bbox 1549 549 1575 574; x_wconf 88' lang='lat' dir='ltr'><strong>in</strong></span> <span class='ocrx_word' id='word_1_192' title='bbox 1588 549 1640 582; x_wconf 75' lang='lat' dir='ltr'><strong>ﬁde</strong></span> <span class='ocrx_word' id='word_1_193' title='bbox 1652 549 1689 582; x_wconf 84' lang='grc'><strong>³¹;</strong></span> 
     </span>
    </p>
   </div>
   <div class='ocr_carea' id='block_1_28' title="bbox 899 585 1692 626">
    <p class='ocr_par' dir='ltr' id='par_1_28' title="bbox 899 585 1692 626">
     <span class='ocr_line' id='line_1_28' title="bbox 899 585 1692 626; baseline 0.01 -15"><span class='ocrx_word' id='word_1_194' title='bbox 899 590 926 612; x_wconf 86' lang='lat' dir='ltr'><strong>et</strong></span> <span class='ocrx_word' id='word_1_195' title='bbox 937 585 963 612; x_wconf 92' lang='lat' dir='ltr'><strong>in</strong></span> <span class='ocrx_word' id='word_1_196' title='bbox 976 587 1082 620; x_wconf 81' lang='lat' dir='ltr'><strong>psalmo</strong></span> <span class='ocrx_word' id='word_1_197' title='bbox 1095 595 1168 614; x_wconf 90' lang='lat' dir='ltr'><strong>nono</strong></span> <span class='ocrx_word' id='word_1_198' title='bbox 1183 589 1282 623; x_wconf 82' lang='lat' dir='ltr'><strong>legitur</strong></span> <span class='ocrx_word' id='word_1_199' title='bbox 1296 598 1302 616; x_wconf 87' lang='lat'><strong><em>:</em></strong></span> <span class='ocrx_word' id='word_1_200' title='bbox 1318 589 1469 617; x_wconf 86' lang='lat' dir='ltr'><strong>Insidiatur</strong></span> <span class='ocrx_word' id='word_1_201' title='bbox 1484 592 1511 618; x_wconf 89' lang='lat' dir='ltr'><strong>in</strong></span> <span class='ocrx_word' id='word_1_202' title='bbox 1525 593 1692 626; x_wconf 82' lang='lat' dir='ltr'><strong>abscondito,</strong></span> 
     </span>
    </p>
   </div>
   <div class='ocr_carea' id='block_1_29' title="bbox 899 631 1693 668">
    <p class='ocr_par' dir='ltr' id='par_1_29' title="bbox 899 631 1693 668">
     <span class='ocr_line' id='line_1_29' title="bbox 899 631 1693 668; baseline 0.01 -11"><span class='ocrx_word' id='word_1_203' title='bbox 899 631 1042 658; x_wconf 77' lang='lat' dir='ltr'><strong>insidiatur</strong></span> <span class='ocrx_word' id='word_1_204' title='bbox 1056 637 1084 658; x_wconf 87' lang='lat' dir='ltr'><strong>ul</strong></span> <span class='ocrx_word' id='word_1_205' title='bbox 1101 633 1139 659; x_wconf 86' lang='lat' dir='ltr'><strong>leo</strong></span> <span class='ocrx_word' id='word_1_206' title='bbox 1154 634 1180 660; x_wconf 89' lang='lat' dir='ltr'><strong>in</strong></span> <span class='ocrx_word' id='word_1_207' title='bbox 1194 635 1317 668; x_wconf 80' lang='lat' dir='ltr'><strong>spelunca</strong></span> <span class='ocrx_word' id='word_1_208' title='bbox 1332 644 1380 662; x_wconf 81' lang='lat' dir='ltr'><strong>sua</strong></span> <span class='ocrx_word' id='word_1_209' title='bbox 1393 637 1425 663; x_wconf 83' lang='grc'><strong>³¹.</strong></span> <span class='ocrx_word' id='word_1_210' title='bbox 1443 636 1472 664; x_wconf 85' lang='lat' dir='ltr'><strong>Et</strong></span> <span class='ocrx_word' id='word_1_211' title='bbox 1491 638 1635 664; x_wconf 81' lang='lat' dir='ltr'><strong>insidiatur</strong></span> <span class='ocrx_word' id='word_1_212' title='bbox 1649 639 1693 667; x_wconf 85' lang='lat' dir='ltr'><strong>llic</strong></span> 
     </span>
    </p>
   </div>
   <div class='ocr_carea' id='block_1_30' title="bbox 899 676 1693 717">
    <p class='ocr_par' dir='ltr' id='par_1_30' title="bbox 899 676 1693 717">
     <span class='ocr_line' id='line_1_30' title="bbox 899 676 1693 717; baseline 0.01 -14"><span class='ocrx_word' id='word_1_213' title='bbox 899 676 941 704; x_wconf 91' lang='lat' dir='ltr'><strong>leo</strong></span> <span class='ocrx_word' id='word_1_214' title='bbox 959 686 1012 704; x_wconf 88' lang='lat' dir='ltr'><strong>llOlI</strong></span> <span class='ocrx_word' id='word_1_215' title='bbox 1036 678 1094 711; x_wconf 86' lang='lat' dir='ltr'><strong>ditt,</strong></span> <span class='ocrx_word' id='word_1_216' title='bbox 1113 679 1159 706; x_wconf 88' lang='lat' dir='ltr'><strong>sed</strong></span> <span class='ocrx_word' id='word_1_217' title='bbox 1185 685 1278 707; x_wconf 84' lang='lat' dir='ltr'><strong>noctu.</strong></span> <span class='ocrx_word' id='word_1_218' title='bbox 1297 680 1364 708; x_wconf 86' lang='lat' dir='ltr'><strong>Nam</strong></span> <span class='ocrx_word' id='word_1_219' title='bbox 1383 686 1413 708; x_wconf 90' lang='lat' dir='ltr'><strong>ut</strong></span> <span class='ocrx_word' id='word_1_220' title='bbox 1434 683 1460 709; x_wconf 92' lang='lat' dir='ltr'><strong>in</strong></span> <span class='ocrx_word' id='word_1_221' title='bbox 1478 683 1583 717; x_wconf 88' lang='lat' dir='ltr'><strong>psalmo</strong></span> <span class='ocrx_word' id='word_1_222' title='bbox 1601 691 1693 711; x_wconf 75' lang='lat' dir='ltr'><strong>cente-</strong></span> 
     </span>
    </p>
   </div>
   <div class='ocr_carea' id='block_1_31' title="bbox 898 723 1690 763">
    <p class='ocr_par' dir='ltr' id='par_1_31' title="bbox 898 723 1690 763">
     <span class='ocr_line' id='line_1_31' title="bbox 898 723 1690 763; baseline 0.009 -14"><span class='ocrx_word' id='word_1_223' title='bbox 898 723 969 750; x_wconf 90' lang='lat' dir='ltr'><strong>simo</strong></span> <span class='ocrx_word' id='word_1_224' title='bbox 992 724 1073 751; x_wconf 88' lang='lat' dir='ltr'><strong>tertio</strong></span> <span class='ocrx_word' id='word_1_225' title='bbox 1096 725 1211 752; x_wconf 83' lang='lat' dir='ltr'><strong>habetur</strong></span> <span class='ocrx_word' id='word_1_226' title='bbox 1226 735 1231 752; x_wconf 95' lang='lat'><strong>:</strong></span> <span class='ocrx_word' id='word_1_227' title='bbox 1248 726 1366 754; x_wconf 84' lang='lat' dir='ltr'><strong>Posuiin</strong></span> <span class='ocrx_word' id='word_1_228' title='bbox 1383 729 1513 762; x_wconf 80' lang='lat' dir='ltr'><strong>tenebras,</strong></span> <span class='ocrx_word' id='word_1_229' title='bbox 1526 734 1550 756; x_wconf 80' lang='lat' dir='ltr'><strong>et</strong></span> <span class='ocrx_word' id='word_1_230' title='bbox 1566 730 1637 763; x_wconf 77' lang='lat' dir='ltr'><strong>facta</strong></span> <span class='ocrx_word' id='word_1_231' title='bbox 1651 735 1690 757; x_wconf 78' lang='lat' dir='ltr'><strong>est</strong></span> 
     </span>
    </p>
   </div>
   <div class='ocr_carea' id='block_1_32' title="bbox 898 770 1690 808">
    <p class='ocr_par' dir='ltr' id='par_1_32' title="bbox 898 770 1690 808">
     <span class='ocr_line' id='line_1_32' title="bbox 898 770 1690 808; baseline 0.011 -13"><span class='ocrx_word' id='word_1_232' title='bbox 898 776 963 802; x_wconf 75' lang='lat' dir='ltr'><strong>nox;</strong></span> <span class='ocrx_word' id='word_1_233' title='bbox 976 770 1001 796; x_wconf 86' lang='lat' dir='ltr'><strong>in</strong></span> <span class='ocrx_word' id='word_1_234' title='bbox 1017 770 1075 804; x_wconf 89' lang='lat' dir='ltr'><strong>ipsa</strong></span> <span class='ocrx_word' id='word_1_235' title='bbox 1095 772 1293 805; x_wconf 80' lang='lat' dir='ltr'><strong>pertransibunt</strong></span> <span class='ocrx_word' id='word_1_236' title='bbox 1313 781 1403 800; x_wconf 87' lang='lat' dir='ltr'><strong>omnes</strong></span> <span class='ocrx_word' id='word_1_237' title='bbox 1424 774 1513 802; x_wconf 74' lang='lat' dir='ltr'><strong>bestiae</strong></span> <span class='ocrx_word' id='word_1_238' title='bbox 1535 780 1630 808; x_wconf 76' lang='lat' dir='ltr'><strong>terrte;</strong></span> <span class='ocrx_word' id='word_1_239' title='bbox 1645 785 1690 803; x_wconf 84' lang='lat' dir='ltr'><strong>ca-</strong></span> 
     </span>
    </p>
   </div>
   <div class='ocr_carea' id='block_1_33' title="bbox 898 815 1690 856">
    <p class='ocr_par' dir='ltr' id='par_1_33' title="bbox 898 815 1690 856">
     <span class='ocr_line' id='line_1_33' title="bbox 898 815 1690 856; baseline 0.011 -15"><span class='ocrx_word' id='word_1_240' title='bbox 898 815 948 842; x_wconf 84' lang='lat' dir='ltr'><strong>tuli</strong></span> <span class='ocrx_word' id='word_1_241' title='bbox 963 815 1067 842; x_wconf 87' lang='lat' dir='ltr'><strong>leonum</strong></span> <span class='ocrx_word' id='word_1_242' title='bbox 1092 817 1225 852; x_wconf 80' lang='lat' dir='ltr'><strong>rugientes</strong></span> <span class='ocrx_word' id='word_1_243' title='bbox 1241 823 1272 845; x_wconf 80' lang='lat' dir='ltr'><strong>ut</strong></span> <span class='ocrx_word' id='word_1_244' title='bbox 1293 820 1411 854; x_wconf 83' lang='lat' dir='ltr'><strong>rapiant,</strong></span> <span class='ocrx_word' id='word_1_245' title='bbox 1427 826 1450 847; x_wconf 87' lang='lat' dir='ltr'><strong>et</strong></span> <span class='ocrx_word' id='word_1_246' title='bbox 1471 827 1591 856; x_wconf 74' lang='lat' dir='ltr'><strong>qumrttrtt</strong></span> <span class='ocrx_word' id='word_1_247' title='bbox 1606 832 1621 849; x_wconf 91' lang='lat' dir='ltr'><strong>a</strong></span> <span class='ocrx_word' id='word_1_248' title='bbox 1635 823 1690 851; x_wconf 78' lang='lat' dir='ltr'><strong>Deo</strong></span> 
     </span>
    </p>
   </div>
   <div class='ocr_carea' id='block_1_34' title="bbox 47 851 1092 891">
    <p class='ocr_par' dir='ltr' id='par_1_34' title="bbox 47 851 1092 891">
     <span class='ocr_line' id='line_1_34' title="bbox 47 851 1092 891; baseline 0.007 -11"><span class='ocrx_word' id='word_1_249' title='bbox 47 856 95 881; x_wconf 72' lang='grc' dir='ltr'>καὶ</span> <span class='ocrx_word' id='word_1_250' title='bbox 119 854 257 889; x_wconf 76' lang='grc' dir='ltr'>ὲνεδρεύει</span> <span class='ocrx_word' id='word_1_251' title='bbox 280 851 356 886; x_wconf 78' lang='grc' dir='ltr'>οὗτος</span> <span class='ocrx_word' id='word_1_252' title='bbox 376 854 445 881; x_wconf 82' lang='grc' dir='ltr'>λέων</span> <span class='ocrx_word' id='word_1_253' title='bbox 463 855 512 890; x_wconf 86' lang='grc' dir='ltr'>οὺχ</span> <span class='ocrx_word' id='word_1_254' title='bbox 529 855 631 891; x_wconf 82' lang='grc' dir='ltr'><strong>ἡμέρᾳ,</strong></span> <span class='ocrx_word' id='word_1_255' title='bbox 647 855 686 890; x_wconf 79' lang='grc'><strong>(5)</strong></span> <span class='ocrx_word' id='word_1_256' title='bbox 700 855 756 882; x_wconf 87' lang='grc' dir='ltr'>ἀλλ’</span> <span class='ocrx_word' id='word_1_257' title='bbox 779 857 847 884; x_wconf 81' lang='grc' dir='ltr'>ἐπὰν</span> <span class='ocrx_word' id='word_1_258' title='bbox 865 854 885 881; x_wconf 86' lang='grc' dir='ltr'><strong><em>Β</em></strong></span> <span class='ocrx_word' id='word_1_259' title='bbox 899 867 985 887; x_wconf 81' lang='lat' dir='ltr'><strong>escam</strong></span> <span class='ocrx_word' id='word_1_260' title='bbox 997 861 1048 887; x_wconf 81' lang='lat' dir='ltr'><strong>sibi</strong></span> <span class='ocrx_word' id='word_1_261' title='bbox 1060 861 1092 887; x_wconf 83' lang='grc'><strong>³³.</strong></span> 
     </span>
    </p>
   </div>
   <div class='ocr_carea' id='block_1_35' title="bbox 46 901 1690 946">
    <p class='ocr_par' dir='ltr' id='par_1_35' title="bbox 46 901 1690 946">
     <span class='ocr_line' id='line_1_35' title="bbox 46 901 1690 946; baseline 0.01 -20"><span class='ocrx_word' id='word_1_262' title='bbox 46 905 162 937; x_wconf 74' lang='grc' dir='ltr'>γένηται</span> <span class='ocrx_word' id='word_1_263' title='bbox 177 902 235 935; x_wconf 83' lang='grc' dir='ltr'>νύξ.</span> <span class='ocrx_word' id='word_1_264' title='bbox 252 902 330 928; x_wconf 86' lang='grc' dir='ltr'>Κατά</span> <span class='ocrx_word' id='word_1_265' title='bbox 346 901 400 937; x_wconf 80' lang='grc' dir='ltr'><strong>γὰρ</strong></span> <span class='ocrx_word' id='word_1_266' title='bbox 415 902 460 928; x_wconf 84' lang='grc' dir='ltr'><strong>τὸν</strong></span> <span class='ocrx_word' id='word_1_267' title='bbox 479 905 519 937; x_wconf 84' lang='grc' dir='ltr'><strong>ργ¹</strong></span> <span class='ocrx_word' id='word_1_268' title='bbox 534 901 652 938; x_wconf 77' lang='grc' dir='ltr'>ψαλμὸν,</span> <span class='ocrx_word' id='word_1_269' title='bbox 663 903 754 930; x_wconf 83' lang='grc' dir='ltr'><strong>’Έθου</strong></span> <span class='ocrx_word' id='word_1_270' title='bbox 770 905 889 938; x_wconf 84' lang='grc' dir='ltr'><em>σκότος,</em></span> <span class='ocrx_word' id='word_1_271' title='bbox 908 908 956 934; x_wconf 75' lang='grc' dir='ltr'>καὶ</span> <span class='ocrx_word' id='word_1_272' title='bbox 971 908 1089 943; x_wconf 76' lang='grc' dir='ltr'><strong>ἐγένετο</strong></span> <span class='ocrx_word' id='word_1_273' title='bbox 1101 910 1169 942; x_wconf 77' lang='grc' dir='ltr'><strong>νύξ·</strong></span> <span class='ocrx_word' id='word_1_274' title='bbox 1193 911 1228 937; x_wconf 82' lang='grc' dir='ltr'><strong>ἐν</strong></span> <span class='ocrx_word' id='word_1_275' title='bbox 1257 911 1336 946; x_wconf 76' lang='grc' dir='ltr'>αὐτῇ</span> <span class='ocrx_word' id='word_1_276' title='bbox 1361 912 1568 941; x_wconf 52' lang='lat' dir='ltr'><strong>(haetiam-tat</strong></span> <span class='ocrx_word' id='word_1_277' title='bbox 1591 915 1690 943; x_wconf 73' lang='grc' dir='ltr'>πάντα</span> 
     </span>
    </p>
   </div>
   <div class='ocr_carea' id='block_1_36' title="bbox 44 950 1667 996">
    <p class='ocr_par' dir='ltr' id='par_1_36' title="bbox 44 950 1667 996">
     <span class='ocr_line' id='line_1_36' title="bbox 44 950 1667 996; baseline 0.01 -22"><span class='ocrx_word' id='word_1_278' title='bbox 44 950 81 977; x_wconf 76' lang='grc' dir='ltr'>τὰ</span> <span class='ocrx_word' id='word_1_279' title='bbox 98 954 145 982; x_wconf 61' lang='grc' dir='ltr'><strong>Ητ]</strong></span> <span class='ocrx_word' id='word_1_280' title='bbox 154 951 184 978; x_wconf 83' lang='grc' dir='ltr'>[α</span> <span class='ocrx_word' id='word_1_281' title='bbox 196 950 250 977; x_wconf 84' lang='grc' dir='ltr'>τοῦ</span> <span class='ocrx_word' id='word_1_282' title='bbox 260 950 384 985; x_wconf 77' lang='grc' dir='ltr'><strong>δρυμοῦ,</strong></span> <span class='ocrx_word' id='word_1_283' title='bbox 407 951 536 985; x_wconf 82' lang='grc' dir='ltr'><strong>σκύμνοι</strong></span> <span class='ocrx_word' id='word_1_284' title='bbox 551 951 715 986; x_wconf 75' lang='grc' dir='ltr'><strong>ὠρυόμενοι</strong></span> <span class='ocrx_word' id='word_1_285' title='bbox 738 952 791 978; x_wconf 81' lang='grc' dir='ltr'>τοῦ</span> <span class='ocrx_word' id='word_1_286' title='bbox 805 953 949 988; x_wconf 80' lang='grc' dir='ltr'><strong>ἁρπάσαι,</strong></span> <span class='ocrx_word' id='word_1_287' title='bbox 976 957 1024 983; x_wconf 81' lang='grc' dir='ltr'>καὶ</span> <span class='ocrx_word' id='word_1_288' title='bbox 1038 956 1163 991; x_wconf 77' lang='grc' dir='ltr'>ζητῆσαι</span> <span class='ocrx_word' id='word_1_289' title='bbox 1178 959 1257 993; x_wconf 76' lang='grc' dir='ltr'>παρὰ</span> <span class='ocrx_word' id='word_1_290' title='bbox 1268 960 1320 987; x_wconf 83' lang='grc' dir='ltr'>τοῦ</span> <span class='ocrx_word' id='word_1_291' title='bbox 1336 961 1410 988; x_wconf 83' lang='grc' dir='ltr'><strong>Θεοῦ</strong></span> <span class='ocrx_word' id='word_1_292' title='bbox 1427 961 1667 996; x_wconf 75' lang='grc' dir='ltr'><strong>,ϐρῶσιναύτοῖς.</strong></span> 
     </span>
    </p>
   </div>
   <div class='ocr_carea' id='block_1_37' title="bbox 85 995 842 1033">
    <p class='ocr_par' dir='ltr' id='par_1_37' title="bbox 85 995 842 1033">
     <span class='ocr_line' id='line_1_37' title="bbox 85 995 842 1033; baseline 0.001 -8"><span class='ocrx_word' id='word_1_293' title='bbox 85 998 192 1032; x_wconf 75' lang='grc' dir='ltr'>Ἀνέϐη</span> <span class='ocrx_word' id='word_1_294' title='bbox 215 995 261 1025; x_wconf 73' lang='grc' dir='ltr'>οὖν</span> <span class='ocrx_word' id='word_1_295' title='bbox 275 997 354 1025; x_wconf 72' lang='grc' dir='ltr'>,λέων</span> <span class='ocrx_word' id='word_1_296' title='bbox 368 998 402 1025; x_wconf 82' lang='grc' dir='ltr'>ἐκ</span> <span class='ocrx_word' id='word_1_297' title='bbox 417 997 471 1032; x_wconf 86' lang='grc' dir='ltr'><strong>τῆς</strong></span> <span class='ocrx_word' id='word_1_298' title='bbox 491 998 626 1033; x_wconf 81' lang='grc' dir='ltr'><strong>μάνδρας</strong></span> <span class='ocrx_word' id='word_1_299' title='bbox 642 999 746 1027; x_wconf 85' lang='grc' dir='ltr'>αὺτοῦ,</span> <span class='ocrx_word' id='word_1_300' title='bbox 764 999 820 1026; x_wconf 84' lang='grc' dir='ltr'><strong>Ποῦ</strong></span> <span class='ocrx_word' id='word_1_301' title='bbox 834 1009 842 1033; x_wconf 89' lang='grc'><strong>;</strong></span> 
     </span>
    </p>
   </div>
   <div class='ocr_carea' id='block_1_38' title="bbox 43 1043 842 1082">
    <p class='ocr_par' dir='ltr' id='par_1_38' title="bbox 43 1043 842 1082">
     <span class='ocr_line' id='line_1_38' title="bbox 43 1043 842 1082; baseline 0.004 -12"><span class='ocrx_word' id='word_1_302' title='bbox 43 1044 127 1076; x_wconf 74' lang='grc' dir='ltr'>πότε;</span> <span class='ocrx_word' id='word_1_303' title='bbox 143 1044 230 1071; x_wconf 80' lang='grc' dir='ltr'>Κάτω</span> <span class='ocrx_word' id='word_1_304' title='bbox 249 1045 309 1071; x_wconf 68' lang='grc' dir='ltr'>ἐστὶ</span> <span class='ocrx_word' id='word_1_305' title='bbox 331 1043 431 1076; x_wconf 82' lang='grc' dir='ltr'>πεσὼν,</span> <span class='ocrx_word' id='word_1_306' title='bbox 447 1045 488 1076; x_wconf 79' lang='grc' dir='ltr'>εἰς</span> <span class='ocrx_word' id='word_1_307' title='bbox 508 1045 542 1071; x_wconf 80' lang='grc' dir='ltr'><strong>τὰ</strong></span> <span class='ocrx_word' id='word_1_308' title='bbox 557 1045 702 1073; x_wconf 80' lang='grc' dir='ltr'><strong>κατώτατα</strong></span> <span class='ocrx_word' id='word_1_309' title='bbox 726 1046 778 1081; x_wconf 82' lang='grc' dir='ltr'>τῆς</span> <span class='ocrx_word' id='word_1_310' title='bbox 791 1047 842 1082; x_wconf 83' lang='grc' dir='ltr'><strong>γῆς</strong></span> 
     </span>
    </p>
   </div>
   <div class='ocr_carea' id='block_1_39' title="bbox 43 1089 839 1126">
    <p class='ocr_par' dir='ltr' id='par_1_39' title="bbox 43 1089 839 1126">
     <span class='ocr_line' id='line_1_39' title="bbox 43 1089 839 1126; baseline 0.005 -10"><span class='ocrx_word' id='word_1_311' title='bbox 43 1089 239 1126; x_wconf 79' lang='grc' dir='ltr'>κατελήλυθεν.</span> <span class='ocrx_word' id='word_1_312' title='bbox 260 1090 366 1124; x_wconf 79' lang='grc' dir='ltr'>Ἀνέϐη</span> <span class='ocrx_word' id='word_1_313' title='bbox 379 1090 453 1117; x_wconf 81' lang='grc' dir='ltr'>λέων</span> <span class='ocrx_word' id='word_1_314' title='bbox 467 1091 501 1117; x_wconf 74' lang='grc' dir='ltr'>ἐκ</span> <span class='ocrx_word' id='word_1_315' title='bbox 514 1090 569 1124; x_wconf 82' lang='grc' dir='ltr'>τῆς</span> <span class='ocrx_word' id='word_1_316' title='bbox 582 1091 720 1125; x_wconf 74' lang='grc' dir='ltr'>μάν-δρας</span> <span class='ocrx_word' id='word_1_317' title='bbox 734 1093 839 1120; x_wconf 84' lang='grc' dir='ltr'>αὐτοῦ.</span> 
     </span>
    </p>
   </div>
   <div class='ocr_carea' id='block_1_40' title="bbox 45 1134 840 1175">
    <p class='ocr_par' dir='ltr' id='par_1_40' title="bbox 45 1134 840 1175">
     <span class='ocr_line' id='line_1_40' title="bbox 45 1134 840 1175; baseline 0.008 -14"><span class='ocrx_word' id='word_1_318' title='bbox 45 1136 209 1171; x_wconf 79' lang='grc' dir='ltr'>Ἀνθρωπος</span> <span class='ocrx_word' id='word_1_319' title='bbox 230 1134 264 1167; x_wconf 82' lang='grc' dir='ltr'><strong>εἷ,</strong></span> <span class='ocrx_word' id='word_1_320' title='bbox 283 1136 411 1172; x_wconf 81' lang='grc' dir='ltr'><strong>ἀνωτέρω</strong></span> <span class='ocrx_word' id='word_1_321' title='bbox 431 1135 457 1163; x_wconf 84' lang='grc' dir='ltr'>εἴ</span> <span class='ocrx_word' id='word_1_322' title='bbox 473 1137 521 1163; x_wconf 82' lang='grc' dir='ltr'>τοῦ</span> <span class='ocrx_word' id='word_1_323' title='bbox 544 1137 684 1165; x_wconf 75' lang='grc' dir='ltr'>διαϐόλου“</span> <span class='ocrx_word' id='word_1_324' title='bbox 707 1140 840 1175; x_wconf 82' lang='grc' dir='ltr'>κρείττων</span> 
     </span>
    </p>
   </div>
   <div class='ocr_carea' id='block_1_41' title="bbox 41 1179 839 1220">
    <p class='ocr_par' dir='ltr' id='par_1_41' title="bbox 41 1179 839 1220">
     <span class='ocr_line' id='line_1_41' title="bbox 41 1179 839 1220; baseline 0.006 -12"><span class='ocrx_word' id='word_1_325' title='bbox 41 1182 95 1218; x_wconf 77' lang='grc' dir='ltr'>γὰρ</span> <span class='ocrx_word' id='word_1_326' title='bbox 112 1179 140 1208; x_wconf 79' lang='grc' dir='ltr'><strong>εἷ</strong></span> <span class='ocrx_word' id='word_1_327' title='bbox 151 1182 247 1215; x_wconf 79' lang='grc' dir='ltr'>αὑτοῦ,</span> <span class='ocrx_word' id='word_1_328' title='bbox 265 1183 356 1214; x_wconf 58' lang='grc' dir='ltr'>ὁποῖος</span> <span class='ocrx_word' id='word_1_329' title='bbox 373 1183 419 1209; x_wconf 76' lang='grc' dir='ltr'><strong>ἐὰν</strong></span> <span class='ocrx_word' id='word_1_330' title='bbox 435 1181 477 1220; x_wconf 80' lang='grc' dir='ltr'><strong>ᾗς·</strong></span> <span class='ocrx_word' id='word_1_331' title='bbox 496 1185 599 1216; x_wconf 82' lang='grc' dir='ltr'>ἐκεῖνος</span> <span class='ocrx_word' id='word_1_332' title='bbox 614 1185 658 1212; x_wconf 77' lang='grc' dir='ltr'>διὰ</span> <span class='ocrx_word' id='word_1_333' title='bbox 671 1186 721 1220; x_wconf 87' lang='grc' dir='ltr'>τὴν</span> <span class='ocrx_word' id='word_1_334' title='bbox 740 1187 839 1213; x_wconf 82' lang='grc' dir='ltr'>κακίαν</span> 
     </span>
    </p>
   </div>
   <div class='ocr_carea' id='block_1_42' title="bbox 41 1226 838 1267">
    <p class='ocr_par' dir='ltr' id='par_1_42' title="bbox 41 1226 838 1267">
     <span class='ocr_line' id='line_1_42' title="bbox 41 1226 838 1267; baseline 0.008 -14"><span class='ocrx_word' id='word_1_335' title='bbox 41 1228 117 1254; x_wconf 76' lang='grc' dir='ltr'>κάτω</span> <span class='ocrx_word' id='word_1_336' title='bbox 128 1229 215 1254; x_wconf 74' lang='grc' dir='ltr'>ἐστίν.</span> <span class='ocrx_word' id='word_1_337' title='bbox 244 1228 341 1263; x_wconf 76' lang='grc' dir='ltr'>Ἀνέϐη</span> <span class='ocrx_word' id='word_1_338' title='bbox 355 1226 402 1255; x_wconf 82' lang='grc' dir='ltr'>οὖν</span> <span class='ocrx_word' id='word_1_339' title='bbox 417 1229 486 1255; x_wconf 80' lang='grc' dir='ltr'>λέων</span> <span class='ocrx_word' id='word_1_340' title='bbox 502 1230 534 1255; x_wconf 78' lang='grc' dir='ltr'>ἐκ</span> <span class='ocrx_word' id='word_1_341' title='bbox 548 1230 597 1265; x_wconf 82' lang='grc' dir='ltr'>τῆς</span> <span class='ocrx_word' id='word_1_342' title='bbox 614 1231 735 1267; x_wconf 83' lang='grc' dir='ltr'>μάνδρας</span> <span class='ocrx_word' id='word_1_343' title='bbox 755 1233 838 1259; x_wconf 80' lang='grc' dir='ltr'>αὑτοῦ</span> 
     </span>
    </p>
   </div>
   <div class='ocr_carea' id='block_1_43' title="bbox 40 1273 840 1313">
    <p class='ocr_par' dir='ltr' id='par_1_43' title="bbox 40 1273 840 1313">
     <span class='ocr_line' id='line_1_43' title="bbox 40 1273 840 1313; baseline 0.006 -14"><span class='ocrx_word' id='word_1_344' title='bbox 40 1273 229 1309; x_wconf 77' lang='grc' dir='ltr'>ὲξολοθρεύειν</span> <span class='ocrx_word' id='word_1_345' title='bbox 250 1273 332 1310; x_wconf 76' lang='grc' dir='ltr'>ἔθνη·</span> <span class='ocrx_word' id='word_1_346' title='bbox 351 1275 448 1310; x_wconf 78' lang='grc' dir='ltr'>ἐξῇρεν</span> <span class='ocrx_word' id='word_1_347' title='bbox 472 1275 576 1307; x_wconf 67' lang='grc' dir='ltr'>ἀναϐὰς</span> <span class='ocrx_word' id='word_1_348' title='bbox 599 1277 630 1303; x_wconf 78' lang='grc' dir='ltr'>ἐκ</span> <span class='ocrx_word' id='word_1_349' title='bbox 652 1277 700 1312; x_wconf 83' lang='grc' dir='ltr'>τῆς</span> <span class='ocrx_word' id='word_1_350' title='bbox 719 1278 840 1313; x_wconf 84' lang='grc' dir='ltr'>μάνδρας</span> 
     </span>
    </p>
   </div>
   <div class='ocr_carea' id='block_1_44' title="bbox 39 1319 838 1359">
    <p class='ocr_par' dir='ltr' id='par_1_44' title="bbox 39 1319 838 1359">
     <span class='ocr_line' id='line_1_44' title="bbox 39 1319 838 1359; baseline 0.006 -14"><span class='ocrx_word' id='word_1_351' title='bbox 39 1319 136 1351; x_wconf 81' lang='grc' dir='ltr'>αὑτοῦ,</span> <span class='ocrx_word' id='word_1_352' title='bbox 162 1319 249 1345; x_wconf 83' lang='grc' dir='ltr'>τόπου</span> <span class='ocrx_word' id='word_1_353' title='bbox 278 1319 326 1345; x_wconf 82' lang='grc' dir='ltr'>τοῦ</span> <span class='ocrx_word' id='word_1_354' title='bbox 358 1320 457 1347; x_wconf 76' lang='grc' dir='ltr'>οίκείου</span> <span class='ocrx_word' id='word_1_355' title='bbox 477 1322 511 1356; x_wconf 83' lang='grc' dir='ltr'>τῇ</span> <span class='ocrx_word' id='word_1_356' title='bbox 535 1321 643 1348; x_wconf 82' lang='grc' dir='ltr'>κολάσει</span> <span class='ocrx_word' id='word_1_357' title='bbox 670 1322 766 1349; x_wconf 84' lang='grc' dir='ltr'><strong>ἑαυτοῦ</strong></span> <span class='ocrx_word' id='word_1_358' title='bbox 790 1324 838 1359; x_wconf 78' lang='grc'><strong>(4).</strong></span> 
     </span>
    </p>
   </div>
   <div class='ocr_carea' id='block_1_45' title="bbox 45 1365 837 1401">
    <p class='ocr_par' dir='ltr' id='par_1_45' title="bbox 45 1365 837 1401">
     <span class='ocr_line' id='line_1_45' title="bbox 45 1365 837 1401; baseline 0.005 -10"><span class='ocrx_word' id='word_1_359' title='bbox 45 1365 272 1399; x_wconf 69' lang='grc' dir='ltr'><strong>Ἔξολοθρεύων</strong></span> <span class='ocrx_word' id='word_1_360' title='bbox 281 1365 352 1400; x_wconf 74' lang='grc' dir='ltr'><strong>ἔθνη</strong></span> <span class='ocrx_word' id='word_1_361' title='bbox 365 1365 399 1398; x_wconf 81' lang='grc' dir='ltr'><strong>ἐξ</strong></span> <span class='ocrx_word' id='word_1_362' title='bbox 404 1365 482 1400; x_wconf 77' lang='grc' dir='ltr'><strong>ᾕρεν·</strong></span> <span class='ocrx_word' id='word_1_363' title='bbox 496 1367 627 1401; x_wconf 81' lang='grc' dir='ltr'><strong>ἐξῆλθεν</strong></span> <span class='ocrx_word' id='word_1_364' title='bbox 635 1368 670 1394; x_wconf 84' lang='grc' dir='ltr'>ἐκ</span> <span class='ocrx_word' id='word_1_365' title='bbox 680 1368 733 1395; x_wconf 85' lang='grc' dir='ltr'>τοῦ</span> <span class='ocrx_word' id='word_1_366' title='bbox 744 1370 837 1396; x_wconf 76' lang='grc' dir='ltr'>τόπου</span> 
     </span>
    </p>
   </div>
   <div class='ocr_carea' id='block_1_46' title="bbox 38 1410 835 1447">
    <p class='ocr_par' dir='ltr' id='par_1_46' title="bbox 38 1410 835 1447">
     <span class='ocr_line' id='line_1_46' title="bbox 38 1410 835 1447; baseline 0.005 -11"><span class='ocrx_word' id='word_1_367' title='bbox 38 1410 145 1442; x_wconf 81' lang='grc' dir='ltr'>αὐτοῦ,</span> <span class='ocrx_word' id='word_1_368' title='bbox 161 1410 257 1438; x_wconf 82' lang='grc' dir='ltr'>θεῖναι</span> <span class='ocrx_word' id='word_1_369' title='bbox 271 1410 329 1445; x_wconf 80' lang='grc' dir='ltr'><strong>τὴν</strong></span> <span class='ocrx_word' id='word_1_370' title='bbox 343 1410 403 1445; x_wconf 75' lang='grc' dir='ltr'><strong>γῆν</strong></span> <span class='ocrx_word' id='word_1_371' title='bbox 417 1418 475 1438; x_wconf 83' lang='grc' dir='ltr'>σου</span> <span class='ocrx_word' id='word_1_372' title='bbox 494 1414 538 1444; x_wconf 73' lang='grc' dir='ltr'><strong>εἰς</strong></span> <span class='ocrx_word' id='word_1_373' title='bbox 554 1412 717 1447; x_wconf 79' lang='grc' dir='ltr'><strong>ἐρήμωσιν.</strong></span> <span class='ocrx_word' id='word_1_374' title='bbox 737 1414 835 1440; x_wconf 83' lang='grc' dir='ltr'>Βούλε-</span> 
     </span>
    </p>
   </div>
   <div class='ocr_carea' id='block_1_47' title="bbox 38 1456 836 1494">
    <p class='ocr_par' dir='ltr' id='par_1_47' title="bbox 38 1456 836 1494">
     <span class='ocr_line' id='line_1_47' title="bbox 38 1456 836 1494; baseline 0.004 -11"><span class='ocrx_word' id='word_1_375' title='bbox 38 1463 81 1483; x_wconf 68' lang='lat' dir='ltr'><strong>ut.</strong></span> <span class='ocrx_word' id='word_1_376' title='bbox 95 1456 232 1483; x_wconf 77' lang='grc' dir='ltr'>εἰσελθεῖν</span> <span class='ocrx_word' id='word_1_377' title='bbox 247 1465 294 1483; x_wconf 83' lang='grc' dir='ltr'><strong>σου</strong></span> <span class='ocrx_word' id='word_1_378' title='bbox 309 1458 349 1488; x_wconf 84' lang='grc' dir='ltr'><strong>είς</strong></span> <span class='ocrx_word' id='word_1_379' title='bbox 361 1457 410 1492; x_wconf 84' lang='grc' dir='ltr'>τὴν</span> <span class='ocrx_word' id='word_1_380' title='bbox 426 1457 488 1492; x_wconf 80' lang='grc' dir='ltr'>γῆν,</span> <span class='ocrx_word' id='word_1_381' title='bbox 506 1459 571 1494; x_wconf 77' lang='grc' dir='ltr'>περὶ</span> <span class='ocrx_word' id='word_1_382' title='bbox 586 1456 620 1494; x_wconf 81' lang='grc' dir='ltr'>ἧς</span> <span class='ocrx_word' id='word_1_383' title='bbox 635 1459 760 1494; x_wconf 80' lang='grc' dir='ltr'>βραχέως</span> <span class='ocrx_word' id='word_1_384' title='bbox 778 1460 836 1486; x_wconf 77' lang='grc' dir='ltr'><strong>ἐλέ-</strong></span> 
     </span>
    </p>
   </div>
   <div class='ocr_carea' id='block_1_48' title="bbox 38 1503 836 1541">
    <p class='ocr_par' dir='ltr' id='par_1_48' title="bbox 38 1503 836 1541">
     <span class='ocr_line' id='line_1_48' title="bbox 38 1503 836 1541; baseline 0.004 -12"><span class='ocrx_word' id='word_1_385' title='bbox 38 1511 136 1538; x_wconf 82' lang='grc' dir='ltr'><strong>γομεν.</strong></span> <span class='ocrx_word' id='word_1_386' title='bbox 148 1504 285 1530; x_wconf 76' lang='grc' dir='ltr'>Ἓκαςτον</span> <span class='ocrx_word' id='word_1_387' title='bbox 299 1503 379 1539; x_wconf 83' lang='grc' dir='ltr'>ἡμῶν</span> <span class='ocrx_word' id='word_1_388' title='bbox 395 1503 518 1538; x_wconf 83' lang='grc' dir='ltr'>βούλεται</span> <span class='ocrx_word' id='word_1_389' title='bbox 535 1513 562 1530; x_wconf 87' lang='grc' dir='ltr'>νε</span> <span class='ocrx_word' id='word_1_390' title='bbox 567 1505 694 1540; x_wconf 82' lang='grc' dir='ltr'><strong>μηΘῆναι.</strong></span> <span class='ocrx_word' id='word_1_391' title='bbox 706 1506 836 1541; x_wconf 83' lang='grc' dir='ltr'>Ἔρχεται</span> 
     </span>
    </p>
   </div>
   <div class='ocr_carea' id='block_1_49' title="bbox 36 1546 837 1585">
    <p class='ocr_par' dir='ltr' id='par_1_49' title="bbox 36 1546 837 1585">
     <span class='ocr_line' id='line_1_49' title="bbox 36 1546 837 1585; baseline 0.001 -9"><span class='ocrx_word' id='word_1_392' title='bbox 36 1546 80 1576; x_wconf 77' lang='grc' dir='ltr'>οὖν</span> <span class='ocrx_word' id='word_1_393' title='bbox 93 1549 145 1576; x_wconf 79' lang='grc' dir='ltr'>τοῦ</span> <span class='ocrx_word' id='word_1_394' title='bbox 163 1548 251 1575; x_wconf 77' lang='grc' dir='ltr'>Θεῐναι</span> <span class='ocrx_word' id='word_1_395' title='bbox 264 1549 314 1584; x_wconf 76' lang='grc' dir='ltr'>τὴν</span> <span class='ocrx_word' id='word_1_396' title='bbox 327 1549 379 1584; x_wconf 83' lang='grc' dir='ltr'><strong>γῆν</strong></span> <span class='ocrx_word' id='word_1_397' title='bbox 392 1557 439 1575; x_wconf 85' lang='grc' dir='ltr'><strong>σου</strong></span> <span class='ocrx_word' id='word_1_398' title='bbox 451 1550 492 1580; x_wconf 81' lang='grc' dir='ltr'><strong>είς</strong></span> <span class='ocrx_word' id='word_1_399' title='bbox 505 1550 656 1585; x_wconf 73' lang='grc' dir='ltr'><strong>ἐρήμωσιν,</strong></span> <span class='ocrx_word' id='word_1_400' title='bbox 674 1550 713 1585; x_wconf 82' lang='grc'><strong>(5)</strong></span> <span class='ocrx_word' id='word_1_401' title='bbox 731 1550 774 1576; x_wconf 81' lang='grc' dir='ltr'>ἵνα</span> <span class='ocrx_word' id='word_1_402' title='bbox 786 1559 837 1578; x_wconf 70' lang='grc' dir='ltr'>και</span> 
     </span>
    </p>
   </div>
   <div class='ocr_carea' id='block_1_50' title="bbox 35 1594 835 1631">
    <p class='ocr_par' dir='ltr' id='par_1_50' title="bbox 35 1594 835 1631">
     <span class='ocr_line' id='line_1_50' title="bbox 35 1594 835 1631; baseline 0.004 -11"><span class='ocrx_word' id='word_1_403' title='bbox 35 1595 187 1630; x_wconf 79' lang='grc' dir='ltr'>ταπατήσῃ</span> <span class='ocrx_word' id='word_1_404' title='bbox 197 1594 232 1621; x_wconf 76' lang='grc' dir='ltr'>τὰ</span> <span class='ocrx_word' id='word_1_405' title='bbox 243 1595 389 1630; x_wconf 82' lang='grc' dir='ltr'>σπέρματα</span> <span class='ocrx_word' id='word_1_406' title='bbox 397 1595 411 1620; x_wconf 77' lang='grc' dir='ltr'>ὁ</span> <span class='ocrx_word' id='word_1_407' title='bbox 421 1594 498 1626; x_wconf 81' lang='grc' dir='ltr'>λέων,</span> <span class='ocrx_word' id='word_1_408' title='bbox 513 1595 557 1622; x_wconf 83' lang='grc' dir='ltr'>ἵνα</span> <span class='ocrx_word' id='word_1_409' title='bbox 565 1596 666 1631; x_wconf 85' lang='grc' dir='ltr'>ποιήσῃ</span> <span class='ocrx_word' id='word_1_410' title='bbox 677 1595 778 1631; x_wconf 80' lang='grc' dir='ltr'>ἔρημόν</span> <span class='ocrx_word' id='word_1_411' title='bbox 788 1605 835 1623; x_wconf 89' lang='grc' dir='ltr'><strong>σου</strong></span> 
     </span>
    </p>
   </div>
   <div class='ocr_carea' id='block_1_51' title="bbox 35 1640 835 1677">
    <p class='ocr_par' dir='ltr' id='par_1_51' title="bbox 35 1640 835 1677">
     <span class='ocr_line' id='line_1_51' title="bbox 35 1640 835 1677; baseline 0.001 -10"><span class='ocrx_word' id='word_1_412' title='bbox 35 1641 80 1677; x_wconf 82' lang='grc' dir='ltr'>τὴν</span> <span class='ocrx_word' id='word_1_413' title='bbox 87 1641 156 1676; x_wconf 84' lang='grc' dir='ltr'><strong>γῆν.</strong></span> <span class='ocrx_word' id='word_1_414' title='bbox 168 1640 225 1667; x_wconf 81' lang='lat' dir='ltr'><strong>Kal</strong></span> <span class='ocrx_word' id='word_1_415' title='bbox 237 1641 341 1673; x_wconf 72' lang='grc' dir='ltr'><strong>πόλεις</strong></span> <span class='ocrx_word' id='word_1_416' title='bbox 355 1647 414 1667; x_wconf 84' lang='grc' dir='ltr'>σου</span> <span class='ocrx_word' id='word_1_417' title='bbox 425 1640 701 1674; x_wconf 77' lang='grc' dir='ltr'>καθαιρεθήσονται,</span> <span class='ocrx_word' id='word_1_418' title='bbox 712 1641 792 1676; x_wconf 78' lang='grc' dir='ltr'><strong>παρὰ</strong></span> <span class='ocrx_word' id='word_1_419' title='bbox 801 1642 835 1668; x_wconf 87' lang='grc' dir='ltr'>τὸ</span> 
     </span>
    </p>
   </div>
   <div class='ocr_carea' id='block_1_52' title="bbox 32 1686 836 1722">
    <p class='ocr_par' dir='ltr' id='par_1_52' title="bbox 32 1686 836 1722">
     <span class='ocr_line' id='line_1_52' title="bbox 32 1686 836 1722; baseline 0.002 -8"><span class='ocrx_word' id='word_1_420' title='bbox 32 1688 72 1722; x_wconf 82' lang='grc' dir='ltr'><strong>μὴ</strong></span> <span class='ocrx_word' id='word_1_421' title='bbox 85 1687 298 1715; x_wconf 76' lang='grc' dir='ltr'>κατοικεῖσθαι</span> <span class='ocrx_word' id='word_1_422' title='bbox 315 1686 418 1719; x_wconf 81' lang='grc' dir='ltr'><strong>αὐτάς·</strong></span> <span class='ocrx_word' id='word_1_423' title='bbox 440 1687 490 1714; x_wconf 81' lang='grc' dir='ltr'><strong>ἐπὶ</strong></span> <span class='ocrx_word' id='word_1_424' title='bbox 504 1688 620 1720; x_wconf 82' lang='grc' dir='ltr'><strong>τούτοις</strong></span> <span class='ocrx_word' id='word_1_425' title='bbox 635 1688 836 1722; x_wconf 78' lang='grc' dir='ltr'>περιζώσασθε</span> 
     </span>
    </p>
   </div>
   <div class='ocr_carea' id='block_1_53' title="bbox 35 1730 834 1768">
    <p class='ocr_par' dir='ltr' id='par_1_53' title="bbox 35 1730 834 1768">
     <span class='ocr_line' id='line_1_53' title="bbox 35 1730 834 1768; baseline 0.001 -8"><span class='ocrx_word' id='word_1_426' title='bbox 35 1733 185 1765; x_wconf 77' lang='grc' dir='ltr'>σάκκους.</span> <span class='ocrx_word' id='word_1_427' title='bbox 205 1733 282 1759; x_wconf 74' lang='grc' dir='ltr'><strong>Ἐπεὶ</strong></span> <span class='ocrx_word' id='word_1_428' title='bbox 290 1730 337 1759; x_wconf 85' lang='grc' dir='ltr'>οὖν</span> <span class='ocrx_word' id='word_1_429' title='bbox 346 1732 427 1767; x_wconf 78' lang='grc' dir='ltr'>ἀνέϐη</span> <span class='ocrx_word' id='word_1_430' title='bbox 441 1732 520 1765; x_wconf 83' lang='grc' dir='ltr'>λέων,</span> <span class='ocrx_word' id='word_1_431' title='bbox 529 1734 576 1760; x_wconf 70' lang='grc' dir='ltr'><strong>καὶ</strong></span> <span class='ocrx_word' id='word_1_432' title='bbox 584 1734 692 1760; x_wconf 80' lang='grc' dir='ltr'>ἀπειλεῖ</span> <span class='ocrx_word' id='word_1_433' title='bbox 701 1742 742 1760; x_wconf 92' lang='grc' dir='ltr'>σοι</span> <span class='ocrx_word' id='word_1_434' title='bbox 755 1735 834 1768; x_wconf 81' lang='grc' dir='ltr'>λέων,</span> 
     </span>
    </p>
   </div>
   <div class='ocr_carea' id='block_1_54' title="bbox 850 1491 871 1518">
    <p class='ocr_par' dir='ltr' id='par_1_54' title="bbox 850 1491 871 1518">
     <span class='ocr_line' id='line_1_54' title="bbox 850 1491 871 1518; baseline 0 0"><span class='ocrx_word' id='word_1_435' title='bbox 850 1491 871 1518; x_wconf 89' lang='lat' dir='ltr'>C</span> 
     </span>
    </p>
   </div>
   <div class='ocr_carea' id='block_1_55' title="bbox 33 1778 833 1816">
    <p class='ocr_par' dir='ltr' id='par_1_55' title="bbox 33 1778 833 1816">
     <span class='ocr_line' id='line_1_55' title="bbox 33 1778 833 1816; baseline 0.005 -12"><span class='ocrx_word' id='word_1_436' title='bbox 33 1779 78 1805; x_wconf 67' lang='grc' dir='ltr'>καὶ</span> <span class='ocrx_word' id='word_1_437' title='bbox 86 1778 220 1814; x_wconf 80' lang='grc' dir='ltr'>βούλεταί</span> <span class='ocrx_word' id='word_1_438' title='bbox 232 1787 278 1804; x_wconf 79' lang='grc' dir='ltr'>σου</span> <span class='ocrx_word' id='word_1_439' title='bbox 287 1779 417 1811; x_wconf 74' lang='grc' dir='ltr'>ἀφανίσαι</span> <span class='ocrx_word' id='word_1_440' title='bbox 424 1779 473 1814; x_wconf 82' lang='grc' dir='ltr'>τὴν</span> <span class='ocrx_word' id='word_1_441' title='bbox 485 1779 548 1814; x_wconf 76' lang='grc' dir='ltr'>γῆν,</span> <span class='ocrx_word' id='word_1_442' title='bbox 558 1778 710 1816; x_wconf 76' lang='grc' dir='ltr'>περίζωσαι</span> <span class='ocrx_word' id='word_1_443' title='bbox 720 1779 833 1814; x_wconf 82' lang='grc' dir='ltr'>σάκκον,</span> 
     </span>
    </p>
   </div>
   <div class='ocr_carea' id='block_1_56' title="bbox 33 1822 832 1860">
    <p class='ocr_par' dir='ltr' id='par_1_56' title="bbox 33 1822 832 1860">
     <span class='ocr_line' id='line_1_56' title="bbox 33 1822 832 1860; baseline 0.004 -11"><span class='ocrx_word' id='word_1_444' title='bbox 33 1823 110 1850; x_wconf 73' lang='grc' dir='ltr'>κλαῖε</span> <span class='ocrx_word' id='word_1_445' title='bbox 123 1823 174 1850; x_wconf 73' lang='grc' dir='ltr'>καὶ</span> <span class='ocrx_word' id='word_1_446' title='bbox 188 1822 292 1854; x_wconf 81' lang='grc' dir='ltr'>πένθει,</span> <span class='ocrx_word' id='word_1_447' title='bbox 308 1823 352 1850; x_wconf 78' lang='grc' dir='ltr'>διὰ</span> <span class='ocrx_word' id='word_1_448' title='bbox 363 1823 417 1849; x_wconf 82' lang='grc' dir='ltr'>τῶν</span> <span class='ocrx_word' id='word_1_449' title='bbox 432 1823 519 1858; x_wconf 82' lang='grc' dir='ltr'>εὐχῶν</span> <span class='ocrx_word' id='word_1_450' title='bbox 531 1824 684 1860; x_wconf 82' lang='grc' dir='ltr'>παρακάλει</span> <span class='ocrx_word' id='word_1_451' title='bbox 697 1824 742 1852; x_wconf 82' lang='grc' dir='ltr'>τὸν</span> <span class='ocrx_word' id='word_1_452' title='bbox 755 1825 832 1858; x_wconf 85' lang='grc' dir='ltr'>Θεὸν,</span> 
     </span>
    </p>
   </div>
   <div class='ocr_carea' id='block_1_57' title="bbox 33 1868 832 1908">
    <p class='ocr_par' dir='ltr' id='par_1_57' title="bbox 33 1868 832 1908">
     <span class='ocr_line' id='line_1_57' title="bbox 33 1868 832 1908; baseline 0.005 -14"><span class='ocrx_word' id='word_1_453' title='bbox 33 1869 73 1895; x_wconf 78' lang='grc' dir='ltr'><strong>ἴνα</strong></span> <span class='ocrx_word' id='word_1_454' title='bbox 89 1868 193 1895; x_wconf 78' lang='grc' dir='ltr'>τοῦτον</span> <span class='ocrx_word' id='word_1_455' title='bbox 205 1868 251 1894; x_wconf 76' lang='grc' dir='ltr'>τὸν</span> <span class='ocrx_word' id='word_1_456' title='bbox 267 1869 362 1895; x_wconf 79' lang='grc' dir='ltr'>λέοντα</span> <span class='ocrx_word' id='word_1_457' title='bbox 378 1869 556 1905; x_wconf 53' lang='lat' dir='ltr'><strong>agamagam</strong></span> <span class='ocrx_word' id='word_1_458' title='bbox 576 1869 629 1896; x_wconf 80' lang='grc' dir='ltr'><strong>ἀπὸ</strong></span> <span class='ocrx_word' id='word_1_459' title='bbox 645 1870 703 1903; x_wconf 83' lang='grc' dir='ltr'>σοῦ,</span> <span class='ocrx_word' id='word_1_460' title='bbox 724 1871 770 1898; x_wconf 74' lang='grc' dir='ltr'>καὶ</span> <span class='ocrx_word' id='word_1_461' title='bbox 795 1872 832 1908; x_wconf 84' lang='grc' dir='ltr'><strong>μὴ</strong></span> 
     </span>
    </p>
   </div>
   <div class='ocr_carea' id='block_1_58' title="bbox 32 1913 833 1953">
    <p class='ocr_par' dir='ltr' id='par_1_58' title="bbox 32 1913 833 1953">
     <span class='ocr_line' id='line_1_58' title="bbox 32 1913 833 1953; baseline 0.005 -13"><span class='ocrx_word' id='word_1_462' title='bbox 32 1915 161 1951; x_wconf 79' lang='grc' dir='ltr'><strong>ἐμπέσῃς</strong></span> <span class='ocrx_word' id='word_1_463' title='bbox 179 1913 264 1941; x_wconf 83' lang='grc' dir='ltr'>αὐτοῦ</span> <span class='ocrx_word' id='word_1_464' title='bbox 277 1916 316 1946; x_wconf 85' lang='grc' dir='ltr'>εἰς</span> <span class='ocrx_word' id='word_1_465' title='bbox 332 1915 362 1941; x_wconf 84' lang='grc' dir='ltr'><strong>τὺ</strong></span> <span class='ocrx_word' id='word_1_466' title='bbox 377 1915 473 1951; x_wconf 84' lang='grc' dir='ltr'>στόμα.</span> <span class='ocrx_word' id='word_1_467' title='bbox 493 1916 548 1942; x_wconf 78' lang='grc' dir='ltr'>ὀν</span> <span class='ocrx_word' id='word_1_468' title='bbox 561 1916 675 1949; x_wconf 75' lang='grc' dir='ltr'>τρόπον</span> <span class='ocrx_word' id='word_1_469' title='bbox 690 1915 745 1953; x_wconf 86' lang='grc' dir='ltr'>γὰρ</span> <span class='ocrx_word' id='word_1_470' title='bbox 760 1917 833 1944; x_wconf 78' lang='grc' dir='ltr'>ὅταν</span> 
     </span>
    </p>
   </div>
   <div class='ocr_carea' id='block_1_59' title="bbox 31 1961 833 1997">
    <p class='ocr_par' dir='ltr' id='par_1_59' title="bbox 31 1961 833 1997">
     <span class='ocr_line' id='line_1_59' title="bbox 31 1961 833 1997; baseline 0 -7"><span class='ocrx_word' id='word_1_471' title='bbox 31 1963 179 1997; x_wconf 57' lang='grc' dir='ltr'><strong>ἔχειπάσῃ</strong></span> <span class='ocrx_word' id='word_1_472' title='bbox 207 1963 224 1989; x_wconf 79' lang='grc' dir='ltr'><em>ὁ</em></span> <span class='ocrx_word' id='word_1_473' title='bbox 251 1961 367 1996; x_wconf 77' lang='grc' dir='ltr'><strong>ποιμὴν·</strong></span> <span class='ocrx_word' id='word_1_474' title='bbox 391 1963 427 1990; x_wconf 78' lang='grc' dir='ltr'>ἐκ</span> <span class='ocrx_word' id='word_1_475' title='bbox 454 1964 604 1997; x_wconf 83' lang='grc' dir='ltr'>στόματος</span> <span class='ocrx_word' id='word_1_476' title='bbox 630 1963 755 1997; x_wconf 78' lang='grc' dir='ltr'>λέοντος</span> <span class='ocrx_word' id='word_1_477' title='bbox 778 1963 833 1991; x_wconf 79' lang='grc' dir='ltr'><strong>δύο</strong></span> 
     </span>
    </p>
   </div>
   <div class='ocr_carea' id='block_1_60' title="bbox 32 2009 831 2046">
    <p class='ocr_par' dir='ltr' id='par_1_60' title="bbox 32 2009 831 2046">
     <span class='ocr_line' id='line_1_60' title="bbox 32 2009 831 2046; baseline 0.001 -9"><span class='ocrx_word' id='word_1_478' title='bbox 32 2010 141 2043; x_wconf 75' lang='grc' dir='ltr'>σκέλη,</span> <span class='ocrx_word' id='word_1_479' title='bbox 168 2009 191 2043; x_wconf 82' lang='grc' dir='ltr'>ἢ</span> <span class='ocrx_word' id='word_1_480' title='bbox 215 2009 308 2037; x_wconf 76' lang='grc' dir='ltr'>λοϐὸν</span> <span class='ocrx_word' id='word_1_481' title='bbox 329 2009 431 2036; x_wconf 81' lang='grc' dir='ltr'>ὠτίου·</span> <span class='ocrx_word' id='word_1_482' title='bbox 458 2010 543 2041; x_wconf 80' lang='grc' dir='ltr'>οὕτως</span> <span class='ocrx_word' id='word_1_483' title='bbox 560 2011 574 2036; x_wconf 81' lang='grc' dir='ltr'><strong>ὁ</strong></span> <span class='ocrx_word' id='word_1_484' title='bbox 598 2009 667 2036; x_wconf 84' lang='grc' dir='ltr'>λέων</span> <span class='ocrx_word' id='word_1_485' title='bbox 684 2009 760 2046; x_wconf 83' lang='grc' dir='ltr'>ζητεῖ</span> <span class='ocrx_word' id='word_1_486' title='bbox 778 2009 831 2038; x_wconf 82' lang='grc' dir='ltr'>τῶν</span> 
     </span>
    </p>
   </div>
   <div class='ocr_carea' id='block_1_61' title="bbox 32 2055 832 2092">
    <p class='ocr_par' dir='ltr' id='par_1_61' title="bbox 32 2055 832 2092">
     <span class='ocr_line' id='line_1_61' title="bbox 32 2055 832 2092; baseline -0.001 -8"><span class='ocrx_word' id='word_1_487' title='bbox 32 2058 105 2084; x_wconf 77' lang='grc' dir='ltr'>ὢτων</span> <span class='ocrx_word' id='word_1_488' title='bbox 123 2065 155 2082; x_wconf 84' lang='grc' dir='ltr'><strong>σε</strong></span> <span class='ocrx_word' id='word_1_489' title='bbox 170 2055 275 2087; x_wconf 70' lang='grc' dir='ltr'>λαϐεῖν,</span> <span class='ocrx_word' id='word_1_490' title='bbox 290 2055 334 2082; x_wconf 84' lang='grc' dir='ltr'><strong>ἴνα</strong></span> <span class='ocrx_word' id='word_1_491' title='bbox 348 2055 392 2082; x_wconf 82' lang='grc' dir='ltr'><strong>διὰ</strong></span> <span class='ocrx_word' id='word_1_492' title='bbox 404 2056 454 2092; x_wconf 78' lang='grc' dir='ltr'>τῆς</span> <span class='ocrx_word' id='word_1_493' title='bbox 467 2055 587 2091; x_wconf 74' lang='grc' dir='ltr'><strong>λιχνείας</strong></span> <span class='ocrx_word' id='word_1_494' title='bbox 604 2055 641 2090; x_wconf 83' lang='grc'><strong>(6)</strong></span> <span class='ocrx_word' id='word_1_495' title='bbox 667 2064 714 2082; x_wconf 87' lang='grc' dir='ltr'><strong>σου</strong></span> <span class='ocrx_word' id='word_1_496' title='bbox 735 2056 832 2091; x_wconf 86' lang='grc' dir='ltr'>λόγους</span> 
     </span>
    </p>
   </div>
   <div class='ocr_carea' id='block_1_62' title="bbox 30 2101 829 2138">
    <p class='ocr_par' dir='ltr' id='par_1_62' title="bbox 30 2101 829 2138">
     <span class='ocr_line' id='line_1_62' title="bbox 30 2101 829 2138; baseline -0.001 -8"><span class='ocrx_word' id='word_1_497' title='bbox 30 2104 138 2138; x_wconf 64' lang='grc' dir='ltr'>ψευδεῖς</span> <span class='ocrx_word' id='word_1_498' title='bbox 155 2110 200 2129; x_wconf 87' lang='grc' dir='ltr'><strong>σοι</strong></span> <span class='ocrx_word' id='word_1_499' title='bbox 214 2101 380 2136; x_wconf 71' lang='grc' dir='ltr'>παραϐαλὼν</span> <span class='ocrx_word' id='word_1_500' title='bbox 391 2102 509 2138; x_wconf 73' lang='grc' dir='ltr'>ἐκστήσῃ</span> <span class='ocrx_word' id='word_1_501' title='bbox 521 2111 551 2128; x_wconf 84' lang='grc' dir='ltr'><strong>σε</strong></span> <span class='ocrx_word' id='word_1_502' title='bbox 563 2102 616 2128; x_wconf 73' lang='grc' dir='ltr'><strong>ἀπὸ</strong></span> <span class='ocrx_word' id='word_1_503' title='bbox 629 2102 678 2137; x_wconf 82' lang='grc' dir='ltr'>τῆς</span> <span class='ocrx_word' id='word_1_504' title='bbox 689 2102 829 2138; x_wconf 84' lang='grc' dir='ltr'>ἀληθείας.</span> 
     </span>
    </p>
   </div>
   <div class='ocr_carea' id='block_1_63' title="bbox 32 2146 869 2191">
    <p class='ocr_par' dir='ltr' id='par_1_63' title="bbox 32 2146 869 2191">
     <span class='ocr_line' id='line_1_63' title="bbox 32 2146 869 2191; baseline -0.002 -16"><span class='ocrx_word' id='word_1_505' title='bbox 32 2148 161 2175; x_wconf 78' lang='grc' dir='ltr'>Βούλεταί</span> <span class='ocrx_word' id='word_1_506' title='bbox 181 2155 229 2172; x_wconf 86' lang='grc' dir='ltr'><strong>σου</strong></span> <span class='ocrx_word' id='word_1_507' title='bbox 247 2146 301 2173; x_wconf 76' lang='grc' dir='ltr'><strong>ἀπὸ</strong></span> <span class='ocrx_word' id='word_1_508' title='bbox 315 2146 365 2181; x_wconf 81' lang='grc' dir='ltr'>τῆς</span> <span class='ocrx_word' id='word_1_509' title='bbox 380 2146 508 2182; x_wconf 76' lang='grc' dir='ltr'>ἀληθείας</span> <span class='ocrx_word' id='word_1_510' title='bbox 522 2147 645 2182; x_wconf 84' lang='grc' dir='ltr'><strong>ἁρπάσαι</strong></span> <span class='ocrx_word' id='word_1_511' title='bbox 657 2148 720 2179; x_wconf 83' lang='grc' dir='ltr'>τοὺς</span> <span class='ocrx_word' id='word_1_512' title='bbox 736 2147 829 2179; x_wconf 81' lang='grc' dir='ltr'>πόδας,</span> <span class='ocrx_word' id='word_1_513' title='bbox 846 2161 869 2191; x_wconf 75' lang='lat' dir='ltr'>D</span> 
     </span>
    </p>
   </div>
   <div class='ocr_carea' id='block_1_64' title="bbox 31 2192 830 2227">
    <p class='ocr_par' dir='ltr' id='par_1_64' title="bbox 31 2192 830 2227">
     <span class='ocr_line' id='line_1_64' title="bbox 31 2192 830 2227; baseline -0.003 -6"><span class='ocrx_word' id='word_1_514' title='bbox 31 2194 74 2220; x_wconf 77' lang='grc' dir='ltr'>καὶ</span> <span class='ocrx_word' id='word_1_515' title='bbox 84 2194 273 2227; x_wconf 72' lang='grc' dir='ltr'>καταφαγεῖν·</span> <span class='ocrx_word' id='word_1_516' title='bbox 286 2192 353 2219; x_wconf 77' lang='grc' dir='ltr'>ἀλλὰ</span> <span class='ocrx_word' id='word_1_517' title='bbox 371 2192 403 2218; x_wconf 81' lang='grc' dir='ltr'>σὺ</span> <span class='ocrx_word' id='word_1_518' title='bbox 414 2192 564 2227; x_wconf 81' lang='grc' dir='ltr'>περίζωσαι</span> <span class='ocrx_word' id='word_1_519' title='bbox 582 2193 713 2224; x_wconf 82' lang='grc' dir='ltr'>σάκκους,</span> <span class='ocrx_word' id='word_1_520' title='bbox 724 2192 772 2219; x_wconf 72' lang='grc' dir='ltr'>καὶ</span> <span class='ocrx_word' id='word_1_521' title='bbox 784 2193 830 2219; x_wconf 85' lang='grc' dir='ltr'>κό-</span> 
     </span>
    </p>
   </div>
   <div class='ocr_carea' id='block_1_65' title="bbox 31 2237 830 2274">
    <p class='ocr_par' dir='ltr' id='par_1_65' title="bbox 31 2237 830 2274">
     <span class='ocr_line' id='line_1_65' title="bbox 31 2237 830 2274; baseline -0.004 -7"><span class='ocrx_word' id='word_1_522' title='bbox 31 2249 106 2273; x_wconf 68' lang='grc' dir='ltr'>πτοι»,</span> <span class='ocrx_word' id='word_1_523' title='bbox 116 2238 255 2267; x_wconf 77' lang='grc' dir='ltr'>καὶκλαῖε</span> <span class='ocrx_word' id='word_1_524' title='bbox 263 2238 311 2265; x_wconf 83' lang='grc' dir='ltr'>καὶ</span> <span class='ocrx_word' id='word_1_525' title='bbox 327 2237 444 2270; x_wconf 79' lang='grc' dir='ltr'>ἀλάλαζε</span> <span class='ocrx_word' id='word_1_526' title='bbox 454 2238 503 2273; x_wconf 83' lang='grc' dir='ltr'>(Ἰ),</span> <span class='ocrx_word' id='word_1_527' title='bbox 514 2238 622 2273; x_wconf 81' lang='grc' dir='ltr'>βλέπων</span> <span class='ocrx_word' id='word_1_528' title='bbox 635 2238 681 2265; x_wconf 76' lang='grc' dir='ltr'>τὸν</span> <span class='ocrx_word' id='word_1_529' title='bbox 699 2238 830 2274; x_wconf 83' lang='grc' dir='ltr'>πολέμιον</span> 
     </span>
    </p>
   </div>
   <div class='ocr_carea' id='block_1_66' title="bbox 30 2284 830 2321">
    <p class='ocr_par' dir='ltr' id='par_1_66' title="bbox 30 2284 830 2321">
     <span class='ocr_line' id='line_1_66' title="bbox 30 2284 830 2321; baseline -0.005 -7"><span class='ocrx_word' id='word_1_530' title='bbox 30 2287 71 2314; x_wconf 76' lang='grc' dir='ltr'><strong>τὸν</strong></span> <span class='ocrx_word' id='word_1_531' title='bbox 86 2285 273 2320; x_wconf 76' lang='grc' dir='ltr'>ἐνεστηκότα,</span> <span class='ocrx_word' id='word_1_532' title='bbox 291 2285 335 2311; x_wconf 87' lang='grc' dir='ltr'>ἵνα</span> <span class='ocrx_word' id='word_1_533' title='bbox 348 2285 509 2320; x_wconf 78' lang='grc' dir='ltr'>ἀτωστραφῇ</span> <span class='ocrx_word' id='word_1_534' title='bbox 523 2285 608 2320; x_wconf 81' lang='grc' dir='ltr'>θυμὸς</span> <span class='ocrx_word' id='word_1_535' title='bbox 627 2285 711 2321; x_wconf 78' lang='grc' dir='ltr'>ὀργῆς</span> <span class='ocrx_word' id='word_1_536' title='bbox 727 2284 830 2320; x_wconf 82' lang='grc' dir='ltr'>Κυρίου</span> 
     </span>
    </p>
   </div>
   <div class='ocr_carea' id='block_1_67' title="bbox 30 2330 830 2366">
    <p class='ocr_par' dir='ltr' id='par_1_67' title="bbox 30 2330 830 2366">
     <span class='ocr_line' id='line_1_67' title="bbox 30 2330 830 2366; baseline -0.003 -6"><span class='ocrx_word' id='word_1_537' title='bbox 30 2334 80 2360; x_wconf 74' lang='grc' dir='ltr'>ἀπὸ</span> <span class='ocrx_word' id='word_1_538' title='bbox 96 2332 163 2364; x_wconf 68' lang='grc' dir='ltr'>σοῦ,</span> <span class='ocrx_word' id='word_1_539' title='bbox 185 2331 233 2358; x_wconf 71' lang='grc' dir='ltr'><strong>καὶ</strong></span> <span class='ocrx_word' id='word_1_540' title='bbox 249 2330 470 2366; x_wconf 80' lang='grc' dir='ltr'>ἀποστραφέντος</span> <span class='ocrx_word' id='word_1_541' title='bbox 485 2330 532 2357; x_wconf 82' lang='grc' dir='ltr'>τοῦ</span> <span class='ocrx_word' id='word_1_542' title='bbox 547 2331 643 2366; x_wconf 80' lang='grc' dir='ltr'><strong>Θυμοῦ,</strong></span> <span class='ocrx_word' id='word_1_543' title='bbox 660 2331 777 2366; x_wconf 78' lang='grc' dir='ltr'>δυνηθῇς</span> <span class='ocrx_word' id='word_1_544' title='bbox 800 2331 830 2358; x_wconf 83' lang='grc' dir='ltr'><strong>ἐν</strong></span> 
     </span>
    </p>
   </div>
   <div class='ocr_carea' id='block_1_68' title="bbox 31 2376 831 2415">
    <p class='ocr_par' dir='ltr' id='par_1_68' title="bbox 31 2376 831 2415">
     <span class='ocr_line' id='line_1_68' title="bbox 31 2376 831 2415; baseline -0.003 -11"><span class='ocrx_word' id='word_1_545' title='bbox 31 2380 110 2415; x_wconf 45' lang='lat' dir='ltr'><strong>app;</strong></span> <span class='ocrx_word' id='word_1_546' title='bbox 115 2378 185 2414; x_wconf 77' lang='grc' dir='ltr'>μνίᾳ</span> <span class='ocrx_word' id='word_1_547' title='bbox 196 2377 350 2412; x_wconf 80' lang='grc' dir='ltr'>γενόμενος,</span> <span class='ocrx_word' id='word_1_548' title='bbox 362 2377 459 2412; x_wconf 82' lang='grc' dir='ltr'>μηκέτι</span> <span class='ocrx_word' id='word_1_549' title='bbox 469 2376 516 2403; x_wconf 83' lang='grc' dir='ltr'>τοῦ</span> <span class='ocrx_word' id='word_1_550' title='bbox 524 2376 629 2408; x_wconf 74' lang='grc' dir='ltr'>λέοντος</span> <span class='ocrx_word' id='word_1_551' title='bbox 636 2377 731 2403; x_wconf 86' lang='grc' dir='ltr'>ὑπεισε</span> <span class='ocrx_word' id='word_1_552' title='bbox 736 2376 831 2412; x_wconf 87' lang='grc' dir='ltr'>ρχομέ-</span> 
     </span>
    </p>
   </div>
   <div class='ocr_carea' id='block_1_69' title="bbox 931 1004 1688 1044">
    <p class='ocr_par' dir='ltr' id='par_1_69' title="bbox 931 1004 1688 1044">
     <span class='ocr_line' id='line_1_69' title="bbox 931 1004 1688 1044; baseline 0.011 -15"><span class='ocrx_word' id='word_1_553' title='bbox 931 1004 974 1030; x_wconf 87' lang='lat' dir='ltr'><strong>l7.</strong></span> <span class='ocrx_word' id='word_1_554' title='bbox 991 1005 1115 1032; x_wconf 78' lang='lat' dir='ltr'><strong>Ascendit</strong></span> <span class='ocrx_word' id='word_1_555' title='bbox 1133 1006 1215 1040; x_wconf 73' lang='lat' dir='ltr'><strong>igitur</strong></span> <span class='ocrx_word' id='word_1_556' title='bbox 1235 1006 1275 1033; x_wconf 81' lang='lat' dir='ltr'><strong>leo</strong></span> <span class='ocrx_word' id='word_1_557' title='bbox 1291 1008 1322 1034; x_wconf 84' lang='lat' dir='ltr'><strong>de</strong></span> <span class='ocrx_word' id='word_1_558' title='bbox 1340 1008 1421 1034; x_wconf 87' lang='lat' dir='ltr'><strong>cubili</strong></span> <span class='ocrx_word' id='word_1_559' title='bbox 1437 1017 1495 1036; x_wconf 87' lang='lat' dir='ltr'><strong>suo.</strong></span> <span class='ocrx_word' id='word_1_560' title='bbox 1516 1008 1586 1036; x_wconf 85' lang='lat' dir='ltr'><strong>Ubi?</strong></span> <span class='ocrx_word' id='word_1_561' title='bbox 1600 1018 1688 1044; x_wconf 78' lang='lat' dir='ltr'><strong>quan-</strong></span> 
     </span>
    </p>
   </div>
   <div class='ocr_carea' id='block_1_70' title="bbox 893 1049 1686 1084">
    <p class='ocr_par' dir='ltr' id='par_1_70' title="bbox 893 1049 1686 1084">
     <span class='ocr_line' id='line_1_70' title="bbox 893 1049 1686 1084; baseline 0.011 -10"><span class='ocrx_word' id='word_1_562' title='bbox 893 1049 947 1075; x_wconf 77' lang='lat' dir='ltr'><strong>do?</strong></span> <span class='ocrx_word' id='word_1_563' title='bbox 969 1049 1101 1077; x_wconf 76' lang='lat' dir='ltr'><strong>Deorsum</strong></span> <span class='ocrx_word' id='word_1_564' title='bbox 1128 1051 1242 1084; x_wconf 81' lang='lat' dir='ltr'><strong>cecidit,</strong></span> <span class='ocrx_word' id='word_1_565' title='bbox 1261 1052 1288 1078; x_wconf 92' lang='lat' dir='ltr'><strong>in</strong></span> <span class='ocrx_word' id='word_1_566' title='bbox 1311 1053 1404 1080; x_wconf 87' lang='lat' dir='ltr'><strong>inlima</strong></span> <span class='ocrx_word' id='word_1_567' title='bbox 1431 1059 1509 1081; x_wconf 68' lang='lat' dir='ltr'><strong>terra:</strong></span> <span class='ocrx_word' id='word_1_568' title='bbox 1534 1055 1686 1083; x_wconf 84' lang='lat' dir='ltr'><strong>descendit.</strong></span> 
     </span>
    </p>
   </div>
   <div class='ocr_carea' id='block_1_71' title="bbox 893 1094 1686 1135">
    <p class='ocr_par' dir='ltr' id='par_1_71' title="bbox 893 1094 1686 1135">
     <span class='ocr_line' id='line_1_71' title="bbox 893 1094 1686 1135; baseline 0.014 -16"><span class='ocrx_word' id='word_1_569' title='bbox 893 1094 1017 1121; x_wconf 79' lang='lat' dir='ltr'><strong>Ascendit</strong></span> <span class='ocrx_word' id='word_1_570' title='bbox 1039 1095 1079 1122; x_wconf 86' lang='lat' dir='ltr'><strong>lea</strong></span> <span class='ocrx_word' id='word_1_571' title='bbox 1101 1096 1132 1123; x_wconf 87' lang='lat' dir='ltr'><strong>de</strong></span> <span class='ocrx_word' id='word_1_572' title='bbox 1158 1097 1239 1124; x_wconf 78' lang='lat' dir='ltr'><strong>cubili</strong></span> <span class='ocrx_word' id='word_1_573' title='bbox 1259 1107 1318 1126; x_wconf 87' lang='lat' dir='ltr'><strong>suo.</strong></span> <span class='ocrx_word' id='word_1_574' title='bbox 1340 1098 1428 1126; x_wconf 88' lang='lat' dir='ltr'><strong>Homo</strong></span> <span class='ocrx_word' id='word_1_575' title='bbox 1449 1108 1495 1133; x_wconf 87' lang='lat' dir='ltr'><strong>es,</strong></span> <span class='ocrx_word' id='word_1_576' title='bbox 1515 1102 1640 1135; x_wconf 82' lang='lat' dir='ltr'><strong>superior</strong></span> <span class='ocrx_word' id='word_1_577' title='bbox 1656 1110 1686 1130; x_wconf 87' lang='lat' dir='ltr'><strong>es</strong></span> 
     </span>
    </p>
   </div>
   <div class='ocr_carea' id='block_1_72' title="bbox 893 1139 1687 1181">
    <p class='ocr_par' dir='ltr' id='par_1_72' title="bbox 893 1139 1687 1181">
     <span class='ocr_line' id='line_1_72' title="bbox 893 1139 1687 1181; baseline 0.01 -15"><span class='ocrx_word' id='word_1_578' title='bbox 893 1139 1024 1168; x_wconf 90' lang='lat' dir='ltr'><strong>diabolo:</strong></span> <span class='ocrx_word' id='word_1_579' title='bbox 1048 1143 1223 1175; x_wconf 80' lang='lat' dir='ltr'><strong>praestantior</strong></span> <span class='ocrx_word' id='word_1_580' title='bbox 1236 1144 1308 1170; x_wconf 89' lang='lat' dir='ltr'><strong>enim</strong></span> <span class='ocrx_word' id='word_1_581' title='bbox 1332 1144 1378 1172; x_wconf 91' lang='lat' dir='ltr'><strong>illo</strong></span> <span class='ocrx_word' id='word_1_582' title='bbox 1393 1152 1422 1172; x_wconf 89' lang='lat' dir='ltr'><strong>es</strong></span> <span class='ocrx_word' id='word_1_583' title='bbox 1443 1146 1602 1181; x_wconf 84' lang='lat' dir='ltr'><strong>quicunque</strong></span> <span class='ocrx_word' id='word_1_584' title='bbox 1628 1151 1687 1174; x_wconf 80' lang='lat' dir='ltr'><strong>tan-</strong></span> 
     </span>
    </p>
   </div>
   <div class='ocr_carea' id='block_1_73' title="bbox 892 1185 1685 1223">
    <p class='ocr_par' dir='ltr' id='par_1_73' title="bbox 892 1185 1685 1223">
     <span class='ocr_line' id='line_1_73' title="bbox 892 1185 1685 1223; baseline 0.011 -11"><span class='ocrx_word' id='word_1_585' title='bbox 892 1185 953 1212; x_wconf 89' lang='lat' dir='ltr'><strong>dem</strong></span> <span class='ocrx_word' id='word_1_586' title='bbox 976 1187 1093 1214; x_wconf 90' lang='lat' dir='ltr'><strong>sis:ille</strong></span> <span class='ocrx_word' id='word_1_587' title='bbox 1116 1190 1150 1214; x_wconf 89' lang='lat' dir='ltr'><strong>oh</strong></span> <span class='ocrx_word' id='word_1_588' title='bbox 1171 1189 1302 1216; x_wconf 79' lang='lat' dir='ltr'><strong>malitiam</strong></span> <span class='ocrx_word' id='word_1_589' title='bbox 1326 1191 1454 1218; x_wconf 78' lang='lat' dir='ltr'><strong>deorsum</strong></span> <span class='ocrx_word' id='word_1_590' title='bbox 1477 1197 1528 1219; x_wconf 90' lang='lat' dir='ltr'><strong>cst.</strong></span> <span class='ocrx_word' id='word_1_591' title='bbox 1555 1192 1685 1223; x_wconf 77' lang='lat' dir='ltr'><strong>Ascendit</strong></span> 
     </span>
    </p>
   </div>
   <div class='ocr_carea' id='block_1_74' title="bbox 891 1231 1684 1273">
    <p class='ocr_par' dir='ltr' id='par_1_74' title="bbox 891 1231 1684 1273">
     <span class='ocr_line' id='line_1_74' title="bbox 891 1231 1684 1273; baseline 0.011 -16"><span class='ocrx_word' id='word_1_592' title='bbox 891 1231 974 1266; x_wconf 77' lang='lat' dir='ltr'><strong>igitur</strong></span> <span class='ocrx_word' id='word_1_593' title='bbox 985 1233 1027 1259; x_wconf 87' lang='lat' dir='ltr'><strong>leo</strong></span> <span class='ocrx_word' id='word_1_594' title='bbox 1040 1233 1073 1260; x_wconf 88' lang='lat' dir='ltr'><strong>de</strong></span> <span class='ocrx_word' id='word_1_595' title='bbox 1086 1233 1167 1260; x_wconf 89' lang='lat' dir='ltr'><strong>cubili</strong></span> <span class='ocrx_word' id='word_1_596' title='bbox 1184 1242 1251 1265; x_wconf 87' lang='lat' dir='ltr'><strong>suo.</strong></span> <span class='ocrx_word' id='word_1_597' title='bbox 1273 1240 1303 1262; x_wconf 89' lang='lat' dir='ltr'><strong>ut</strong></span> <span class='ocrx_word' id='word_1_598' title='bbox 1323 1238 1485 1264; x_wconf 73' lang='lat' dir='ltr'><strong>cxterminet</strong></span> <span class='ocrx_word' id='word_1_599' title='bbox 1500 1243 1594 1273; x_wconf 80' lang='lat' dir='ltr'><strong>gentes</strong></span> <span class='ocrx_word' id='word_1_600' title='bbox 1613 1247 1619 1264; x_wconf 89' lang='lat'>:</span> <span class='ocrx_word' id='word_1_601' title='bbox 1635 1247 1684 1266; x_wconf 78' lang='lat' dir='ltr'><strong>cx-</strong></span> 
     </span>
    </p>
   </div>
   <div class='ocr_carea' id='block_1_75' title="bbox 891 1277 1684 1318">
    <p class='ocr_par' dir='ltr' id='par_1_75' title="bbox 891 1277 1684 1318">
     <span class='ocr_line' id='line_1_75' title="bbox 891 1277 1684 1318; baseline 0.013 -16"><span class='ocrx_word' id='word_1_602' title='bbox 891 1277 952 1304; x_wconf 91' lang='lat' dir='ltr'><strong>tulit</strong></span> <span class='ocrx_word' id='word_1_603' title='bbox 965 1285 994 1304; x_wconf 88' lang='lat' dir='ltr'><strong>se</strong></span> <span class='ocrx_word' id='word_1_604' title='bbox 1005 1279 1157 1305; x_wconf 84' lang='lat' dir='ltr'><strong>ascendens</strong></span> <span class='ocrx_word' id='word_1_605' title='bbox 1173 1280 1206 1306; x_wconf 89' lang='lat' dir='ltr'><strong>de</strong></span> <span class='ocrx_word' id='word_1_606' title='bbox 1219 1281 1301 1308; x_wconf 88' lang='lat' dir='ltr'><strong>cubili</strong></span> <span class='ocrx_word' id='word_1_607' title='bbox 1317 1289 1376 1314; x_wconf 89' lang='lat' dir='ltr'><strong>stto,</strong></span> <span class='ocrx_word' id='word_1_608' title='bbox 1392 1282 1454 1309; x_wconf 90' lang='lat' dir='ltr'><strong>loco</strong></span> <span class='ocrx_word' id='word_1_609' title='bbox 1470 1284 1611 1318; x_wconf 83' lang='lat' dir='ltr'><strong>suppliciis</strong></span> <span class='ocrx_word' id='word_1_610' title='bbox 1626 1286 1684 1313; x_wconf 82' lang='lat' dir='ltr'><strong>stris</strong></span> 
     </span>
    </p>
   </div>
   <div class='ocr_carea' id='block_1_76' title="bbox 890 1321 1685 1360">
    <p class='ocr_par' dir='ltr' id='par_1_76' title="bbox 890 1321 1685 1360">
     <span class='ocr_line' id='line_1_76' title="bbox 890 1321 1685 1360; baseline 0.014 -13"><span class='ocrx_word' id='word_1_611' title='bbox 890 1321 998 1349; x_wconf 86' lang='lat' dir='ltr'><strong>idoneo.</strong></span> <span class='ocrx_word' id='word_1_612' title='bbox 1025 1323 1215 1352; x_wconf 72' lang='lat' dir='ltr'><strong>Exterminous</strong></span> <span class='ocrx_word' id='word_1_613' title='bbox 1240 1331 1327 1360; x_wconf 78' lang='lat' dir='ltr'><strong>gentes</strong></span> <span class='ocrx_word' id='word_1_614' title='bbox 1352 1327 1446 1355; x_wconf 79' lang='lat' dir='ltr'><strong>levavit</strong></span> <span class='ocrx_word' id='word_1_615' title='bbox 1472 1337 1524 1356; x_wconf 83' lang='lat' dir='ltr'><strong>se:</strong></span> <span class='ocrx_word' id='word_1_616' title='bbox 1548 1331 1627 1357; x_wconf 68' lang='lat' dir='ltr'><strong>cairit</strong></span> <span class='ocrx_word' id='word_1_617' title='bbox 1652 1333 1685 1360; x_wconf 83' lang='lat' dir='ltr'><strong>de</strong></span> 
     </span>
    </p>
   </div>
   <div class='ocr_carea' id='block_1_77' title="bbox 890 1367 1681 1406">
    <p class='ocr_par' dir='ltr' id='par_1_77' title="bbox 890 1367 1681 1406">
     <span class='ocr_line' id='line_1_77' title="bbox 890 1367 1681 1406; baseline 0.014 -12"><span class='ocrx_word' id='word_1_618' title='bbox 890 1367 946 1395; x_wconf 84' lang='lat' dir='ltr'><strong>loco</strong></span> <span class='ocrx_word' id='word_1_619' title='bbox 965 1377 1013 1396; x_wconf 71' lang='lat' dir='ltr'><strong>sua</strong></span> <span class='ocrx_word' id='word_1_620' title='bbox 1039 1375 1067 1396; x_wconf 87' lang='lat' dir='ltr'><strong>ut</strong></span> <span class='ocrx_word' id='word_1_621' title='bbox 1085 1377 1166 1405; x_wconf 83' lang='lat' dir='ltr'><strong>ponat</strong></span> <span class='ocrx_word' id='word_1_622' title='bbox 1195 1377 1293 1399; x_wconf 83' lang='lat' dir='ltr'><strong>terram</strong></span> <span class='ocrx_word' id='word_1_623' title='bbox 1317 1378 1390 1400; x_wconf 82' lang='lat' dir='ltr'><strong>luant</strong></span> <span class='ocrx_word' id='word_1_624' title='bbox 1412 1376 1440 1401; x_wconf 89' lang='lat' dir='ltr'><strong>in</strong></span> <span class='ocrx_word' id='word_1_625' title='bbox 1459 1375 1628 1404; x_wconf 83' lang='lat' dir='ltr'><strong>solitudinem</strong></span> <span class='ocrx_word' id='word_1_626' title='bbox 1649 1379 1681 1406; x_wconf 75' lang='lat'><strong>&quot;.</strong></span> 
     </span>
    </p>
   </div>
   <div class='ocr_carea' id='block_1_78' title="bbox 892 1413 1683 1454">
    <p class='ocr_par' dir='ltr' id='par_1_78' title="bbox 892 1413 1683 1454">
     <span class='ocr_line' id='line_1_78' title="bbox 892 1413 1683 1454; baseline 0.014 -14"><span class='ocrx_word' id='word_1_627' title='bbox 892 1413 954 1442; x_wconf 87' lang='lat' dir='ltr'><strong>Vult</strong></span> <span class='ocrx_word' id='word_1_628' title='bbox 979 1415 1105 1443; x_wconf 82' lang='lat' dir='ltr'><strong>invadere</strong></span> <span class='ocrx_word' id='word_1_629' title='bbox 1122 1421 1222 1444; x_wconf 85' lang='lat' dir='ltr'><strong>terram</strong></span> <span class='ocrx_word' id='word_1_630' title='bbox 1246 1419 1279 1445; x_wconf 92' lang='lat' dir='ltr'><strong>de</strong></span> <span class='ocrx_word' id='word_1_631' title='bbox 1294 1427 1346 1454; x_wconf 85' lang='lat' dir='ltr'><strong>qua</strong></span> <span class='ocrx_word' id='word_1_632' title='bbox 1371 1421 1451 1454; x_wconf 87' lang='lat' dir='ltr'><strong>paulo</strong></span> <span class='ocrx_word' id='word_1_633' title='bbox 1474 1427 1552 1449; x_wconf 81' lang='lat' dir='ltr'><strong>antea</strong></span> <span class='ocrx_word' id='word_1_634' title='bbox 1574 1423 1683 1451; x_wconf 70' lang='lat' dir='ltr'><strong>diceba-</strong></span> 
     </span>
    </p>
   </div>
   <div class='ocr_carea' id='block_1_79' title="bbox 891 1461 1682 1500">
    <p class='ocr_par' dir='ltr' id='par_1_79' title="bbox 891 1461 1682 1500">
     <span class='ocr_line' id='line_1_79' title="bbox 891 1461 1682 1500; baseline 0.01 -12"><span class='ocrx_word' id='word_1_635' title='bbox 891 1470 962 1489; x_wconf 90' lang='lat' dir='ltr'><strong>mus.</strong></span> <span class='ocrx_word' id='word_1_636' title='bbox 978 1461 1209 1498; x_wconf 87' lang='lat' dir='ltr'><strong>Unumquemque</strong></span> <span class='ocrx_word' id='word_1_637' title='bbox 1225 1469 1350 1491; x_wconf 75' lang='lat' dir='ltr'><strong>ucstrum</strong></span> <span class='ocrx_word' id='word_1_638' title='bbox 1362 1466 1420 1492; x_wconf 77' lang='lat' dir='ltr'><strong>vult</strong></span> <span class='ocrx_word' id='word_1_639' title='bbox 1432 1467 1588 1500; x_wconf 78' lang='lat' dir='ltr'><strong>depascere.</strong></span> <span class='ocrx_word' id='word_1_640' title='bbox 1603 1467 1682 1496; x_wconf 82' lang='lat' dir='ltr'><strong>Vertit</strong></span> 
     </span>
    </p>
   </div>
   <div class='ocr_carea' id='block_1_80' title="bbox 890 1509 1682 1548">
    <p class='ocr_par' dir='ltr' id='par_1_80' title="bbox 890 1509 1682 1548">
     <span class='ocr_line' id='line_1_80' title="bbox 890 1509 1682 1548; baseline 0.01 -13"><span class='ocrx_word' id='word_1_641' title='bbox 890 1509 981 1544; x_wconf 86' lang='lat' dir='ltr'><strong>itaque</strong></span> <span class='ocrx_word' id='word_1_642' title='bbox 997 1513 1028 1536; x_wconf 86' lang='lat' dir='ltr'><strong>ut</strong></span> <span class='ocrx_word' id='word_1_643' title='bbox 1054 1514 1138 1544; x_wconf 85' lang='lat' dir='ltr'><strong>ponat</strong></span> <span class='ocrx_word' id='word_1_644' title='bbox 1163 1515 1263 1537; x_wconf 86' lang='lat' dir='ltr'><strong>terram</strong></span> <span class='ocrx_word' id='word_1_645' title='bbox 1293 1516 1365 1538; x_wconf 89' lang='lat' dir='ltr'><strong>tuam</strong></span> <span class='ocrx_word' id='word_1_646' title='bbox 1390 1513 1416 1539; x_wconf 88' lang='lat' dir='ltr'><strong>itt</strong></span> <span class='ocrx_word' id='word_1_647' title='bbox 1441 1514 1628 1548; x_wconf 85' lang='lat' dir='ltr'><strong>solitudinem,</strong></span> <span class='ocrx_word' id='word_1_648' title='bbox 1651 1521 1682 1543; x_wconf 81' lang='lat' dir='ltr'><strong>ut</strong></span> 
     </span>
    </p>
   </div>
   <div class='ocr_carea' id='block_1_81' title="bbox 889 1555 1682 1589">
    <p class='ocr_par' dir='ltr' id='par_1_81' title="bbox 889 1555 1682 1589">
     <span class='ocr_line' id='line_1_81' title="bbox 889 1555 1682 1589; baseline 0.008 -7"><span class='ocrx_word' id='word_1_649' title='bbox 889 1555 994 1582; x_wconf 83' lang='lat' dir='ltr'><strong>semina</strong></span> <span class='ocrx_word' id='word_1_650' title='bbox 1014 1556 1156 1583; x_wconf 84' lang='lat' dir='ltr'><strong>conculcet</strong></span> <span class='ocrx_word' id='word_1_651' title='bbox 1174 1557 1225 1589; x_wconf 83' lang='lat' dir='ltr'><strong>leo,</strong></span> <span class='ocrx_word' id='word_1_652' title='bbox 1240 1562 1270 1584; x_wconf 95' lang='lat' dir='ltr'><strong>ut</strong></span> <span class='ocrx_word' id='word_1_653' title='bbox 1291 1557 1372 1585; x_wconf 79' lang='lat' dir='ltr'><strong>faciat</strong></span> <span class='ocrx_word' id='word_1_654' title='bbox 1389 1563 1489 1586; x_wconf 88' lang='lat' dir='ltr'><strong>terram</strong></span> <span class='ocrx_word' id='word_1_655' title='bbox 1509 1566 1581 1587; x_wconf 89' lang='lat' dir='ltr'><strong>tuam</strong></span> <span class='ocrx_word' id='word_1_656' title='bbox 1602 1562 1682 1588; x_wconf 79' lang='lat' dir='ltr'><strong>deso-</strong></span> 
     </span>
    </p>
   </div>
   <div class='ocr_carea' id='block_1_82' title="bbox 888 1601 1678 1641">
    <p class='ocr_par' dir='ltr' id='par_1_82' title="bbox 888 1601 1678 1641">
     <span class='ocr_line' id='line_1_82' title="bbox 888 1601 1678 1641; baseline 0.008 -14"><span class='ocrx_word' id='word_1_657' title='bbox 888 1601 983 1628; x_wconf 88' lang='lat' dir='ltr'><strong>latam.</strong></span> <span class='ocrx_word' id='word_1_658' title='bbox 1001 1601 1034 1628; x_wconf 84' lang='lat' dir='ltr'><strong>Et</strong></span> <span class='ocrx_word' id='word_1_659' title='bbox 1061 1602 1180 1629; x_wconf 82' lang='lat' dir='ltr'><strong>civitates</strong></span> <span class='ocrx_word' id='word_1_660' title='bbox 1204 1608 1256 1630; x_wconf 73' lang='lat' dir='ltr'><strong>tute</strong></span> <span class='ocrx_word' id='word_1_661' title='bbox 1279 1603 1464 1637; x_wconf 73' lang='lat' dir='ltr'><strong>destruentur,</strong></span> <span class='ocrx_word' id='word_1_662' title='bbox 1488 1614 1517 1632; x_wconf 91' lang='lat' dir='ltr'><strong>eo</strong></span> <span class='ocrx_word' id='word_1_663' title='bbox 1541 1606 1678 1641; x_wconf 82' lang='lat' dir='ltr'><strong>quodnon</strong></span> 
     </span>
    </p>
   </div>
   <div class='ocr_carea' id='block_1_83' title="bbox 887 1645 1678 1684">
    <p class='ocr_par' dir='ltr' id='par_1_83' title="bbox 887 1645 1678 1684">
     <span class='ocr_line' id='line_1_83' title="bbox 887 1645 1678 1684; baseline 0.008 -12"><span class='ocrx_word' id='word_1_664' title='bbox 887 1645 1038 1673; x_wconf 82' lang='lat' dir='ltr'><strong>habitentar</strong></span> <span class='ocrx_word' id='word_1_665' title='bbox 1054 1653 1063 1673; x_wconf 90' lang='lat'><em>:</em></span> <span class='ocrx_word' id='word_1_666' title='bbox 1084 1655 1163 1681; x_wconf 83' lang='lat' dir='ltr'><strong>super</strong></span> <span class='ocrx_word' id='word_1_667' title='bbox 1188 1648 1228 1674; x_wconf 83' lang='lat' dir='ltr'><strong>Itis</strong></span> <span class='ocrx_word' id='word_1_668' title='bbox 1254 1649 1381 1684; x_wconf 77' lang='lat' dir='ltr'><strong>accingite</strong></span> <span class='ocrx_word' id='word_1_669' title='bbox 1395 1658 1438 1676; x_wconf 78' lang='lat' dir='ltr'><strong>vos</strong></span> <span class='ocrx_word' id='word_1_670' title='bbox 1455 1650 1550 1677; x_wconf 78' lang='lat' dir='ltr'><strong>ciliciis</strong></span> <span class='ocrx_word' id='word_1_671' title='bbox 1564 1651 1596 1677; x_wconf 75' lang='grc'><strong>³³.</strong></span> <span class='ocrx_word' id='word_1_672' title='bbox 1611 1652 1678 1678; x_wconf 89' lang='lat' dir='ltr'><strong>Cum</strong></span> 
     </span>
    </p>
   </div>
   <div class='ocr_carea' id='block_1_84' title="bbox 887 1692 1679 1728">
    <p class='ocr_par' dir='ltr' id='par_1_84' title="bbox 887 1692 1679 1728">
     <span class='ocr_line' id='line_1_84' title="bbox 887 1692 1679 1728; baseline 0.008 -10"><span class='ocrx_word' id='word_1_673' title='bbox 887 1692 970 1725; x_wconf 75' lang='lat' dir='ltr'><strong>igitur</strong></span> <span class='ocrx_word' id='word_1_674' title='bbox 992 1693 1146 1719; x_wconf 80' lang='lat' dir='ltr'><strong>ascenderit</strong></span> <span class='ocrx_word' id='word_1_675' title='bbox 1171 1693 1224 1724; x_wconf 83' lang='lat' dir='ltr'><strong>leo.</strong></span> <span class='ocrx_word' id='word_1_676' title='bbox 1248 1699 1273 1721; x_wconf 84' lang='lat' dir='ltr'><strong>et</strong></span> <span class='ocrx_word' id='word_1_677' title='bbox 1294 1695 1412 1722; x_wconf 91' lang='lat' dir='ltr'><strong>minetur</strong></span> <span class='ocrx_word' id='word_1_678' title='bbox 1435 1696 1483 1723; x_wconf 82' lang='lat' dir='ltr'><strong>tibi</strong></span> <span class='ocrx_word' id='word_1_679' title='bbox 1501 1697 1557 1728; x_wconf 77' lang='lat' dir='ltr'><strong>leo,</strong></span> <span class='ocrx_word' id='word_1_680' title='bbox 1573 1701 1600 1723; x_wconf 89' lang='lat' dir='ltr'><strong>et</strong></span> <span class='ocrx_word' id='word_1_681' title='bbox 1616 1697 1679 1724; x_wconf 76' lang='lat' dir='ltr'><strong>velit</strong></span> 
     </span>
    </p>
   </div>
   <div class='ocr_carea' id='block_1_85' title="bbox 886 1738 1679 1777">
    <p class='ocr_par' dir='ltr' id='par_1_85' title="bbox 886 1738 1679 1777">
     <span class='ocr_line' id='line_1_85' title="bbox 886 1738 1679 1777; baseline 0.008 -13"><span class='ocrx_word' id='word_1_682' title='bbox 886 1738 995 1765; x_wconf 88' lang='lat' dir='ltr'><strong>abolere</strong></span> <span class='ocrx_word' id='word_1_683' title='bbox 1018 1742 1116 1765; x_wconf 85' lang='lat' dir='ltr'><strong>terram</strong></span> <span class='ocrx_word' id='word_1_684' title='bbox 1142 1744 1232 1772; x_wconf 87' lang='lat' dir='ltr'><strong>tuam,</strong></span> <span class='ocrx_word' id='word_1_685' title='bbox 1258 1741 1399 1775; x_wconf 79' lang='lat' dir='ltr'><strong>accingere</strong></span> <span class='ocrx_word' id='word_1_686' title='bbox 1426 1743 1526 1773; x_wconf 81' lang='lat' dir='ltr'><strong>cilicio,</strong></span> <span class='ocrx_word' id='word_1_687' title='bbox 1553 1743 1629 1777; x_wconf 88' lang='lat' dir='ltr'><strong>plora</strong></span> <span class='ocrx_word' id='word_1_688' title='bbox 1652 1748 1679 1770; x_wconf 86' lang='lat' dir='ltr'><strong>et</strong></span> 
     </span>
    </p>
   </div>
   <div class='ocr_carea' id='block_1_86' title="bbox 885 1781 1679 1819">
    <p class='ocr_par' dir='ltr' id='par_1_86' title="bbox 885 1781 1679 1819">
     <span class='ocr_line' id='line_1_86' title="bbox 885 1781 1679 1819; baseline 0.01 -11"><span class='ocrx_word' id='word_1_689' title='bbox 885 1781 956 1815; x_wconf 80' lang='lat' dir='ltr'><strong>dole,</strong></span> <span class='ocrx_word' id='word_1_690' title='bbox 973 1783 1100 1818; x_wconf 88' lang='lat' dir='ltr'><strong>precibus</strong></span> <span class='ocrx_word' id='word_1_691' title='bbox 1115 1791 1163 1819; x_wconf 76' lang='lat' dir='ltr'><strong>age</strong></span> <span class='ocrx_word' id='word_1_692' title='bbox 1177 1792 1239 1811; x_wconf 89' lang='lat' dir='ltr'><strong>cum</strong></span> <span class='ocrx_word' id='word_1_693' title='bbox 1255 1785 1319 1817; x_wconf 76' lang='lat' dir='ltr'><strong>Deo.</strong></span> <span class='ocrx_word' id='word_1_694' title='bbox 1337 1791 1366 1813; x_wconf 93' lang='lat' dir='ltr'><strong>ut</strong></span> <span class='ocrx_word' id='word_1_695' title='bbox 1379 1788 1482 1814; x_wconf 84' lang='lat' dir='ltr'><strong>leonem</strong></span> <span class='ocrx_word' id='word_1_696' title='bbox 1501 1789 1573 1816; x_wconf 85' lang='lat' dir='ltr'><strong>hunc</strong></span> <span class='ocrx_word' id='word_1_697' title='bbox 1590 1795 1679 1816; x_wconf 85' lang='lat' dir='ltr'><strong>exter-</strong></span> 
     </span>
    </p>
   </div>
   <div class='ocr_carea' id='block_1_87' title="bbox 886 1827 1677 1866">
    <p class='ocr_par' dir='ltr' id='par_1_87' title="bbox 886 1827 1677 1866">
     <span class='ocr_line' id='line_1_87' title="bbox 886 1827 1677 1866; baseline 0.011 -13"><span class='ocrx_word' id='word_1_698' title='bbox 886 1827 971 1854; x_wconf 89' lang='lat' dir='ltr'><strong>minet</strong></span> <span class='ocrx_word' id='word_1_699' title='bbox 988 1836 1003 1855; x_wconf 88' lang='lat' dir='ltr'><strong>a</strong></span> <span class='ocrx_word' id='word_1_700' title='bbox 1024 1833 1059 1860; x_wconf 77' lang='lat' dir='ltr'><strong>te,</strong></span> <span class='ocrx_word' id='word_1_701' title='bbox 1071 1834 1098 1856; x_wconf 87' lang='lat' dir='ltr'><strong>et</strong></span> <span class='ocrx_word' id='word_1_702' title='bbox 1115 1831 1140 1856; x_wconf 91' lang='lat' dir='ltr'><strong>in</strong></span> <span class='ocrx_word' id='word_1_703' title='bbox 1159 1838 1190 1857; x_wconf 89' lang='lat' dir='ltr'><strong>os</strong></span> <span class='ocrx_word' id='word_1_704' title='bbox 1207 1831 1266 1865; x_wconf 86' lang='lat' dir='ltr'><strong>ejus</strong></span> <span class='ocrx_word' id='word_1_705' title='bbox 1290 1839 1342 1858; x_wconf 90' lang='lat' dir='ltr'><strong>non</strong></span> <span class='ocrx_word' id='word_1_706' title='bbox 1366 1833 1480 1860; x_wconf 85' lang='lat' dir='ltr'><strong>incidas.</strong></span> <span class='ocrx_word' id='word_1_707' title='bbox 1497 1833 1677 1866; x_wconf 78' lang='lat' dir='ltr'><strong>Quemadmo-</strong></span> 
     </span>
    </p>
   </div>
   <div class='ocr_carea' id='block_1_88' title="bbox 885 1871 1676 1911">
    <p class='ocr_par' dir='ltr' id='par_1_88' title="bbox 885 1871 1676 1911">
     <span class='ocr_line' id='line_1_88' title="bbox 885 1871 1676 1911; baseline 0.013 -14"><span class='ocrx_word' id='word_1_708' title='bbox 885 1871 949 1898; x_wconf 81' lang='lat' dir='ltr'><strong>dum</strong></span> <span class='ocrx_word' id='word_1_709' title='bbox 974 1873 1046 1900; x_wconf 89' lang='lat' dir='ltr'><strong>enim</strong></span> <span class='ocrx_word' id='word_1_710' title='bbox 1071 1882 1130 1900; x_wconf 84' lang='lat' dir='ltr'><strong>cum</strong></span> <span class='ocrx_word' id='word_1_711' title='bbox 1154 1876 1270 1902; x_wconf 72' lang='lat' dir='ltr'><strong>extra/tit</strong></span> <span class='ocrx_word' id='word_1_712' title='bbox 1287 1883 1379 1911; x_wconf 86' lang='lat' dir='ltr'><strong>pastor</strong></span> <span class='ocrx_word' id='word_1_713' title='bbox 1402 1878 1433 1905; x_wconf 86' lang='lat' dir='ltr'><strong>de</strong></span> <span class='ocrx_word' id='word_1_714' title='bbox 1454 1887 1498 1905; x_wconf 85' lang='lat' dir='ltr'><strong>ore</strong></span> <span class='ocrx_word' id='word_1_715' title='bbox 1521 1880 1602 1907; x_wconf 83' lang='lat' dir='ltr'><strong>leonis</strong></span> <span class='ocrx_word' id='word_1_716' title='bbox 1624 1881 1676 1908; x_wconf 84' lang='lat' dir='ltr'><strong>duo</strong></span> 
     </span>
    </p>
   </div>
   <div class='ocr_carea' id='block_1_89' title="bbox 883 1921 1676 1959">
    <p class='ocr_par' dir='ltr' id='par_1_89' title="bbox 883 1921 1676 1959">
     <span class='ocr_line' id='line_1_89' title="bbox 883 1921 1676 1959; baseline 0.011 -17"><span class='ocrx_word' id='word_1_717' title='bbox 883 1923 964 1943; x_wconf 85' lang='lat' dir='ltr'><strong>crura</strong></span> <span class='ocrx_word' id='word_1_718' title='bbox 980 1922 1025 1943; x_wconf 73' lang='lat' dir='ltr'><strong>aut</strong></span> <span class='ocrx_word' id='word_1_719' title='bbox 1049 1923 1195 1945; x_wconf 71' lang='lat' dir='ltr'><strong>extremum</strong></span> <span class='ocrx_word' id='word_1_720' title='bbox 1216 1921 1344 1947; x_wconf 76' lang='lat' dir='ltr'><strong>auricula:</strong></span> <span class='ocrx_word' id='word_1_721' title='bbox 1357 1922 1390 1953; x_wconf 77' lang='grc'><strong>³⁸,</strong></span> <span class='ocrx_word' id='word_1_722' title='bbox 1406 1922 1442 1949; x_wconf 88' lang='lat' dir='ltr'><strong>ita</strong></span> <span class='ocrx_word' id='word_1_723' title='bbox 1458 1923 1502 1950; x_wconf 92' lang='lat' dir='ltr'><strong>hic</strong></span> <span class='ocrx_word' id='word_1_724' title='bbox 1519 1924 1560 1950; x_wconf 90' lang='lat' dir='ltr'><strong>leo</strong></span> <span class='ocrx_word' id='word_1_725' title='bbox 1579 1926 1676 1959; x_wconf 58' lang='lat' dir='ltr'><strong>quierit</strong></span> 
     </span>
    </p>
   </div>
   <div class='ocr_carea' id='block_1_90' title="bbox 884 1962 1675 2000">
    <p class='ocr_par' dir='ltr' id='par_1_90' title="bbox 884 1962 1675 2000">
     <span class='ocr_line' id='line_1_90' title="bbox 884 1962 1675 2000; baseline 0.011 -12"><span class='ocrx_word' id='word_1_726' title='bbox 884 1962 998 1989; x_wconf 88' lang='lat' dir='ltr'><strong>auribus</strong></span> <span class='ocrx_word' id='word_1_727' title='bbox 1011 1967 1037 1990; x_wconf 89' lang='lat' dir='ltr'><strong>te</strong></span> <span class='ocrx_word' id='word_1_728' title='bbox 1052 1965 1184 1998; x_wconf 82' lang='lat' dir='ltr'><strong>arripere,</strong></span> <span class='ocrx_word' id='word_1_729' title='bbox 1204 1969 1233 1992; x_wconf 94' lang='lat' dir='ltr'><strong>ut</strong></span> <span class='ocrx_word' id='word_1_730' title='bbox 1251 1973 1298 2000; x_wconf 85' lang='lat' dir='ltr'><strong>per</strong></span> <span class='ocrx_word' id='word_1_731' title='bbox 1315 1967 1501 1994; x_wconf 84' lang='lat' dir='ltr'><strong>curiositatem</strong></span> <span class='ocrx_word' id='word_1_732' title='bbox 1520 1973 1594 1996; x_wconf 88' lang='lat' dir='ltr'><strong>tuam</strong></span> <span class='ocrx_word' id='word_1_733' title='bbox 1615 1977 1675 1997; x_wconf 85' lang='lat' dir='ltr'><strong>ser-</strong></span> 
     </span>
    </p>
   </div>
   <div class='ocr_carea' id='block_1_91' title="bbox 883 2008 1672 2042">
    <p class='ocr_par' dir='ltr' id='par_1_91' title="bbox 883 2008 1672 2042">
     <span class='ocr_line' id='line_1_91' title="bbox 883 2008 1672 2042; baseline 0.01 -8"><span class='ocrx_word' id='word_1_734' title='bbox 883 2008 1012 2035; x_wconf 87' lang='lat' dir='ltr'><strong>monibus</strong></span> <span class='ocrx_word' id='word_1_735' title='bbox 1027 2013 1052 2036; x_wconf 86' lang='lat' dir='ltr'><strong>te</strong></span> <span class='ocrx_word' id='word_1_736' title='bbox 1071 2009 1214 2038; x_wconf 79' lang='lat' dir='ltr'><strong>fallacibus</strong></span> <span class='ocrx_word' id='word_1_737' title='bbox 1237 2011 1362 2040; x_wconf 82' lang='lat' dir='ltr'><strong>inescans</strong></span> <span class='ocrx_word' id='word_1_738' title='bbox 1376 2013 1494 2040; x_wconf 88' lang='lat' dir='ltr'><strong>abducat</strong></span> <span class='ocrx_word' id='word_1_739' title='bbox 1514 2021 1528 2040; x_wconf 86' lang='lat' dir='ltr'><strong>a</strong></span> <span class='ocrx_word' id='word_1_740' title='bbox 1550 2015 1672 2042; x_wconf 71' lang='lat' dir='ltr'><strong>veritate.</strong></span> 
     </span>
    </p>
   </div>
   <div class='ocr_carea' id='block_1_92' title="bbox 886 2053 1675 2092">
    <p class='ocr_par' dir='ltr' id='par_1_92' title="bbox 886 2053 1675 2092">
     <span class='ocr_line' id='line_1_92' title="bbox 886 2053 1675 2092; baseline 0.01 -12"><span class='ocrx_word' id='word_1_741' title='bbox 886 2053 948 2081; x_wconf 88' lang='lat' dir='ltr'><strong>Vult</strong></span> <span class='ocrx_word' id='word_1_742' title='bbox 962 2062 976 2081; x_wconf 89' lang='lat' dir='ltr'><strong>a</strong></span> <span class='ocrx_word' id='word_1_743' title='bbox 990 2056 1102 2082; x_wconf 87' lang='lat' dir='ltr'><strong>veritate</strong></span> <span class='ocrx_word' id='word_1_744' title='bbox 1117 2057 1198 2090; x_wconf 80' lang='lat' dir='ltr'><strong>pedes</strong></span> <span class='ocrx_word' id='word_1_745' title='bbox 1213 2061 1275 2084; x_wconf 88' lang='lat' dir='ltr'><strong>tuos</strong></span> <span class='ocrx_word' id='word_1_746' title='bbox 1296 2065 1391 2092; x_wconf 88' lang='lat' dir='ltr'><strong>rapere</strong></span> <span class='ocrx_word' id='word_1_747' title='bbox 1412 2063 1438 2086; x_wconf 85' lang='lat' dir='ltr'><strong>et</strong></span> <span class='ocrx_word' id='word_1_748' title='bbox 1461 2059 1602 2087; x_wconf 84' lang='lat' dir='ltr'><strong>devorare.</strong></span> <span class='ocrx_word' id='word_1_749' title='bbox 1622 2060 1675 2088; x_wconf 84' lang='lat' dir='ltr'><strong>Sed</strong></span> 
     </span>
    </p>
   </div>
   <div class='ocr_carea' id='block_1_93' title="bbox 883 2101 1674 2138">
    <p class='ocr_par' dir='ltr' id='par_1_93' title="bbox 883 2101 1674 2138">
     <span class='ocr_line' id='line_1_93' title="bbox 883 2101 1674 2138; baseline 0.01 -12"><span class='ocrx_word' id='word_1_750' title='bbox 883 2104 911 2126; x_wconf 92' lang='lat' dir='ltr'><strong>tu</strong></span> <span class='ocrx_word' id='word_1_751' title='bbox 930 2101 1070 2135; x_wconf 81' lang='lat' dir='ltr'><strong>accingere</strong></span> <span class='ocrx_word' id='word_1_752' title='bbox 1085 2101 1192 2135; x_wconf 88' lang='lat' dir='ltr'><strong>ciliciis,</strong></span> <span class='ocrx_word' id='word_1_753' title='bbox 1214 2107 1240 2129; x_wconf 91' lang='lat' dir='ltr'><strong>et</strong></span> <span class='ocrx_word' id='word_1_754' title='bbox 1261 2103 1367 2138; x_wconf 80' lang='lat' dir='ltr'><strong>plange,</strong></span> <span class='ocrx_word' id='word_1_755' title='bbox 1390 2109 1417 2131; x_wconf 90' lang='lat' dir='ltr'><strong>et</strong></span> <span class='ocrx_word' id='word_1_756' title='bbox 1436 2105 1523 2138; x_wconf 85' lang='lat' dir='ltr'><strong>plora,</strong></span> <span class='ocrx_word' id='word_1_757' title='bbox 1547 2111 1573 2132; x_wconf 89' lang='lat' dir='ltr'><strong>et</strong></span> <span class='ocrx_word' id='word_1_758' title='bbox 1600 2107 1674 2134; x_wconf 85' lang='lat' dir='ltr'><strong>ulula</strong></span> 
     </span>
    </p>
   </div>
   <div class='ocr_carea' id='block_1_94' title="bbox 884 2145 1676 2181">
    <p class='ocr_par' dir='ltr' id='par_1_94' title="bbox 884 2145 1676 2181">
     <span class='ocr_line' id='line_1_94' title="bbox 884 2145 1676 2181; baseline 0.009 -10"><span class='ocrx_word' id='word_1_759' title='bbox 884 2145 1069 2172; x_wconf 89' lang='lat' dir='ltr'><strong>imminentem</strong></span> <span class='ocrx_word' id='word_1_760' title='bbox 1085 2146 1188 2173; x_wconf 87' lang='lat' dir='ltr'><strong>hostem</strong></span> <span class='ocrx_word' id='word_1_761' title='bbox 1202 2148 1384 2181; x_wconf 83' lang='lat' dir='ltr'><strong>conspiciens,</strong></span> <span class='ocrx_word' id='word_1_762' title='bbox 1402 2153 1430 2175; x_wconf 91' lang='lat' dir='ltr'><strong>ut</strong></span> <span class='ocrx_word' id='word_1_763' title='bbox 1451 2155 1589 2177; x_wconf 83' lang='lat' dir='ltr'><strong>avertatur</strong></span> <span class='ocrx_word' id='word_1_764' title='bbox 1600 2151 1676 2178; x_wconf 83' lang='lat' dir='ltr'><strong>furor</strong></span> 
     </span>
    </p>
   </div>
   <div class='ocr_carea' id='block_1_95' title="bbox 883 2190 1675 2227">
    <p class='ocr_par' dir='ltr' id='par_1_95' title="bbox 883 2190 1675 2227">
     <span class='ocr_line' id='line_1_95' title="bbox 883 2190 1675 2227; baseline 0.008 -10"><span class='ocrx_word' id='word_1_765' title='bbox 883 2190 930 2218; x_wconf 63' lang='lat' dir='ltr'><strong>ira:</strong></span> <span class='ocrx_word' id='word_1_766' title='bbox 952 2190 1058 2218; x_wconf 91' lang='lat' dir='ltr'><strong>Domini</strong></span> <span class='ocrx_word' id='word_1_767' title='bbox 1079 2198 1094 2218; x_wconf 90' lang='lat' dir='ltr'><strong>a</strong></span> <span class='ocrx_word' id='word_1_768' title='bbox 1116 2196 1151 2223; x_wconf 90' lang='lat' dir='ltr'><strong>te,</strong></span> <span class='ocrx_word' id='word_1_769' title='bbox 1177 2196 1204 2219; x_wconf 90' lang='lat' dir='ltr'><strong>et</strong></span> <span class='ocrx_word' id='word_1_770' title='bbox 1228 2200 1323 2219; x_wconf 84' lang='lat' dir='ltr'><strong>averso</strong></span> <span class='ocrx_word' id='word_1_771' title='bbox 1347 2192 1455 2227; x_wconf 78' lang='lat' dir='ltr'><strong>furore,</strong></span> <span class='ocrx_word' id='word_1_772' title='bbox 1480 2194 1506 2221; x_wconf 91' lang='lat' dir='ltr'><strong>in</strong></span> <span class='ocrx_word' id='word_1_773' title='bbox 1529 2196 1675 2224; x_wconf 78' lang='lat' dir='ltr'><strong>securitate</strong></span> 
     </span>
    </p>
   </div>
   <div class='ocr_carea' id='block_1_96' title="bbox 882 2238 1675 2273">
    <p class='ocr_par' dir='ltr' id='par_1_96' title="bbox 882 2238 1675 2273">
     <span class='ocr_line' id='line_1_96' title="bbox 882 2238 1675 2273; baseline 0.008 -9"><span class='ocrx_word' id='word_1_774' title='bbox 882 2238 1062 2270; x_wconf 89' lang='lat' dir='ltr'><strong>constitutus,</strong></span> <span class='ocrx_word' id='word_1_775' title='bbox 1090 2238 1169 2265; x_wconf 90' lang='lat' dir='ltr'><strong>leone</strong></span> <span class='ocrx_word' id='word_1_776' title='bbox 1193 2245 1246 2266; x_wconf 90' lang='lat' dir='ltr'><strong>non</strong></span> <span class='ocrx_word' id='word_1_777' title='bbox 1275 2239 1392 2273; x_wconf 77' lang='lat' dir='ltr'><strong>amplius</strong></span> <span class='ocrx_word' id='word_1_778' title='bbox 1421 2244 1446 2268; x_wconf 88' lang='lat' dir='ltr'><strong>te</strong></span> <span class='ocrx_word' id='word_1_779' title='bbox 1473 2240 1627 2273; x_wconf 85' lang='lat' dir='ltr'><strong>invadente,</strong></span> <span class='ocrx_word' id='word_1_780' title='bbox 1641 2251 1675 2270; x_wconf 88' lang='lat' dir='ltr'><strong>eo</strong></span> 
     </span>
    </p>
   </div>
   <div class='ocr_carea' id='block_1_97' title="bbox 881 2283 1674 2321">
    <p class='ocr_par' dir='ltr' id='par_1_97' title="bbox 881 2283 1674 2321">
     <span class='ocr_line' id='line_1_97' title="bbox 881 2283 1674 2321; baseline 0.008 -12"><span class='ocrx_word' id='word_1_781' title='bbox 881 2283 953 2318; x_wconf 86' lang='lat' dir='ltr'><strong>quod</strong></span> <span class='ocrx_word' id='word_1_782' title='bbox 967 2283 994 2310; x_wconf 90' lang='lat' dir='ltr'><strong>in</strong></span> <span class='ocrx_word' id='word_1_783' title='bbox 1009 2283 1147 2311; x_wconf 75' lang='lat' dir='ltr'><strong>civitatem</strong></span> <span class='ocrx_word' id='word_1_784' title='bbox 1160 2289 1294 2311; x_wconf 82' lang='lat' dir='ltr'><strong>muratam</strong></span> <span class='ocrx_word' id='word_1_785' title='bbox 1306 2285 1446 2320; x_wconf 82' lang='lat' dir='ltr'><strong>ingressus</strong></span> <span class='ocrx_word' id='word_1_786' title='bbox 1457 2287 1507 2318; x_wconf 84' lang='lat' dir='ltr'><strong>sis,</strong></span> <span class='ocrx_word' id='word_1_787' title='bbox 1522 2287 1674 2321; x_wconf 81' lang='lat' dir='ltr'><strong>gloriﬁcare</strong></span> 
     </span>
    </p>
   </div>
   <div class='ocr_carea' id='block_1_98' title="bbox 881 2329 1673 2365">
    <p class='ocr_par' dir='ltr' id='par_1_98' title="bbox 881 2329 1673 2365">
     <span class='ocr_line' id='line_1_98' title="bbox 881 2329 1673 2365; baseline 0.006 -10"><span class='ocrx_word' id='word_1_788' title='bbox 881 2329 971 2364; x_wconf 86' lang='lat' dir='ltr'><strong>possis</strong></span> <span class='ocrx_word' id='word_1_789' title='bbox 981 2329 1142 2356; x_wconf 84' lang='lat' dir='ltr'><strong>liberantem</strong></span> <span class='ocrx_word' id='word_1_790' title='bbox 1162 2334 1186 2356; x_wconf 88' lang='lat' dir='ltr'><strong>te</strong></span> <span class='ocrx_word' id='word_1_791' title='bbox 1208 2329 1292 2356; x_wconf 89' lang='lat' dir='ltr'><strong>Deum</strong></span> <span class='ocrx_word' id='word_1_792' title='bbox 1312 2330 1339 2357; x_wconf 90' lang='lat' dir='ltr'><strong>in</strong></span> <span class='ocrx_word' id='word_1_793' title='bbox 1351 2331 1460 2358; x_wconf 82' lang='lat' dir='ltr'><strong>Christo</strong></span> <span class='ocrx_word' id='word_1_794' title='bbox 1477 2331 1552 2365; x_wconf 87' lang='lat' dir='ltr'><strong>Jesu,</strong></span> <span class='ocrx_word' id='word_1_795' title='bbox 1572 2334 1616 2360; x_wconf 88' lang='lat' dir='ltr'><strong>cui</strong></span> <span class='ocrx_word' id='word_1_796' title='bbox 1632 2338 1673 2361; x_wconf 86' lang='lat' dir='ltr'><strong>est</strong></span> 
     </span>
    </p>
   </div>
   <div class='ocr_carea' id='block_1_99' title="bbox 882 2375 1660 2410">
    <p class='ocr_par' dir='ltr' id='par_1_99' title="bbox 882 2375 1660 2410">
     <span class='ocr_line' id='line_1_99' title="bbox 882 2375 1660 2410; baseline 0.006 -9"><span class='ocrx_word' id='word_1_797' title='bbox 882 2375 969 2402; x_wconf 89' lang='lat' dir='ltr'><strong>honor</strong></span> <span class='ocrx_word' id='word_1_798' title='bbox 988 2379 1015 2402; x_wconf 88' lang='lat' dir='ltr'><strong>et</strong></span> <span class='ocrx_word' id='word_1_799' title='bbox 1035 2375 1179 2410; x_wconf 90' lang='lat' dir='ltr'><strong>imperium</strong></span> <span class='ocrx_word' id='word_1_800' title='bbox 1200 2375 1227 2402; x_wconf 94' lang='lat' dir='ltr'><strong>in</strong></span> <span class='ocrx_word' id='word_1_801' title='bbox 1248 2377 1348 2403; x_wconf 69' lang='lat' dir='ltr'><strong>saecula</strong></span> <span class='ocrx_word' id='word_1_802' title='bbox 1368 2377 1542 2406; x_wconf 60' lang='lat' dir='ltr'><strong>saeculorum.</strong></span> <span class='ocrx_word' id='word_1_803' title='bbox 1561 2379 1660 2406; x_wconf 79' lang='lat' dir='ltr'><strong>Amen.</strong></span> 
     </span>
    </p>
   </div>
   <div class='ocr_carea' id='block_1_100' title="bbox 30 2422 1673 2460">
    <p class='ocr_par' dir='ltr' id='par_1_100' title="bbox 30 2422 1673 2460">
     <span class='ocr_line' id='line_1_100' title="bbox 30 2422 1673 2460; baseline -0.001 -7"><span class='ocrx_word' id='word_1_804' title='bbox 30 2435 70 2453; x_wconf 76' lang='grc' dir='ltr'>νου</span> <span class='ocrx_word' id='word_1_805' title='bbox 88 2435 146 2458; x_wconf 87' lang='grc' dir='ltr'>σοι,</span> <span class='ocrx_word' id='word_1_806' title='bbox 164 2425 207 2460; x_wconf 87' lang='grc' dir='ltr'>τῷ</span> <span class='ocrx_word' id='word_1_807' title='bbox 225 2433 255 2451; x_wconf 84' lang='grc' dir='ltr'><strong>σε</strong></span> <span class='ocrx_word' id='word_1_808' title='bbox 269 2424 469 2460; x_wconf 75' lang='grc' dir='ltr'>εἰσεληλυθέναι</span> <span class='ocrx_word' id='word_1_809' title='bbox 488 2425 528 2456; x_wconf 83' lang='grc' dir='ltr'>εις</span> <span class='ocrx_word' id='word_1_810' title='bbox 543 2424 592 2459; x_wconf 85' lang='grc' dir='ltr'>τὴν</span> <span class='ocrx_word' id='word_1_811' title='bbox 605 2424 719 2460; x_wconf 71' lang='grc' dir='ltr'>τειχήρη</span> <span class='ocrx_word' id='word_1_812' title='bbox 738 2423 825 2456; x_wconf 79' lang='grc' dir='ltr'>πόλιν,</span> <span class='ocrx_word' id='word_1_813' title='bbox 855 2423 976 2456; x_wconf 74' lang='grc' dir='ltr'>δοξάζειν</span> <span class='ocrx_word' id='word_1_814' title='bbox 991 2423 1037 2449; x_wconf 85' lang='grc' dir='ltr'>τὸν</span> <span class='ocrx_word' id='word_1_815' title='bbox 1056 2422 1186 2458; x_wconf 74' lang='grc' dir='ltr'>ῥυόμενον</span> <span class='ocrx_word' id='word_1_816' title='bbox 1204 2431 1233 2448; x_wconf 87' lang='grc' dir='ltr'>σε</span> <span class='ocrx_word' id='word_1_817' title='bbox 1265 2422 1332 2450; x_wconf 80' lang='grc' dir='ltr'>Θεὸν</span> <span class='ocrx_word' id='word_1_818' title='bbox 1353 2424 1382 2451; x_wconf 81' lang='grc' dir='ltr'><strong>ὲν</strong></span> <span class='ocrx_word' id='word_1_819' title='bbox 1404 2424 1515 2460; x_wconf 85' lang='grc' dir='ltr'>Χριστῷ</span> <span class='ocrx_word' id='word_1_820' title='bbox 1535 2425 1634 2460; x_wconf 77' lang='grc' dir='ltr'>Ἰησοῦ,</span> <span class='ocrx_word' id='word_1_821' title='bbox 1651 2422 1673 2459; x_wconf 80' lang='grc' dir='ltr'>ᾧ</span> 
     </span>
    </p>
   </div>
   <div class='ocr_carea' id='block_1_101' title="bbox 29 2470 1049 2508">
    <p class='ocr_par' dir='ltr' id='par_1_101' title="bbox 29 2470 1049 2508">
     <span class='ocr_line' id='line_1_101' title="bbox 29 2470 1049 2508; baseline -0.001 -10"><span class='ocrx_word' id='word_1_822' title='bbox 29 2474 98 2500; x_wconf 73' lang='grc' dir='ltr'>ἐστιν</span> <span class='ocrx_word' id='word_1_823' title='bbox 121 2474 141 2508; x_wconf 85' lang='grc' dir='ltr'><strong>ἡ</strong></span> <span class='ocrx_word' id='word_1_824' title='bbox 166 2472 234 2506; x_wconf 80' lang='grc' dir='ltr'>δόξα</span> <span class='ocrx_word' id='word_1_825' title='bbox 250 2473 298 2499; x_wconf 73' lang='grc' dir='ltr'>καὶ</span> <span class='ocrx_word' id='word_1_826' title='bbox 323 2472 353 2498; x_wconf 72' lang='grc' dir='ltr'><strong>τὸ</strong></span> <span class='ocrx_word' id='word_1_827' title='bbox 375 2472 475 2507; x_wconf 83' lang='grc' dir='ltr'>κράτος</span> <span class='ocrx_word' id='word_1_828' title='bbox 485 2473 525 2503; x_wconf 84' lang='grc' dir='ltr'><strong>εἰς</strong></span> <span class='ocrx_word' id='word_1_829' title='bbox 544 2472 608 2503; x_wconf 77' lang='grc' dir='ltr'>τοὺς</span> <span class='ocrx_word' id='word_1_830' title='bbox 632 2471 734 2502; x_wconf 81' lang='grc' dir='ltr'>αἰῶνας</span> <span class='ocrx_word' id='word_1_831' title='bbox 744 2470 799 2498; x_wconf 84' lang='grc' dir='ltr'>τῶν</span> <span class='ocrx_word' id='word_1_832' title='bbox 814 2471 929 2497; x_wconf 77' lang='grc' dir='ltr'>αἰώνων.</span> <span class='ocrx_word' id='word_1_833' title='bbox 952 2470 1049 2504; x_wconf 79' lang='grc' dir='ltr'>Ἀμήν.</span> 
     </span>
    </p>
   </div>
   <div class='ocr_carea' id='block_1_102' title="bbox 65 2528 1661 2564">
    <p class='ocr_par' dir='ltr' id='par_1_102' title="bbox 65 2528 1661 2564">
     <span class='ocr_line' id='line_1_102' title="bbox 65 2528 1661 2564; baseline -0.001 -5"><span class='ocrx_word' id='word_1_834' title='bbox 65 2532 87 2548; x_wconf 79' lang='grc'><strong>³⁸</strong></span> <span class='ocrx_word' id='word_1_835' title='bbox 102 2531 176 2559; x_wconf 89' lang='lat' dir='ltr'><strong>ibid.</strong></span> <span class='ocrx_word' id='word_1_836' title='bbox 193 2530 221 2557; x_wconf 86' lang='lat'><strong>7.</strong></span> <span class='ocrx_word' id='word_1_837' title='bbox 260 2529 282 2546; x_wconf 81' lang='lat'><strong>&quot;</strong></span> <span class='ocrx_word' id='word_1_838' title='bbox 296 2529 390 2558; x_wconf 78' lang='lat' dir='ltr'><strong>lPetr.</strong></span> <span class='ocrx_word' id='word_1_839' title='bbox 405 2537 432 2562; x_wconf 77' lang='grc' dir='ltr'>ν,</span> <span class='ocrx_word' id='word_1_840' title='bbox 446 2529 473 2556; x_wconf 89' lang='lat'><strong>8.</strong></span> <span class='ocrx_word' id='word_1_841' title='bbox 511 2529 533 2546; x_wconf 82' lang='lat'>&quot;</span> <span class='ocrx_word' id='word_1_842' title='bbox 551 2529 622 2557; x_wconf 80' lang='lat' dir='ltr'><strong>Psal.</strong></span> <span class='ocrx_word' id='word_1_843' title='bbox 639 2537 678 2562; x_wconf 70' lang='grc' dir='ltr'>ιχ,</span> <span class='ocrx_word' id='word_1_844' title='bbox 694 2530 739 2557; x_wconf 80' lang='grc'><strong>50.</strong></span> <span class='ocrx_word' id='word_1_845' title='bbox 779 2529 802 2546; x_wconf 81' lang='grc'><strong>³³</strong></span> <span class='ocrx_word' id='word_1_846' title='bbox 816 2529 890 2557; x_wconf 86' lang='lat' dir='ltr'><strong>Psal.</strong></span> <span class='ocrx_word' id='word_1_847' title='bbox 907 2537 970 2561; x_wconf 86' lang='lat' dir='ltr'><strong>ctu,</strong></span> <span class='ocrx_word' id='word_1_848' title='bbox 984 2528 1029 2556; x_wconf 73' lang='lat'><strong>20.</strong></span> <span class='ocrx_word' id='word_1_849' title='bbox 1050 2529 1073 2544; x_wconf 76' lang='lat'><em>“</em></span> <span class='ocrx_word' id='word_1_850' title='bbox 1088 2530 1186 2557; x_wconf 87' lang='lat' dir='ltr'><strong>.lerem.</strong></span> <span class='ocrx_word' id='word_1_851' title='bbox 1197 2537 1234 2563; x_wconf 82' lang='lat' dir='ltr'><strong>tv,</strong></span> <span class='ocrx_word' id='word_1_852' title='bbox 1250 2530 1275 2557; x_wconf 88' lang='lat'><strong>7.</strong></span> <span class='ocrx_word' id='word_1_853' title='bbox 1314 2530 1336 2546; x_wconf 82' lang='grc'><strong>³⁵</strong></span> <span class='ocrx_word' id='word_1_854' title='bbox 1352 2530 1418 2558; x_wconf 89' lang='lat' dir='ltr'><strong>ibid.</strong></span> <span class='ocrx_word' id='word_1_855' title='bbox 1432 2529 1459 2564; x_wconf 87' lang='grc'>7,</span> <span class='ocrx_word' id='word_1_856' title='bbox 1472 2529 1499 2557; x_wconf 90' lang='lat'><strong>8.</strong></span> <span class='ocrx_word' id='word_1_857' title='bbox 1537 2530 1560 2545; x_wconf 80' lang='lat'>“</span> <span class='ocrx_word' id='word_1_858' title='bbox 1576 2530 1661 2557; x_wconf 81' lang='lat' dir='ltr'><strong>Amos</strong></span> 
     </span>
    </p>
   </div>
   <div class='ocr_carea' id='block_1_103' title="bbox 30 2568 131 2600">
    <p class='ocr_par' dir='ltr' id='par_1_103' title="bbox 30 2568 131 2600">
     <span class='ocr_line' id='line_1_103' title="bbox 30 2568 131 2600; baseline 0.01 -7"><span class='ocrx_word' id='word_1_859' title='bbox 30 2573 68 2600; x_wconf 86' lang='lat' dir='ltr'><strong>tu,</strong></span> <span class='ocrx_word' id='word_1_860' title='bbox 82 2568 131 2595; x_wconf 74' lang='grc'><strong>12.</strong></span> 
     </span>
    </p>
   </div>
   <div class='ocr_carea' id='block_1_104' title="bbox 62 2623 820 2667">
    <p class='ocr_par' dir='ltr' id='par_1_104' title="bbox 62 2623 820 2667">
     <span class='ocr_line' id='line_1_104' title="bbox 62 2623 820 2667; baseline -0.004 -16"><span class='ocrx_word' id='word_1_861' title='bbox 62 2626 100 2661; x_wconf 81' lang='grc'><strong>(1)</strong></span> <span class='ocrx_word' id='word_1_862' title='bbox 114 2624 189 2667; x_wconf 54' lang='lat' dir='ltr'><strong>god.</strong></span> <span class='ocrx_word' id='word_1_863' title='bbox 207 2623 310 2667; x_wconf 43' lang='lat' dir='ltr'><strong>Vatis“</strong></span> <span class='ocrx_word' id='word_1_864' title='bbox 323 2623 365 2667; x_wconf 80' lang='grc' dir='ltr'><strong>τίς</strong></span> <span class='ocrx_word' id='word_1_865' title='bbox 382 2624 410 2650; x_wconf 80' lang='grc' dir='ltr'><strong>δέ</strong></span> <span class='ocrx_word' id='word_1_866' title='bbox 426 2625 527 2667; x_wconf 59' lang='grc' dir='ltr'>ἐστινηὸ</span> <span class='ocrx_word' id='word_1_867' title='bbox 543 2623 679 2658; x_wconf 81' lang='grc' dir='ltr'>πολέμιος.</span> <span class='ocrx_word' id='word_1_868' title='bbox 746 2660 756 2667; x_wconf 51' lang='lat'><strong>-</strong></span> <span class='ocrx_word' id='word_1_869' title='bbox 806 2655 820 2667; x_wconf 50' lang='grc' dir='ltr'>τ</span> 
     </span>
    </p>
   </div>
   <div class='ocr_carea' id='block_1_105' title="bbox 62 2658 825 2702">
    <p class='ocr_par' dir='ltr' id='par_1_105' title="bbox 62 2658 825 2702">
     <span class='ocr_line' id='line_1_105' title="bbox 62 2658 825 2702; baseline -0.003 -15"><span class='ocrx_word' id='word_1_870' title='bbox 114 2659 205 2691; x_wconf 85' lang='lat' dir='ltr'><strong>Idem,</strong></span> <span class='ocrx_word' id='word_1_871' title='bbox 222 2659 312 2702; x_wconf 73' lang='grc' dir='ltr'>ἡμῶν,</span> <span class='ocrx_word' id='word_1_872' title='bbox 326 2664 354 2702; x_wconf 71' lang='lat' dir='ltr'><strong>et</strong></span> <span class='ocrx_word' id='word_1_873' title='bbox 371 2667 433 2702; x_wconf 69' lang='lat' dir='ltr'><strong>mox</strong></span> <span class='ocrx_word' id='word_1_874' title='bbox 448 2658 537 2694; x_wconf 85' lang='grc' dir='ltr'>ζητῶν</span> <span class='ocrx_word' id='word_1_875' title='bbox 548 2667 608 2686; x_wconf 86' lang='grc' dir='ltr'>τινα</span> <span class='ocrx_word' id='word_1_876' title='bbox 626 2660 787 2686; x_wconf 84' lang='grc' dir='ltr'>καταπιεῖν·</span> <span class='ocrx_word' id='word_1_877' title='bbox 803 2658 825 2693; x_wconf 85' lang='grc' dir='ltr'>ᾧ</span> 
     </span>
    </p>
   </div>
   <div class='ocr_carea' id='block_1_106' title="bbox 30 2694 465 2730">
    <p class='ocr_par' dir='ltr' id='par_1_106' title="bbox 30 2694 465 2730">
     <span class='ocr_line' id='line_1_106' title="bbox 30 2694 465 2730; baseline -0.007 -7"><span class='ocrx_word' id='word_1_878' title='bbox 30 2694 173 2730; x_wconf 65' lang='grc' dir='ltr'>ἀντίστητε</span> <span class='ocrx_word' id='word_1_879' title='bbox 191 2695 298 2730; x_wconf 83' lang='grc' dir='ltr'>στερεοὶ</span> <span class='ocrx_word' id='word_1_880' title='bbox 313 2695 347 2729; x_wconf 82' lang='grc' dir='ltr'><strong>τῇ</strong></span> <span class='ocrx_word' id='word_1_881' title='bbox 364 2694 465 2721; x_wconf 87' lang='grc' dir='ltr'>πίστει.</span> 
     </span>
    </p>
   </div>
   <div class='ocr_carea' id='block_1_107' title="bbox 62 2728 826 2765">
    <p class='ocr_par' dir='ltr' id='par_1_107' title="bbox 62 2728 826 2765">
     <span class='ocr_line' id='line_1_107' title="bbox 62 2728 826 2765; baseline -0.005 -6"><span class='ocrx_word' id='word_1_882' title='bbox 62 2732 100 2765; x_wconf 77' lang='lat' dir='ltr'><strong>l3)</strong></span> <span class='ocrx_word' id='word_1_883' title='bbox 115 2728 210 2758; x_wconf 81' lang='lat' dir='ltr'><strong>Codex</strong></span> <span class='ocrx_word' id='word_1_884' title='bbox 229 2728 430 2762; x_wconf 81' lang='lat' dir='ltr'><strong>Scorialensis,</strong></span> <span class='ocrx_word' id='word_1_885' title='bbox 442 2729 564 2765; x_wconf 64' lang='grc' dir='ltr'>ἡμέρας,</span> <span class='ocrx_word' id='word_1_886' title='bbox 582 2733 609 2765; x_wconf 81' lang='lat' dir='ltr'><strong>et</strong></span> <span class='ocrx_word' id='word_1_887' title='bbox 623 2728 693 2755; x_wconf 77' lang='lat' dir='ltr'><strong>inira</strong></span> <span class='ocrx_word' id='word_1_888' title='bbox 707 2729 826 2765; x_wconf 86' lang='grc' dir='ltr'>ἀρυόμε-</span> 
     </span>
    </p>
   </div>
   <div class='ocr_carea' id='block_1_108' title="bbox 29 2763 826 2802">
    <p class='ocr_par' dir='ltr' id='par_1_108' title="bbox 29 2763 826 2802">
     <span class='ocr_line' id='line_1_108' title="bbox 29 2763 826 2802; baseline 0.001 -12"><span class='ocrx_word' id='word_1_889' title='bbox 29 2763 212 2802; x_wconf 57' lang='grc' dir='ltr'>νᾏάρπὰται.</span> <span class='ocrx_word' id='word_1_890' title='bbox 231 2765 306 2802; x_wconf 54' lang='grc' dir='ltr'><strong>ΙῑιιηιΔ</strong></span> <span class='ocrx_word' id='word_1_891' title='bbox 314 2765 396 2799; x_wconf 84' lang='lat' dir='ltr'><strong>paulo</strong></span> <span class='ocrx_word' id='word_1_892' title='bbox 408 2763 532 2798; x_wconf 76' lang='lat' dir='ltr'><strong>inferius,</strong></span> <span class='ocrx_word' id='word_1_893' title='bbox 544 2763 686 2799; x_wconf 83' lang='grc' dir='ltr'>ἄνθρωπος</span> <span class='ocrx_word' id='word_1_894' title='bbox 697 2763 826 2799; x_wconf 78' lang='grc' dir='ltr'>ἀνωτέρω</span> 
     </span>
    </p>
   </div>
   <div class='ocr_carea' id='block_1_109' title="bbox 29 2800 597 2840">
    <p class='ocr_par' dir='ltr' id='par_1_109' title="bbox 29 2800 597 2840">
     <span class='ocr_line' id='line_1_109' title="bbox 29 2800 597 2840; baseline -0.007 -12"><span class='ocrx_word' id='word_1_895' title='bbox 29 2801 72 2828; x_wconf 80' lang='grc' dir='ltr'>τοῦ</span> <span class='ocrx_word' id='word_1_896' title='bbox 87 2800 391 2840; x_wconf 43' lang='grc' dir='ltr'>διαϐόλουζκρείττων.</span> <span class='ocrx_word' id='word_1_897' title='bbox 439 2834 445 2840; x_wconf 79' lang='lat'>_</span> <span class='ocrx_word' id='word_1_898' title='bbox 485 2834 498 2839; x_wconf 76' lang='lat'><strong><em>_</em></strong></span> <span class='ocrx_word' id='word_1_899' title='bbox 559 2835 597 2840; x_wconf 17' lang='grc' dir='ltr'><strong>γ’</strong></span> 
     </span>
    </p>
   </div>
   <div class='ocr_carea' id='block_1_110' title="bbox 62 2831 829 2879">
    <p class='ocr_par' dir='ltr' id='par_1_110' title="bbox 62 2831 829 2879">
     <span class='ocr_line' id='line_1_110' title="bbox 62 2831 829 2879; baseline -0.008 -14"><span class='ocrx_word' id='word_1_900' title='bbox 62 2838 99 2871; x_wconf 74' lang='grc'><strong>(4)</strong></span> <span class='ocrx_word' id='word_1_901' title='bbox 115 2837 207 2865; x_wconf 75' lang='lat' dir='ltr'><strong>Codex</strong></span> <span class='ocrx_word' id='word_1_902' title='bbox 220 2831 400 2867; x_wconf 67' lang='lat' dir='ltr'><strong>Vaticanus,</strong></span> <span class='ocrx_word' id='word_1_903' title='bbox 416 2834 515 2868; x_wconf 77' lang='grc' dir='ltr'>αὑτοῦ,</span> <span class='ocrx_word' id='word_1_904' title='bbox 539 2839 567 2862; x_wconf 76' lang='lat' dir='ltr'><strong>et</strong></span> <span class='ocrx_word' id='word_1_905' title='bbox 591 2833 680 2867; x_wconf 81' lang='lat' dir='ltr'><strong>infra,</strong></span> <span class='ocrx_word' id='word_1_906' title='bbox 703 2833 768 2869; x_wconf 76' lang='grc' dir='ltr'>περὶ</span> <span class='ocrx_word' id='word_1_907' title='bbox 789 2831 829 2879; x_wconf 52' lang='grc' dir='ltr'><strong>ἧς.</strong></span> 
     </span>
    </p>
   </div>
   <div class='ocr_carea' id='block_1_111' title="bbox 877 2622 1329 2663">
    <p class='ocr_par' dir='ltr' id='par_1_111' title="bbox 877 2622 1329 2663">
     <span class='ocr_line' id='line_1_111' title="bbox 877 2622 1329 2663; baseline 0 0"><span class='ocrx_word' id='word_1_908' title='bbox 877 2622 1066 2663; x_wconf 57' lang='grc' dir='ltr'><strong>πρὺ...βειχέος</strong></span> <span class='ocrx_word' id='word_1_909' title='bbox 1081 2622 1245 2663; x_wconf 59' lang='grc' dir='ltr'><strong>ἐλέγψςενι.</strong></span> <span class='ocrx_word' id='word_1_910' title='bbox 1316 2657 1329 2663; x_wconf 87' lang='grc'><strong>-</strong></span> 
     </span>
    </p>
   </div>
   <div class='ocr_carea' id='block_1_112' title="bbox 915 2657 1669 2694">
    <p class='ocr_par' dir='ltr' id='par_1_112' title="bbox 915 2657 1669 2694">
     <span class='ocr_line' id='line_1_112' title="bbox 915 2657 1669 2694; baseline 0 -9"><span class='ocrx_word' id='word_1_911' title='bbox 915 2658 1059 2694; x_wconf 59' lang='grc' dir='ltr'><strong>(Βλςοιίει</strong></span> <span class='ocrx_word' id='word_1_912' title='bbox 1075 2657 1281 2694; x_wconf 35' lang='grc' dir='ltr'><strong>,δρογίίέιθηείθ</strong></span> <span class='ocrx_word' id='word_1_913' title='bbox 1296 2657 1349 2693; x_wconf 79' lang='grc' dir='ltr'><strong>γῆν</strong></span> <span class='ocrx_word' id='word_1_914' title='bbox 1363 2667 1409 2685; x_wconf 85' lang='grc' dir='ltr'>σου</span> <span class='ocrx_word' id='word_1_915' title='bbox 1432 2658 1582 2694; x_wconf 77' lang='grc' dir='ltr'>ἐρήμωσιν.</span> <span class='ocrx_word' id='word_1_916' title='bbox 1597 2657 1669 2685; x_wconf 86' lang='lat' dir='ltr'><strong>lnl&#39;ra</strong></span> 
     </span>
    </p>
   </div>
   <div class='ocr_carea' id='block_1_113' title="bbox 879 2692 1332 2724">
    <p class='ocr_par' dir='ltr' id='par_1_113' title="bbox 879 2692 1332 2724">
     <span class='ocr_line' id='line_1_113' title="bbox 879 2692 1332 2724; baseline -0.002 -4"><span class='ocrx_word' id='word_1_917' title='bbox 879 2692 1053 2724; x_wconf 51' lang='lat' dir='ltr'><strong>c0d.&#39;Vatic.,</strong></span> <span class='ocrx_word' id='word_1_918' title='bbox 1070 2692 1176 2719; x_wconf 85' lang='grc' dir='ltr'>ἀπειλεῖ</span> <span class='ocrx_word' id='word_1_919' title='bbox 1192 2702 1238 2719; x_wconf 87' lang='grc' dir='ltr'>σου</span> <span class='ocrx_word' id='word_1_920' title='bbox 1254 2693 1332 2719; x_wconf 81' lang='grc' dir='ltr'>λέων.</span> 
     </span>
    </p>
   </div>
   <div class='ocr_carea' id='block_1_114' title="bbox 914 2725 1649 2771">
    <p class='ocr_par' dir='ltr' id='par_1_114' title="bbox 914 2725 1649 2771">
     <span class='ocr_line' id='line_1_114' title="bbox 914 2725 1649 2771; baseline 0.003 -18"><span class='ocrx_word' id='word_1_921' title='bbox 964 2728 1055 2771; x_wconf 59' lang='grc' dir='ltr'>εξοιξεκ</span> <span class='ocrx_word' id='word_1_922' title='bbox 1069 2725 1226 2771; x_wconf 46' lang='lat' dir='ltr'><strong>Venticanus,</strong></span> <span class='ocrx_word' id='word_1_923' title='bbox 1236 2727 1359 2771; x_wconf 58' lang='grc' dir='ltr'>λυχνίας,</span> <span class='ocrx_word' id='word_1_924' title='bbox 1376 2728 1455 2771; x_wconf 60' lang='grc' dir='ltr'><strong>[ποιθὲ</strong></span> <span class='ocrx_word' id='word_1_925' title='bbox 1543 2764 1549 2771; x_wconf 76' lang='lat'><strong>_</strong></span> <span class='ocrx_word' id='word_1_926' title='bbox 1643 2764 1649 2771; x_wconf 74' lang='lat'><em>_</em></span> 
     </span>
    </p>
   </div>
   <div class='ocr_carea' id='block_1_115' title="bbox 914 2761 1666 2798">
    <p class='ocr_par' dir='ltr' id='par_1_115' title="bbox 914 2761 1666 2798">
     <span class='ocr_line' id='line_1_115' title="bbox 914 2761 1666 2798; baseline 0.001 -9"><span class='ocrx_word' id='word_1_927' title='bbox 914 2761 953 2798; x_wconf 87' lang='lat'><strong>(7)</strong></span> <span class='ocrx_word' id='word_1_928' title='bbox 968 2763 1059 2798; x_wconf 57' lang='lat' dir='ltr'><strong>Codex</strong></span> <span class='ocrx_word' id='word_1_929' title='bbox 1078 2761 1420 2798; x_wconf 41' lang='lat' dir='ltr'><strong>Sqorialensisfdtldiace.</strong></span> <span class='ocrx_word' id='word_1_930' title='bbox 1443 2762 1599 2795; x_wconf 74' lang='lat' dir='ltr'><strong>Legendum</strong></span> <span class='ocrx_word' id='word_1_931' title='bbox 1623 2764 1666 2791; x_wconf 85' lang='lat' dir='ltr'><strong>vi-</strong></span> 
     </span>
    </p>
   </div>
   <div class='ocr_carea' id='block_1_116' title="bbox 876 2797 1669 2839">
    <p class='ocr_par' dir='ltr' id='par_1_116' title="bbox 876 2797 1669 2839">
     <span class='ocr_line' id='line_1_116' title="bbox 876 2797 1669 2839; baseline 0.001 -14"><span class='ocrx_word' id='word_1_932' title='bbox 876 2797 956 2839; x_wconf 53' lang='lat' dir='ltr'><strong>detur</strong></span> <span class='ocrx_word' id='word_1_933' title='bbox 971 2797 1090 2830; x_wconf 78' lang='grc' dir='ltr'>ὀλόλυζε.</span> <span class='ocrx_word' id='word_1_934' title='bbox 1109 2797 1211 2826; x_wconf 83' lang='lat' dir='ltr'><strong>Ibidem</strong></span> <span class='ocrx_word' id='word_1_935' title='bbox 1224 2798 1286 2826; x_wconf 87' lang='lat' dir='ltr'><strong>cod.</strong></span> <span class='ocrx_word' id='word_1_936' title='bbox 1300 2798 1399 2832; x_wconf 61' lang='lat' dir='ltr'><strong>Varie,</strong></span> <span class='ocrx_word' id='word_1_937' title='bbox 1413 2799 1542 2835; x_wconf 80' lang='grc' dir='ltr'>πολέμιον</span> <span class='ocrx_word' id='word_1_938' title='bbox 1555 2801 1669 2839; x_wconf 72' lang='grc' dir='ltr'>ἐνεστη-</span> 
     </span>
    </p>
   </div>
   <div class='ocr_carea' id='block_1_117' title="bbox 876 2841 953 2860">
    <p class='ocr_par' dir='ltr' id='par_1_117' title="bbox 876 2841 953 2860">
     <span class='ocr_line' id='line_1_117' title="bbox 876 2841 953 2860; baseline 0 0"><span class='ocrx_word' id='word_1_939' title='bbox 876 2841 953 2860; x_wconf 84' lang='grc' dir='ltr'>κοτα.</span> 
     </span>
    </p>
   </div>
  </div>
