1869 3041
64 89 107 119 5Ξ5
635 94 668 121 IN
686 93 825 122 JEBEMM

911 93 1021 121 DMILIA
1046 93 1089 122 Vl.

1617 99 1670 129 5‘26

64 152 91 177 ἵν’
103 151 183 183 οὕτως
199 151 282 184 εἴπω,
297 150 469 186 ἀναίσθητος,
487 151 648 186 λεχθήσεται
660 152 725 188 περὶ
734 151 816 179 αὐτοῦ

911 153 958 178 non
974 151 1074 178 dicitur
1093 151 1216 178 animum
1241 150 1302 186 ejus
1315 152 1446 187 percellat
1461 153 1508 188 qui
1530 155 1673 183 conscien-

68 198 272 233 Ἐμιιστίγωσας
292 197 412 231 αὐτοὺς.
438 197 488 224 καὶ
510 199 567 224 οὐκ
588 198 757 232 ἐπόνησαν.
778 198 832 225 Τοῦ

63 243 131 272 αὑτοῦ
143 244 216 278 λόγου
236 244 380 279 λεγομένου
394 243 570 278 ἐλεγκτικῶς,
586 244 652 279 φέρε
664 245 763 276 εἰπεῖν,
786 245 834 271 ἐπὶ

63 290 94 324 τῷ
101 289 249 316 καθικέσθαι
258 289 296 324 (l)
311 289 428 320 διανοίας
435 289 482 315 τοῦ
490 289 540 325 τὴν
555 289 706 325 συνείδησιν
715 289 833 326 μεμολυ-

64 337 146 372 σμένον.)
160 335 202 362 ἐπί
214 344 266 362 τινι
279 336 412 372 ἁμαρτίᾳ.
425 337 455 363 τὸ
467 336 623 372 λεγόμενον,
638 337 686 364 ἐὰν
701 338 715 364 ό
728 338 777 372 μέν
789 346 832 370 τις

63 383 106 409 τῶν
123 382 264 409 ἀκουόντων
277 382 395 418 ἁλγήσῃ.
415 382 485 409 ὥστε
499 382 627 418 λεχθῆναι
649 384 714 419 περὶ
735 383 830 416 αὑτοῦ,

64 429 170 464 ἑώρακας
182 428 218 460 ὡς
231 429 365 464 κατενύγη
376 430 391 455 ό
409 429 483 456 δεῖνα
492 437 498 444 ·
519 430 533 456 ὁ
548 429 577 456 δέ
594 438 635 461 τις
648 429 702 455 τῶν
716 430 830 456 ἀκουόν-

63 484 105 502 των
125 476 157 511 μὴ
184 475 298 510 ἁλγήσῃ,
322 475 389 502 ἀλλὰ
410 475 568 511 ἀναισθητεῖ
582 475 637 502 τῶν
653 475 829 510 ἐλεγχόντων,

62 521 125 556 δῆλον
142 522 178 548 ὅτι
196 521 354 556 λεχθήσεται
375 521 439 557 περὶ
463 521 510 547 τοῦ
534 521 596 557 μηδ’
616 521 827 557 αἰσθανομένου·

66 567 263 602 ἐμαστὶπυσας
285 567 406 600 αὐτοὺς,
433 567 483 594 καὶ
504 568 560 594 οὐκ
581 567 749 600 ἐπόνησαν.
772 567 830 594 Μία

62 612 100 646 μὲν
112 613 146 647 (Ξ)
157 613 277 648 διήγησις
295 613 364 647 αὕτη
379 612 512 649 περὶτοῦ,
529 613 586 640 οὐκ
598 613 766 647 ἐπόνησαν,
783 613 830 639 καὶ

59 658 206 692 ἐπόνησαν·
225 659 322 694 ἴδωμεν
338 659 376 690 δὲ,
391 659 414 684 ει
427 658 524 694 ἔχομεν
539 659 585 685 καὶ
602 658 699 694 ἑτέραν
714 659 831 686 ἁνάπτιμ

61 703 101 735 ξιν.
119 704 230 731 Γίνονται
248 713 320 736 τινες
336 705 364 730 ὲν
381 706 437 737 τοῖς
455 705 562 740 σώμασι
581 704 671 740 μερῶν
686 713 765 731 τινων
784 713 829 731 νε-

60 749 170 785 κρίπητες
184 751 228 777 καὶ
245 750 392 786 ξηρότητες
403 759 409 765 ·
429 752 476 777 καὶ
500 750 629 782 πολλάκις
645 750 758 778 τοιαῦτα
775 750 828 777 πά-

60 804 107 830 σχει
126 796 156 822 τὰ
178 796 366 832 νενεκρωμένα
393 797 462 832 μέλη
485 797 561 833 παρὰ
580 797 615 824 τὰ
635 797 736 829 ζῶντα,
758 797 828 824 ὥστε

60 841 246 876 προσαγομένων
264 842 314 876 μὲν
328 841 381 868 τῶν
398 842 478 868 πόνον
493 843 604 877 ποιῆσαι
618 842 773 878 δυναμένων
786 842 826 878 τῷ

61 885 125 916 ζῶντι
141 887 220 921 μέλει,
237 887 331 922 ἀλγεῖν
347 889 450 915 ἐκεῖνον
464 885 486 922 ᾧ
502 889 671 924 προσάγεται
687 889 718 915 τὸ
732 889 826 916 ποιοῦν

60 933 142 964 ποιεῖν,
167 934 375 969 προσαγομένων
394 934 423 961 δὲ
444 934 498 961 τῶν
518 935 667 962 ποιούντων
681 937 772 962 πονεῖν
787 936 826 972 τῷ

61 977 120 1010 μέλει
132 977 166 1013 τῷ
179 979 333 1015 ἀναισθήτῳ
353 981 403 1006 οὐκ
420 980 578 1008 αἰσθάνεται
598 979 712 1014 ἐκεῖνος,
728 982 791 1009 ὅταν
808 983 825 1018 ἡ

59 1024 167 1060 νεκρότης
181 1026 244 1061 περὶ
259 1026 353 1053 αὐτόν.
371 1026 464 1053 Ταῦτα
481 1027 560 1063 εἴπερ
577 1027 635 1064 ἴδῃς
649 1029 696 1054 ἐπὶ
709 1028 756 1055 τοῦ
772 1028 825 1055 σώ-

61 1078 136 1103 ματος,
150 1071 260 1106 μετάθες
274 1073 322 1099 ἐπὶ
337 1072 386 1108 τὴν
402 1073 506 1108 ψυχήν
526 1074 572 1099 καὶ
585 1073 646 1109 ὅρα,
657 1074 698 1100 ὅτι
715 1075 769 1101 ἔστι
784 1083 825 1106 τις

59 1116 95 1141 xxi
107 1115 170 1152 ψυχὴ
184 1118 352 1154 νεκρουμὲνη
366 1118 401 1145 τὰ
413 1119 495 1154 μέλη,
509 1119 579 1146 ὥστε
597 1119 634 1156 μὴ
650 1119 825 1147 αἰσθάνεσθαι

59 1161 99 1187 ἀπὸ
115 1162 161 1189 τῶν
177 1164 324 1199 μαστίγων,
341 1165 392 1192 κᾶν
412 1165 528 1192 ἐπίπονα
548 1165 735 1201 προσφέρηται
753 1174 822 1193 τινα.

59 1207 273 1244 Διαπρισθήσεται,
290 1211 327 1244 (5)
343 1210 399 1236 ἀλλ’
416 1210 466 1237 οὐκ
489 1210 700 1246 αἰσθανθήσεται
716 1211 732 1247 ή
751 1211 825 1238 δεῖνα

58 1251 123 1288 ὑυχή*
138 1254 198 1291 ἄλλη
214 1255 242 1282 δὲ
258 1255 480 1292 αἰσθανθήσεται,
498 1257 544 1283 καὶ
557 1256 627 1291 τάχα
642 1256 762 1292 ὡσπερεὶ
779 1256 826 1283 λυ-

59 1301 132 1326 πεῖται
147 1301 240 1336 μᾶλλον
261 1302 309 1328 επὶ
326 1302 364 1337 τῷ
382 1303 419 1338 μὴ
436 1301 612 1328 αίσθάνεσθαι
629 1302 700 1338 ἤπερ
720 1302 767 1328 ἐπὶΙ
785 1301 825 1337 τῷ

59 1344 219 1378 αἰσθάνεσθαι,
245 1348 259 1374 ὁ
282 1347 321 1383 μὴ
343 1347 538 1382 αισθανόμενος
558 1347 612 1374 ἀπὸ
636 1347 724 1374 πόνων
751 1347 825 1383 αὐτῷ

58 1393 272 1429 προσφερομένων,
297 1393 442 1429 εὐχόμενος
458 1393 557 1428 μᾶλλον
571 1394 660 1420 πονεῖν
674 1394 697 1420 εὶ
721 1394 825 1430 προσά-

57 1445 116 1468 γοιτο
133 1439 164 1465 τὰ
186 1439 312 1471 ἐπίπονα,
333 1440 395 1465 ἐπεὶ
415 1439 526 1475 σημεῖόν
540 1439 598 1465 ἐστι
613 1439 692 1466 τοῦτο
708 1439 755 1467 τοῦ
774 1438 824 1475 ζῇν

58 1483 309 1520 αὑτὸν,ἁηδιζόμενος
332 1485 359 1512 δὲ
375 1485 421 1512 ἐπὶ
437 1485 475 1520 τῷ
487 1486 525 1521 (4)
544 1486 582 1520 μὴ
596 1485 769 1512 αἰσθάνεσθαι
779 1485 825 1512 ἐπὶ

57 1529 99 1560 τοῖς
112 1530 249 1562 ἐπιπόνοις.
263 1531 369 1566 Ὠσπερ
385 1530 417 1566 δὴ
429 1532 507 1557 τοῦτο
521 1530 626 1564 γίνεται
641 1531 688 1557 ἐπὶ
701 1530 755 1556 τῶν
772 1539 824 1556 σω-

58 1575 141 1608 μάτων,
156 1576 223 1603 οὕτω
242 1577 347 1612 νομίζω
367 1577 396 1604 ὲν
419 1576 474 1612 τῷ’
495 1575 681 1609 Θελήσωιην,
707 1577 733 1602 εὶ
759 1575 823 1611 ἐγέ-

56 1627 125 1647 νινηο
133 1623 338 1656 πυρίκαυστοι,
352 1622 472 1650 τοιοῦτόν
484 1631 510 1648 τι
523 1621 668 1658 δηλοῦσθαι
677 1630 683 1637 δ
696 1620 761 1654 οἷον,
776 1622 823 1649 τοῦ

57 1666 123 1700 πυρὸς
137 1667 355 1703 προσφερομένου
371 1668 434 1698 τινὶ,
450 1667 497 1694 καὶ
512 1667 549 1703 μὴ
567 1666 761 1702 αἰσθανομένου
776 1666 822 1693 τοῦ

56 1712 192 1746 καιομένου,
207 1713 357 1750 θελήσωσιν
371 1714 468 1748 ἐκεῖνοι
478 1713 675 1744 καταλαῦόντες
682 1713 823 1748 σύγκρισιν

56 1757 84 1790 μὴ
94 1758 282 1793 αἰσθανομένων
301 1759 348 1785 ἐπὶ
367 1761 428 1791 ταῖς
449 1759 577 1794 ἀλγηδόσι
594 1759 640 1785 καὶ
658 1757 823 1793 αἰσθανομέο

55 1809 103 1833 νων,
120 1803 210 1837 μᾶλλον
226 1804 403 1832 αἰσθάνεσθαι
423 1805 470 1831 ἐπὶ
492 1804 530 1839 τῷ
545 1804 623 1839 πυρὶ,
638 1804 654 1839 ἣ
673 1803 710 1839 μὴ
728 1803 824 1831 αἱσθά-

54 1847 137 1874 νεσθσι·
145 1850 187 1876 καὶ
195 1849 302 1883 εὔξαιτο
311 1850 343 1877 ἄν
350 1859 392 1882 τις
403 1850 452 1886 (5),
461 1849 667 1886 προσαγομένου
675 1849 721 1876 τοῦ
730 1858 823 1885 κεκρι-

55 1893 119 1927 μένου
135 1896 215 1932 πυρὸς
227 1897 275 1923 ἐπὶ
286 1897 351 1928 τοὺς
363 1896 552 1932 ἁμαρτωλοὺς,
565 1895 740 1922 αἰσθάνεσθαι
755 1896 823 1931 μᾶλ-

53 1939 112 1977 λῡνῆ
127 1942 159 1978 μὴ
170 1943 356 1970 αἰσθάνεσθαι.
370 1943 462 1971 Ταῦτα
476 1943 521 1970 διὰ
537 1943 567 1969 τό
577 1951 583 1957 ·
603 1942 824 1977 Ἑμαστίτωσας

53 1986 152 2021 αὐτοὺς,
170 1989 217 2015 καὶ
229 1991 285 2016 οὐκ
302 1989 472 2022 ἐπόνησαν·
484 1987 691 2020 συνετέλεσας
702 1987 822 2020 αὐτοὺς,

53 2033 90 2058 καὶ
104 2035 152 2061 οὐκ
163 2035 318 2070 ἠθέλησαν
331 2035 475 2067 δέξασθαι
487 2034 635 2061 παιδείαν.
652 2034 716 2060 Ὅτε
729 2033 762 2060 τὰ
778 2042 824 2060 κα-

54 2075 149 2113 θαρτικὰ
163 2082 233 2107 ποιεί
251 2082 265 2107 ὀ
286 2080 410 2114 προνοῶν
424 2079 478 2106 τῶν
498 2079 566 2106 ὅλων
591 2079 657 2110 Θεὸς
674 2079 720 2105 ὲπ).
734 2079 823 2114 ψυχῆς

54 2125 226 2161 ωεηρίᾳ,τότε
235 2127 322 2162 αὐτὴν
330 2126 496 2152 συνετέλεσε.
513 2125 549 2161 (6)
558 2126 673 2161 Νοήσεις
689 2124 731 2151 δέ·
745 2126 822 2151 Συν-

53 2169 171 2204 «Macae
197 2172 325 2205 αὐτοὺς,
352 2171 402 2198 καὶ
422 2172 478 2198 οὐκ
499 2171 655 2205 ἠθέλησαν
679 2169 822 2202 δέξασθαι

54 2215 177 2251 παιδείαν,
192 2219 244 2246 ἀπὸ
262 2219 485 2254 παραδείγματος
501 2216 548 2244 τοῦ
564 2217 635 2243 κατὰ
647 2216 693 2243 τὸν
707 2216 822 2252 παραδι-

53 2258 116 2288 Vm:
132 2262 175 2298 τὴν
194 2264 363 2299 ἐπιστήμην,
381 2263 428 2290 καὶ
448 2263 494 2290 τὸν
520 2263 558 2298 μὴ
586 2262 749 2298 βουλόμενον
773 2270 823 2288 πα-

54 2307 160 2340 palmet»;
186 2311 235 2347 τὴν
261 2311 418 2346 ἐπιστήμην
448 2310 502 2337 ἀπὸ
533 2309 579 2337 τοῦ
616 2310 820 2346 παραδιδόντος.

54 2350 181 2391 Πάντιγὰρ
190 2356 223 2383 τὰ
235 2357 301 2393 παρ’
312 2357 385 2393 αὑτῷ
395 2357 431 2392 (Ἰ)
441 2356 553 2383 ποιείτω
563 2357 576 2382 ὁ
588 2356 758 2388 διδάσκαλος,
775 2356 822 2382 καὶ

77 2427 191 2460 “larem.
204 2441 231 2466 v,
244 2433 270 2461 3.

82 2508 114 2548 (ι)
124 2509 208 2548 Codex
222 2511 352 2548 Scoria|.,
364 2513 410 2538 ἐπὶ
424 2512 456 2538 τὸ
472 2512 508 2548 μὴ
518 2511 691 2548 καθικέσθαι,
702 2516 729 2539 et
739 2511 821 2544 infra,

55 2541 116 2583 uti}
130 2545 175 2583 μέν
186 2555 226 2578 τις
239 2547 294 2574 τῶν
311 2541 463 2574 ἀκουόντων
472 2541 514 2582 ’μῆ
530 2547 646 2583 ἀλγήσῃ.

82 2578 113 2616 (ᾖ)
127 2578 176 2616 Καὶ
191 2583 246 2609 οὐκ
270 2583 439 2616 ἐπόνησαν.
461 2578 522 2609 ltili:
539 2578 604 2615 μέν,
622 2578 679 2608 'etc.
699 2580 777 2608 Deest
795 2581 822 2608 in

55 2613 132 2652 φαῖνε
147 2615 319 2652 Scorialensi,
334 2613 391 2644 Mla.
407 2617 456 2652 μὲν
468 2613 674 2652 διήγησις-αὓτη
687 2616 822 2652 περιδοῦ,

56 2648 96 2674 οὐκ
109 2650 242 2687 ἐπόνησαν,
261 2648 320 2683 καὶ,
338 2648 484 2687 ἐπόνησαν.
502 2648 563 2679 Μιίχ
583 2653 610 2679 itt
635 2648 730 2679 codice
749 2650 823 2678 Vati-

57 2689 112 2710 ωηο
124 2686 192 2713 deest
201 2695 250 2714 vox
267 2686 428 2720 ἀνάπτυξιν,
443 2696 502 2722 qua:
515 2693 542 2715 et
551 2688 648 2715 abesse
662 2690 750 2721 potest
765 2687 824 2714 sine

58 2724 138 2756 tensus
151 2722 298 2756 dispendio.

85 2754 116 2787 (3)
146 2754 500 2791 ΔιαὲιρισθήσεταιᾸέοιὶεχ
510 2756 657 2784 Vaticanus
673 2757 753 2784 habet
767 2757 825 2784 δια-

59 2791 227 2825 προσῳὲρεται.
246 2791 331 2819 Paulo
345 2797 406 2825 post
418 2793 502 2820 codex
516 2792 707 2823 Scorialensis,
721 2792 759 2823 ὡς
776 2800 825 2818 πε-

59 2822 187 2855 palaestra:
199 2827 298 2863 μᾶλλον
313 2822 358 2854 ἐπὶ
370 2828 409 2862 τῷ
426 2828 613 2860 αἰσθάνεσθαι,
625 2826 704 2863 εἴπερ
725 2822 772 2853 ἐπὶ
785 2825 824 2862 τῷ

885 197 950 223 tiam
963 197 1043 224 habet
1058 197 1151 232 aliquo
1167 203 1278 232 peccato
1291 198 1435 233 pollutam,
1451 199 1473 226 si
1485 199 1547 234 quis
1564 201 1674 228 audien-

884 244 951 270 tium
965 243 1093 276 doluerit,
1110 243 1146 270 ita
1169 249 1197 271 ut
1222 245 1256 272 de
1277 252 1310 272 eo
1330 244 1458 272 dicatur:
1475 244 1572 273 Vidisti
1585 252 1615 273 ut
1627 247 1673 274 ille

883 295 1064 324 compunctus
1086 290 1144 318 est?
1166 291 1236 318 alius
1259 298 1324 318 vero
1346 299 1518 326 nequaquam
1545 292 1671 325 doluerit,

883 333 931 361 sed
947 341 1029 361 sensu
1051 335 1126 361 omni
1147 335 1250 362 amisso
1268 335 1480 370 reprehensores
1499 343 1552 363 non
1567 337 1671 370 audiat,

883 378 1058 406 manifestum
1075 384 1117 407 est
1132 380 1166 408 de
1186 388 1219 408 eo
1243 381 1290 415 qui
1319 388 1354 408 ne
1377 381 1461 408 sentit
1483 381 1593 416 quidem
1618 383 1672 410 dici

882 433 983 460 posse:
1006 425 1166 461 Flagellastt‘
1188 435 1243 462 eos,
1254 432 1279 454 et
1302 435 1353 454 non
1375 428 1527 455 doluerunt.
1553 427 1592 454 Ett
1616 436 1672 463 quo

882 477 965 498 sensu
988 470 1074 505 accipi
1097 471 1200 505 possit,
1220 480 1272 498 non
1287 472 1439 505 doluerunt,
1455 476 1503 499 aut
1517 472 1670 500 doluerunt.

882 514 1030 542 Videamus
1041 522 1076 542 an
1094 515 1130 542 sit
1145 516 1225 543 nobis
1241 516 1323 543 etiam
1341 517 1393 543 alia
1405 517 1550 551 expositio.
1566 517 1673 544 Accidit

881 560 1017 587 interdum
1035 559 1062 586 in
1088 561 1250 595 corporibus
1276 566 1305 588 ut
1328 566 1418 596 partes
1442 562 1566 596 quasdam
1592 570 1670 589 etno-

881 605 989 632 riatttur
1010 610 1037 632 et
1059 605 1143 632 arida:
1159 607 1235 638 liam,
1258 611 1285 634 et
1305 615 1492 641 smpenumero
1515 608 1670 636 istiusmodi

881 651 1003 678 tnembra
1016 656 1141 678 etnortua
1158 660 1213 686 pra:
1225 653 1292 680 rivis
1307 657 1382 680 tanto
1401 654 1495 681 dolore
1516 654 1671 682 alliciuntur

882 701 911 723 ιιι
926 697 1056 724 adhibitis
1069 697 1178 732 quidem
1199 698 1260 724 vivo
1277 700 1401 726 membro
1421 700 1455 727 iis
1470 707 1531 734 qua:
1547 700 1669 726 dolerent

880 742 1011 775 inferunt,
1028 743 1117 770 doleat
1135 743 1179 770 ille
1190 744 1234 771 cui
1251 743 1278 771 id
1293 745 1366 780 quod
1380 745 1503 772 dolorem
1518 745 1609 778 ellicit,
1624 745 1668 772 itt-

881 788 982 822 fertur,
1007 789 1104 816 iisdem
1124 796 1189 816 vero
1212 790 1354 818 tormentis
1378 791 1500 818 membro
1519 799 1601 818 sensu
1623 799 1670 818 ca-

845 832 866 859 B
880 835 950 862 renti
967 834 1109 866 adhibitis,
1124 835 1237 862 minitue
1257 836 1346 863 doleat
1362 837 1406 864 ille
1421 837 1500 871 cujus
1515 838 1668 865 membrum

879 885 1034 908 emortuum
1051 885 1104 909 est.
1126 881 1188 909 Hinc
1204 882 1226 909 si
1248 882 1276 909 itt
1300 890 1415 917 corpore
1438 884 1616 918 conspexisti,
1633 885 1666 911 ad

878 928 997 955 animam
1022 929 1150 961 transfer,
1174 933 1200 957 et
1225 930 1370 957 considera
1394 930 1540 965 quamdam
1558 939 1669 966 quoque

877 975 997 1001 animatn
1017 982 1078 1002 esse
1098 975 1179 1010 cujus
1200 975 1319 1002 membra
1338 976 1375 1003 ita
1393 981 1517 1003 entortua
1534 981 1616 1009 sunt,
1639 981 1669 1004 tit

878 1021 981 1056 flagella
998 1029 1052 1049 non
1075 1022 1191 1056 sentiat,
1210 1024 1387 1057 quantumvis
1408 1023 1522 1051 molesta
1543 1024 1667 1058 quatdam

878 1068 1041 1097 inferantur.
1065 1069 1251 1098 Dissecabitur
1278 1069 1370 1096 anima
1385 1068 1442 1102 illa,
1458 1069 1506 1097 sed
1525 1077 1578 1096 non
1605 1077 1668 1097 Scu-

877 1117 943 1150 tiet;
961 1117 1013 1143 alia
1029 1124 1095 1143 vero
1110 1116 1225 1149 sentiet;
1242 1119 1269 1142 et
1280 1114 1406 1142 fortassis
1427 1115 1474 1150 qui
1493 1123 1525 1142 ea
1540 1123 1600 1151 qua
1615 1116 1666 1144 ἀοι

876 1161 961 1189 lorem
976 1162 1098 1197 pariunt,
1115 1169 1170 1189 non
1187 1162 1280 1195 sentit,
1301 1161 1505 1196 quodammodo
1520 1162 1580 1197 plus
1594 1163 1668 1191 dolet

876 1216 939 1235 cum
955 1215 987 1235 ea
1001 1216 1055 1235 non
1073 1208 1166 1240 sentit,
1182 1215 1265 1242 quam
1286 1215 1349 1235 cum
1365 1208 1458 1241 sentit,
1473 1213 1602 1244 aptatque
1618 1218 1667 1244 po-

877 1254 930 1282 tius
954 1254 1048 1282 dolere
1072 1262 1135 1282 cum
1159 1255 1273 1281 molesta
1296 1254 1453 1282 inferuntur
1475 1256 1584 1290 (etenim
1614 1257 1668 1284 hoc

876 1300 984 1336 signum
1000 1306 1042 1328 est
1056 1301 1146 1335 ipsutn
1161 1301 1275 1335 vivere),
1291 1306 1317 1327 et
1332 1308 1404 1335 εει-ε
1424 1301 1476 1328 fert
1489 1309 1518 1329 se
1534 1310 1587 1329 non
1603 1310 1667 1330 sen-

875 1346 927 1373 tire
941 1354 1000 1381 qua:
1013 1347 1134 1374 dolorem
1148 1355 1241 1381 parere
1253 1353 1464 1376 consueverunt.
1479 1347 1565 1376 Sicuti
1583 1357 1666 1384 porro

876 1391 970 1419 hocin
983 1392 1144 1427 corporibus
1161 1392 1206 1425 lit,
1231 1392 1270 1420 sic
1293 1400 1355 1420 cum
1383 1393 1482 1420 dicitur
1498 1403 1504 1420 :
1528 1393 1627 1422 Vellent
1642 1395 1666 1421 si

877 1437 962 1471 forent
979 1437 1104 1471 ambusti,
1120 1438 1174 1465 tale
1189 1439 1254 1473 quid
1270 1440 1347 1466 inttui
1367 1440 1474 1474 opinor.
1490 1439 1569 1467 Velut
1584 1441 1666 1468 sicut

877 1481 948 1518 ignis
967 1483 1138 1516 admovetur,
1149 1488 1177 1510 et
1190 1484 1233 1512 ille
1247 1486 1293 1520 qui
1304 1486 1485 1518 comburitur,
1501 1494 1555 1513 non
1572 1489 1665 1516 sentit.

875 1527 976 1555 vellent
995 1528 1033 1555 illi
1057 1527 1128 1556 facta
1156 1530 1361 1564 comparatione
1379 1530 1554 1558 sentientium
1571 1535 1597 1558 et
1610 1539 1664 1558 non

876 1574 1063 1606 Su-ntientium,
1081 1573 1184 1602 sentire
1198 1576 1290 1610 potius
1307 1576 1334 1603 itt
1358 1575 1420 1611 igne
1437 1584 1519 1610 quattt
1533 1583 1587 1604 non
1603 1585 1666 1604 sett-

876 1619 936 1652 tire,
953 1625 981 1646 ct
1000 1621 1100 1655 optarit
1122 1622 1216 1656 utique
1239 1622 1376 1657 quispiam
1400 1623 1489 1657 ignem
1505 1623 1552 1657 qui
1569 1631 1665 1658 pecca-

875 1667 981 1695 toribus
1003 1668 1174 1702 decernitur,
1196 1669 1298 1696 sentire
1323 1670 1415 1704 potius
1428 1678 1510 1704 quant
1530 1678 1583 1697 non
1601 1678 1664 1697 seu-

875 1713 935 1740 tire.
950 1712 1012 1741 Haec
1025 1714 1096 1741 dicta
1107 1719 1171 1742 stitit
1182 1719 1291 1749 propter
1303 1715 1375 1742 istud
1391 1725 1398 1743 :
1414 1715 1492 1751 165
1507 1715 1666 1751 Flagellasti

874 1768 928 1790 eos,
944 1765 968 1786 et
991 1768 1043 1786 non
1065 1760 1225 1793 doluerunt;
1244 1762 1434 1788 consummain
1455 1769 1516 1794 eos,
1531 1767 1555 1788 et
1574 1762 1666 1788 nolue-

875 1809 936 1830 runt
951 1805 1064 1839 recipere
1079 1805 1247 1840 disciplinam
1261 1805 1294 1832 ιδ.
1319 1806 1434 1838 Quando
1457 1807 1582 1841 provisor
1605 1807 1666 1834 uni-

874 1857 1015 1877 versorum
1036 1850 1107 1877 Deus
1133 1858 1182 1885 pro
1204 1851 1303 1878 anima:
1323 1853 1410 1879 salute
1441 1853 1584 1887 purganlia
1601 1860 1666 1887 pro-

874 1897 966 1932 pinat,
994 1901 1060 1924 tunc
1084 1897 1171 1931 ipsam
1197 1899 1409 1925 consummavit.
1437 1897 1504 1925 illud
1537 1903 1627 1926 autettt
1654 1907 1663 1927 :

874 1942 1071 1970 Consummatti
1085 1951 1140 1974 eos,
1153 1948 1177 1969 et
1191 1944 1331 1970 noluerunt
1349 1945 1461 1979 recipere
1482 1945 1663 1979 disciplinam,

874 1988 1008 2023 intelliges
1023 1989 1148 2024 exemplo
1164 1989 1223 2024 ejus
1239 1989 1285 2024 qui
1302 1990 1444 2017 scientiam
1457 1990 1548 2022 tradit,
1563 1995 1589 2017 et
1604 1990 1663 2024 ejus

874 2033 920 2068 qtti
941 2033 1066 2060 traditam
1095 2034 1215 2068 recipere
1242 2042 1294 2062 non
1317 2035 1382 2062 \‘ult.
1398 2033 1495 2062 Omnia
1514 2035 1586 2062 cnitn
1603 2043 1664 2070 qua:

875 2079 917 2105 sui
931 2078 1054 2105 muneris
1072 2083 1136 2105 sunt
1160 2079 1256 2106 doctor
1279 2079 1377 2113 faciat,
1392 2086 1419 2107 et
1439 2085 1549 2116 peragat
1571 2082 1663 2108 omnia

875 2131 935 2157 quae
958 2123 991 2149 ad
1017 2122 1176 2150 tradendam
1205 2124 1348 2151 scientiam
1375 2129 1510 2159 spectant,
1533 2124 1577 2151 ille
1600 2133 1664 2152 tero

876 2176 929 2196 non
945 2169 1038 2196 audiat
1051 2177 1112 2204 qua:
1126 2170 1265 2203 dicuntur,
1280 2171 1313 2197 de
1327 2171 1378 2198 hoc
1391 2178 1441 2206 ego
1457 2172 1580 2198 auditare
1596 2179 1664 2206 pra:-

874 2214 976 2248 ceptori
996 2213 1111 2241 dixerim
1132 2223 1138 2241 :
1159 2214 1362 2242 Consutnmasti
1380 2223 1453 2247 euttt,
1475 2221 1502 2242 et
1519 2216 1607 2243 noluit
1622 2224 1665 2243 re-

873 2261 963 2296 cipere
981 2260 1165 2295 disciplinam.
1181 2261 1296 2294 Quando
1310 2262 1392 2297 igitur
1405 2270 1420 2289 a
1440 2261 1614 2290 Providentia
1635 2263 1663 2290 in

874 2314 925 2334 ttos
939 2306 1007 2334 tiunt
1021 2306 1115 2333 omnia
1139 2312 1168 2334 ιιι
1191 2315 1426 2339 consummentur,
1438 2313 1464 2335 et
1477 2309 1663 2342 perficiantur,

874 2360 925 2380 nos
943 2361 1006 2381 vero
1028 2362 1083 2382 tton
1107 2354 1254 2389 recipimus
1280 2362 1341 2389 quae
1369 2353 1544 2381 administrat
1568 2352 1663 2379 Prori-

876 2508 1058 2536 αἰσθάνεσθαι.

910 2544 949 2580 (4)
967 2544 1064 2580 Codex
1087 2543 1215 2580 Scorial.,
1238 2545 1285 2571 ἐπὶ
1303 2545 1360 2572 τοῦ.
1383 2543 1469 2571 Paulo
1493 2549 1555 2580 post
1578 2545 1664 2573 codex

875 2578 1035 2610 Vaticanus,
1055 2579 1222 2614 θελήσουσιν,
1244 2581 1268 2606 ει
1283 2580 1417 2614 ἐγένοντο,
1433 2584 1462 2606 ct
1475 2579 1562 2613 infra,
1578 2588 1664 2607 κιιτιιι⁴

874 2614 992 2641 λαϐόντα
1005 2615 1158 2650 σύγκρισιν.

911 2650 949 2686 (5)
962 2650 1054 2686 Codex
1071 2649 1261 2686 Scorialensis,
1274 2650 1307 2677 ἄν
1321 2658 1374 2682 τις,
1389 2649 1595 2686 προσαγομένου
1611 2650 1662 2677 κά-

874 2684 964 2711 κείνου
988 2684 1035 2711 τοῦ
1064 2685 1307 2720 συγκεκρυμμένου
1334 2684 1419 2719 napo;
1442 2685 1488 2712 ἐπὶ
1514 2684 1593 2717 τοὺς,
1609 2691 1660 2713 etc.

874 2720 946 2747 Infra
964 2721 1045 2755 idettt,
1060 2720 1104 2746 ὅτε
1122 2720 1276 2755 καθαρτικὰ
1290 2721 1369 2746 ποιεῖ.

912 2755 951 2790 (Si
974 2755 1042 2782 Τότε
1066 2754 1164 2789 αὐτὴν
1182 2754 1375 2781 συνετέλεσε.
1396 2755 1490 2784 Codex
1515 2755 1661 2787 Vaticanus

875 2790 1014 2825 habet,eo
1023 2790 1066 2816 ἐπ’
1078 2790 1152 2825 αὐτῷ
1168 2790 1334 2816 συνετέλεσε.

914 2825 952 2861 (7)
964 2824 1055 2854 Codex
1069 2824 1260 2858 Scorialensis,
1271 2826 1334 2861 παρ’
1346 2825 1436 2853 αὐτόν.
