1869 3041
136 129 185 157 341

724 127 757 154 IN
776 125 948 154 IEREMIAM
966 125 1107 153 HOMILI’A
1127 125 1195 154 Vill.

1706 124 1759 152 3H

136 195 202 214 τον·
219 186 265 214 ὅτι
281 186 375 221 ὄνομα
387 187 496 221 Κυρίου
511 187 653 214 ἐκάλεσα.
666 187 759 219 Οὕτως
775 187 812 218 ὡς
828 186 920 221 νεφέλη

991 190 999 212 ι
1015 186 1172 213 descendant
1191 190 1219 211 ιη
1242 193 1283 212 ros
1303 185 1405 220 eloquia
1421 193 1488 212 mea.
1513 184 1597 217 Quasi
1615 184 1701 212 nubes
1715 185 1757 212 di-

137 232 182 259 καὶ
204 229 320 264 Ἡσαΐας
338 232 430 266 λέγει·
446 233 561 265 Ἄκουε,
577 232 695 266 οὐρανέ,
713 233 760 259 καὶ
778 231 923 264 ὲνωτίζου,

135 276 183 313 τῆ,
200 275 246 305 ὅτι
261 279 369 312 Κύριος
382 278 527 312 ἐλάλησεν
549 279 604 305 Καὶ
618 278 768 314 ἐπειδήπερ
783 278 830 304 καὶ
844 277 924 309 αὐτὸς

134 320 168 358 ἦν
190 322 301 357 νεφέλη,
319 323 395 358 ἔλεγε
415 323 443 349 δὲ
463 323 575 357 νεφέλας
599 323 661 354 τοὺς
684 322 923 358 ωμπροφητεύον-

134 376 182 400 τας
203 368 242 403 (1)
263 368 369 401 αὐτῶν,
389 369 435 395 καί
458 377 524 404 φησι
540 367 718 403 προφητεύων
730 375 737 384 ο
755 367 820 400 Ταῖς
835 366 923 401 νεφέ-

133 416 202 447 λαις
215 413 392 449 ἐντελοῦμαι
408 413 461 440 τοῦ
475 413 518 448 μὴ
534 413 642 447 βρέξαι
656 415 699 446 εις
713 412 806 439 αὐτὸν
823 413 922 440 ὑετόν.

166 547 199 573 Εἰ
211 545 240 572 δὲ
258 546 383 582 νενόηται
397 546 462 582 ἡμῖν
474 545 546 576 τινες
559 545 626 572 εἰσὶν
643 545 671 572 αἱ
687 545 807 580 νεφέλαι,
822 546 920 581 ἴδωμεν

134 592 191 623 πῶς
203 593 218 618 ὁ
231 591 298 624 Θεὸς
309 592 416 626 ἀνάγων
431 592 489 618 ἐστὶ.
500 591 614 626 νεφέλας
625 591 655 624 ἐξ
664 591 777 627 ἐσχάτου
794 593 843 627 τῆς
858 594 918 628 γῆς·

132 639 190 671 πῶς
204 639 252 668 ἀπ’
268 639 382 674 ἐσχάτου
397 639 447 674 τῆς
469 639 539 674 γῆς;
556 639 640 675 Φησὶν
656 641 670 666 ό
689 639 783 675 Σωτήρ
794 647 801 654 °
826 640 857 667 '0
875 640 920 668 θέε

129 686 193 711 λων
208 685 244 712 ὲν
260 684 330 719 ὑμῖν
346 683 422 712 εἶναι
437 685 562 719 πρῶτος,
584 685 671 713 ἔσται
692 684 812 711 πάντων
830 686 920 720 ἐσχα-

129 739 192 764 τος.
216 730 349 768 Ἐτήρησε
370 731 408 769 (2)
424 731 526 766 ταύτην
543 731 592 767 τὴν
614 731 722 766 ἐντολὴν
739 731 853 764 Παῦλος,
872 732 919 758 καὶ

129 773 162 811 ἦν
186 775 301 811 ἔσχατος
320 777 349 803 ὲν
368 776 455 812 τούτῳ
475 776 514 812 τῷ
531 778 641 813 κόσμῳ·
668 777 707 804 διό
729 786 795 813 φησι
807 786 818 797 ·-
840 777 919 805 Ama?)

129 821 184 857 τὰρ
208 821 253 848 ὄτι
280 821 352 854 Θεὸς
375 821 453 856 ἡμᾶς
474 822 546 856 τοὺς
567 823 757 857 ἀποστόλους
771 824 918 857 ἐσχάτους

128 866 298 899 ἀπέδειξεν,
317 868 357 900 ὡς
377 867 598 901 ἐπιθανατίους,
615 868 664 897 ὅτι
678 868 801 903 θέατρον
813 868 916 904 ἐγενή-

129 913 221 947 θημεν
239 913 281 946 τῷ
302 915 415 949 κόσμῳ,
436 914 485 941 καὶ
507 915 655 949 ἀγγέλοις,
675 916 724 942 καὶ
743 916 914 951 ἀνθρώποις.

127 957 162 984 Et
175 967 216 990 τις
232 957 280 986 οὖν
296 960 353 986 ὲστι
365 959 457 995 τηρῶν
472 960 521 996 τὴν
537 961 584 987 τοῦ
597 961 722 997 Σωτῆρος
733 962 851 998 ἐντολὴν,
869 962 916 989 καὶ

126 1004 272 1040 γενόμενος
286 1005 398 1040 ἔσχατος
411 1006 449 1038 ὠς
462 1007 530 1042 πρὸς
541 1006 588 1033 τὸν
600 1006 656 1041 βίον
668 1006 772 1039 τοῦτον,
780 1005 857 1039 οὗτος
872 1008 915 1042 γί-

126 1058 199 1076 νεται
218 1051 328 1086 νεφέλη,
351 1051 397 1077 καὶ
414 1051 508 1085 ἀνάγει
529 1051 642 1085 νεφέλας
662 1053 676 1078 ὁ
699 1052 775 1084 Θεὸς,
795 1053 845 1079 οὐκ
861 1053 915 1080 ἀπὸ

125 1094 179 1121 τῶν
192 1094 310 1130 πρώτων
326 1096 375 1131 τῆς
391 1096 452 1131 γῆς,
469 1095 518 1122 οὐκ
533 1095 587 1122 ἀπὸ
608 1096 747 1124 ὑπατικῶν
762 1097 856 1132 ἀνάγει
869 1106 913 1124 νε-

125 1140 219 1175 φέλας,
235 1141 286 1168 οὐκ
301 1141 355 1168 ἀπὸ
372 1142 530 1177 ἡγουμένων
545 1142 640 1176 ἀνάγει
657 1143 780 1177 νεφέλας,
796 1144 846 1170 οὐκ
860 1144 913 1170 ἀπὸ

125 1186 276 1213 πλουσίωνθ
295 1186 440 1221 Μακάριοι
454 1187 509 1222 γὰρ
529 1189 555 1215 οι
581 1189 703 1224 πτωχοὶ,
722 1189 766 1216 ὅῖι
788 1189 913 1224 ὑμετέρα

123 1233 210 1259 ἐστὶν
228 1234 248 1267 ἠ
270 1233 413 1265 ,ϐασιλεία
433 1234 486 1261 τοῦ
511 1235 594 1262 Θεοῦ.
620 1235 700 1270 Ὁρᾷς
719 1235 775 1267 πῶς
790 1235 843 1262 ἀπὸ
859 1228 912 1263 τῶν

125 1277 245 1312 ἐσχάτων
263 1278 357 1312 ἀνάγει
372 1279 386 1305 ὁ
402 1279 478 1310 Θεὸς,
496 1279 544 1306 καὶ
561 1281 747 1315 σωματοποιεῖ
762 1281 810 1313 τὰς
832 1281 910 1316 νεφέ-

122 1323 187 1356 λα;;
204 1323 256 1350 Διὰ
273 1323 364 1355 τοῦτο,
384 1325 407 1351 el
429 1324 578 1361 βουλόμεθα
597 1326 722 1360 γενέσθαι
741 1326 859 1361 νεφέλαι,
869 1328 910 1362 ἐφ’

123 1368 155 1400 ἃς
171 1368 269 1403 φθάνει
285 1370 302 1406 ὴ
321 1369 434 1405 ἀλήθεια
453 1371 499 1397 τοῦ
519 1371 597 1403 Θεοῦ,
615 1371 722 1407 ἔσχατοι
744 1373 850 1400 πάντων
865 1381 911 1408 γε-

122 1413 242 1449 νώμεθα,
258 1416 306 1441 καὶ
321 1415 441 1451 εἴπωμεν
459 1416 550 1452 ἔργοις
565 1417 612 1443 καὶ
634 1417 751 1445 διαθέσει
767 1419 813 1445 τό·
831 1419 910 1446 Δοκῶ

121 1460 175 1493 γὰρ
190 1459 235 1486 ὅτι
253 1462 269 1487 ό
283 1461 355 1494 Θεὸς
367 1460 446 1495 ἡμᾶς
462 1462 532 1495 τοὺς
550 1463 742 1496 ἀποστόλους
762 1464 910 1499 ἐσχάτους

975 231 1053 258 cebat
1073 240 1079 258 :
1101 231 1135 259 Ut
1154 230 1249 258 imbres
1273 237 1350 265 super
1375 239 1499 266 gramen,
1523 234 1551 257 ut
1570 230 1660 265 pluvia
1681 238 1758 265 super

975 276 1080 310 fenum,
1101 276 1163 311 quia
1187 284 1280 302 nomen
1303 275 1407 302 Domini
1427 275 1554 303 invocavi.
1576 274 1705 302 Similiter
1731 279 1758 302 et

974 321 1058 349 Isaias
1071 326 1100 348 ut
1115 321 1200 349 nubes
1213 321 1374 356 loquebatur
1387 322 1411 337 "
1428 330 1434 348 :
1450 321 1532 352 Audi,
1548 320 1651 352 uelum,
1672 325 1696 346 et
1710 328 1758 346 au-

974 367 1046 394 ribus
1063 368 1175 402 percipe,
1191 372 1272 400 terra,
1291 367 1416 402 quoniam
1437 366 1565 393 Dominus
1586 365 1689 392 locutus
1707 369 1756 392 est.

974 412 1006 440 Et
1019 413 1082 448 quia
1106 413 1162 448 ipse
1184 413 1270 440 nubes
1291 417 1359 446 erat,
1377 413 1480 440 sciebat
1502 413 1570 440 alias
1584 412 1670 439 nubes
1683 418 1757 438 com—

972 459 1164 494 proplietantcs
1179 459 1241 491 sibi,
1267 459 1328 487 ideo
1345 459 1497 487 vaticinans
1511 459 1601 487 aiebat
1621 458 1642 474 "
1659 467 1664 485 :
1680 457 1758 484 Man-

971 504 1040 531 dabo
1055 504 1164 531 nubibus
1183 505 1246 532 meis
1261 507 1292 532 ne
1308 504 1400 539 pluant
1416 511 1494 540 super
1509 512 1567 531 eam
1582 503 1702 531 imbrem.

1007 549 1033 576 ι.
1056 550 1082 576 Si
1099 549 1256 584 autcmjam
1281 549 1427 577 didicimus
1443 549 1490 584 qui
1507 554 1571 576 sunt
1593 549 1693 581 nultes,
1716 548 1756 574 vi—

971 597 1083 624 deamus
1104 596 1240 631 quomodo
1258 595 1329 623 Deus
1354 595 1451 622 educat
1474 595 1561 622 nubes
1580 595 1613 622 ab
1633 599 1756 622 extremo

971 645 1058 668 terrae.
1078 641 1124 668 Ait
1141 640 1266 668 Salvator
1279 641 1301 657 ⁷⁸
1319 650 1324 668 :
1343 640 1394 673 Qui
1412 640 1466 668 vult
1487 641 1514 666 in
1535 640 1606 667 vobis
1629 647 1683 667 esse
1700 639 1756 674 pri-

970 695 1037 721 mus,
1051 687 1086 714 sit
1101 688 1217 714 omnium
1235 687 1403 714 novissimus.
1429 686 1552 714 Servavit
1572 686 1623 713 boc
1643 685 1754 712 manda-

969 737 1026 760 tum
1043 732 1154 765 Paulus,
1177 738 1204 760 et
1224 732 1275 759 fuit
1295 732 1460 759 novissimus
1474 732 1500 758 in
1518 732 1570 758 hoc
1581 732 1696 763 mundo,
1715 731 1755 757 di-

969 786 1034 806 cens
1046 779 1069 795 "
1086 786 1094 805 :
1115 778 1184 804 Puto
1201 778 1269 804 enim
1285 777 1354 804 Deus
1379 785 1425 804 nos
1448 777 1579 812 apostolos
1601 776 1754 803 novissimos

968 823 1091 856 ostendit,
1108 824 1185 858 quasi
1203 823 1394 858 mortlﬁcatos;
1417 823 1479 858 quia
1496 822 1673 857 spectaculum
1689 822 1755 857 facti

933 854 955 882 Β
968 877 1058 897 sumus
1069 854 1096 896 in
1110 854 1158 896 ltoc
1168 869 1265 896 mundo
1275 854 1299 897 et
1315 869 1414 904 angelis
1424 854 1453 896 ἐι
1468 854 1628 895 hominibus.
1648 867 1677 894 Si
1690 854 1753 902 quis

967 924 1031 952 ergo
1045 921 1166 948 sanctus,
1182 915 1339 943 custodiens
1360 918 1522 949 pneceptum
1538 913 1698 946 Salvatoris,
1713 913 1754 940 fa-

966 968 1024 991 ctus
1036 963 1118 990 fuerit
1132 963 1159 990 in
1176 963 1227 990 hac
1240 961 1294 989 vita
1309 961 1487 993 novissimus,
1508 959 1560 988 iste
1571 959 1600 986 fit
1615 959 1711 992 nubes,
1727 962 1754 986 et

964 1009 1055 1036 educit
1079 1008 1211 1035 Dominus
1231 1007 1317 1035 nubes
1340 1015 1393 1034 non
1416 1013 1430 1034 a
1451 1006 1547 1041 primis
1559 1009 1649 1037 terras,
1665 1013 1717 1032 non
1738 1013 1752 1031 a

965 1055 1131 1088 consulibus,
1148 1063 1199 1082 non
1218 1054 1392 1089 ajudicibus.
1409 1061 1462 1080 non
1479 1061 1494 1080 a
1508 1052 1636 1080 divitibus
1652 1061 1659 1079 :
1674 1052 1749 1078 Beati

964 1100 1032 1128 enim
1051 1108 1178 1136 pauperes
1189 1121 1196 1133 ,
1218 1100 1344 1135 quoniam
1363 1103 1476 1126 uestrum
1494 1103 1534 1126 est
1552 1106 1659 1133 regnum
1676 1098 1753 1125 cavlo—

963 1153 1022 1172 rum
1041 1145 1074 1172 "".
1093 1144 1174 1171 Vides
1194 1143 1331 1178 quomodo
1352 1143 1387 1170 ab
1408 1143 1537 1170 extremis
1561 1142 1659 1169 educat
1681 1141 1752 1168 Deus

963 1191 1013 1218 bas
1026 1197 1172 1225 corporeas
1185 1189 1316 1217 nebulas?
1326 1188 1474 1223 Propterea
1487 1188 1512 1216 si
1526 1188 1652 1215 volumus
1666 1187 1753 1214 nubes

962 1235 1031 1268 fieri,
1050 1236 1084 1263 ad
1100 1243 1169 1270 quas
1184 1235 1324 1271 perveniat
1344 1234 1444 1262 veritas
1460 1233 1517 1266 Dei,
1534 1233 1676 1260 novissimi
1693 1240 1752 1260 om-

962 1282 1037 1309 nium
1054 1281 1162 1312 fiamus,
1178 1285 1204 1307 et
1221 1285 1276 1307 tam
1291 1279 1388 1306 affectu
1408 1286 1489 1314 quam
1504 1286 1586 1313 opere
1601 1278 1723 1305 dicamus
1743 1287 1750 1305 :

962 1326 1030 1354 Puto
1043 1327 1110 1353 enim
1123 1333 1169 1352 nos
1184 1325 1252 1352 Deus
1272 1325 1405 1359 apostolos
1423 1324 1576 1351 novissimos
1587 1323 1700 1350 ostendit
1715 1323 1748 1349 ⁷⁸.

960 1371 1038 1405 Quod
1061 1371 1083 1398 si
1107 1378 1160 1399 non
1179 1370 1229 1397 sim
1253 1369 1402 1404 apostolus,
1421 1368 1485 1396 licet
1502 1372 1590 1396 tamen
1608 1368 1673 1395 mihi
1692 1368 1750 1396 ﬁeri

960 1422 1131 1447 extremum,
1163 1420 1193 1442 ut
1223 1414 1341 1442 edocens
1366 1414 1452 1441 nubes
1480 1414 1552 1441 Deus
1575 1414 1609 1441 ab
1627 1418 1749 1441 extremo

960 1468 1040 1491 terra:
1067 1462 1164 1489 educat
1191 1468 1244 1488 me.
1272 1460 1306 1487 Et
1332 1460 1439 1495 fulgura
1460 1460 1487 1486 in
1508 1459 1625 1495 pluviam
1643 1460 1703 1495 fecit
1716 1460 1749 1486 ’9.

121 1506 271 1538 ἀπέδειξε*
287 1506 337 1533 κᾶν
349 1507 385 1543 μὴ
398 1508 546 1543 ἀποστόλῳ,
560 1508 617 1535 ἀλλ’
629 1509 716 1541 ἔξεστι
727 1519 770 1545 μοι
783 1511 908 1545 γενέσθαι

989 1510 1046 1537 lunt
1069 1508 1233 1535 naturalium
1251 1514 1396 1534 causarum
1414 1511 1589 1537 scrutatores,
1612 1505 1676 1540 quia
1699 1505 1749 1532 ful-

121 1551 238 1586 ἐσχάτῳ,
253 1551 297 1578 ἴνα
308 1553 322 1579 ό
334 1552 400 1584 Θεὸς
417 1553 524 1587 ἀνάγων
540 1554 653 1588 νεφέλας
668 1554 714 1582 ἀπ’
732 1555 846 1590 ἐσχάτου
861 1556 910 1592 τῆς

121 1597 170 1632 γῆς
182 1597 309 1634 ἀναγάγῃ
324 1606 367 1633 με.
382 1599 436 1625 Kal
453 1599 609 1633 ἀστραπὰς
619 1601 661 1633 εἰς
673 1600 762 1627 ὑετὸν
774 1600 907 1635 ἐποίησε.

121 1642 253 1676 Λέγουσιν
276 1645 300 1670 ol
322 1644 387 1680 περὶ
410 1644 496 1671 ταῦτα
521 1644 612 1678 δεινοὶ,
634 1646 674 1672 ὅτι
695 1647 712 1681 ἡ
728 1646 833 1681 γένεσις
855 1646 909 1674 τῶν

121 1689 269 1725 ἀστραπῶν
285 1689 338 1716 ἀπὺ
350 1690 468 1724 νεφελῶν
484 1691 588 1725 γίνεται
605 1691 733 1727 ἀλλήλαις
748 1693 911 1729 προστριῦο-

122 1734 221 1768 μένωνο
245 1735 314 1770 ὅπερ
334 1735 388 1771 γὰρ
409 1736 550 1771 συμϐαίνει
573 1737 637 1772 περὶ
659 1737 721 1769 τοὺς
743 1738 909 1773 πυροϐόλους

104 1804 108 1807 ,
121 1779 210 1811 λίθους
229 1780 276 1807 ἐπὶ
292 1781 352 1815 γῆς,
367 1781 412 1808 ἵνα
426 1781 472 1808 δύο
494 1781 580 1809 λίθων
592 1784 836 1818 προσκρουσάντων
853 1784 908 1820 πῦρ

963 1563 1032 1590 gnra
1049 1563 1081 1582 ex
1104 1554 1217 1581 nubium
1242 1552 1383 1580 collisione
1405 1556 1577 1586 generentur,
1603 1551 1630 1577 in
1647 1558 1748 1577 morem

963 1600 1068 1627 silicum
1082 1599 1235 1628 duriorum,
1252 1604 1321 1632 quos
1336 1604 1397 1624 cum
1418 1597 1596 1631 comploseris
1613 1596 1676 1629 sibi,
1694 1604 1750 1623 me-

962 1646 1023 1674 dius
1045 1653 1079 1672 ex
1103 1645 1146 1672 liis
1168 1643 1284 1671 elabitur
1307 1643 1393 1677 ignis;
1409 1646 1491 1677 atque
1506 1643 1541 1669 ita
1563 1650 1623 1669 cum
1645 1641 1750 1676 fulgure

963 1690 1064 1726 pariter
1088 1694 1115 1716 ct
1139 1689 1260 1716 tonitrua
1284 1688 1403 1722 mugire;
1422 1687 1543 1714 tonitruo
1564 1687 1667 1715 scilicet
1680 1687 1753 1714 soni-

962 1741 1020 1763 tum
1046 1736 1182 1762 iudicanle
1207 1741 1381 1767 concussum,
1403 1737 1430 1761 et
1449 1733 1555 1768 fulgure
1575 1733 1682 1761 excussi
1709 1734 1750 1760 lu-

964 1783 1044 1810 minis
1058 1781 1219 1810 claritatem.

121 1826 233 1862 γενηθῇ,
249 1827 328 1854 τοῦτο
348 1828 470 1863 γίνεσθαι
491 1829 538 1856 καὶ
557 1830 603 1856 ἐπὶ
626 1830 680 1857 τῶν
699 1831 817 1865 νεφελῶν
840 1840 919 1866 φασι·
951 1829 1194 1867 προσκρουομένων
1219 1827 1273 1854 τῶν
1298 1827 1415 1861 νεφελῶν
1438 1826 1507 1854 κατὰ
1527 1827 1590 1859 τοὺς
1614 1827 1749 1862 χειμῶνας

119 1872 222 1906 γίνεται
240 1873 257 1908 ὴ
277 1873 420 1909 ἀστραπή’
443 1875 482 1905 διὸ
496 1874 533 1906 ὡς
557 1875 658 1902 ὲπιπαν
684 1877 701 1911 ὴ
720 1877 847 1913 ἀστραπὴ
867 1877 923 1911 ἅμα
952 1878 1047 1913 βροντῇ
1071 1876 1193 1910 γίνεται,
1220 1874 1268 1909 τῆς
1290 1874 1338 1909 μὲν
1361 1873 1474 1908 βροντῆς
1496 1873 1680 1909 ἐμφαινούσης
1704 1874 1748 1900 τὸν

119 1915 184 1954 ἦχον
197 1918 244 1945 τοῦ
266 1920 455 1955 συγκρουσμοῦ
472 1920 525 1948 τῶν
549 1921 677 1956 νεφελῶν,
695 1921 746 1956 τῆς
762 1922 789 1949 δὲ
806 1923 950 1958 ἀστραπῆς
966 1922 1104 1957 γεννώσης
1120 1921 1150 1947 τὸ
1166 1920 1232 1955 φῶς.

153 1964 186 1990 Εἰ
202 1965 334 1999 νενόηκας
349 1966 381 1991 τὺ
394 1966 578 2001 παράδειγμα,
595 1966 633 1993 ἴδε
652 1976 697 2003 μοι
713 1968 760 1994 καὶ
775 1968 825 2003 τὴν
845 1977 907 2003 νοη-

994 1968 1020 1995 5.
1042 1967 1069 1993 Si
1088 1966 1241 1993 intellexisti
1258 1965 1423 1999 exemplum,
1444 1965 1586 1992 considera
1605 1972 1677 1991 nunc
1693 1971 1730 1991 nu

117 2007 167 2043 τὴν
181 2008 306 2043 νεφέλην.
324 2009 426 2044 Μωσῆς
442 2010 539 2046 νεφέλη
554 2008 598 2046 ἦν,
622 2012 724 2046 Ἰησοῦς
737 2013 751 2039 ὁ
766 2013 813 2039 τοῦ
830 2013 907 2049 Ναυῆ

989 2022 1006 2041 ιε
1020 2013 1174 2040 rationales.
1191 2011 1297 2046 Moyses
1320 2011 1405 2038 nubes
1424 2015 1481 2037 erat
1495 2020 1501 2038 :
1520 2009 1598 2038 Jesus
1612 2010 1685 2038 Nave
1700 2020 1745 2038 nu-

117 2052 217 2088 νεφέλη
231 2051 274 2088 ἧν·
289 2051 367 2080 αὗται
380 2054 412 2090 δὴ
423 2055 563 2090 ὁμιλοῦσιν
574 2056 712 2092 ἀλλήλαις,
729 2058 775 2084 καὶ
789 2059 842 2085 ἀπὸ
854 2059 907 2086 τῶν

989 2067 1006 2086 ss
1027 2062 1085 2085 erat
1104 2067 1110 2084 :
1128 2057 1174 2084 isti
1193 2057 1214 2083 si
1233 2062 1325 2083 secum
1343 2055 1504 2090 loquantur,
1526 2063 1558 2082 ex
1574 2056 1744 2084 sermonibus

118 2099 204 2134 λόγων
230 2100 319 2127 αὐτῶν
348 2101 475 2137 ἀστραπὴ
501 2101 617 2136 γίνεται.
650 2103 781 2139 Ἱερεμίας
807 2104 907 2140 νεφέλη

989 2112 1053 2132 trum
1073 2103 1180 2138 fulgura
1207 2103 1317 2129 micant.
1340 2101 1471 2129 Jeremias
1491 2106 1518 2129 et
1535 2101 1640 2129 Batucli
1660 2102 1744 2130 nubes

178 2145 286 2181 Βαροὺχ
305 2147 404 2182 νεφέλη
427 2145 472 2183 ἦν·
493 2148 660 2182 διαλέγονται
682 2150 750 2185 πρὸς
766 2151 905 2186 ἀλλήλους,

990 2154 1046 2181 ant,
1069 2148 1284 2176 sermocinemur
1305 2146 1431 2178 invicem,
1451 2151 1477 2173 et
1494 2146 1618 2174 videbitis
1635 2146 1745 2173 rutilam

116 2189 199 2226 ἦλθεν
217 2193 233 2227 ἡ
248 2193 375 2228 ἀστραπὴ
394 2194 447 2221 ἀπὸ
463 2194 517 2221 τῶν
536 2195 622 2230 λόγων
647 2193 778 2232 Ἰερεμίου
794 2198 841 2224 καὶ
853 2198 905 2224 τῶν

989 2196 1075 2230 lgura.
1101 2193 1181 2221 Potes
1207 2198 1234 2219 et
1254 2196 1282 2219 tu
1306 2192 1362 2227 ipse
1378 2191 1411 2219 de
1426 2191 1573 2227 Scripturis
1595 2192 1696 2219 sanctis
1717 2192 1743 2219 in

115 2235 203 2270 λόγων
215 2236 331 2272 Βαρούχ.
347 2237 449 2270 οὕτως,
461 2239 484 2264 εἰ
499 2238 621 2271 δύνασαι,
634 2240 770 2274 συνάγαγε
785 2240 837 2267 ἀπὸ
851 2240 904 2266 τῶν

989 2247 1031 2267 mc
1051 2239 1160 2266 modum
1182 2237 1303 2264 invenire
1328 2244 1479 2265 concursus
1501 2245 1533 2264 ex
1555 2237 1654 2272 quibus
1674 2237 1744 2272 ignis

116 2282 234 2317 ῐῬίιφῶν
254 2282 314 2308 τινα
339 2283 439 2319 τρόπον
457 2284 584 2320 ἀστραπὴ
606 2285 730 2320 ἔρχεται·
756 2286 803 2313 καὶ
818 2287 847 2312 ὲν
870 2288 902 2322 τῇ

989 2286 1103 2312 mittatur.
1120 2283 1156 2311 Ut
1171 2288 1260 2310 autem
1276 2283 1309 2310 ad
1327 2282 1430 2310 Novum
1444 2282 1645 2310 Testamentum
1664 2282 1744 2318 175.

115 2327 203 2362 Καινῇ
217 2327 338 2364 Διαθήκῃ
365 2328 468 2360 Παῦλος
491 2329 538 2356 καὶ
558 2330 700 2362 Σιλουανδς
723 2330 769 2357 δύο
793 2331 904 2366 νεφέλαι

991 2330 1097 2357 niamus
1107 2348 1115 2361 ,
1129 2328 1229 2355 Paulus
1243 2332 1269 2355 et
1283 2327 1417 2363 Sylvanus
1434 2327 1494 2354 dua:
1508 2327 1593 2354 nubes
1615 2327 1641 2355 in
1659 2335 1740 2354 unum

114 2369 194 2406 ἦσαν·
213 2371 295 2407 ἦλθον
320 2374 366 2400 ὲπὶ
389 2374 419 2401 τὸ
441 2375 516 2408 αὐτὸ,
533 2375 643 2410 γέγονεν
663 2377 680 2412 ἡ
696 2376 746 2412 τῆς
762 2377 905 2413 ἐπιστολῆς

989 2378 1152 2405 invenerunt,
1169 2378 1195 2401 et
1215 2381 1277 2400 ecce
1304 2378 1387 2401 totum
1412 2372 1543 2399 mundum
1560 2372 1679 2407 epistolae
1693 2380 1740 2400 eo-

114 2417 252 2452 ἀστραπή.
271 2417 440 2452 ’Δστραπὰς
449 2417 506 2446 οὖν
514 2421 530 2446 ὀ
539 2419 610 2453 Θεὸς
619 2421 662 2453 εὶς
669 2420 758 2448 ὑετὸν
768 2420 900 2454 ἐποίησε,

992 2429 1016 2448 m
1040 2421 1144 2453 fulgore
1161 2420 1322 2447 illuminant.
1347 2418 1468 2453 Fulgura
1489 2419 1515 2446 in
1537 2418 1653 2453 pluviam
1667 2418 1740 2452 fecit,

114 2463 163 2488 καὶ
179 2462 327 2498 ἐξήγαγεν
344 2464 473 2498 ἀνέμους
489 2465 522 2492 ἐκ
539 2465 698 2500 θησαυρῶν
711 2466 812 2493 αὑτοῦ.
832 2466 901 2502 Ὅρα

1003 2469 1094 2495 eduxit
1113 2472 1200 2495 uentos
1228 2466 1260 2495 de
1285 2467 1414 2493 thesauris
1439 2467 1494 2493 suis
1520 2467 1552 2494 '°.
1581 2466 1686 2500 Ergone
1712 2466 1738 2492 lii

114 2507 150 2539 ὥς
167 2505 240 2534 οὗτοι
261 2510 285 2534 οἱ
308 2508 401 2545 ἄνεμοι
419 2511 447 2536 ὲν
462 2510 607 2546 θησαυροῖς
626 2512 704 2538 εἰσιν·
724 2512 740 2546 ἢ
767 2512 824 2547 οὐχὶ
839 2512 901 2546 φαί-

989 2514 1026 2540 nti
1047 2513 1093 2548 qui
1119 2519 1200 2548 super
1226 2516 1324 2540 terram
1352 2512 1466 2547 perﬂant
1484 2513 1510 2538 in
1536 2512 1670 2540 thesauris
1690 2512 1737 2539 Dei

113 2561 189 2579 νεται
203 2553 220 2588 ἡ
241 2553 344 2581 τούτων
361 2555 441 2589 φύσις
456 2556 590 2583 πνεόντων
604 2557 651 2583 ἐπὶ
664 2557 717 2592 γῆς
731 2557 791 2584 τινα
802 2557 901 2593 τρόπον

989 2563 1027 2591 nt,
1045 2563 1071 2586 et
1089 2565 1143 2585 non
1157 2558 1253 2585 horum
1265 2562 1306 2584 est
1320 2563 1417 2585 natura
1432 2557 1584 2590 manifesta,
1601 2557 1737 2592 quomodo

114 2598 275 2633 ὑφίσταται;
292 2600 348 2627 ἀλλ’
368 2601 422 2628 εισί
437 2609 509 2633 τινες
529 2602 636 2637 ἀνέμων
656 2602 796 2638 θησαυροὶ,
819 2611 900 2631 πνευ-

995 2611 1048 2638 qua
1069 2603 1175 2630 ratione
1190 2603 1356 2631 subsistant?
1376 2603 1427 2631 Sed
1443 2607 1506 2631 sunt
1521 2603 1631 2637 quidam
1645 2607 1738 2630 vento-

148 2677 172 2694 ⁷³
190 2677 278 2714 IsaLt,
295 2678 322 2714 2.
360 2678 468 2714 "ibid.
485 2679 512 2711 5,
526 2679 552 2707 6.
591 2680 614 2696 ⁷⁸
633 2679 716 2708 Marc.
735 2689 772 2713 Ix,
789 2680 834 2708 54.
872 2680 895 2696 ⁷⁸
913 2679 920 2707 1

989 2689 1004 2707 τ.
1019 2688 1055 2713 Iv,
1070 2681 1096 2708 9.
1124 2660 1230 2707 ‘"Luc.
1245 2688 1282 2713 Vl,
1298 2679 1343 2707 20.
1381 2680 1421 2707 ⁷⁸1
1433 2681 1495 2709 Cor.
1512 2689 1550 2714 IV,
1564 2680 1590 2709 9.
1629 2681 1652 2697 "’
1661 2681 1735 2710 Psal.

112 2719 223 2745 cxxuv,
238 2713 264 2740 7.
301 2713 323 2729 "
342 2713 409 2741 ibid.
428 2714 453 2741 'l.

148 2784 188 2828 lli
207 2785 322 2828 εἰπεῖν·
344 2785 622 2828 δεξίὲωξιάειντηλιὺτῷ-
756 2823 771 2828 ,-
817 2823 822 2828 .
857 2823 862 2828 .

989 2787 1086 2828 ιήριξε,
1104 2787 1183 2814 vertit
1199 2788 1281 2821 enim,
1297 2787 1476 2821 conlinunt-it;
1488 2788 1547 2823 ejus
1561 2789 1643 2816 editio
1655 2789 1735 2816 liabe-

148 2819 187 2854 (2)
213 2820 365 2855 Ἐτήρησι
387 2820 424 2849 ita
437 2822 498 2857 legit
513 2819 706 2857 Hieronymus;
720 2823 899 2853 atCorderius

989 2827 999 2850 ι
1010 2819 1155 2857 intimas.
