1869 3041
29 104 85 132 355

624 107 657 135 IN
672 107 844 136 JEREMIAM
864 109 1004 137 llOMlLlA
1026 110 1074 138 IX.

1620 122 1672 152 551

28 162 143 198 ἕρημος
166 164 237 198 αὕτη
257 164 323 191 Θεοῦ
339 163 382 201 ἦν.
400 166 518 200 Ἔχουσα
534 167 562 194 δὲ
577 167 659 203 ἄνδρα
675 169 721 195 τὸν
736 169 826 205 νόμον,
842 173 865 201 Α
879 169 948 202 Quid
965 179 1029 205 ergo
1044 171 1107 206 pulli

900 170 948 197 iuid
965 179 1029 205 ergo
1044 171 1186 206 pollicetur
1205 172 1297 201 Deus?
1311 175 1394 203 Erilis
1411 177 1474 204 mihi
1491 179 1517 205 in
1532 181 1668 216 populum,

29 208 129 243 ὲκείνη
143 210 161 244 ὴ
177 211 323 246 συναγωγὴ
334 211 467 238 λέλεκται.
479 212 511 238 Τί
522 211 568 239 οὖν
583 215 830 249 μοιὲπαγγέλλεται

27 254 41 278 ὁ
50 253 126 285 Θεὸς
138 262 145 285 ;
157 255 285 282 Ἔσεσθέ
291 265 342 290 μοι
350 258 394 289 εἰς
403 255 489 289 λαόν,
501 259 581 293 κάγὼ
590 259 696 293 ἔσομαι
707 260 777 294 ὑμῖν
787 262 830 294 εἰς

29 299 122 325 θεὸν.
135 299 194 326 Οὐκ
207 301 263 326 ἔστι
277 301 385 329 πάντων
400 303 475 336 Θεὸς,
489 303 544 330 ἀλλ’
555 304 571 340 ἢ
584 305 694 332 ἐκείνων
704 304 744 338 οἷς
757 307 830 342 χαρί-

28 342 110 373 ζεται
128 345 226 371 ἑαυτὸν
236 354 242 360 ·
257 346 351 383 ὥσπερ
366 348 509 383 ἐχαρίσατο
519 350 614 376 ἑαυτὸν
627 350 665 386 τῷ
674 352 828 388 πατριάρχῃ

28 389 146 425 ἐκείνῳ,
166 388 187 424 ᾦ
203 389 294 418 εἴτ-»ενι
316 393 386 428 Ἐγὼ
408 394 480 427 Θεὸς
494 396 564 428 σόςι
582 397 628 423 καὶ
646 396 724 424 πάλιν
738 397 809 431 ἄλλῳ
819 407 825 413 ·

34 433 111 467 Ἐγὼ
125 435 236 470 ἔσομαί
247 446 306 464 σου
320 439 392 471 Θεός
401 447 408 453 ”
423 440 470 465 καὶ
488 441 551 475 περὶ
567 441 666 477 ἑτέρων
679 451 686 457 '
701 443 828 478 Ἕσομαι

26 479 136 506 αὐτῶν
157 482 239 515 Θεός.
259 483 327 509 Πότε
342 482 388 510 οὖν
404 482 458 520 ἆρα
475 486 555 520 ἡμεῖς
570 487 796 524 ὲπιτυγχάνομεν,
813 490 827 517 ὃ

26 525 92 551 καθ’
106 526 226 554 ἕκαστον
239 528 320 562 λέγω,
337 530 377 561 είς
391 531 421 557 τὸ
434 531 479 557 τὸν
494 531 559 559 Θεὸν
572 530 642 560 εἶναι
656 534 733 569 ἡμῶν
744 535 824 569 Θεύν;

26 571 58 597 Εἰ
74 571 106 598 δὲ
121 571 213 604 θέλεις
227 574 323 609 μαθεῖν
335 576 415 603 τίνων
437 578 509 604 ἐστὶν
523 579 537 604 6
553 578 633 610 Θεὸς,
650 581 697 606 καὶ
712 582 763 608 τινι
777 590 826 616 χα-

27 615 142 651 ρίζεται
174 619 222 655 τὴν
244 621 339 648 ἑαυτοῦ
357 623 516 658 ἐπίκλησιν’
537 625 622 660 Ἐγὼ,
645 627 726 662 φησὶ,
753 615 825 662 Θεὸς

32 662 178 698 Ἀϐραὰμ,
200 666 271 699 Θεὸς
295 667 408 700 Ἰσαὰκ,
428 669 499 702 Θεὸς
515 670 626 698 Ἰακώϐ.
644 673 698 700 Καὶ
715 674 824 709 διηγού-

26 717 113 743 μενος
132 711 166 737 τὸ
176 712 296 740 τοιοῦτον
311 714 326 739 ό
341 714 436 750 Σωτήρ
451 723 542 751 φησιν·
563 717 594 743 '0
607 717 678 750 Θεὸς
689 720 744 746 οὐκ
759 720 823 747 ἔστι

23 754 157 788 νεκρῶν,
176 757 258 784 ἀλλὰ
274 758 399 788 ζώντων.
416 760 463 792 Τίς
481 761 496 787 6
510 761 621 797 νεκρός;
651 762 680 789 ’0
694 764 823 799 ἀμαρτω-

22 800 80 832 λὸς,
101 802 116 827 6
140 802 181 837 μὴ
198 803 267 838 ἔχων
287 804 331 831 τὸν
348 805 470 832 εἰπόντα·
502 807 574 842 Ἐγώ
594 809 651 842 ειμι
677 809 695 842 ἡ
714 808 784 844 ζωή’
809 812 823 837 6

21 845 94 880 ἒχων
108 849 199 883 νεκρὰ
216 849 293 884 ἔργα,
315 851 426 886 μηδέπω
449 854 616 889 μετανοήσας
635 854 688 880 ἀπὸ
703 856 757 882 τῶν
780 866 822 883 νε-
838 847 859 874 Β

21 891 98 925 κρῶν
113 892 218 928 ἔργων,
229 896 291 930 περὶ
302 892 339 922 ὧν
352 905 433 932 φησιν
448 899 462 924 6
479 898 639 932 Ἀπόστολος
648 909 654 915 ·
666 901 714 935 Μὴ
728 901 821 929 πάλιν

19 937 168 970 θεμέλιον
188 941 442 976 καταϐαλλόμενοι
460 945 619 978 μετανοίας
634 946 693 972 ἀπὸ
707 947 821 980 νεκρῶν

19 982 129 1016 ἔργων.
154 985 187 1010 Εἰ
200 985 287 1012 τοίνυν
302 987 316 1012 6
330 987 395 1019 Θεὸς
408 988 457 1014 οὐκ
473 989 529 1016 ἔστι
544 990 647 1025 νεκρῶν
663 991 739 1024 Θεὸς,
753 992 820 1019 ἀλλὰ

20 1027 145 1060 ζώντων,
176 1030 222 1056 καὶ
240 1031 351 1066 οἴδαμεν
371 1033 414 1065 τίς
436 1034 509 1061 ἐστιν
528 1036 542 1061 6
559 1035 630 1067 ζῶν,
648 1037 688 1063 ὅτι
707 1037 721 1062 ὁ
745 1038 820 1064 πολι-

19 1073 172 1108 τευόμενος
191 1076 261 1102 κατὰ
278 1077 404 1112 Χριστὸν,
423 1079 468 1106 καὶ
494 1080 581 1114 μένων
605 1082 662 1117 μετ’
677 1083 776 1109 αὐτοῦ·
790 1081 816 1106 εἰ

19 1116 178 1154 βουλόμεθα
194 1121 238 1147 ἵνα.
250 1123 264 1157 ἠ
270 1122 329 1157 μῶν
374 1125 387 1150 6
402 1124 477 1157 Θεὸς,
490 1125 688 1162 ἁποταξώμεθα
701 1129 758 1160 τοῖς
773 1128 818 1164 ἔρ-

18 1171 75 1196 γοις
94 1165 148 1200 τῆς
166 1167 337 1202 νεκρότητος,
356 1169 399 1195 ἵνα
413 1169 460 1205 τὴν
471 1171 636 1205 ἐπαγγελίαν
653 1173 733 1199 αὐτοῦ
751 1173 818 1208 πλη-

109 1211 164 1246 τὴν
178 1211 321 1246 λέγουσαν·
337 1214 389 1241 Καὶ
401 1214 458 1250 ἐγὼ
472 1216 578 1249 ἔσομαι
592 1217 662 1251 ὑμῖν
675 1219 718 1251 εἰς
733 1219 817 1252 Θεὸν,

16 1253 98 1288 ὅπως
113 1256 225 1289 στήσω
243 1257 296 1284 τὸν
311 1259 404 1293 ὅρκον
416 1269 487 1294 μου,
508 1261 545 1288 ὃν
560 1261 663 1296 ὤμοσα
682 1263 743 1295 τοῖς
759 1271 815 1290 πα-

16 1298 128 1331 τίὰσιν
148 1299 244 1334 ὑμῶν,
270 1302 324 1329 τοῦ
349 1303 454 1331 δοῦναι
476 1305 577 1338 αὐτοῖς
603 1306 662 1341 γῆν
682 1308 818 1341 ῥέουσαν

17 1344 94 1379 Τάλα
111 1347 165 1373 καὶ
181 1347 260 1381 μέλι.
280 1349 364 1384 Τήρει
387 1349 450 1384 γὰρ,
471 1351 510 1377 ὅτι
533 1351 622 1385 λέγει·
639 1353 745 1386 Στήσω
765 1354 818 1380 τὸν

14 1390 107 1424 ὅρκον
121 1402 197 1427 μου,
215 1393 252 1420 ὃν
269 1393 374 1428 ὤμοσα
399 1396 458 1429 τοῖς
480 1397 630 1430 πατράσιν
655 1399 749 1433 ὑμῶν,
764 1399 817 1426 τοῦ

14 1435 122 1464 δοῦναι
140 1438 249 1472 αὐτοῖς
264 1439 323 1474 γῆν
333 1440 468 1474 ῥέουσαν
487 1442 563 1477 γάλα
579 1443 626 1470 καὶ
647 1445 730 1478 μέλι·
747 1445 816 1482 αὕτη

14 1483 65 1517 γὰρ
82 1484 138 1511 οὐκ
152 1484 229 1511 ἔστιν
246 1486 261 1520 ἡ
276 1485 323 1520 γῆ,
343 1487 376 1521 ἣν
390 1487 571 1522 ἐπηγγείλατο
586 1490 600 1515 6
618 1488 684 1521 Θεὸς
704 1490 817 1525 ῥέουσαν

881 221 905 242 et
920 224 966 250 ego
988 225 1031 243 ero
1047 217 1117 243 vobis
1134 218 1160 244 in
1184 218 1276 247 Deum.
1301 220 1360 248 Non
1378 227 1420 250 est
1439 225 1561 252 omniurn
1585 226 1667 261 Dens,

881 261 928 287 sed
950 268 1044 293 eorum
1070 266 1173 289 tantum
1203 265 1301 298 quibus
1325 274 1354 293 se
1377 267 1490 303 largitus
1510 276 1569 302 est.
1600 279 1668 306 quo-

880 306 962 333 modo
986 307 1146 341 patriarchae
1171 309 1208 336 illi
1227 310 1260 336 ad
1284 319 1364 345 quem
1390 314 1458 341 dixit
1473 314 1485 330 δ
1506 324 1514 342 :
1534 316 1589 352 Ego
1609 326 1669 345 sum

880 351 950 377 Deus
973 356 1052 384 tuus;
1071 358 1098 379 et
1119 361 1228 381 rursum
1250 355 1295 382 alii
1319 366 1325 382 :
1352 357 1407 392 Ego
1431 359 1501 386 Deus
1527 351 1571 387 ero
1597 361 1668 389 Deus

880 401 960 428 tuus;
985 405 1090 424 necnon
1113 398 1145 426 de
1165 400 1249 428 aliis:
1269 400 1340 434 Ero,
1365 404 1452 438 inquit
1474 406 1504 439 ',
1537 407 1606 434 Deus
1622 416 1667 435 eo.

879 450 948 469 rum.
980 441 1098 471 Putasne
1124 444 1272 479 aliquando
1300 450 1509 484 consequimur,
1543 452 1568 480 id
1593 454 1666 487 quod

878 495 924 522 per
941 488 1063 524 singulos
1088 490 1159 522 dico,
1181 495 1210 518 ut
1230 492 1302 520 Deus
1326 495 1447 522 omnium
1464 497 1509 524 tiat
1527 497 1598 525 Deus
1615 507 1666 526 tto-

877 535 950 561 ster?
962 533 990 561 Si
1002 541 1091 562 autem
1110 537 1150 564 vis
1165 537 1270 571 plenius
1283 539 1387 567 discere
1399 549 1515 576 quorum
1533 544 1568 570 sit
1583 544 1666 578 Deus,

876 583 902 606 et
917 580 1016 614 quibus
1032 581 1193 609 vocabulum
1216 584 1257 610 sui
1280 585 1401 613 nominis
1423 587 1553 622 largiatur
1568 598 1574 616 :
1591 589 1662 624 Ego.

876 624 965 660 inquit
980 626 1010 658 ⁸,
1033 626 1102 653 Deus
1123 628 1274 662 Abraham,
1297 636 1320 657 et
1343 631 1413 658 Deus
1432 631 1528 665 Isaac,
1553 638 1578 661 et
1594 634 1665 663 Deus

874 669 973 703 Jacob;
992 672 1071 706 idque
1089 673 1176 707 ipsum
1195 682 1333 709 expOnens
1347 676 1470 705 Salvator
1486 679 1523 705 ait
1539 680 1549 695 "
1569 689 1575 707 :
1592 679 1664 707 Deus

875 722 961 744 autem
990 726 1040 744 non
1067 725 1104 745 est
1124 725 1299 752 mortuorum,
1322 723 1367 748 sed
1391 723 1516 750 rivorum.
1538 724 1604 758 Quis
1621 731 1663 754 est

875 764 1017 790 mortuus?
1045 763 1140 799 Utique
1162 771 1303 800 peccator,
1327 768 1372 802 qui
1393 777 1446 796 non
1469 770 1549 797 habet
1570 772 1663 799 dicen-

875 813 927 835 tem
954 817 960 834 :
984 809 1064 844 180
1084 809 1140 844 Ego
1167 819 1225 837 sum
1251 813 1303 839 vita
1324 813 1345 845 ⁸,
1377 815 1422 848 qui
1452 815 1531 842 habet
1554 822 1662 845 mortua

873 861 971 888 opera,
994 855 1040 889 qui
1062 856 1176 882 necdum
1197 858 1382 891 paenitentiam
1405 861 1457 894 egit
1480 861 1513 887 ab
1533 863 1662 896 operibus

872 901 986 928 mortuis
1006 911 1012 928 :
1029 901 1063 928 de
1077 909 1130 935 quo
1141 902 1286 936 Apostolus
1301 904 1337 930 ait
1351 904 1360 919 ³
1373 913 1383 931 ς
1403 904 1465 931 Non
1482 915 1585 933 rursum
1600 907 1662 941 [un-

871 946 1023 972 dameutum
1039 946 1163 979 iacientes
1175 948 1331 981 paenitentia:
1347 949 1378 975 ab
1395 951 1514 984 operibus
1538 954 1659 980 mortuis.

873 989 900 1016 Si
914 997 979 1025 ergo
995 990 1064 1018 Deus
1079 1000 1131 1018 non
1148 998 1188 1018 est
1203 992 1273 1020 Deus
1294 1000 1475 1028 mortuorum,
1499 997 1546 1024 sed
1571 999 1661 1025 viven-

872 1034 949 1066 tium,
965 1039 990 1061 et
1003 1035 1104 1062 scimus
1119 1043 1179 1063 esse
1197 1036 1330 1064 viventem
1343 1047 1404 1065 cum
1419 1041 1464 1074 qui
1482 1048 1660 1070 conversatur

872 1078 898 1106 in
913 1079 1036 1113 Christo,
1059 1085 1088 1106 ut
1103 1081 1148 1107 ﬁat
1166 1083 1300 1117 particeps
1318 1083 1388 1118 ejus,
1402 1088 1428 1112 et
1447 1086 1469 1112 si
1485 1087 1610 1115 volumus
1631 1092 1661 1116 ut

869 1129 896 1152 et
916 1125 986 1153 Deus
1002 1131 1092 1153 uoster
1112 1128 1156 1160 sit,
1181 1129 1366 1156 rcuuntiemus
1383 1132 1511 1166 operibus
1534 1135 1658 1167 mortuis,

871 1175 899 1198 ut
929 1172 1148 1206 pollicitationem
1179 1182 1255 1200 suam
1283 1174 1309 1201 in
1337 1176 1415 1203 nobis
1448 1178 1582 1212 compleat
1615 1180 1659 1206 di—

870 1224 934 1244 cens
950 1217 992 1244 “’:
1013 1217 1046 1244 Et
1066 1226 1108 1244 ero
1129 1219 1200 1245 vobis
1225 1220 1251 1245 in
1279 1219 1375 1253 Deum,
1398 1227 1427 1248 ut
1447 1227 1562 1249 statuant
1579 1224 1658 1258 juru-

869 1268 984 1289 ntentum
1007 1272 1110 1296 meum,
1134 1265 1202 1299 quod
1219 1265 1310 1299 juravi
1339 1267 1459 1300 patribus
1480 1270 1571 1296 vestris
1594 1270 1658 1296 dare

867 1307 922 1335 illis
943 1313 1039 1335 terram
1062 1309 1186 1342 ﬂuentem
1203 1309 1245 1336 lac
1268 1316 1291 1336 et
1311 1311 1370 1338 mel.
1393 1312 1512 1340 Observa
1532 1314 1596 1348 quid
1614 1315 1658 1341 di-

869 1358 911 1380 cat
931 1363 936 1380 :
956 1353 1079 1381 Statuam
1104 1354 1303 1389 juramentum,
1332 1357 1401 1392 quod
1422 1358 1514 1392 juravi
1535 1361 1656 1394 patribus

868 1398 971 1431 vestris,
990 1399 1053 1424 dare
1074 1398 1129 1425 illis
1154 1403 1249 1425 terram
1263 1400 1388 1434 ﬂuentem
1404 1401 1446 1427 lat:
1465 1407 1488 1428 rt
1511 1405 1571 1431 mel.
1593 1404 1656 1433 Ηωε

868 1444 939 1470 enim
956 1451 1008 1470 non
1021 1448 1062 1471 est
1078 1449 1148 1470 terra
1167 1452 1247 1479 quam
1264 1446 1401 1480 pollicitus
1416 1452 1455 1474 est
1475 1447 1544 1476 Deus
1555 1470 1562 1482 ,
1585 1455 1654 1477 terra

869 1488 955 1516 ﬂuens
971 1489 1011 1516 lac
1025 1495 1050 1516 et
1065 1490 1117 1517 mel
1133 1499 1139 1516 :
1160 1491 1205 1517 sed
1228 1491 1278 1518 ista
1300 1496 1339 1518 est
1354 1496 1424 1519 terra
1441 1494 1474 1520 de
1487 1502 1540 1529 qua
1558 1495 1654 1524 Salva-

13 1529 81 1562 γάλα
100 1530 151 1556 καὶ
168 1530 242 1566 μέλι,
258 1531 315 1557 ἀλλ’
333 1532 435 1568 ἐκείνη,
452 1534 516 1569 περὶ
529 1532 562 1570 ἧς
582 1535 720 1561 ἐδίδασκεν
735 1537 748 1562 ὁ
763 1537 817 1564 Σω-
829 1527 851 1557 c
868 1540 910 1562 tor
927 1535 1020 1563 docuit
1031 1536 1107 1563 dicen

900 1543 910 1561 r
927 1535 1020 1563 docuit
1031 1536 1125 1564 dicens
1138 1537 1159 1552 “
1179 1547 1185 1564 :
1209 1536 1282 1564 Beati
1292 1539 1379 1571 mites,
1393 1540 1516 1574 quoniam
1530 1541 1581 1576 ipsi
1592 1551 1655 1578 pas-

14 1576 62 1609 τὴρ
79 1575 176 1609 λέγων
187 1584 193 1590 ·
211 1578 393 1612 Μακάριοιοὶ
410 1579 523 1613 πραεῖς,
542 1579 586 1606 ὅτι
604 1579 689 1607 αὐτοὶ
709 1583 816 1616 κληρο-

13 1621 194 1655 νομήσουσι
211 1622 268 1657 τὴν
281 1623 348 1658 τῆν.

46 1665 118 1694 Εἶτα
142 1667 216 1702 πρὸς
235 1668 268 1694 τὰ
284 1671 470 1706 προειρημένα
488 1671 540 1699 ὑπὸ
561 1673 607 1699 τοῦ
625 1674 727 1709 Κυρίου
746 1674 814 1701 ἀπο-

11 1712 137 1746 κρίνεται
161 1713 177 1738 ὁ
204 1713 366 1750 Προφήτης,
388 1716 455 1752 πρὸς
479 1717 518 1744 τό·
548 1719 777 1754 Ἐπικατάρατος
798 1722 814 1748 ὀ

11 1756 192 1790 ἄνθρωπος,
226 1758 259 1790 ὃς
284 1761 340 1787 οὐκ
361 1762 522 1790 ἀκούσεται
547 1764 606 1791 τῶν
633 1766 732 1800 λόγων
758 1765 814 1799 τῆς

11 1803 169 1836 ,διαθήκης
203 1805 330 1839 ταύτης·
365 1807 411 1833 καὶ
441 1808 522 1844 φησί*
554 1810 609 1836 Καὶ
639 1811 812 1844 ἀπεκρίθην.

11 1849 58 1875 καὶ
83 1847 178 1876 εἶπα·
206 1849 339 1882 Γένοιτο,
367 1853 472 1886 Κύριεῐ
487 1854 523 1880 τί·
555 1855 688 1888 Γένοιτο,
707 1857 813 1890 Κύριε;

18 1894 260 1929 Ἐπικατάρατος
280 1897 314 1930 ὂς
335 1899 390 1924 οὐκ
411 1898 528 1933 ἐμμένει
554 1901 616 1933 τοῖς
635 1903 736 1936 λόγοις
758 1902 813 1936 τῆς

11 1940 167 1974 Διαθιὶκης
180 1943 300 1976 ταύτης.
310 1945 365 1972 Καὶ
374 1942 437 1971 εἷπε
449 1946 556 1979 Κύριος
573 1947 690 1982 πρὸςμέ
703 1956 709 1962 ·
734 1948 813 1974 Ἂνά-

12 1987 101 2020 rrum
118 1986 196 2019 τοὺς
208 1988 320 2022 λόγους
333 1989 458 2023 τούτους
465 1992 498 2018 ἐν
509 1991 636 2019 πόλεσιν
650 1993 751 2020 Ἰούδα.
762 1993 811 2019 καὶ

25 2032 126 2062 {Mer
147 2032 354 2068 Ἰερουσαλήμ.
374 2035 427 2061 Καὶ
449 2037 504 2067 τοῖς
525 2035 576 2068 ἔξω
591 2037 811 2073 ἀναγινώσκομεν

12 2079 71 2110 τοὺς
86 2079 192 2112 λόγους
215 2078 263 2105 τοῦ
285 2080 364 2112 Θεοῦ,
390 2082 622 2118 προσκαλούμενοι
648 2084 745 2115 αὐτοὺς
766 2085 811 2110 ἐπὶ

13 2124 166 2160 σωτηρίαν,
186 2125 257 2157 τοὺς
273 2125 385 2160 λόγους
395 2125 450 2160 τῆς
461 2127 605 2162 Διιιθήκης
621 2129 745 2161 ταύτης·
763 2129 812 2156 καὶ

11 2169 164 2203 ποιήσατε
176 2170 301 2202 αὐτοὺς,
318 2170 367 2196 καὶ
376 2172 432 2197 οὐκ
450 2171 608 2206 ἐποίησαν.
620 2173 674 2199 Καὶ
683 2171 748 2199 εἶπε
755 2173 812 2199 Κύ-

9 2222 72 2247 ριος
77 2213 213 2248 πρὸςμέ’
219 2215 334 2249 Εῠρέθη
341 2216 550 2250 σύνδεσμος-ἐν
556 2217 702 2251 ἀνδράσιν
710 2217 810 2249 Ἰούδα,

11 2261 58 2287 καὶ
67 2261 106 2287 ἐν
116 2260 185 2293 τοῖς
193 2261 386 2288 κατοικοῦσιν
398 2263 598 2298 Ἰερουσαλήμ.
610 2263 713 2290 Οὐκοῦν
731 2273 813 2290 σπου-

11 2305 141 2341 δὰσωμεν
160 2308 302 2341 μετανοεῖν
320 2308 364 2334 ἐπὶ
385 2310 441 2340 τοῖς
463 2309 617 2345 εἰρημένοις
635 2310 814 2346 ἁμαρτήμασι

11 2353 75 2387 περὶ
91 2352 204 2387 ἀνδρῶν
219 2353 315 2385 Ἰούδα,
329 2353 486 2386 εἰδότες,ὅτι
501 2355 614 2390 ἐσμὲνοὶ
624 2355 811 2391 ᾶνδρεςΊοὺδσ.

11 2397 52 2424 διὰ
65 2398 114 2423 τὸν
131 2398 252 2432 Χριστὸν
272 2398 357 2424 ’ἰούδα
371 2399 592 2435 προφητευθέντα
608 2401 654 2427 καὶ
669 2401 807 2436 λεχθέντα·

13 2444 121 2477 μήποτε
139 2442 196 2477 γὰρ
209 2443 270 2469 ἐπεὶ
285 2444 313 2469 ἐν
330 2444 394 2478 ἡμῖν
410 2445 477 2470 εἰσιν
495 2445 650 2480 ἁμαρτωλοί
663 2454 745 2476 τινες,
762 2446 809 2472 καὶ

11 2489 87 2526 ξαρὰ
105 2487 155 2514 τον
169 2488 250 2523 ὀρθὸν
265 2488 344 2522 λόγον
365 2489 539 2523 πράττοντες,
555 2490 599 2516 διὰ
614 2490 691 2516 τοῦτο
705 2491 779 2525 λέγει
795 2491 809 2517 6
820 2517 831 2530 θ

11 2533 163 2568 Προφήτης
172 2542 180 2548 ·
192 2533 307 2567 Εὑρέθη
319 2534 489 2569 σύνδεσμος
497 2535 532 2561 ἐν
541 2534 686 2568 ἀνδράσιν
702 2535 811 2572 Ἰούδης

9 2581 55 2606 καὶ
76 2580 114 2606 ἐν·
131 2578 197 2612 τοῖς
218 2580 412 2607 κατοικοῦσιν
443 2579 656 2614 Ἰερουσαλήμ·
671 2581 735 2607 ὅταν
755 2582 809 2617 γὰρ

9 2625 111 2661 εὗρεθῇ
129 2624 158 2650 ἐν
172 2633 228 2651 τισι
241 2625 290 2660 (ὡς
298 2625 510 2661 χρηματίζουσιν
524 2627 548 2652 οἱ
559 2625 613 2652 ἀπὸ
626 2626 674 2660 τῆς
696 2626 809 2662 Ἐκκλη-

9 2670 104 2707 ﬂag)
123 2670 275 2706 σύνδεσμος
289 2671 404 2704 ἀδικίας,
421 2671 468 2698 καὶ
488 2670 635 2706 σύνδεσμος
648 2671 702 2698 τῶν
717 2672 804 2705 ἀμαρ-

319 2773 329 2788 ⁵
349 2771 433 2799 Exod.
465 2781 528 2799 XXIX
547 2773 573 2804 5,
599 2773 624 2799 4.

300 2807 320 2823 ¹¹
343 2806 436 2834 Matth.
455 2815 481 2841 γ,
500 2808 522 2835 4.
562 2809 582 2823 ¹¹
601 2808 699 2834 Jercm.
716 2816 751 2841 XI,
770 2809 796 2836 '5.

44 2775 56 2789 ⁸
78 2772 150 2800 Gen.
170 2780 236 2801 xvtl.
256 2773 280 2799 l.

12 2811 31 2824 ί*
52 2808 111 2836 Jer.
134 2815 172 2838 xi,
190 2808 215 2838 5.
231 2808 257 2834 5;

828 2192 850 2219 D

665 2772 675 2787 “
694 2772 780 2800 Emi.
799 2781 839 2804 Ill,
855 2773 881 2799 6.
919 2774 928 2789 "
948 2773 1013 2799 Luc.
1033 2781 1077 2804 xx,
1096 2774 1140 2800 58.
1179 2774 1189 2789 "
1208 2773 1285 2800 Jonn.
1305 2782 1340 2805 XI,
1355 2773 1400 2800 ‘25.

868 1581 988 1608 sidebant
1010 1587 1116 1609 terram.

900 1670 926 1696 4.
947 1669 1048 1696 Deinde
1063 1670 1095 1696 ad
1116 1670 1173 1697 hrec
1195 1678 1255 1705 qua:
1279 1670 1383 1699 dixerat
1405 1672 1494 1706 Deus,
1518 1673 1652 1709 Propheta

865 1716 1022 1750 respondit,
1044 1716 1070 1743 id
1094 1721 1135 1743 est
1155 1716 1187 1743 ad
1213 1716 1239 1743 id
1266 1718 1337 1752 quod
1366 1719 1403 1745 ait
1431 1719 1451 1735 "
1470 1728 1476 1746 :
1495 1719 1655 1748 Maledicta:

864 1762 940 1788 homo
965 1763 1009 1797 qui
1034 1770 1085 1788 non
1100 1763 1213 1789 audierit
1237 1763 1312 1789 verba
1330 1763 1464 1791 Testamett
1479 1765 1487 1792 ἱ
1511 1766 1588 1800 hujus
1604 1774 1614 1793 :
1627 1772 1654 1794 et

865 1808 930 1835 dicit
947 1817 952 1835 :
971 1807 1004 1834 Et
1033 1808 1169 1843 respondi,
1191 1813 1215 1835 ct
1231 1809 1288 1835 dixi
1305 1817 1314 1836 :
1339 1809 1419 1841 Fiat,
1440 1810 1559 1839 Domine.
1583 1812 1653 1846 Quid

864 1859 905 1881 est
928 1854 1000 1889 quod
1019 1853 1055 1881 ait
1071 1863 1077 1880 :
1098 1853 1173 1885 Fiat,
1197 1854 1330 1882 Domine?
1350 1854 1449 1890 Utique
1465 1857 1491 1884 id
1505 1858 1576 1892 quod
1592 1866 1654 1892 pro-

865 1899 1000 1926 nuntiavit
1019 1899 1090 1926 Deus
1106 1908 1111 1925 :
1129 1899 1286 1926 Maledictus
1309 1900 1384 1926 homo
1401 1902 1445 1936 qui
1468 1909 1518 1928 non
1539 1904 1652 1930 audierit

864 1945 938 1970 verba
966 1944 1122 1970 Testamenti
1142 1944 1230 1978 hujus.
1246 1944 1280 1970 Et
1302 1945 1369 1971 dixit
1390 1945 1516 1973 Dominus
1535 1948 1569 1973 ad
1587 1956 1626 1974 me
1642 1957 1652 1975 :

863 1989 929 2024 Lege
950 1989 1025 2015 verba
1047 1989 1098 2016 ista
1120 1989 1147 2015 in
1171 1989 1273 2015 civitate
1287 1988 1369 2022 Juda,
1386 1995 1410 2016 et
1434 1995 1508 2017 extra
1525 1991 1652 2019 Hierusa-

863 2034 913 2061 lem
929 2034 964 2067 ".;
985 2034 1065 2060 etiam
1088 2034 1131 2061 his
1149 2034 1195 2068 qui
1217 2033 1281 2061 l'oris
1301 2039 1365 2062 sunt
1381 2035 1496 2070 legimus
1512 2037 1592 2064 verba
1610 2037 1652 2064 di-

863 2079 935 2111 vina,
955 2083 1133 2113 provocantes
1146 2087 1193 2106 eos
1209 2080 1242 2106 ad
1255 2080 1379 2107 salutem.
1400 2080 1482 2108 Verba
1492 2081 1653 2110 Testamenti

863 2124 952 2159 hujus,
976 2129 1000 2151 et
1016 2125 1094 2159 facile
1117 2125 1174 2158 illa,
1194 2129 1219 2152 et
1240 2125 1310 2151 dixit
1324 2125 1452 2153 Dominus
1471 2127 1506 2153 ad
1523 2135 1584 2155 me:
1603 2128 1652 2154 Iu—

864 2175 938 2196 venta
952 2174 990 2196 est
1006 2169 1140 2205 colligatio
1154 2170 1180 2196 in
1193 2170 1255 2196 viris
1269 2169 1353 2203 Juda,
1371 2176 1395 2198 et
1419 2172 1444 2198 in
1466 2172 1649 2200 habitantibus

865 2215 1032 2243 Hierusalem
1055 2216 1085 2243 “.
1106 2215 1135 2243 Si
1159 2218 1361 2251 peccaverimus
1386 2226 1446 2250 nos,
1473 2219 1518 2253 qui
1541 2225 1651 2255 propter

863 2262 1002 2289 Christum
1023 2262 1072 2289 viri
1092 2262 1160 2290 .luda
1182 2271 1322 2297 vocamur,
1340 2268 1366 2290 et
1386 2264 1486 2291 inventi
1503 2265 1601 2292 fuerint
1621 2267 1649 2293 in

863 2308 941 2335 nobis
971 2308 1033 2335 nodi
1056 2313 1240 2342 peccatorum,
1264 2313 1290 2335 et
1307 2309 1339 2336 de
1361 2309 1439 2336 nobis
1457 2309 1557 2336 dicitur
1576 2319 1582 2337 :
1600 2309 1647 2336 ln-

863 2359 937 2381 renta
955 2358 992 2380 est
1007 2354 1140 2389 colligatio
1160 2355 1186 2381 in
1201 2355 1264 2380 viris
1281 2353 1366 2386 Juda,
1384 2359 1408 2381 et
1423 2355 1449 2381 in
1469 2355 1648 2382 habitantibus

863 2399 1041 2427 Hierusalem.
1058 2399 1125 2427 Cum
1142 2400 1168 2426 in
1187 2399 1306 2427 Ecclesia
1324 2399 1370 2427 Dei
1386 2401 1453 2427 tales
1472 2405 1534 2427 sunt
1550 2399 1576 2427 in
1589 2401 1648 2435 qui-

864 2444 915 2471 bus
935 2445 1086 2478 reperiatur
1102 2444 1216 2478 laqueus
1235 2445 1397 2479 iniquitatis,
1415 2450 1441 2472 et
1458 2446 1564 2472 vincula
1586 2455 1648 2480 pec-

864 2489 932 2520 cati,
949 2490 974 2516 in
997 2494 1101 2516 tantum
1126 2495 1155 2517 ut
1178 2490 1204 2517 id
1226 2491 1297 2524 quod
1317 2490 1351 2517 de
1375 2495 1515 2525 peccatore
1538 2492 1646 2522 dicitur.

863 2535 902 2562 eis
926 2535 1014 2562 valeat
1027 2537 1171 2562 convenire
1188 2545 1194 2562 :
1216 2534 1332 2562 Vinculis
1353 2540 1517 2568 )eccatorum
1539 2545 1647 2563 suorum

863 2588 1038 2615 unusquisque
1057 2582 1245 2615 constringitur
1267 2581 1298 2613 υ,
1321 2585 1385 2608 tunc
1407 2582 1472 2608 dicit
1487 2581 1558 2608 Deus
1578 2590 1585 2608 :
1602 2581 1647 2608 ln-

862 2631 938 2653 venta
954 2630 992 2652 est
1009 2626 1143 2661 colligatio
1166 2627 1192 2653 in
1223 2628 1285 2654 viris
1308 2627 1390 2653 Iuda.
1413 2626 1511 2654 Verum
1529 2635 1582 2654 non
1606 2627 1647 2654 in-

863 2672 986 2698 venietur
1007 2671 1141 2706 colligatio
1162 2671 1189 2698 in
1212 2673 1297 2699 nobis.
1318 2673 1459 2705 Quomodo
1485 2680 1574 2700 autem
1592 2680 1646 2700 non

1439 2774 1449 2789 '
1471 2773 1551 2801 llebr.
1567 2781 1603 2807 vt,
1620 2774 1645 2803 1.

837 2809 857 2823 ¹³
878 2808 941 2835 ibid.
959 2810 984 2834 6.
1026 2808 1046 2823 ⁸⁵
1059 2808 1123 2835 ibid.
1141 2810 1167 2835 9.
1208 2809 1227 2824 ”
1248 2809 1324 2835 Prov.
1342 2817 1367 2840 \',
1384 2809 1428 2836 2‘2.
