1869 3041
63 127 107 154 5(ῑὸ

643 133 675 161 IN
694 133 866 163 JEREMIAM
888 137 1029 167 [IOMILIA
1049 141 1081 169 Χ.

1620 148 1671 180 566

65 186 128 212 me
149 187 164 220 ἡ
187 185 233 221 γῆ,
257 186 324 221 τάχα
344 187 389 213 καὶ
414 187 447 214 τὰ
472 188 553 215 λοιπὰ
577 192 709 226 στοιχεῖα·
739 193 827 227 ὁμοίως

901 202 1001 223 iussum
1021 200 1155 233 lugentem
1178 205 1277 227 terram
1293 209 1437 237 exponere,
1453 213 1499 233 seu
1517 206 1668 238 laetantem:

66 231 123 266 ἐρῶ·
142 232 186 257 καὶ
197 231 281 266 ὕδωρ,
297 233 343 258 καὶ
355 234 369 259 ό
385 233 432 259 ἐπὶ
444 233 490 259 τοῦ
504 233 598 266 ὕδατος
609 237 775 272 τεταγμένος
787 238 837 272 ἄγ-

65 277 142 311 γελος,
163 277 205 303 ἴνα
226 277 398 313 διηγήσωμαι
418 279 465 305 καὶ
481 279 530 315 τὴν
553 281 605 315 γῆν
625 282 791 309 πενθοῦσαν·
808 285 838 310 οὐ

64 322 112 358 γὰρ
123 322 198 348 τοῦτο
212 323 242 349 τὸ
259 323 362 359 σῶμαὴ
384 325 420 359 γῆ
436 325 529 351 πενθεῖ
541 326 595 353 ἀπὸ
610 327 663 354 τῶν
679 329 837 355 κατοικούν-

63 377 111 395 των
126 369 153 394 ὲν
168 369 247 404 αὐτῇ,
270 369 336 396 ἀλλὰ
360 370 414 397 νόει
440 380 484 406 μοι
506 371 572 407 πρὸς
597 374 628 407 τῇ
651 373 770 405 διατάξει
791 375 837 401 τοῦ

65 414 152 445 παντὸς
165 414 327 449 τεταγμένον
337 415 395 442 τινὰ
414 416 450 451 (l)
470 416 583 451 άγγελον
597 418 643 444 ἐπὶ
661 418 708 458 τῇς
718 419 779 454 γῆς,
791 420 838 447 καὶ

65 458 132 485 ἄλλον
153 460 316 495 τεταγμένον
336 461 382 486 ἐπὶ
401 461 455 487 τῶν
479 462 593 493 ὑδάτων,
619 463 666 489 καὶ
692 463 770 490 ἄλλον
792 465 838 491 ἐπὶ

64 504 103 530 τοῦ
117 505 201 540 ἀέρος,
215 506 263 532 καὶ
277 506 405 541 τέταρτον
421 507 466 533 ἐπὶ
479 507 526 534 τοῦ
541 509 635 544 πυρός·
652 509 737 541 οὕτως
750 509 837 536 άνάὸα

66 559 103 585 μοι
116 550 153 585 τῷ
167 550 238 586 λόγῳ
254 551 300 578 ἐπὶ
316 552 364 587 τὴν
387 552 507 586 διάταξιν
524 555 613 581 πᾶσαν
628 555 677 590 τὴν
693 557 722 582 ὲν
747 556 836 589 ζώοις,

64 596 105 630 τὴν
120 596 146 621 ὲν
160 598 262 630 φυτοῖς,
279 596 327 632 τὴν
342 598 371 623 ὲν
387 599 584 634 τοῖς-οὐρανοῖς,
601 600 721 636 ἄστροις.
734 602 835 635 Ἀγγε-

64 640 101 671 λός
113 649 151 672 τις
169 641 307 672 τέτακται,
323 642 369 668 καὶ
382 643 428 669 ἐπὶ
440 643 488 670 τοῦ
505 644 592 679 ἡλίου,
608 646 655 671 καὶ
670 646 714 672 ἐπὶ
729 646 776 682 τῆς
793 655 837 673 σε-

64 684 145 720 λήνης,
160 686 236 717 ἄλλος
257 687 303 713 καὶ
317 687 362 713 ἐπὶ
376 687 430 713 τῶν
446 689 563 724 ἄστρων·
580 687 653 716 οὗτοι
669 690 700 726 δὴ
714 692 738 717 οἱ
754 691 838 726 ἄγγεα

65 730 98 756 λοι
111 731 164 766 μεθ’
178 728 215 758 ὧν
230 732 324 767 ἔσμεν.
339 733 399 759 ὅσον
415 734 496 768 ὲσμὲν
507 734 553 760 ἐπὶ
568 735 628 769 γῆς,
645 736 704 771 ἦτοι
721 737 836 772 εὐφραια

64 785 152 808 νονται,
176 777 191 813 ῆ
216 777 360 804 πενθοῦσιν
381 779 422 812 ἐφ’
438 780 514 814 ἡμῖν,
540 780 603 806 ὅταν
625 781 833 816 ἁμαρτάνωμεν.

63 822 164 854 Πενθεῖ,
187 823 280 858 φησὶν,
308 824 327 858 ἠ
350 823 385 858 γῆ
406 824 463 851 ἀπὸ
486 824 544 850 τῶν
567 827 783 852 κατοικούντων
801 827 836 854 ἐν

890 248 939 268 nec
963 250 1059 270 sensus
1082 243 1187 278 recipit,
1212 250 1241 272 ut
1263 246 1421 276 insensibile
1447 257 1546 286 corpus
1570 254 1671 280 sentire

889 287 1041 319 credamus,
1065 288 1114 314 nisi
1132 293 1161 316 ut
1177 290 1360 325 intelligamus
1378 294 1504 323 omnibus
1525 299 1606 325 rebus
1622 305 1671 324 an-

889 331 962 365 gelos
978 333 1136 366 praesidere,
1153 340 1208 362 tam
1227 341 1305 365 terrae
1324 343 1350 365 et
1366 346 1453 373 aquae,
1472 349 1553 376 quam
1574 343 1629 370 aeri
1644 349 1672 371 et

889 376 961 410 igni,
984 377 1009 404 id
1032 382 1072 405 est
1092 380 1237 415 principari
1261 383 1418 416 elementis,
1446 391 1473 412 et
1499 387 1550 414 hoc
1575 388 1672 415 ordine

888 421 1029 454 pervenire
1050 422 1084 449 ad
1105 425 1197 451 omnia
1218 426 1346 454 animalia
1359 448 1366 460 ,
1389 429 1422 455 ad
1444 437 1525 458 omne
1547 439 1669 466 germen.

888 466 922 492 ad
942 467 999 501 ipsa
1015 475 1124 503 quoque
1147 474 1220 497 astra
1238 472 1368 499 coelestia.
1381 473 1458 502 Alius
1471 476 1584 510 angelus
1597 485 1666 512 prat-

888 512 993 545 positus
1011 517 1052 540 est
1073 514 1172 542 terris:
1189 520 1270 551 atque
1289 517 1326 544 ita
1342 525 1437 546 omnes
1457 520 1475 546 ii
1497 522 1584 556 angeli
1608 531 1670 551 cum

887 557 987 591 quibus
1004 566 1145 587 versamur
1169 561 1195 588 in
1217 566 1299 594 terra,
1324 565 1442 599 gaudent
1466 567 1576 601 quando
1598 569 1670 603 juste

888 602 1011 637 agimus;
1025 605 1134 638 quando
1148 608 1329 640 peccavimus,
1348 609 1451 645 lugent.
1474 610 1585 646 Lugebit
1600 602 1671 641 terra

888 647 920 673 ab
942 649 1062 675 omnibus
1084 650 1294 680 inhabitantibus
1317 655 1343 681 in
1363 663 1404 683 ea.
1435 656 1535 685 Eodem
1559 661 1671 688 nomine

888 693 1012 726 angelum
1046 698 1124 722 terra:
1156 698 1291 731 appellant
1316 708 1370 734 quo
1402 701 1459 735 ipsa
1484 710 1668 739 nuncupatur.

887 736 1029 769 Quomodo
1053 740 1124 768 enim
1145 741 1197 769 hoc
1214 744 1287 777 quod
1311 752 1392 772 manu
1416 746 1517 775 factum
1540 736 1586 777 est
1605 758 1668 778 eum

887 782 1080 817 maledicatur,
1102 785 1273 815 maledicitur
1298 794 1325 816 et
1351 790 1408 824 ipse
1427 793 1474 826 qui
1499 792 1563 821 fecit
1591 795 1668 829 illud,

887 836 941 855 non
962 830 1033 864 quod
1058 831 1232 859 maledictum
1256 834 1292 861 sit
1325 836 1397 869 quod
1419 838 1509 866 anima
1532 847 1564 867 ac
1587 848 1668 868 sensu

63 867 137 901 αὐτῇ.
158 869 325 904 ὐμωνύμως
339 867 397 895 εἷπε
413 869 458 895 τὸν
468 870 581 903 ἄγγελον
593 870 643 905 γῆν
658 871 726 906 αὐτῇ
740 872 773 907 τῇ
787 873 821 907 γῇ

904 862 979 907 aret,
1005 877 1052 903 sed
1076 877 1147 904 idem
1170 878 1269 906 dicitur
1293 862 1463 915 malledictus,
1489 885 1535 919 qui
1561 887 1670 915 assislet

64 912 155 949 Ὠσπερ
175 914 227 949 γὰρ
242 914 274 940 τὸ
296 915 480 950 χειροποίητον
503 916 701 951 ὲπικατάρατον
716 917 781 943 αὐτὸ
805 918 835 944 τὸ

63 959 161 994 ἄψυχον,
177 960 233 986 ἀλλ’
249 961 357 996 εἴρηται
370 962 556 997 χειροποίητον
570 963 600 988 τὸ
612 963 834 999 προσκαθεζόμε-

63 1013 98 1030 νον
112 1005 146 1039 τῷ
160 1005 255 1041 ἀψύχῳ
271 1006 418 1041 ἀγάλματι,
435 1007 481 1033 καὶ
500 1007 667 1042 χρηματίζον
683 1008 780 1044 ἐκεινῳ
793 1009 832 1044 τῷ

63 1050 157 1086 ὀνόματι
167 1059 173 1066 ·
186 1051 272 1084 οὕτως
289 1052 320 1087 δὴ
332 1051 386 1088 ἐρῶ
397 1052 444 1079 καὶ
458 1053 509 1087 γῆν
524 1053 650 1087 λέγεσθαι
664 1054 709 1080 τὸν
721 1055 767 1081 ἐπὶ
781 1055 834 1090 γῆς

62 1097 210 1132 τεταγμένον
224 1097 350 1131 ἄγγελον,
364 1098 410 1124 καὶ
426 1098 497 1134 ὕδωρ
512 1098 637 1132 λέγεσθαι
650 1100 696 1126 τὸν
709 1100 755 1126 ἐπὶ
769 1100 833 1127 ὕδα-

62 1150 98 1173 τος
109 1143 267 1177 τεταγμένον
282 1143 405 1177 ἄγγελον,
421 1143 481 1170 καθ’
504 1143 518 1170 ὃ
533 1143 656 1171 λέλεκται
667 1153 673 1160 ·
692 1155 702 1170 ι
722 1146 833 1173 Εῐδοσάν

63 1194 86 1212 σε
105 1185 192 1220 ὕδατα,
202 1187 216 1213 ὁ
227 1187 304 1220 Θεὸς,
319 1188 423 1214 εῖδοσάν
437 1196 466 1214 σε
481 1188 574 1220 ὕδατα,
586 1189 633 1216 καὶ
647 1190 831 1226 ἐφοϐήθησαν,

61 1231 100 1258 καὶ
113 1232 297 1268 ἐταράχθησαν
312 1233 433 1260 ἄϐυσσοι.
450 1233 554 1269 Πλῆθος
562 1234 645 1270 ἤχους
658 1235 762 1261 ὑδάτων
775 1244 831 1270 φω-

61 1278 100 1312 νὴν
114 1278 210 1305 ἔδωκαν
227 1280 255 1306 αἱ
272 1280 392 1314 νεφέλαι·
418 1280 464 1306 καὶ
479 1280 533 1316 γὰρ
547 1280 581 1307 τὰ
598 1280 661 1317 βέλη
676 1289 722 1307 σου
739 1281 832 1308 διαπο-

62 1323 177 1357 ρεύονται.
195 1335 204 1350 ι

91 1379 98 1394 ε
117 1370 342 1404 Ἐγκαταλέλοιπα
361 1372 407 1398 τὸν
422 1369 495 1398 οἶκόν
511 1381 572 1407 μου,
589 1373 684 1409 ἀφῆκα
702 1374 752 1411 τὴν
765 1375 831 1411 κλη-

61 1416 172 1450 ρονομίαν
195 1425 256 1452 μου.
277 1417 385 1444 Ἔδωκα
405 1417 454 1453 τὴν
474 1419 654 1454 ἠγαπημένην
674 1419 762 1457 ψυχήν
780 1429 830 1456 μου

59 1461 91 1492 εἰς
102 1463 189 1496 χεῖρας
203 1463 309 1498 ἐχθρῶν
331 1463 425 1498 αὐτῆς.
447 1473 456 1489 ι
479 1463 529 1490 Ἴδε
555 1473 599 1499 μοι
622 1465 668 1491 τὸν
692 1467 720 1492 ἐν
740 1468 828 1502 μορφῇ

59 1505 114 1532 Θεοῦ
137 1508 291 1544 ὑπάρχοντα
313 1508 375 1535 ὗντα
390 1510 418 1535 ὲν
437 1511 493 1542 τοῖς
517 1511 650 1546 οὐρανοῖς.
673 1511 725 1538 Ἴδε
748 1511 829 1539 αὑτοῦ

58 1552 94 1578 τὸν
112 1551 180 1580 οἷκον
200 1555 407 1590 ὑπερουράνιον.
432 1556 463 1582 Et
487 1555 575 1590 βούλει
597 1557 643 1583 καὶ
666 1557 829 1594 ὑψηλότερον

60 1596 121 1630 ἰδεῖν,
133 1599 181 1631 ὅτι,
199 1600 271 1634 Ἐγὼ
290 1601 325 1627 ἐν
338 1600 377 1634 τῷ
399 1602 505 1635 Πατρι·
521 1602 558 1628 ἴδε
573 1602 655 1629 αὐτοῦ
669 1601 742 1630 οἷκον
765 1604 829 1632 ὄντα

57 1642 94 1668 τὸν
111 1645 183 1671 Θεὸν.
209 1645 378 1672 Καταλείπει
393 1646 438 1673 τὸν
456 1647 564 1682 Πατέρα
585 1648 633 1675 καὶ
657 1649 705 1684 τὴν
719 1649 825 1684 μητέρα

58 1687 97 1723 τὴν
109 1689 159 1716 ἂνω
176 1691 364 1727 Ἰερουσαλὴμ,
379 1692 425 1718 καὶ
447 1692 556 1728 ἔρχεται
575 1694 614 1725 εἰς
629 1694 674 1720 τὸν
689 1694 826 1729 περίγειον

57 1733 134 1766 τήπον,
147 1737 190 1762 καὶ
204 1737 299 1772 φησίν·
323 1738 569 1772 Ἐγκαταλέλοιπα
586 1739 640 1766 τὸν
653 1741 738 1767 οἶκόν
751 1749 821 1775 μου·

57 1779 144 1814 ἀφῆκα
158 1783 213 1818 τὴν
231 1785 434 1818 κληρονομίαν
450 1794 519 1820 μου.
550 1787 654 1823 Ἐκείνη
679 1787 733 1824 γὰρ
749 1786 784 1824 ἦν
808 1790 825 1825 ἡ

56 1825 204 1863 κληρονομία
224 1829 319 1862 αὑτοῦ,
339 1831 372 1857 τὰ
389 1831 475 1866 χωρία
487 1831 521 1857 τὰ
542 1832 611 1867 μετὰ
624 1832 677 1859 τῶν
691 1834 824 1868 ἀγγέλων,

56 1872 148 1906 ἠτάξις
165 1876 180 1909 ἡ
198 1876 267 1910 μετὰ
289 1875 343 1902 τῶν
364 1876 448 1910 ἁγίων
463 1877 612 1912 δυνάμεων.
637 1879 750 1906 Ἕδωκα
768 1879 826 1914 τὴν

57 1917 232 1954 ἠγαπημένην
239 1921 346 1955 ψυχήν
353 1931 412 1956 μου
424 1923 467 1955 εἰς
477 1923 577 1957 χεῖρας
589 1923 703 1958 ἐχθρῶν
714 1925 822 1960 αὐτῆς.

56 1963 196 1999 Πιρέδωκεν
210 1967 293 1993 αὐτοῦ
313 1967 362 2002 τὴν
377 1967 465 2003 ψυχὴν
479 1969 518 2000 εἰς
530 1969 580 2000 τὰς
596 1970 690 2005 χεῖρας
705 1970 759 1997 τῶν
779 1972 824 2006 ἑχ-

56 2007 114 2042 ορών
124 2010 169 2045 τῆς
182 2011 283 2047 ψυχῆς,
298 2013 336 2044 εἰς
350 2015 442 2049 χεῖρας
469 2014 602 2042 Ἰουδαίων
625 2015 680 2043 τῶν
694 2017 823 2044 ἀποκτει-

54 2053 140 2082 νάντων
151 2058 240 2090 αὐτὸν,
258 2059 298 2090 εις
311 2060 403 2094 χεῖρας
413 2060 549 2095 ἀρχόντων
562 2062 748 2097 συναχθέντων
762 2065 822 2091 κατ’

54 2101 131 2134 αὑτοῦ,
160 2105 199 2136 εις
215 2106 310 2140 χεῖρας
332 2105 478 2140 βασιλέων
495 2107 532 2142 (2)
557 2107 600 2133 ὅτε
617 2117 626 2132 ι
649 2109 822 2144 παρέστησαν

54 2145 72 2169 οἱ
82 2145 188 2180 βασιλεῖς
199 2151 249 2185 τῆς
262 2151 324 2184 γῆς,
342 2152 387 2177 καὶ
401 2153 425 2177 οἱ
443 2152 573 2187 ἄρχοντες
589 2154 760 2190 συνήχθησαν
775 2156 820 2182 ὲπὶ

885 919 1036 947 insensibili
1056 923 1220 957 simulacro,
1240 925 1335 953 eodem
1353 931 1467 955 vocatus
1487 930 1598 958 nomine
1614 939 1669 966 quo

869 971 996 994 'vocatur
1013 967 1037 994 id
1053 969 1124 1002 quod
1142 970 1325 998 manufactum
1341 978 1382 1000 est
1396 982 1402 1000 :
1416 974 1455 1001 sic
1469 979 1495 1002 et
1510 983 1583 1004 nunc
1597 981 1668 1005 terra

885 1012 1034 1046 appellatur
1061 1012 1084 1039 is
1109 1015 1220 1048 angelus
1244 1016 1291 1049 qui
1308 1018 1481 1051 prtepositus
1506 1024 1547 1047 est
1579 1025 1667 1048 terrae.

884 1054 939 1084 Nec
953 1057 1005 1084 hoc
1027 1061 1133 1085 tantum
1156 1060 1274 1094 accipias
1296 1061 1323 1088 in
1339 1066 1426 1095 terra;
1447 1068 1474 1090 et
1494 1071 1572 1099 aqua:
1586 1065 1668 1092 etiam

884 1102 997 1136 angelus
1026 1103 1086 1137 ejus
1112 1105 1244 1132 vocabulo
1277 1112 1462 1142 nuncupatur,
1492 1110 1571 1144 juxta
1602 1111 1668 1139 illud

884 1150 957 1184 quod
977 1150 1004 1176 in
1026 1150 1080 1178 alio
1101 1151 1161 1179 loco
1182 1152 1281 1180 dicitur
1295 1154 1337 1180 "z
1360 1154 1485 1183 Viderunt
1501 1162 1525 1184 te
1539 1167 1626 1194 aqum,
1643 1165 1668 1186 et

884 1196 1043 1226 timuerunt;
1064 1197 1176 1225 turbata:
1197 1203 1258 1225 sunt
1278 1200 1388 1235 abyssi»
1403 1202 1548 1231 Multitudo
1564 1206 1666 1233 sonitus

883 1249 1012 1275 aquarum
1029 1251 1115 1269 vocem
1133 1244 1260 1272 dederunt
1280 1246 1369 1280 nubes,
1382 1249 1477 1275 etenim
1491 1251 1597 1285 sagith
1613 1257 1667 1279 tua:

883 1288 1053 1316 transierunt.
1130 1287 1133 1308 ἶ

868 1382 883 1387 μ
918 1366 943 1393 7.
964 1366 1098 1402 Dat-aliqui
1119 1368 1227 1397 domum
1255 1378 1349 1403 nteant,
1377 1371 1467 1398 dimisi
1485 1373 1665 1402 [nereditatem

882 1418 975 1439 meam.
995 1411 1201 1441 Dedidilectam
1223 1415 1339 1443 animam
1360 1424 1443 1442 meam
1458 1417 1485 1444 in
1501 1426 1594 1445 manus
1614 1421 1667 1446 ini-

880 1457 1007 1484 micorum
1020 1458 1076 1492 ejus
1086 1458 1118 1485 “.
1144 1458 1210 1487 Vide
1229 1460 1295 1487 mihi
1312 1469 1374 1488 eum
1395 1462 1440 1498 qui
1460 1463 1487 1491 in
1509 1463 1596 1494 forma
1617 1464 1664 1495 Dei

882 1503 1046 1531 consistebat
1071 1504 1098 1532 in
1121 1505 1207 1533 ccelis.
1232 1504 1298 1534 Vide
1324 1507 1435 1536 domum
1455 1510 1532 1544 ejus,
1551 1512 1665 1540 thronos

881 1553 908 1576 et
923 1550 1046 1578 excelsas
1066 1558 1190 1586 quasque
1210 1551 1333 1580 virtutes.
1352 1552 1380 1580 Si
1397 1559 1487 1582 autem
1505 1556 1546 1584 vis
1561 1558 1663 1593 aliquid

879 1595 1023 1624 sublimius
1040 1597 1190 1632 intelligere
1206 1604 1316 1633 propter
1332 1600 1383 1628 hoc
1399 1601 1471 1635 quod
1490 1603 1527 1629 ait
1542 1603 1565 1618 ’⁸⁸
1583 1613 1589 1630 ;
1606 1603 1663 1639 Ego

877 1641 903 1668 in
918 1641 1009 1674 Patre,
1026 1647 1051 1669 et
1069 1643 1150 1671 Pater
1164 1644 1192 1670 in
1205 1652 1262 1676 me;
1281 1646 1341 1672 vide
1359 1646 1470 1673 domum
1485 1647 1544 1681 ejus
1555 1647 1661 1676 Patrem

877 1686 974 1715 Deum.
988 1688 1126 1724 Relinquit
1135 1689 1242 1716 Patrem
1256 1698 1347 1724 suum,
1359 1697 1385 1718 et
1396 1696 1509 1719 matrem
1522 1701 1599 1720 suam
1610 1702 1664 1722 ca:-

876 1732 970 1760 lestem
989 1733 1169 1764 Hierusalem.
1179 1736 1304 1770 venitque
1316 1735 1344 1763 in
1355 1736 1433 1772 187
1445 1738 1516 1765 hunc
1525 1742 1662 1766 terrenum

877 1776 976 1810 locum,
993 1784 1020 1806 et
1031 1780 1069 1806 ait
1083 1789 1090 1807 :
1107 1780 1210 1816 Reliqui
1226 1781 1332 1808 domum
1352 1789 1447 1815 meant,
1470 1783 1559 1811 dimisi
1576 1785 1661 1812 hatre-

876 1823 986 1851 ditatem
1003 1833 1096 1852 meum.
1113 1825 1159 1853 llla
1170 1830 1228 1854 erat
1241 1826 1384 1854 hereditas
1398 1827 1457 1861 ejus
1472 1829 1660 1862 possessiones

875 1869 1013 1904 angeliea',
1029 1875 1057 1898 et
1071 1875 1226 1898 sanctarum
1243 1871 1310 1898 ordo
1334 1872 1475 1899 virtutum.
1503 1873 1570 1900 Dedi
1591 1875 1660 1902 dile-

875 1919 945 1941 ctam
962 1915 1078 1942 animam
1094 1924 1178 1942 meam
1193 1917 1220 1942 in
1239 1924 1332 1943 manus
1349 1917 1514 1944 inimicorum
1532 1927 1657 1945 meorum.

875 1960 998 1988 Tradidit
1015 1961 1134 1988 animam
1153 1969 1230 1988 suam
1246 1961 1272 1988 in
1290 1969 1387 1990 manus
1403 1963 1575 1990 inimicorum
1591 1972 1657 1991 suo-

874 2013 946 2038 rum,
969 2005 996 2032 in
1015 2013 1112 2033 manus
1128 2005 1284 2033 Judaaorum
1305 2007 1522 2036 interlicientium
1538 2016 1611 2042 eum,
1630 2010 1656 2036 in

873 2056 972 2076 manus
998 2049 1151 2084 principum
1174 2055 1398 2084 congregatarum
1415 2052 1558 2079 adversum
1573 2061 1611 2084 se,
1630 2054 1655 2079 in

873 2102 970 2122 manus
991 2102 1096 2130 regum,
1119 2095 1248 2129 quoniam
1264 2090 1408 2124 astiterunt
1428 2105 1499 2132 reges
1521 2103 1607 2131 terrae,
1632 2106 1655 2126 et

871 2142 1001 2176 principes
1020 2147 1192 2168 convenerunt
1215 2143 1242 2168 in
1263 2151 1343 2170 unum
1363 2144 1486 2172 adversus
1504 2145 1654 2180 Dominum,

53 2191 77 2216 τὸ
94 2193 151 2220 αὐτὸ
171 2196 239 2222 κατὰ
269 2196 314 2222 τοῦ
338 2197 451 2233 Κυρίου,
475 2199 521 2224 καὶ
543 2199 613 2226 κατὰ
634 2200 681 2226 τοῦ
701 2200 818 2236 Χριστοῦ

912 2187 1035 2214 adversus
1047 2187 1181 2214 Christum
1197 2188 1253 2222 ejus
1265 2188 1297 2216 ".

54 2243 130 2264 αυτοιι.
147 2249 156 2264 Ι

86 2284 214 2320 Ἑγενήθη
238 2287 259 2320 ἡ
276 2288 456 2322 κληρονομία
468 2297 528 2323 μου
543 2289 606 2324 ἐμοὶ
627 2291 667 2323 ὡς
688 2290 766 2318 λέων
784 2290 819 2318 ἐν

53 2326 143 2363 δρυμῷ.
158 2331 229 2368 Δῦτη
249 2333 295 2359 ἐπὶ
313 2333 364 2368 γῆς
385 2333 550 2369 κληρονομία
565 2335 658 2369 αὐτοῦ,
670 2337 703 2371 ἢν
719 2337 818 2373 κεκλη-

53 2375 192 2411 ρωόμηιιεν,
210 2377 384 2414 ὲπεθηριώθη
399 2379 467 2415 πρὸς
486 2381 577 2414 αὐτὸν,
599 2382 646 2408 καὶ
664 2382 775 2416 γέγονεν
798 2384 815 2418 ὴ

52 2418 197 2458 κληρονομία
227 2423 360 2455 Ἰουδαῖοι,
396 2424 608 2460 ὲξαγριωθέντες
644 2428 702 2453 κατ’
732 2427 814 2454 αὑτοῦ

51 2465 80 2497 ὡς
90 2467 149 2496 λέων
170 2471 196 2496 ἐν
215 2470 323 2506 δρυμῷ.
339 2471 376 2496 Οὐ
394 2470 549 2506 Θαυμαστὸν
565 2473 588 2499 εἱ
599 2473 659 2499 τότε
675 2474 783 2508 ἐγένετο
797 2476 813 2511 ή

52 2511 194 2549 κληρονομία
219 2517 302 2543 αὐτοῦ
330 2517 367 2548 ὡς
383 2516 451 2544 λέων
466 2519 494 2544 ὲν
514 2518 620 2554 δρυμῷ.
647 2519 704 2546 Νῦν
726 2520 765 2546 ἔτι
783 2522 812 2547 ὲν

50 2557 127 2594 δρυμῷ
137 2561 239 2594 λέοντές
258 2564 310 2589 εἰσι
325 2563 549 2599 καταθεματίζειν
570 2564 608 2600 (ὅ)
632 2565 753 2598 Θέλοντες
767 2566 813 2592 τὸν

905 2287 931 2314 8.
954 2287 1039 2314 Facta
1060 2292 1097 2314 est
1122 2288 1262 2315 hatredt'las
1285 2296 1342 2316 mea
1370 2290 1443 2322 mihi,
1468 2291 1535 2317 sicut
1562 2291 1601 2318 leo
1627 2293 1654 2318 in

870 2333 937 2360 silva
949 2333 983 2360 ".
1000 2332 1052 2360 ista
1072 2340 1132 2367 qua!
1153 2341 1234 2367 super
1255 2338 1354 2360 terram
1368 2339 1426 2361 erat
1440 2335 1582 2362 lnerrditas
1594 2337 1653 2370 ejus

870 2386 952 2413 quam
972 2378 1023 2406 sibi
1039 2378 1156 2412 elegerat
1169 2379 1195 2404 in
1216 2379 1424 2413 possessionem,
1440 2387 1500 2414 qum
1515 2389 1578 2416 pars
1592 2382 1652 2417 ejus

867 2425 966 2458 fuerat,
979 2424 1088 2452 eﬂ‘erala
1104 2429 1146 2452 est
1157 2425 1288 2452 adversus
1304 2432 1377 2457 eum,
1392 2430 1419 2452 et
1433 2425 1502 2453 facta
1516 2431 1557 2453 est
1571 2427 1652 2455 lia-re-

867 2471 938 2499 ditas
953 2470 1022 2505 ejus,
1044 2470 1069 2497 id
1094 2474 1135 2498 est
1157 2469 1254 2503 Judaai,
1279 2470 1357 2504 quasi
1381 2470 1423 2497 leo
1446 2471 1471 2497 in
1495 2471 1572 2499 silva.
1594 2472 1649 2500 Nec

867 2516 1019 2543 mirandum
1040 2521 1080 2543 est
1102 2516 1124 2543 si
1148 2520 1202 2542 tam
1224 2516 1293 2543 truci
1311 2516 1406 2543 bellua:
1420 2522 1575 2550 comparata
1590 2519 1625 2544 sit
1641 2528 1647 2545 :

866 2569 954 2596 usque
980 2562 1011 2588 ad
1034 2567 1192 2596 prmsentem
1212 2561 1283 2588 diem
1308 2561 1400 2589 leones
1426 2567 1489 2589 sunt
1514 2561 1541 2589 in
1568 2563 1648 2596 silva.

76 2636 95 2652 δ’
107 2637 171 2666 Psal.
186 2649 277 2674 um,
294 2641 337 2668 l7.
375 2641 397 2657 "
408 2641 507 2669 Jerem.
520 2650 569 2675 ιιι,
585 2643 609 2669 7.
648 2642 670 2658 “
685 2642 764 2670 Joan.
779 2651 807 2674 ι,
821 2642 827 2669 Ξ

904 2640 926 2656 ι’
938 2639 1039 2666 Psalm.
1055 2645 1086 2671 ιι,
1104 2638 1131 2665 2.
1170 2638 1192 2653 “
1211 2637 1265 2665 Jer.
1276 2645 1323 2670 ιιι,
1337 2638 1363 2665 8.

76 2707 108 2740 (l)
124 2710 301 2750 Τεταγμένρν
313 2711 388 2745 τινά,
398 2718 450 2741 etc.
460 2698 565 2741 ‘Eadcm
579 2714 659 2750 habet
669 2713 808 2750 Origenes,

49 2740 139 2804 ιίξιμιιῧ
153 2740 242 2772 εοήἱνα
256 2746 371 2780 Celsum,
382 2740 463 2775 Inum.
479 2750 509 2775 5|
527 2740 555 2776 et
569 2740 805 2777 57.1‘l’6iilii.’

67 2788 74 2801 1
87 2785 109 2802 In
142 2787 194 2804 ΙΙΙΠ.

67 2785 74 2801 't
87 2785 109 2802 ιιι
119 2785 194 2806 l‘llll].
697 2802 699 2806 ι

75 2811 107 2844 (2)
127 2813 194 2842 Ὅτε.
217 2806 396 2854 llierOnymus
414 2818 518 2852 legebat
533 2811 583 2846 ὅτι.

898 2710 1193 2748 (5)Καταθεματιζὲιν.
1214 2710 1325 2748 Frustra
1341 2718 1405 2748 ergo
1416 2719 1509 2748 vocem
1523 2711 1592 2739 hanc
1603 2719 1646 2738 re-

863 2744 1142 2783 puiliat_Steplianu_s,
1166 2750 1232 2783 tom.
1250 2744 1292 2783 Ill,
1321 2753 1345 2783 c.
1363 2746 1537 2783 1433,1484,
1563 2755 1645 2782 quam

863 2780 953 2810 attulit
968 2780 1096 2808 Erasmus
1119 2781 1145 2806 in
1162 2780 1382 2806 Adnotationibus
1399 2782 1426 2806 in
1450 2781 1546 2808 Matth.
1569 2780 1644 2814 sxw,

863 2817 908 2849 7ft,
922 2823 1058 2852 quamque
1074 2815 1189 2850 plurima
1207 2816 1370 2850 exornplaria
1388 2821 1594 2850 reprmsmtant,
1619 2823 1645 2845 at
