1869 3041
209 133 261 159 571

944 131 996 158 (till

1048 131 1102 158 NIS
1775 131 1818 157 57-2

211 191 274 219 Plus
288 199 302 218 a
319 190 492 230 me.exigitur
503 199 584 225 quam
600 198 614 217 a
628 190 759 223 diacono;
778 191 837 225 plus
851 199 864 217 a
877 191 992 218 diacono

1047 192 1135 218 πλεῖον
1159 192 1323 218 ἀπαιτεῖται.
1352 191 1398 219 Διὰ
1419 192 1495 218 τοῦτο
1519 193 1532 218 ὁ
1558 189 1772 226 πεπιστευμένος
1793 200 1818 216 τει

211 244 292 271 quam
306 245 320 264 a
337 237 416 264 laico.
432 236 483 269 Qui
501 243 565 262 vero
580 237 662 263 totius
678 235 804 263 Ecclesia:
820 244 908 263 arcem
923 237 993 263 obli-

213 288 268 315 net,
288 291 336 318 pro
351 284 424 310 omni
452 283 570 310 Ecclesia
600 283 692 310 reddet
715 283 858 310 rationem.
883 283 994 318 Propter

213 329 264 355 hoc
285 328 426 363 apostolus
442 327 542 355 Paulus
566 324 700 361 (videlicet
727 332 755 354 ut
776 328 799 355 is
819 329 862 355 cui
887 328 993 355 fuerant

214 374 298 400 [multa
315 373 471 407 commissa)
489 373 576 400 aiebat
588 373 610 388 ³³
628 382 634 399 :
650 372 693 399 Sic
713 381 759 399 nos
775 374 904 400 existimet
917 374 993 401 homo

212 423 240 444 ut
258 419 393 446 ministros
409 419 517 451 Christi,
532 422 555 445 et
566 418 757 451 dispensatores
769 425 993 446 sacramentorum

211 465 269 493 Dei.
288 465 404 500 Hicjam
415 466 541 500 qumritur
555 465 623 491 inter
639 465 832 499 dispensatores
855 470 883 491 ut
907 465 992 499 ﬁdelis

211 515 270 548 quis
287 514 442 540 inveniatur.
466 512 493 539 ln
513 516 616 539 tantum
640 520 731 538 rarum
755 517 797 539 est
818 512 919 539 bomnn
937 513 993 540 dis-

211 563 380 592 pensatorem
403 557 533 590 invenire,
556 562 584 584 ut
604 556 694 590 Iesus,
708 557 753 592 qui
772 562 918 592 antequam
937 558 992 584 ori-

210 608 303 630 rentur
323 611 353 630 ea
375 611 435 637 qum
459 607 537 629 erant
560 603 845 638 futura‘eognoverat,
867 603 992 637 loquere-

209 653 252 675 lur
265 649 287 664 '°
302 657 308 675 :
327 649 392 680 Quis
405 653 483 682 putas
497 653 535 676 est
553 648 638 682 ﬁdelis
655 648 824 683 dispensator
836 653 860 676 et
876 649 990 683 sapiens,

206 701 280 727 quem
294 694 431 720 constituit
446 693 572 720 Dominus
587 701 664 727 super
680 694 812 728 familiam
828 703 913 726 suam,
928 694 991 721 dare

206 740 232 765 in
249 744 361 772 tempore
379 739 481 766 cibaria
503 739 633 765 conservis
653 740 730 766 suis?
745 739 776 766 Et
789 745 850 774 post
863 740 990 774 pusillum

206 789 335 811 causatus
349 784 382 811 de
399 782 562 818 quibusdam
583 783 816 817 dispensatoribus
833 785 933 818 intulit,
950 785 991 811 di-

206 837 272 856 cens
284 829 305 844 ⁵⁷
318 838 323 855 :
339 828 369 855 Si
385 834 473 855 autent
487 830 596 864 incipiat
610 831 694 856 malus
710 837 797 857 seri-us
812 830 896 857 dicere
910 838 919 857 :
933 831 990 858 Μο-

208 878 284 900 ratur
302 874 425 900 dominus
440 881 512 900 meus
525 874 627 905 venire;
645 880 670 900 et
687 873 767 908 190
779 875 883 908 carperit
893 875 991 902 caedere

207 926 294 945 servos
309 923 332 945 et
348 919 471 951 ancillas,
484 924 507 946 et
524 919 664 952 comedere,
676 924 699 946 et
715 919 809 951 bibere,
819 925 843 946 et
854 919 989 953 inebriari,

206 965 276 991 venit
296 964 424 991 Dominus
439 965 505 991 servi
523 964 596 991 illitis
617 965 643 991 in
661 965 703 992 die
717 973 768 1000 qua
786 973 835 992 non
850 971 946 1000 sperat,
965 971 990 993 et

207 1011 272 1036 liora
283 1018 333 1044 qua
347 1010 439 1043 nescit,
449 1015 473 1036 et
485 1010 580 1037 dividit
592 1010 679 1043 illtmt,
693 1016 716 1037 et
731 1016 831 1044 partem
843 1011 916 1037 illius
930 1019 989 1038 cum

206 1054 357 1089 inﬁdelibus
376 1055 459 1089 ponit.
485 1055 547 1083 llaec
566 1056 592 1082 in
615 1063 647 1082 eo
672 1056 745 1090 quod
771 1057 900 1091 scriptum
924 1062 986 1084 est:

206 1101 278 1129 Cleri
290 1109 380 1128 eorum
393 1109 443 1128 non
458 1102 600 1136 proderunt
617 1102 664 1128 eis.

239 1146 267 1174 4.
289 1145 433 1174 Videamus
445 1151 535 1174 autem
551 1151 577 1175 et
597 1147 708 1183 reliquis
729 1148 910 1175 necessariam
927 1156 988 1176 eor-

205 1192 366 1227 reptionem,
392 1201 484 1227 quam,
507 1198 536 1220 ut
554 1194 621 1221 mihi
636 1194 752 1226 videtur,
769 1194 795 1220 in
816 1194 912 1221 morali
928 1194 987 1221 loco

203 1240 333 1268 debemus
353 1240 474 1275 accipere
492 1250 497 1267 :
516 1240 717 1275 Confundimini
739 1249 755 1267 a
776 1241 931 1276 gloriatione
946 1249 987 1268 ve—

203 1291 271 1318 stra,
298 1287 330 1312 ab
359 1285 495 1319 opprobrio
519 1287 546 1312 in
571 1291 710 1321 conspectu
735 1286 840 1312 Domini
851 1286 884 1312 ⁵⁸.
904 1285 987 1314 Multa

204 1335 270 1358 sunt
296 1331 323 1357 in
355 1331 456 1365 quibus
480 1331 627 1365 gloriantes
654 1332 837 1366 insipientiam
865 1336 986 1360 nostram

204 1375 384 1403 ostendimus.
402 1375 482 1403 Verbi
500 1377 585 1411 gratia
603 1386 609 1403 :
625 1377 647 1404 si
663 1377 709 1411 qui
730 1378 756 1403 in
772 1378 864 1405 multis
880 1385 988 1412 posses-

205 1421 328 1449 sionibus
343 1422 505 1456 gloriantur,
522 1423 587 1450 dicit
605 1423 646 1450 eis
663 1432 669 1449 :
687 1423 887 1458 Confundimini
901 1433 917 1452 a
930 1425 987 1459 glo-

204 1468 318 1494 riatione
330 1474 424 1494 uestra.
443 1468 471 1495 Si
489 1468 535 1503 qui
551 1468 703 1503 gloriantur
720 1469 747 1495 ill
766 1469 873 1503 generis
889 1470 987 1497 nobili-

1006 857 1027 884 Β

1047 237 1151 272 μεγάλα
1161 238 1175 264 ὁ
1188 238 1357 268 Ἀπὸστολος,
1379 237 1522 269 Ἀκούετε,
1534 238 1616 272 φησίν
1626 246 1632 252 ·
1646 237 1739 269 οῦτως
1751 236 1818 271 fuerit:

1043 282 1202 318 λογιζέσθω
1225 283 1379 316 ἄνθρωπος
1393 283 1433 315 ὡς
1448 282 1596 316 ὑπηρέτας
1612 282 1752 316 Χριστοῦ,
1778 283 1818 308 καὶ

1043 329 1219 362 οἰκονόμους
1229 329 1401 363 μυστηρίων
1415 328 1497 355 Θεοῦ.
1523 329 1553 354 Ὁ
1569 328 1602 354 δὲ
1618 328 1727 354 λοιπὸν
1738 327 1818 359 ζητεῖ-

1042 381 1089 400 τίιι
1110 373 1144 399 ὲν
1164 372 1226 405 τοῖς
1248 373 1423 407 οἰκονόμοις,
1446 373 1495 399 ἵνα
1516 373 1622 404 πιστός
1643 381 1689 404 τις
1711 370 1817 404 εὑρεθῇ.

1042 419 1097 445 Καὶ
1113 418 1190 445 οὕτω
1211 418 1322 445 σπάνιόν
1340 420 1413 445 ἐστιν
1428 417 1567 452 εὑρεθῆναι
1580 418 1720 452 οἰκονόμον
1735 417 1818 443 πιστὸν

1046 465 1092 490 καὶ
1109 464 1203 490 καλόν·
1227 463 1329 499 Ἰησοῦς
1344 465 1357 489 ὁ
1372 463 1448 495 εἰδὼς
1465 464 1498 490 τὰ
1510 463 1597 490 πάντα
1613 463 1679 497 πρὶν
1695 463 1818 496 γενέσεως

1042 510 1131 536 αὐτῶν
1141 510 1223 544 λέγει·
1239 511 1287 542 Τίς
1298 510 1356 543 ἄρα
1369 509 1453 535 ἐστὶν
1465 511 1481 536 ό
1496 509 1603 541 πιστὸς
1613 509 1768 542 οἰκονόμος
1778 508 1818 534 καὶ

1041 556 1193 589 φρόνιμος,
1208 554 1245 580 ὃν
1258 554 1439 588 καταστήσει
1453 556 1469 580 ὀ
1488 555 1588 587 κύριος
1599 553 1693 580 αὑτοῦ
1708 553 1757 579 ἐπὶ
1773 552 1819 585 τῆς

1041 601 1137 633 οἰκίας
1158 600 1261 631 αὑτοῦ,
1283 600 1396 626 διδόναι
1419 600 1454 626 ἐν
1474 598 1564 633 καιρῷ
1585 598 1618 625 τὸ
1642 597 1818 632 σιτομέτριον

1042 646 1102 679 τοῖς
1118 646 1237 678 δούλοις
1250 645 1361 677 αὺτοῦ;
1377 643 1443 671 Εἶτα
1466 644 1601 680 μέμφεταί
1624 652 1700 675 τινας
1725 643 1820 669 οἰκονό-

1043 698 1119 725 μους,
1134 690 1181 716 noti.
1197 689 1281 723 λέγει·
1306 690 1375 716 Ἐὰν
1389 688 1422 714 δὲ
1435 688 1558 722 ἄρξηται
1577 690 1594 714 ὸ
1610 688 1703 720 κακὸς
1717 687 1819 719 δοῦλος

1040 735 1148 769 λέγειν·
1171 733 1300 768 Χρονίζει
1312 743 1370 768 μου
1389 736 1406 761 ὁ
1429 735 1529 767 κύριος
1542 733 1693 767 ἔρχεσθαι·
1710 732 1760 759 καὶ
1775 733 1818 766 ἄρ-

1043 779 1129 813 ξηται
1144 779 1266 806 τύπτειν
1279 779 1350 811 τοὺς
1369 778 1560 810 συνδούλους
1574 778 1680 808 αὐτοῦ,
1700 777 1750 804 καὶ
1775 777 1819 808 τὰς

1042 824 1213 857 παιδίσκας,
1235 824 1348 851 ἐσθιειν
1368 832 1409 855 τε,
1429 824 1478 851 καὶ
1491 824 1598 855 πίνειν,
1615 825 1664 850 καὶ
1679 824 1819 858 μεθύσκε-

1041 871 1111 897 σθαι
1120 878 1126 884 ·
1143 870 1209 903 ἣξει
1224 871 1240 896 ό
1254 870 1354 904 κύριος
1366 869 1418 896 τοῦ
1429 869 1540 896 δούλου
1554 870 1670 896 ἐκείνου
1684 870 1719 895 ἐν
1733 869 1819 903 ἡμέρᾳ

1041 912 1060 950 ᾖ
1073 915 1107 942 οὐ
1121 914 1284 949 προσδοκᾷ,
1302 915 1396 942 καὶέν
1409 914 1468 949 ὥρᾳ
1480 913 1499 950 ᾗ
1510 916 1546 942 οὺ
1560 915 1708 949 γινώσκει,
1720 916 1768 941 καὶ
1784 914 1819 940 δι-

1040 961 1201 995 χοτομήσει
1217 961 1318 993 αὐτὸν,
1342 961 1391 987 καὶ
1411 962 1445 988 τὸ
1456 961 1545 995 μέρος
1563 961 1656 988 αὐτοῦ
1673 962 1749 995 μετὰ
1767 959 1820 987 τῶν

1040 1007 1175 1033 ἀπίστων
1191 1006 1287 1040 θήσει.
1302 1006 1392 1033 Ταῦτα
1410 1007 1459 1042 μὲν
1472 1007 1511 1038 εἰς
1528 1007 1557 1033 τό
1567 1017 1573 1023 ·
1602 1008 1634 1034 οι
1651 1007 1759 1041 κλῆροι
1773 1008 1819 1033 αὺ-

1040 1052 1098 1078 τῶν
1117 1053 1173 1079 οὐκ
1191 1051 1405 1086 ὠφελήσουσιν
1420 1053 1538 1085 αὐτούς.

1076 1150 1190 1185 Ἴδωμεν
1204 1149 1232 1176 δὲ
1256 1150 1301 1176 καὶ
1318 1149 1380 1184 ἑξῆς
1394 1149 1536 1185 ἐπίπληξιν
1557 1148 1709 1182 ἀναγκαίαν
1726 1148 1760 1183 ἦν
1776 1156 1818 1173 κα-

1038 1196 1082 1223 λὸν
1103 1197 1142 1227 εἰς
1163 1196 1208 1222 τὸν
1229 1195 1322 1230 ἠθικὸν
1345 1196 1426 1222 τόπον
1447 1194 1587 1222 ἀναλαϐεῖν
1603 1194 1754 1228 λέγουσαν
1775 1195 1817 1220 Αἰ-

1038 1242 1190 1276 σχ-ὐνθητε
1207 1241 1265 1268 ἀπὸ
1283 1241 1458 1275 καυχήσεως
1475 1240 1567 1274 ὑμῶν,
1581 1240 1639 1267 ἀπὸ
1652 1238 1816 1273 ὀνειδισμοῦ

1037 1287 1175 1313 ἐναντίον
1189 1287 1309 1320 Κυρίου.
1329 1287 1405 1313 Ἔστι
1421 1286 1482 1312 τινὰ
1499 1288 1527 1312 ὲν
1543 1283 1583 1317 οἷς
1598 1284 1764 1320 καυχώμεθα
1778 1284 1817 1310 διὰ

1037 1334 1086 1369 τὴν
1110 1333 1212 1366 ἄνοιαν¹
1231 1333 1281 1360 οὐκ
1303 1331 1376 1359 οὖσιν
1398 1333 1556 1368 καυχήσεως
1577 1332 1678 1364 ἀξίοις·
1704 1328 1760 1357 οἷον
1776 1330 1817 1356 ἐὰν

1037 1379 1206 1415 καυχήσηται
1223 1388 1274 1411 τις,
1288 1379 1328 1405 ὅτι
1342 1378 1467 1410 πλούσιός
1484 1380 1550 1409 ἐστι,
1563 1378 1609 1404 καὶ
1627 1377 1712 1404 πολλὰ
1724 1377 1819 1410 κέχη-

1037 1433 1093 1456 ται,
1108 1423 1203 1458 λέγοιτ’
1219 1423 1252 1450 ἂν
1269 1424 1336 1459 πρὸς
1353 1423 1432 1450 αὐτόν
1443 1431 1450 1438 ο
1469 1423 1658 1456 Αίσχύνθητε
1676 1421 1735 1448 ἀπὸ
1750 1429 1815 1447 καυ-

1037 1469 1154 1504 χήσεως
1176 1469 1269 1504 ὑμῶν.
1299 1470 1360 1496 Ἐὰν
1378 1469 1547 1504 καυχήσηται
1564 1476 1604 1499 τις
1632 1467 1678 1493 ἐπὶ
1699 1466 1815 1500 εὐγενείᾳ

203 1517 270 1547 tale,
286 1513 387 1541 dicitur
414 1513 446 1541 ad
471 1521 542 1541 eos:
564 1513 765 1548 Confundimini
788 1522 804 1540 a
829 1515 987 1550 gloriatione

1047 1515 1124 1552 ταύτῃ
1139 1516 1171 1550 τῇ
1189 1515 1277 1547 ἐκτὸς,
1301 1514 1461 1550 λεχθήσεται
1478 1514 1545 1549 πρὸς
1569 1512 1666 1539 αὐτόν’
1693 1513 1817 1546 Αἰσχύν-

203 1562 298 1585 vestra.
315 1557 343 1585 Si
356 1559 402 1593 qui
418 1558 576 1593 jactabundi
591 1558 720 1586 incedunt
741 1566 822 1593 Super
842 1560 984 1595 pretiosis-

203 1604 281 1631 simis
293 1603 423 1636 vestibus,
437 1611 519 1638 super
529 1604 608 1632 domo
624 1604 716 1632 multis
731 1609 860 1632 exornata
872 1606 983 1639 divitiis,

203 1649 291 1676 aliena
305 1653 346 1677 est.
362 1649 462 1684 quippe
481 1657 496 1676 a
513 1649 672 1684 gloriatione
692 1655 860 1684 sanctorum,
885 1651 985 1679 dicitur

203 1694 238 1721 ad
254 1701 301 1721 eos
316 1703 322 1722 :
336 1693 536 1729 Confundimini
558 1703 574 1721 a
596 1695 751 1730 gloriatione
774 1701 868 1723 vestra.
884 1695 984 1724 Verum

205 1740 256 1767 hoc
271 1747 366 1775 parum
381 1744 433 1767 est.
450 1740 520 1768 Audi
535 1740 599 1775 quid
617 1742 745 1776 loquatur
756 1742 782 1769 in
794 1742 910 1770 Ieremia
926 1751 985 1772 ser-

203 1793 249 1812 mo
265 1786 384 1818 divinus,
403 1785 502 1821 jubens
519 1791 548 1813 ut
563 1795 596 1813 ne
616 1787 642 1814 in
663 1788 796 1823 sapientia
815 1789 922 1824 quidem
938 1798 985 1817 no-

202 1836 258 1859 stra
274 1832 443 1867 gloriemur:
461 1831 502 1859 Ne
524 1831 659 1868 glorietur,
678 1834 765 1868 inquit
775 1836 808 1867 ⁵³,
831 1837 933 1870 sapiens
955 1837 983 1863 in

201 1878 332 1912 sapientia
346 1886 403 1912 sua,
418 1886 463 1905 nec
475 1879 551 1913 fortis
571 1879 599 1906 in
617 1880 771 1914 fortitudine
782 1890 840 1914 sua,
856 1891 900 1909 nec
913 1883 983 1910 dives

199 1925 227 1950 in
245 1924 346 1951 divitiis
361 1925 435 1956 suis;
455 1925 500 1952 sed
522 1925 550 1952 in
565 1926 616 1952 isto
631 1926 758 1960 glorietur
776 1928 820 1962 qui
841 1929 982 1962 gloriatur,

199 1969 343 2005 intelligere
359 1975 383 1997 et
392 1971 462 2004 scire
481 1971 542 2005 quia
562 1979 607 2006 ego
629 1981 685 1999 sum
703 1972 841 1999 Dominus.
860 1972 906 2000 Vis
923 1973 982 2008 glo-

199 2014 275 2046 riari,
298 2021 325 2042 et
340 2015 536 2049 gloriabundus
552 2024 606 2043 non
620 2017 713 2044 audire
727 2028 733 2045 ε
749 2017 948 2052 Confmidimini
967 2027 983 2045 a

199 2059 358 2095 gloriatione
379 2062 486 2088 oestro?
506 2061 628 2088 Gloriare
643 2066 672 2088 ut
682 2063 820 2096 apostolus
831 2063 941 2098 Paulus,
957 2069 984 2092 et

200 2105 245 2132 dic
257 2105 279 2120 '°
294 2115 300 2132 z
317 2104 384 2131 Mihi
404 2111 492 2132 autem
507 2106 575 2132 absit
593 2107 713 2141 gloriari,
733 2108 784 2134 nisi
798 2108 824 2134 in
838 2117 912 2136 cruce
927 2110 983 2136 Do-

199 2150 266 2176 mini
283 2150 333 2176 mei
343 2149 408 2177 Jesu
423 2150 532 2183 Christi,
547 2158 593 2184 per
606 2159 680 2185 quem
694 2152 757 2177 mihi
774 2153 885 2180 mundus
900 2155 984 2181 cruci.

197 2195 270 2230 [imus
282 2200 330 2229 est,
346 2200 371 2222 et
381 2204 427 2230 ego
441 2197 548 2223 mundo.
567 2196 614 2223 Vis
629 2197 748 2231 εισι-ἰπὶ,
762 2203 788 2225 et
802 2207 854 2225 non
869 2200 980 2227 audire:
998 2190 1020 2216 D

200 2241 401 2276 Confundimini
422 2250 438 2268 a
461 2242 618 2276 gloriatione
639 2244 745 2270 vestra?
770 2245 838 2272 Audi
866 2245 981 2273 Paulum

199 2287 372 2322 gloriantem,
388 2292 414 2315 et
428 2287 503 2315 disce
518 2287 582 2323 quid
597 2288 717 2323 loquitur
728 2289 748 2305 θ’
765 2299 770 2316 :
789 2289 910 2318 Libenter
924 2291 980 2326 glo-

234 2367 259 2403 ⁸³ξ
274 2366 285 2403 1
301 2367 365 2394 Cor.
381 2368 459 2403 uti.
498 2368 521 2383 ⁵⁵
541 2367 607 2394 Luc.
628 2375 676 2399 xu,
693 2368 736 2396 42.
774 2370 796 2385 ⁸⁷
816 2370 882 2397 ibid.
897 2371 943 2403 45,
960 2371 1005 2399 ιθ.

198 2409 236 2434 ιι,
250 2402 294 2429 14,
333 2403 353 2418 ⁶¹
375 2402 396 2428 11
413 2402 477 2429 Cor.
492 2410 541 2436 xu,
557 2403 584 2430 9.

197 2482 273 2522 serit,
290 2487 462 2522 certumnon
476 2484 614 2522 babeo._lt_l
634 2493 697 2512 vero
709 2484 902 2522 Hieronymum
917 2495 983 2515 con-

195 2518 311 2557 vertisse
319 2518 471 2557 _ver_isi_r_nile
491 2525 532 2557 est
545 2520 578 2546 ad
596 2519 748 2547 Romanum
766 2518 920 2556 pontiﬁcem
935 2524 983 2557 (ut

197 2553 257 2592 ejus
271 2553 498 2592 verba‘iudicant)
513 2562 593 2592 quem
606 2563 742 2592 su_mmum
755 2553 923 2584 sacerdotem
935 2553 982 2592 ap-

196 2587 278 2621 pellat
297 2587 372 2622 przcl‘.
388 2588 416 2625 in
438 2587 566 2625 Euangel.
583 2589 614 2616 ad
633 2589 792 2623 Damasum,
808 2595 834 2618 et
848 2592 880 2618 de
903 2587 981 2625 cujus

197 2627 328 2656 potestate
340 2623 434 2651 multis
442 2623 552 2651 disserit
561 2624 588 2650 in
601 2625 680 2658 epist.
693 2626 725 2651 ad
739 2627 863 2653 eumdem
874 2634 880 2651 :
890 2623 981 2658 Quan-

197 2664 275 2690 quam
290 2658 381 2695 igitur,
397 2659 496 2695 inquit,
514 2660 553 2695 tui
569 2666 608 2685 me
625 2664 719 2686 terreat
737 2661 900 2695 magnitudo,
913 2662 982 2688 iuui-

198 2695 237 2731 tat
249 2696 335 2731 tamen
349 2693 546 2731 Itu‘muuilas._A
558 2698 664 2731 pastore
674 2693 826 2731 prtesidium
838 2696 891 2722 ovis
903 2697 982 2731 flagi-

198 2729 234 2765 to.
248 2726 361 2760 facessat
380 2727 479 2754 invidia
493 2736 501 2754 :
513 2726 626 2765 Romani
637 2726 763 2756 culminis.
779 2731 881 2756 recedat
900 2726 982 2758 ambi-

197 2764 233 2785 tta
247 2768 255 2785 :
268 2769 326 2798 cunt
339 2770 486 2798 successore
497 2764 637 2797 piscatoris
652 2769 676 2790 et
690 2765 821 2798 discipulo
839 2766 924 2791 crucis
939 2766 980 2792 lo-

196 2801 280 2835 quor;
294 2795 611 2835 It‘gqnullumprimum,
632 2799 683 2835 nisi
705 2795 839 2835 Christum
860 2809 978 2835 sequens,

197 2829 354 2856 beatitudini
372 2835 434 2864 ture,
454 2829 487 2858 id'
501 2837 539 2859 est
559 2832 688 2859 cathedra:
705 2834 788 2866 Petri,
801 2829 980 2862 communione

1035 1564 1104 1596 θητε
1119 1561 1178 1589 ἀπὸ
1197 1560 1372 1596 καυχήσεως
1391 1559 1482 1594 ὑμῶν.
1505 1559 1567 1585 Ἐὰν
1590 1558 1762 1593 καυχήσηταέ
1781 1566 1816 1588 τις

1035 1607 1081 1633 ἐπὶ
1091 1606 1249 1642 πολυτελείᾳ.
1260 1606 1383 1641 ἱματίων,
1392 1605 1438 1632 ἐπὶ
1449 1605 1575 1639 οἰκοδομῇ
1590 1605 1679 1636 οἰκίας
1687 1603 1817 1633 πλουσίως

1035 1652 1302 1687 κατεσκευασμένης,
1319 1650 1444 1686 ἀλλοτρία
1453 1651 1525 1677 ἐστὶν
1538 1651 1554 1685 ἡ
1573 1649 1706 1685 καύχησις
1719 1649 1817 1683 καυχή-

1036 1707 1103 1730 σεως
1111 1699 1204 1732 ἁγίων·
1215 1697 1254 1724 διὸ
1261 1697 1420 1732 λεχθήσεται
1429 1696 1496 1731 πρὸς
1506 1696 1550 1722 τὸν
1557 1695 1685 1722 τοιοῦτον·
1694 1696 1817 1728 Αἰσχύν-

1035 1746 1105 1779 θητε
1118 1743 1176 1771 ἀπὸ
1196 1742 1373 1779 καυχήσεως
1390 1742 1478 1777 ὑμῶν.
1496 1742 1594 1769 Ἄκουε
1614 1741 1660 1768 τοῦ
1673 1741 1755 1776 λόγου
1774 1740 1818 1767 τοῦ

1035 1791 1173 1826 προφήτου
1191 1790 1321 1825 Ἰερεμίου
1339 1789 1492 1820 κελεύοντος
1510 1790 1581 1824 ἡμᾶς
1600 1788 1637 1823 μὴ
1653 1787 1814 1822 καυχᾶτθπ

1034 1837 1117 1871 Μηδὲ
1127 1839 1142 1863 ό
1153 1836 1245 1870 σοφὸς
1259 1836 1306 1862 ἐπὶ
1322 1835 1358 1869 τῇ
1369 1836 1461 1869 σοφίῃ
1470 1835 1571 1865 αὑτοῦ,
1581 1833 1660 1868 μηδὲ
1672 1835 1688 1860 ό
1696 1833 1818 1867 ίσκιψδς

1034 1882 1068 1908 ἐν
1078 1881 1115 1915 τῇ
1128 1882 1211 1915 ἰσχύϊ
1219 1880 1322 1912 αὑτοῦ,
1330 1880 1407 1915 μηδὲ
1419 1881 1435 1907 ὁ
1445 1881 1591 1913 πλούσιος
1604 1881 1639 1906 ὲν
1650 1880 1690 1912 τῲ
1703 1881 1818 1912 πλούτῳ

1034 1927 1138 1959 αὑτοῦ,
1152 1926 1233 1953 ἀλλὰ
1248 1926 1282 1952 ἐν
1295 1926 1388 1959 τούτῳ
1407 1926 1567 1961 καυχάσθω
1588 1928 1605 1953 ό
1618 1926 1818 1960 καυχώμενος,

1034 1973 1151 1999 συνιεῖν
1159 1971 1207 1998 καὶ
1222 1971 1390 2006 γινώσκειν,
1404 1972 1448 1998 ὅτι
1461 1972 1518 2006 ἐγώ
1528 1974 1583 2006 εἰμι
1597 1973 1716 2006 Κύριος.
1729 1972 1819 2002 Θέλεις

1034 2018 1198 2053 καυχᾶσθαι,
1216 2017 1263 2044 καὶ
1278 2017 1453 2053 καυχώμενος
1476 2018 1512 2053 μὴ
1536 2018 1662 2050 ἀκοῦσαι,
1691 2019 1821 2052 Αισχύν-

1034 2066 1103 2097 θητε
1121 2063 1179 2090 ἀπὸ
1205 2062 1381 2096 καυχήσεως
1403 2063 1501 2097 ὑμῶν;
1518 2064 1663 2098 Καὺχησαι
1680 2064 1719 2096 ὡς
1745 2064 1821 2090 Ἀπό-

1035 2111 1136 2142 στολος,
1159 2110 1205 2137 κιιῦ¹
1221 2110 1297 2136 εἰπέ·
1323 2110 1402 2144 Ἐμοὶ
1419 2109 1452 2136 δὲ
1463 2109 1505 2144 μὴ
1521 2110 1636 2144 γένοιτο
1651 2109 1821 2144 καυχᾶσθαι

1034 2158 1060 2183 εὶ
1071 2156 1114 2190 μὴ
1128 2156 1163 2183 ἐν
1177 2155 1217 2189 τῷ
1230 2156 1349 2190 σταυρῷ
1359 2156 1411 2183 τοῦ
1423 2156 1532 2189 Κιιρίου
1543 2155 1627 2189 ἡμῶν
1645 2155 1751 2189 Ἰησοῦ
1763 2157 1822 2189 Χριι

1033 2202 1119 2233 στοῦ,
1145 2200 1181 2227 δι’
1198 2199 1233 2228 οὗ
1256 2201 1320 2235 ἐμοὶ
1342 2201 1455 2235 κόσμος
1473 2200 1665 2233 ἐσταύρωται,
1681 2199 1765 2233 κάγὼ
1785 2198 1822 2229 τῷ

1032 2247 1144 2281 κόσμῳ.
1157 2246 1248 2278 Θέλεις
1263 2246 1414 2281 καυχᾶσθαι
1429 2246 1471 2271 ἵνα
1483 2244 1519 2280 μὴ
1530 2244 1660 2279 ἐλεγχθῇς
1672 2253 1678 2259 ν
1693 2245 1822 2279 Αἰσχύν-

1033 2294 1103 2326 θητε
1124 2292 1183 2319 ἀπὸ
1197 2292 1371 2327 καυχήσεως
1387 2291 1485 2325 ὑμῶν;
1510 2291 1608 2316 ’Ἄκουε
1631 2291 1740 2317 Παύλου
1758 2299 1822 2316 καυ-

1050 2373 1073 2388 ⁶⁸
1091 2372 1190 2400 Jerem.
1209 2381 1257 2404 xu,
1273 2373 1315 2399 15.
1365 2373 1388 2388 ⁸³
1407 2372 1462 2400 Jer.
1481 2380 1518 2404 lx,
1533 2370 1578 2403 ‘25,
1593 2370 1637 2398 21.
1688 2371 1712 2386 ⁸⁸
1732 2371 1820 2399 Galat.

1036 2490 1179 2516 consocior.
1196 2489 1279 2524 Super
1291 2489 1364 2515 illam
1385 2493 1484 2524 petram
1497 2487 1660 2522 wdiﬁcatam
1674 2485 1822 2524 Ecclesium

1036 2525 1099 2551 scio.
1111 2521 1263 2558 Quicunque
1281 2529 1356 2550 eItra
1368 2521 1435 2550 hunc
1447 2523 1551 2559 domum
1561 2530 1658 2559 agnum
1667 2521 1820 2559 comederit,

1034 2560 1161 2594 profanus
1178 2556 1226 2586 est;
1243 2558 1273 2586 Si
1292 2559 1350 2593 quis
1364 2559 1391 2584 in
1403 2566 1465 2594 arca
1483 2557 1540 2594 Noe
1553 2565 1604 2594 non
1618 2557 1709 2590 fuerit,
1725 2556 1822 2594 perith

1035 2590 1158 2629 regnante
1167 2594 1277 2629 diluvio.
1295 2590 1398 2629 Similia
1416 2593 1496 2619 habet
1509 2592 1710 2629 Ambrosuister
1724 2592 1756 2629 in
1773 2590 1823 2629 95

1034 2625 1118 2662 Epist.
1127 2629 1142 2655 -Ι
1159 2630 1190 2655 atl
1206 2628 1293 2655 ’l‘im.:
1310 2627 1342 2654 Ut
1356 2637 1412 2654 cunt
1430 2633 1498 2654 totus
1511 2628 1625 2653 mundus
1643 2626 1754 2662 βοεξκη,
1771 2625 1820 2650 lir-

1033 2661 1113 2690 clesia
1130 2668 1215 2689 tamen
1231 2663 1322 2689 domus
1335 2663 1392 2697 ejus
1408 2662 1524 2694 dicatur,
1546 2661 1622 2694 cujus
1637 2661 1713 2687 hodie
1722 2665 1822 2697 _rector

1032 2703 1069 2724 est
1086 2698 1224 2724 Damasus.
1242 2695 1392 2724 Romanum
1409 2698 1499 2724 itidem
1517 2697 1672 2731 ponlilicem
1689 2704 1704 2722 a
1722 2695 1820 2721 Ruﬁno

1032 2733 1166 2766 designari
1186 2733 1322 2766 probabile
1343 2738 1392 2763 est.
1415 2740 1477 2759 cum
1495 2733 1532 2758 ait
1547 2731 1574 2766 in
1591 2731 1818 2764 interpretatione

1033 2765 1152 2794 liom’ilize
1170 2767 1201 2794 l7
1218 2767 1342 2802 Origenis
1364 2767 1389 2794 in
1406 2767 1522 2794 Genes.:
1542 2765 1603 2792 Non
1621 2765 1725 2800 deficiet
1747 2766 1820 2802 prin-

1032 2810 1090 2835 Ceps
1101 2810 1132 2828 ex
1145 2802 1227 2833 Juda,
1239 2801 1314 2828 id’est
1331 2803 1372 2828 hic
1390 2804 1433 2836 qui
1445 2806 1502 2835 post
1525 2802 1743 2827 resurrectionem
1764 2801 1817 2826 eius

1033 2837 1156 2871 (Christi)
1178 2837 1352 2864 Ecclesiarum
1371 2839 1488 2870 princeps
1500 2836 1651 2863 ordinatur.
1669 2835 1799 2862 Hunnus-
