1869 3041
80 132 131 160 581

673 133 704 160 IN
721 132 894 160 JEllEMlANl
913 131 1054 160 ll0;\l|l.l.~\
1072 133 1126 160 λιι.

1655 139 1708 166 Γ)εῇ

80 191 171 225 ι’ώθη.
191 190 257 217 Νόει
277 199 320 226 μοι
339 191 367 217 τὸ
384 191 510 226 ποτήριον
526 192 580 218 τῶν
598 193 705 227 ἀγαθῶν
722 202 769 219 σου
786 194 872 229 ἔργων

963 194 1069 221 rlmarit
1089 203 1121 221 ex
1139 195 1185 222 huc
1202 196 1227 221 in
1248 195 1331 225 illud.
1349 201 1523 222 rcrumtanmr
1549 197 1602 231 {rex
1625 199 1708 232 ipsius

82 238 113 263 ἐν
130 238 164 272 τῇ
182 238 233 272 μιᾷ.
250 238 323 272 χειρὶ
335 237 382 263 τοῦ
397 237 479 263 Θεοῦ·
499 239 522 263 εἰ
537 237 565 264 δὲ
580 237 658 272 βούλι
677 239 873 274 τολμηρότερόν

84 291 121 317 με
145 283 247 314 εἰπεῖν,
275 283 344 309 ἔστω
367 283 396 308 ὲν
412 283 443 318 τῇ
460 283 534 318 δεξιᾷ
549 283 621 318 χειρὶ
635 284 681 310 τοῦ
698 284 764 310 Θεοῦ
778 285 808 310 τὸ
826 293 874 310 πο-

81 329 178 363 τήριον
191 337 206 354 τ
231 337 244 354 ν
259 328 385 362 χρηστῶν
403 327 500 363 Ιὲργων⁷
519 329 547 354 ἐν
563 330 596 364 τῇ
612 329 743 364 ἀριστερᾷ
757 329 784 356 δὲ
802 330 873 365 χειρὶ

81 373 131 401 τοῦ
144 373 213 400 Θεοῦ
233 373 262 399 τὸ
281 374 408 409 ποτήριόν
425 382 470 400 σου
484 374 538 400 τῶν
558 375 773 409 ἁμαρτημάτων.
790 376 873 401 Ὅταν

82 418 131 445 οὖν
147 419 248 454 μέλλῃς
265 419 426 451 κολάζεσθαι
438 419 482 446 διὰ
494 420 528 445 τὰ
541 421 737 455 ἁμαρτήματα,
752 421 813 447 ἐπεὶ
828 421 874 446 καὶ

83 465 257 500 χρηστότερα
280 473 321 490 σοι
343 464 411 499 ἔργα
431 466 586 500 γεγένηται,
607 466 732 501 ποτήριον
750 466 778 491 ἐν
803 467 874 501 χειρὶ

83 510 188 545 Κυρίου
201 510 274 536 ἐστὶν
287 510 359 536 οἴνου
375 510 493 545 ἀκράτου
508 511 611 546 πλῆρες
623 512 796 545 κεράσματος
806 520 812 525 ·
827 512 873 538 καὶ

83 554 190 581 ἔκλινεν
206 555 238 581 ὲκ
255 555 346 581 τούτου
368 555 408 586 εἰς
425 555 514 586 τοῦτο,
536 556 569 581 ὲκ
582 555 628 581 τοῦ
645 556 674 581 ὲν
695 557 726 590 τῇ
745 556 875 591 ἀριστερᾷ

83 602 126 632 εἰς
139 601 172 627 τὸ
189 601 219 627 ὲν
235 603 267 636 τῇ
281 601 366 636 δεξιᾷ.
386 601 453 628 Οὔτε
467 601 522 637 γὰρ
537 602 617 636 μόνον
629 601 740 628 δύνασαι
756 603 827 628 πιεῖν
844 602 874 628 τὸ

83 645 138 671 τῶν
159 645 270 679 ἀγαθῶν
287 647 423 681 ποτήριον,
438 646 475 677 ὡς
491 647 520 672 ού
541 647 619 681 μόνον
639 647 729 681 ἀγαθὰ
744 646 812 682 ἔργα
827 656 874 673 πε-

85 690 208 726 ποιηκὼς
219 699 225 705 '
249 690 309 717 οὔτε
321 691 432 718 δύνασαι
447 694 519 718 πιεῖν
533 692 610 727 μόνον
630 693 659 718 τὸ
674 693 726 719 τῶν
749 693 873 728 ἁμαρτη-

86 737 182 771 μάτων
202 738 346 773 ποτήριον,
368 738 472 774 χρηστὰ
488 739 543 774 γάρ
566 748 605 766 σοι
627 739 782 775 πέπρακταί
803 749 872 767 τινα.

84 782 135 808 Διὰ
150 782 231 809 τοῦτο
243 783 345 810 ἔκλινεν
357 785 389 810 ἐκ
402 784 497 810 τούτου
512 785 550 816 εις
562 785 650 811 τοῦτο.
665 786 743 812 Κατὰ
756 785 803 821 τὴν
814 786 875 812 ἀνα-

83 827 179 861 λογίαν
196 827 249 855 τῶν
268 828 356 864 ἑργων
383 838 429 856 σου
454 830 579 864 κιρνᾶται
598 838 638 856 σοι
656 831 670 856 0
687 830 771 865 θυμὸς
790 831 836 857 καὶ
856 832 872 866 ἡ

925 246 1025 267 nonest
1051 242 1195 268 cainanio.
1225 242 1416 269 Animadverte
1437 243 1549 270 calicem
1574 244 1706 271 bonorqu

925 295 1037 321 operum
1058 288 1083 313 in
1101 295 1154 314 una
1172 297 1254 315 unum
1273 289 1390 317 Domini.
1416 291 1464 317 Sin
1488 295 1578 317 autent
1609 291 1709 324 pateris

925 333 1024 366 aliquid
1039 342 1082 360 me
1094 334 1225 361 audacius
1242 335 1341 368 dicere,
1355 336 1391 362 sit
1409 336 1434 362 in
1452 336 1545 362 dextra
1556 344 1636 363 manu
1650 335 1709 370 ejus

924 379 993 405 calix
1010 379 1151 411 virtutum,
1169 381 1203 406 sit
1224 380 1249 406 in
1267 381 1377 408 sinistra
1391 381 1528 408 vitiorum.
1545 381 1612 408 Cum
1628 381 1710 416 igitur

924 425 1039 458 carperis
1055 431 1164 459 propter
1182 432 1291 460 peccata
1323 427 1441 459 torqueri
1457 447 1464 458 ,
1489 427 1551 462 quia
1584 431 1610 454 et
1625 427 1709 454 .bona

925 469 1115 506 opet'akl‘ecisti,
1133 471 1201 497 calix
1221 471 1246 496 in
1262 479 1342 497 manu
1359 471 1466 498 Domini
1493 477 1533 499 est
1559 472 1613 498 vini
1641 472 1709 498 meri

925 508 1022 554 plenus
1039 517 1130 548 misto,
1150 521 1176 542 et
1191 517 1333 543 inclinavit
1348 526 1381 544 cx
1396 518 1448 545 hoc
1463 518 1490 544 in
1505 518 1570 545 illud
1584 528 1590 545 :
1607 518 1632 546 id
1646 523 1705 549 est,

925 561 958 588 dc
973 569 1005 587 eo
1017 562 1063 596 qui
1076 566 1135 588 erat
1149 563 1175 588 in
1194 562 1305 589 dextera
1321 583 1327 595 ,
1346 563 1371 589 iu
1393 564 1468 590 illum
1482 564 1527 598 qui
1543 564 1570 590 in
1598 564 1708 592 sinistra

925 606 1123 632 continebatur.
1140 605 1231 640 Neque
1255 607 1326 632 enim
1346 611 1421 641 potes
1443 607 1577 634 bonorum
1603 612 1707 634 tantum

925 651 1037 678 calicem
1056 651 1163 682 bibere,
1185 652 1261 685 quasi
1283 652 1353 678 bona
1377 654 1564 680 tantummodo
1591 654 1707 686 feceris;

926 704 1014 731 neque
1032 704 1139 723 rursum
1155 703 1326 731 peccatorum
1343 702 1459 730 tantum,
1471 699 1534 733 quia
1543 699 1647 726 etbona
1660 699 1708 726 ali-

926 742 1034 776 quando
1047 743 1165 777 gessisti.
1178 742 1280 770 ldcirco
1292 743 1430 771 inclinavit
1442 753 1474 771 ex
1486 745 1536 772 hoc
1553 745 1580 772 in
1594 745 1669 778 illud,
1680 750 1709 771 ut

925 787 1002 821 juxta
1025 788 1274 821 compensationem
1295 795 1407 821 operum
1428 792 1536 814 tuorum
1563 788 1710 815 misceatur

927 832 974 859 tibi
991 832 1155 866 supplicium
1174 833 1312 867 aquatius,
1328 841 1374 860 seu
1394 833 1528 860 meracius
1541 853 1549 865 ,
1571 837 1598 859 et
1610 840 1710 860 secun-

83 873 207 906 κόλασις,
223 874 264 901 ἵνα
275 875 334 910 ἤτοι
348 875 524 911 ὑδαρέστερον
535 876 565 902 τὸ
576 877 624 911 τῆς
640 876 775 908 κολάσεως
821 885 872 908 σοι,

963 886 988 904 ιιι
1006 878 1101 904 merita
1118 882 1180 910 tua;
1197 878 1576 905 autolitundaturirmdivinze
1588 878 1708 911 aculeus,

83 920 99 952 ἦ
111 920 276 955 δριμύτερον
289 921 335 947 καὶ
351 921 545 957 ὲπιπινώτερον
563 922 600 956 (l)
611 930 617 936 '
634 921 705 948 κατὰ
719 921 768 956 τὴν
782 922 869 948 ἀναλο

79 968 145 1001 τίαν
159 968 226 1003 γὰρ,
243 967 278 999 ὡς
297 968 444 1002 προεῖπον,
461 967 514 993 τῶν
537 967 741 1002 ἁμαρτημάτων
762 976 874 1003 συγκρι-

80 1014 204 1049 νομένων
218 1015 275 1045 τοῖς
291 1013 403 1047 ἀγαθοῖς
418 1013 580 1048 ἀμϐλύνεταί
594 1022 662 1045 πως,
676 1014 691 1049 ἢ
705 1014 755 1040 οὐκ
769 1014 875 1049 ἀμϐλύ-

81 1069 157 1086 νεται
171 1060 186 1086 0
200 1059 255 1086 ἀπὸ
270 1059 316 1086 τοῦ
341 1059 471 1094 ποτηρίου
491 1059 540 1094 τῆς
555 1059 639 1094 ὀργῆς
657 1059 748 1090 ποσῶς
771 1060 876 1095 διδομέ-

81 1114 131 1141 νης
147 1106 186 1140 (2)
199 1105 307 1140 ἑκάστῳ
318 1105 372 1131 τῶν
386 1104 602 1140 ἁμαρτημάτων.
618 1105 682 1131 Ἐὰν
695 1104 722 1131 δὲ
735 1105 816 1136 καλὸς
830 1106 876 1132 καὶ

79 1153 185 1186 ἀγαθὸς
200 1150 234 1189 ᾗς
247 1152 317 1184 ὅλος,
338 1151 439 1185 λέγεις·
455 1150 601 1184 Ποτήριον
617 1151 766 1184 σωτηρίου
779 1151 876 1186 λήψο-

926 928 971 950 aut
988 928 1147 950 exaeualur.
1164 923 1191 950 Si
1208 931 1271 950 vero
1285 924 1372 951 bonus
1384 923 1476 954 fueris,
1488 923 1568 951 ctDei
1584 924 1709 950 mandata

928 969 1090 1002 servaveris,
1107 970 1214 996 attende
1231 970 1294 1004 quid
1307 970 1382 996 dicas
1394 970 1417 985 ⁸⁸
1431 978 1437 996 :
1454 969 1569 996 Calicem
1583 968 1709 995 salutaris

927 1015 1057 1048 accipiam
1073 1020 1097 1041 et
1122 1024 1214 1041 nomen
1232 1015 1337 1041 Domini
1359 1015 1493 1042 invocabo.
1514 1014 1609 1041 Omnis
1628 1014 1711 1048 igitur

926 1064 996 1092 utor,
1016 1060 1072 1087 sive
1089 1060 1187 1092 bonus,
1204 1060 1261 1087 sive
1276 1061 1375 1093 malus,
1390 1061 1545 1094 implubitur
1558 1061 1621 1086 vino
1641 1067 1709 1094 qua-

925 1105 1008 1132 litatis
1033 1114 1108 1136 su:e.
1129 1115 1178 1133 nec
1203 1107 1292 1133 oleum
1311 1107 1426 1133 mittitur
1451 1107 1476 1132 in
1501 1114 1582 1139 euri),
1602 1106 1709 1133 aliudve

925 1152 990 1186 quid
1003 1152 1120 1187 liquens,
1135 1152 1186 1179 nisi
1205 1151 1397 1184 Sodomorum,
1413 1149 1460 1179 aut
1476 1152 1567 1180 Sorec.

78 1208 133 1234 μαι
150 1199 200 1225 καὶ
213 1198 247 1225 τὸ
265 1199 360 1233 ὄνομα
376 1199 487 1232 Κυρίου
505 1197 733 1231 ὲπικαλέσομαι.
748 1198 805 1230 Πᾶς
826 1197 872 1225 οὗν
888 1199 970 1230 ἀσκὸς
980 1219 987 1230 ,
1003 1198 1058 1224 εἴτε
1073 1198 1153 1229 καλὸς
1169 1198 1224 1224 εἴτε
1242 1198 1391 1233 μοχθηρὸς,
1409 1197 1617 1232 πληρωθήσεται
1633 1197 1716 1228 οἴνου,

81 1246 130 1272 καὶ
145 1246 217 1272 κατὰ
231 1246 281 1281 τὴν
295 1245 499 1280 ἐπιτηδειότητα
515 1244 563 1271 τοῦ
581 1246 666 1273 ἀσκοῦ
688 1244 759 1278 οἶνος
773 1246 935 1282 βληοήσεται
958 1247 998 1278 εις
1016 1246 1061 1273 τὸν
1084 1246 1167 1272 ἀσκὸν
1181 1246 1252 1272 κατὰ
1269 1246 1313 1272 τὸν
1328 1246 1405 1280 λόγον
1420 1245 1474 1272 τῶν
1490 1245 1607 1272 ἐνταῦθα
1620 1247 1718 1280 ὸνομαυ

81 1292 207 1328 ζομένων
227 1291 331 1319 ἀσκῶν.
347 1292 456 1319 Ἐλαιον
471 1291 518 1320 οὗν
541 1295 572 1321 οὐ
589 1294 714 1329 βάλλεται
736 1294 776 1324 εἰς
791 1293 855 1325 τοὺς
877 1293 977 1326 ἀσκοὺς
999 1293 1058 1320 οὐδὲ
1082 1294 1148 1328 ἄλλη
1169 1304 1209 1325 τις
1222 1292 1295 1327 ὑγρὰ
1316 1293 1377 1327 ὕλη.
1398 1291 1466 1318 ἀλλὰ
1479 1292 1567 1319 πάντα
1582 1292 1665 1326 ἀσκὸν
1678 1293 1717 1320 δει

80 1337 155 1365 οἴνου
171 1338 226 1373 πλη
231 1337 359 1373 ρωθῆναι.

119 1381 188 1410 Εἶτα
205 1384 324 1411 διδάσκει
339 1384 382 1411 διὰ
397 1385 461 1416 τοὺς
476 1385 693 1422 ἁμαρτήσαντας,
722 1389 784 1416 δεον
798 1390 869 1417 κατὰ

81 1430 112 1455 τὸ
142 1429 242 1464 ῥητὸν,
263 1431 291 1456 ὲν
314 1432 346 1465 τῇ
368 1430 543 1466 Ἰερουσαλὴμ
558 1432 618 1457 τότε
638 1432 683 1458 καὶ
704 1432 733 1457 ἐν
757 1431 789 1466 τῇ
809 1431 875 1457 Ἰου-

80 1476 164 1510 δαίᾳ,
196 1476 317 1503 ποταπαῦ
342 1477 413 1503 οἴνου
440 1477 530 1512 μέλλει
557 1477 675 1512 πληροῦν
691 1478 705 1503 0
721 1477 786 1508 Θεὸς
811 1477 907 1521 τοὺςο

80 1522 187 1553 ἀσκοὺς
207 1522 319 1554 τούτους
340 1523 402 1554 τοὺς
418 1523 610 1558 ἁμαρτωλούς·
628 1523 782 1558 γέγραπται
801 1522 870 1557 γάρ·

88 1568 162 1595 Ἐὰν
175 1568 283 1595 εἴπωσι
296 1570 371 1603 πρὸς
380 1569 429 1596 σέ·
441 1571 469 1596 Μ
474 1569 489 1603 ὴ
499 1570 623 1604 γνόντες
637 1571 672 1596 οὐ
687 1569 871 1603 γνωσόμεθα,

82 1614 127 1639 ὅτι
149 1613 211 1646 πᾶς
234 1614 329 1647 ἀσκὸς
352 1615 578 1648 πληρωθήσεται
597 1615 681 1642 οἴνου
688 1622 697 1646 ;
722 1615 776 1641 Καὶ
797 1614 874 1648 ἐρεῖς

82 1659 159 1692 πρὸς
189 1660 317 1692 αὐτούς·
352 1660 424 1687 Τάδε
449 1661 529 1695 λέγει
557 1661 681 1694 Κύριος·
719 1660 791 1688 Ἰδοὺ
817 1659 874 1694 ἐγὼ

83 1704 190 1739 πληρῶ
210 1705 327 1739 πάντας
340 1706 411 1739 τοὺς
425 1705 638 1740 κατοικοῦντας
658 1707 716 1741 τὴν
730 1706 788 1741 γῆν
803 1707 873 1733 ταύ-

83 1761 149 1785 την,
172 1752 223 1779 καὶ
250 1752 322 1785 τοὺς
337 1753 478 1786 βασιλεῖς
498 1753 569 1786 τοὺς
587 1753 772 1788 καθημένους
791 1753 875 1786 υῑοὺς

85 1798 136 1824 τοῦ
152 1798 245 1825 Δαυῒδ
260 1798 309 1824 ἐπὶ
326 1799 433 1833 θρόνου
449 1800 552 1830 αὐτοῦ,
565 1800 612 1826 καὶ
629 1800 698 1832 τοὺς
717 1799 812 1834 Ιερεῑς.
829 1800 875 1826 Οὐ-

83 1844 158 1876 δενὸς
169 1844 289 1879 φείδεται
302 1846 317 1871 0
331 1845 432 1880 μέλλων
446 1845 579 1877 κολάζειν.
593 1846 650 1872 Οὐκ
663 1846 723 1872 ἐπεὶ
734 1847 875 1882 προφήτης

84 1899 126 1922 τις
140 1890 338 1926 ἐχρημάτισεν,
354 1890 407 1925 ἔχει
429 1891 456 1917 δὲ
473 1892 669 1927 ἁμαρτήματα,
686 1891 716 1917 οὐ
731 1892 876 1927 πληρωθή-

86 1945 161 1962 σεται
181 1936 238 1962 τῶν
258 1936 411 1971 λεγομένων
427 1937 558 1964 ἀπειλῶν·
581 1938 630 1964 οὐκ
651 1937 711 1963 ἐπεὶ
730 1937 819 1973 ἱερεύς
834 1945 876 1968 τις

85 1983 267 2017 ἐχρημάτισε,
289 1983 335 2008 καὶ
351 1982 440 2014 ἔδοξεν
455 1983 592 2018 ὑπεροχὴν
606 1983 735 2017 ὀνόματος
750 1983 821 2017 ἔχειν
834 1991 876 2009 τι-

87 2029 226 2063 μιωτέραν
251 2028 326 2064 παρὰ
341 2029 385 2055 τὸν
403 2029 462 2055 ὅλον
479 2030 499 2061 ',
521 2029 639 2062 φείδεται
659 2028 740 2055 αὐτοῦ
763 2030 777 2055 ὁ
799 2028 874 2060 Θεὸς,

84 2073 157 2101 ὥστε
171 2074 252 2100 αὐτὸν
266 2074 302 2108 μὴ
315 2074 479 2109 κολασθῆναι
490 2074 695 2109 ἀμαρτήσαντα.
712 2073 753 2100 Τὰ
765 2073 798 2100 δὲ
811 2073 877 2107 περ).

85 2118 211 2145 ἐκείνων
250 2119 502 2154 ἀναγεγραμμένα,
541 2120 622 2154 φησὶν
654 2121 668 2146 0
705 2119 875 2152 ’Λπόστολος,

83 2162 201 2196 ἐψάρη
225 2162 263 2189 δι’
282 2162 372 2197 ἡμᾶς,
394 2165 438 2196 εἰς
455 2164 509 2197 οὓς
531 2164 566 2191 τὰ
586 2164 657 2197 τέλη
675 2163 736 2190 τῶν
762 2164 876 2191 αἰώνων

85 2209 288 2241 κατήντησεν.
307 2209 341 2235 Εἴ
355 2218 396 2240 τις
420 2208 466 2236 οὖν
478 2210 524 2236 καὶ
545 2210 573 2236 ἐν
587 2210 690 2241 τούτοις
703 2211 759 2241 τοῖς
774 2209 875 2245 ἱερεῦσι

86 2256 223 2292 (δείκνυμι
243 2256 270 2282 δὲ
284 2257 348 2288 τοὺς
369 2256 569 2292 πρεσϐυτέρους
587 2257 676 2291 ἡμᾶς)
693 2256 709 2291 ἢ
727 2256 755 2282 ὲν
771 2255 876 2287 τούτοις

85 2304 139 2334 τοῖς
157 2302 351 2338 περιεστηκόσι
373 2302 419 2330 τὸν
436 2302 501 2328 λαὸν
517 2302 644 2333 Λευΐταις
665 2302 752 2337 (λέγω
767 2302 796 2328 δὲ
812 2302 875 2333 τοὺς

85 2349 242 2384 διακόνους)
257 2349 418 2384 ἁμαρτάνει,
434 2348 489 2380 ἕξει
505 2347 607 2383 ταύτην
620 2347 670 2383 τὴν
689 2347 800 2373 κόλασιν
810 2355 817 2360 ”
838 2347 875 2379 ὡς

86 2396 168 2422 πάλιν
195 2396 316 2429 εὐλογίαι
336 2395 408 2426 τινές
429 2396 496 2422 εἰσιν
521 2395 666 2430 ἱερατικαὶ,
690 2395 754 2430 περὶ
771 2391 808 2421 ὧν
826 2394 875 2430 (5),

86 2441 155 2467 Θεοῦ
167 2435 293 2472 διδόντος,
301 2441 330 2467 οὐ
344 2440 462 2476 μακρὰν,
474 2440 542 2467 ἀλλὰ
557 2440 625 2475 μετὰ
636 2440 684 2476 τὴν
696 2440 817 2472 ἐξέτασιν
830 2439 876 2466 τοῦ

86 2486 168 2520 λόγου
189 2487 237 2513 τοῦ
259 2486 440 2522 προφητικοῦ,
466 2486 595 2521 εἰσόμεθα
618 2486 877 2521 ἀναγινωσκομένων

85 2533 141 2559 τῶν
164 2532 310 2567 Ἀριθμῶν.
321 2533 388 2568 Περὶ
405 2532 459 2568 γὰρ
473 2532 567 2567 ἱερέων
580 2533 638 2558 ἐκεῖ
650 2541 711 2558 τινα
730 2531 820 2567 μέλλει
834 2531 878 2557 λέ-

86 2577 196 2613 γεσθαι.
215 2578 270 2605 Καὶ
283 2577 355 2611 τοὺς
369 2578 455 2611 ἱερεῖς
468 2576 525 2610 οὖν,
547 2578 595 2604 καὶ
617 2578 688 2610 τοὺς
710 2577 875 2612 προφήτας,

112 2619 146 2650 ’⁸⁸
166 2633 239 2660 Psal.
253 2641 315 2666 cxv,
336 2634 380 2660 15.
417 2633 440 2649 ⁸⁷
459 2633 559 2660 Jerem.
576 2641 636 2665 xm,
655 2634 699 2666 12,
715 2634 756 2660 15.
794 2633 817 2649 ⁸⁸
839 2632 923 2660 lCor.

121 2690 161 2725 (Ι)
187 2690 426 2724 Ἐπιπινώτερον.
448 2691 529 2718 Forte
549 2691 689 2727 legendum
706 2692 872 2718 ἐπιπονώτε-

88 2733 145 2760 ρον.

123 2760 289 2814 ςέξηιῖοσῶς
305 2760 472 2795 διδομένης.
493 2760 573 2789 Forte
588 2761 730 2797 legendum
747 2761 827 2793 πότος
838 2762 875 2788 δι-

119 2804 124 2812 ,
140 2795 152 2814 ρ
616 2795 626 2797 '

87 2795 250 2865 ὼῖέῖηῆερὶ
265 2827 318 2864 ὧν,
333 2835 385 2858 etc.
406 2830 477 2866 Ergo
500 2834 643 2867 postquam
665 2831 808 2859 Jcrcmiam
824 2839 873 2866 po-

963 1384 990 1412 5.
1011 1383 1112 1411 Deinde
1126 1383 1205 1410 docet
1222 1382 1340 1415 interim,
1358 1385 1387 1408 ut
1404 1381 1518 1408 litteram
1542 1387 1709 1414 sequamur,

927 1434 1038 1465 propter
1052 1437 1100 1456 eos
1123 1429 1169 1464 qui
1186 1432 1365 1463 peccaverunt
1395 1427 1420 1453 in
1437 1425 1586 1453 Jerusalem
1601 1445 1607 1454 ,
1635 1429 1661 1450 et
1683 1424 1710 1450 in

926 1475 1018 1503 Iudaea
1035 1476 1081 1502 illo
1095 1480 1216 1509 tempore
1230 1475 1417 1505 morabantur,
1442 1472 1514 1506 quali
1535 1471 1597 1498 \‘ino
1618 1471 1712 1498 istius-

924 1522 998 1549 modi
1023 1525 1096 1548 utres
1115 1520 1244 1554 impleadi
1274 1524 1346 1546 sunt.
1368 1518 1498 1553 Sequitur
1520 1517 1592 1544 enim
1609 1517 1652 1543 87:
1681 1515 1712 1544 Si

927 1567 1042 1594 dixerint
1059 1567 1092 1593 ad
1105 1571 1128 1593 te
1139 1574 1149 1592 :
1165 1565 1291 1600 Num/uid
1305 1569 1485 1599 cognoscentes
1508 1572 1559 1590 non
1574 1563 1711 1598 cognosci-

924 1621 992 1644 mus,
1005 1614 1068 1648 quia
1086 1613 1171 1639 omnis
1182 1617 1240 1638 uter
1256 1611 1408 1645 implebitur
1421 1611 1479 1636 uino
1495 1611 1506 1636 ?
1520 1610 1594 1636 Dices
1605 1608 1638 1635 ad
1647 1615 1709 1635 eos:

927 1661 990 1688 "(ac
1009 1660 1214 1687 dicit'Dominus
1228 1667 1237 1685 :
1253 1659 1319 1685 Ecce
1335 1666 1381 1693 ego
1397 1658 1491 1692 impleo
1503 1665 1590 1683 omnes
1607 1655 1709 1683 inlutan

925 1711 1009 1733 tantes
1019 1711 1115 1733 terram
1131 1707 1220 1737 istam,
1235 1709 1260 1731 et
1271 1713 1351 1739 rcges,
1363 1709 1387 1730 et
1397 1704 1466 1738 ﬁlias
1479 1703 1562 1730 David
1571 1703 1615 1737 qui
1623 1701 1712 1728 sedent

925 1761 1002 1788 super
1013 1752 1099 1780 sedem
1109 1753 1176 1786 ejus,
1188 1757 1212 1778 et
1227 1751 1375 1778 sacerdotes
1389 1750 1522 1777 ebrietate.
1542 1748 1612 1776 Nulli
1625 1747 1712 1783 parcit

926 1799 973 1834 qui
989 1799 1135 1834 puniturus
1153 1802 1195 1825 est
1208 1802 1376 1832 peccatores.
1397 1796 1455 1823 Non
1471 1796 1534 1830 quia
1556 1796 1710 1830 prophetes.

929 1845 1008 1880 196
1021 1853 1074 1872 non
1094 1844 1157 1878 quia
1173 1844 1301 1870 sacerdos
1312 1843 1373 1877 quis
1385 1848 1499 1871 vocatus
1513 1847 1554 1869 est
1567 1862 1574 1874 ,
1608 1850 1622 1868 a
1647 1849 1712 1876 sup-

926 1892 1015 1927 pliciis
1030 1890 1201 1918 liberabitur.
1220 1889 1284 1915 Haec
1297 1894 1385 1915 autem
1393 1888 1425 1914 de
1438 1888 1492 1914 illis
1504 1895 1712 1914 commemoran-

928 1942 980 1969 tur,
996 1940 1025 1963 ut
1046 1935 1083 1962 ait
1101 1935 1247 1969 Apostolus
1258 1935 1280 1950 ⁸⁸
1297 1943 1303 1961 :
1321 1934 1421 1967 scripta
1443 1938 1504 1959 sunt
1525 1937 1631 1966 propter
1646 1939 1692 1958 nos
1703 1951 1710 1963 ,

927 1983 953 2009 in
970 1990 1033 2017 quos
1049 1982 1113 2016 ﬁnes
1128 1980 1285 2008 swculoram
1299 1980 1464 2006 devenerunt.
1482 1978 1509 2005 Si
1529 1978 1590 2012 quis
1603 1985 1667 2012 ergo
1687 1981 1714 2004 ct

927 2028 954 2054 in
967 2028 1009 2055 liis
1024 2027 1221 2058 sacerdotibus,
1240 2026 1266 2053 in
1280 2026 1358 2053 nobis
1371 2026 1433 2052 dico
1457 2023 1640 2059 presbyteris.
1656 2023 1713 2050 sive

928 2072 956 2100 in
976 2072 1019 2099 his
1039 2072 1085 2107 qui
1102 2072 1279 2098 circumstant
1292 2069 1420 2104 populum
1437 2068 1547 2099 Levitis,
1562 2067 1588 2093 id
1603 2071 1645 2093 est
1655 2066 1713 2092 (lia-

928 2118 1057 2150 conibus,
1075 2117 1249 2152 peccaverit.
1278 2114 1423 2142 sustinebit
1450 2113 1612 2148 supplicium
1639 2111 1712 2146 quod

930 2172 1002 2192 nunc
1015 2172 1062 2199 per
1078 2163 1239 2198 prophetam
1255 2161 1388 2188 Dominus
1413 2160 1594 2187 comminatur
1608 2167 1615 2185 :
1644 2165 1714 2192 quo-

929 2210 1010 2237 modo
1035 2210 1189 2237 econtrario
1204 2208 1327 2242 quaedam
1353 2211 1418 2235 sunt
1431 2205 1612 2234 sacertlolales
1630 2205 1714 2231 bene-

929 2256 1074 2286 dictiones,
1087 2256 1121 2282 de
1135 2255 1235 2290 quibus
1251 2253 1304 2280 Deo
1318 2253 1453 2280 tribuente
1467 2272 1473 2284 ,
1496 2256 1558 2286 post
1571 2249 1711 2278 istiusloci

928 2302 1141 2337 expositionem,
1157 2309 1218 2327 cum
1233 2301 1266 2327 ad
1283 2299 1463 2327 Numerorum
1478 2298 1577 2325 librum
1600 2300 1710 2323 ventum

929 2348 1010 2375 fuerit
1022 2369 1029 2380 ,
1061 2347 1260 2382 disputabimus
1276 2355 1282 2373 τ
1308 2346 1343 2372 ibi
1360 2346 1459 2380 quippe
1478 2345 1511 2371 de
1526 2342 1713 2370 sacerdotibus

928 2393 1050 2428 quaedam
1067 2393 1168 2426 scripta
1187 2391 1295 2419 sunt”.
1315 2390 1504 2416 Etsocerdotes
1517 2389 1609 2424 igitur,
1619 2392 1642 2414 et
1653 2394 1714 2420 pro-

927 2439 1028 2473 phetas,
1058 2443 1083 2465 et
1107 2437 1217 2469 ludam,
1232 2442 1255 2463 et
1274 2444 1361 2463 omnes
1393 2435 1538 2461 habitantes
1566 2431 1713 2459 Jerusalem

929 2489 1042 2511 testatur
1056 2484 1126 2510 Deus
1143 2484 1173 2510 dc
1190 2483 1248 2510 riuo
1272 2481 1438 2508 inebriandos
1453 2501 1460 2512 ,
1482 2484 1506 2506 et
1530 2477 1713 2512 dispergendos

928 2531 1012 2558 virum
1035 2539 1051 2556 a
1068 2530 1150 2564 fratre
1166 2538 1224 2559 suo,
1242 2537 1265 2555 et
1280 2532 1367 2562 patres
1387 2535 1401 2553 a
1417 2526 1491 2560 ﬁliis.
1508 2524 1572 2557 Qua:
1591 2523 1712 2558 quidem,

932 2581 960 2604 ut
975 2576 1040 2602 ll'lllll
1056 2575 1172 2607 videtur,
1185 2575 1225 2602 sic
1242 2578 1306 2601 sunt
1329 2571 1501 2606 intelligenda
1515 2579 1521 2597 :
1541 2569 1628 2604 iustos
1653 2568 1715 2603 qui-

940 2641 966 2665 x,
985 2633 1028 2659 il.
1067 2632 1089 2647 ⁸³
1109 2631 1208 2659 Jerem.
1227 2630 1346 2660 xtn,15,
1364 2629 1406 2655 Μ.

927 2692 992 2727 pulo
1013 2691 1149 2725 exposuit,
1164 2689 1310 2727 conciones
1327 2689 1353 2727 in
1368 2687 1501 2727 Numeros
1525 2686 1629 2717 habuit;
1654 2693 1714 2720 qua:

928 2722 983 2754 non
1000 2722 1095 2753 omnes
1110 2733 1186 2755 sane,
1204 2725 1245 2750 vel
1269 2732 1321 2750 non
1345 2723 1455 2757 integm
1469 2722 1501 2748 ad
1519 2729 1568 2748 nos
1583 2729 1714 2756 perverte-

928 2767 1003 2788 rtmt.
1029 2760 1234 2787 Benedictiones
1251 2758 1350 2792 quippe
1364 2756 1416 2784 illae
1431 2757 1612 2784 sacerdotales
1626 2756 1714 2789 capite

927 2795 1008 2822 Num.
1023 2801 1099 2822 sexto
1113 2794 1299 2826 continentur,
1314 2795 1340 2820 in
1356 2792 1427 2828 quod
1442 2792 1515 2819 nulla
1529 2792 1653 2827 Origenis
1665 2792 1714 2818 ho—

928 2831 1002 2859 milia
1014 2834 1110 2858 exstat.
1131 2829 1262 2856 llumius.
