1869 3041
81 140 129 167 ωι

672 149 703 176 IN
722 149 896 178 IhIlEMlAM
915 150 1056 179 HOMILIA
1078 150 1148 179 XIII.

1660 152 1713 180 ιω

80 207 181 235 πτωμιι
194 201 287 228 αὐτῶν
304 203 453 241 τηλικαύτη
469 206 580 240 γέγονεν
592 207 722 243 ἁμαρτία·
742 210 789 242 Τίς
800 208 856 237 οὖν
865 211 998 244 φείσεται
1014 211 1062 237 ἐπὶ
1079 211 1140 243 σοί,
1158 211 1348 246 Ἰερουσαλήμ
1357 211 1444 246 ﬂere:
1457 212 1524 249 πρὸς
1540 211 1634 247 αὐτὴν,
1645 212 1712 238 ἀπέ-

79 246 190 278 κτεινάς
208 256 259 282 μου
274 249 322 276 τὸν
341 251 453 285 Ἰησοῦν,
471 252 518 279 καὶ
532 252 619 286 λέγω·
641 254 688 286 Τίς
706 254 838 288 φείσεται
852 256 901 282 ἐπὶ
919 256 1199 291 σοὶ,¹1ερουσα.ιήμ;
1230 258 1277 284 καὶ
1293 258 1336 291 τίς
1352 246 1561 292 σκυθρωπάσει
1576 257 1624 284 ἐπὶ
1644 257 1694 284 σοί
1700 263 1712 288 ,‘

116 293 280 322 Μετασαίνω
292 297 347 323 ἀπὸ
356 298 403 325 τοῦ
416 299 580 334 γράμματος
594 300 640 327 καὶ
647 300 709 326 τότε
724 301 782 328 ὁδὸν
794 303 852 336 ὲσχν

964 303 992 331 2.
1012 303 1213 331 Transcendam
1230 309 1319 332 autem
1333 305 1366 332 ad
1380 303 1529 340 spiritalem
1545 304 1710 331 intellectum

79 337 170 370 κύτος,
187 340 221 375 ἢν
238 340 339 369 ἔδωκεν
361 344 375 370 ό
399 344 493 379 λόγος,
516 346 561 372 ἐπὶ
580 346 700 381 ἑκάστην
721 347 810 382 ψυχὴν
825 348 876 384 ήδη

80 384 245 417 ἀξιωθεῖσαν
263 388 311 414 τοῦ
332 389 398 424 ὀρᾷν
407 390 457 425 τὴν
473 391 584 426 εἰρήνην
594 400 601 407 ο
627 392 697 424 μετὰ
709 393 763 428 γὰρ
775 393 808 419 τὰ
823 402 876 429 μα-

85 430 194 475 Ξῂματα
218 431 253 458 τὰ
274 433 335 461 θεῖα
349 435 463 469 γέγονας
484 435 677 473 Ἰερουσαλὴμ,
698 438 729 464 τὺ
746 439 876 475 πρότερον

79 473 150 502 οὖσα
163 477 275 509 Ίεῆούς.
288 479 419 515 Δεύτερον
434 481 462 508 δὲ
478 482 610 516 μετέσαλε
618 485 648 509 τὸ
656 483 750 519 ὄνομα,
767 485 812 510 καὶ
830 473 876 518 κέ-

79 529 161 555 γονεν
180 523 370 561 Ἰερουσαὶημ.
388 527 497 560 Ἰεϐοὺς,
513 528 594 562 φασὶν
610 529 648 564 (I)
668 530 802 565 Ἐὃραίων
813 532 876 557 παῖ-

79 566 135 599 δες,
154 567 195 594 ὅτι
211 569 393 605 ἑρμηνεύεται
414 574 623 609 πεπατημένη·
655 575 754 608 ἰεσοὺς
776 574 833 610 οὖν,
857 577 874 612 ἡ

81 614 265 650 πεπατημένη
282 616 334 642 ὑπὸ
347 617 488 653 δυνάμεων
502 620 698 655 ἀντικειμένων
709 620 781 656 ψυχὴ
797 630 877 657 μετα-

80 657 223 693 ϐέϐληται,
240 661 286 687 καὶ
296 662 407 696 γέγονεν
415 663 606 700 Ἰερουσαλὴμ,
623 665 728 699 ὅρασις
742 666 873 700 εἰρήνης.

80 703 112 729 Εἰ
131 702 188 736 οὖν,
211 705 255 732 ὅτε
274 707 481 744 μεταὸέσληκας
499 710 552 736 ἀπὸ
577 710 678 742 Ἰεὸοὺς
699 711 740 743 είς
754 712 783 738 τὸ
801 711 876 745 γενέ-

80 749 143 776 σθαι
162 751 339 789 Ἰερουσαλὴμ
350 774 357 785 ,
377 755 510 790 ἥμαρτες,
528 757 575 783 καὶ
590 757 635 783 τὸν
659 757 723 784 Υίὸν
742 757 789 784 τοῦ
807 757 875 785 Θεοῦ

79 797 334 832 καταππάτηκας,
353 801 399 826 καὶ
419 801 450 827 τὸ
469 799 540 836 αἷμα
561 802 611 837 τῆς
628 803 724 838 καινῆς
738 803 876 840 Διαθήκης

78 841 170 867 κοινὸν
189 841 227 873 ὡς
243 843 335 878 ἐκείνη
351 845 398 871 καὶ
413 846 445 872 σὺ
461 847 566 882 ἡγήσω,
588 848 635 874 καὶ
653 849 682 874 ὲν
696 848 874 884 ἁμαρτήμασι

78 885 198 919 γέγονας
211 888 350 922 χαλεποῖς,
363 890 522 926 λεχθήσεται
536 893 583 919 καὶ
596 893 660 930 περὶ
674 893 719 920 σοῦ
728 902 734 908 ·
752 894 800 927 Τίς
812 894 875 928 φεί-

77 939 166 958 σεται
177 933 226 959 ἐπὶ
243 934 303 966 σοὶ,
327 935 530 971 Ἰερουσαλὴμ,
543 937 592 964 καὶ
605 938 650 971 τίς
662 938 873 972 σκυθρωπὰσει

927 349 961 376 ab
976 349 1126 377 humilitate
1142 350 1247 383 litterae,
1272 350 1343 378 viam
1364 351 1431 378 mihi
1448 351 1582 386 pandente
1595 350 1710 381 ratione,

927 398 955 420 ut
971 393 1074 421 videam
1091 395 1228 430 quomodo
1247 403 1416 430 unaquaque
1429 396 1529 428 anima,
1545 395 1624 430 digna
1645 403 1711 430 pace

926 438 972 466 Dei
985 439 1153 468 Hierusalem
1167 441 1418 476 nuneupetur.Post
1430 442 1600 477 disciplinam
1612 442 1711 477 quippe

925 482 1043 511 divinam
1060 484 1131 511 facta
1147 493 1176 513 cs
1194 485 1375 520 Hierusalem,
1389 495 1450 522 qua:
1464 487 1540 522 prius
1558 487 1648 516 fueras
1667 487 1710 514 Ie-

927 529 986 557 bus.
1005 530 1034 557 In
1054 530 1167 558 historia
1187 531 1313 565 refertur,
1336 533 1407 567 quod
1436 540 1536 561 nomen
1556 534 1608 562 loci
1630 534 1711 562 istius

926 572 1007 601 fuerit
1024 574 1118 608 Iebus,
1133 580 1159 603 et
1177 580 1268 611 postea
1281 581 1446 604 commutato
1459 577 1589 605 vocabulo
1605 586 1711 606 nuncu-

926 623 987 654 pata
1003 620 1039 648 sit
1056 620 1234 648 Hierusalem.
1251 621 1335 650 Iebus
1350 627 1450 655 autem,
1469 622 1643 651 Hebraeorum
1662 631 1711 658 po-

925 666 989 693 steri
1004 667 1114 694 tradunt
1129 667 1308 702 interpretari,
1321 669 1511 697 conculcatam.
1526 669 1608 697 Iebus
1619 674 1708 697 autem

925 711 1083 739 conculcata
1101 720 1115 739 a
1134 711 1340 741 fortitudinibus
1358 715 1500 742 contrariis
1513 715 1603 742 anima
1615 720 1710 743 nostra

926 761 1106 784 transmutata
1123 763 1174 791 est,
1188 763 1214 785 et
1228 758 1298 786 facta
1314 758 1492 793 Hierusalem,
1504 761 1569 788 visio
1583 761 1665 795 pacis.
1679 760 1708 787 Si

926 803 1018 838 itaque
1034 808 1095 838 post
1116 804 1328 832 demutationem
1353 813 1368 832 a
1390 805 1473 834 Iebus
1495 807 1521 833 in
1540 805 1711 835 Hierusalem

925 849 1089 883 peccaveris,
1102 853 1129 876 et
1141 849 1302 885 sanguinem
1316 851 1481 884 testamenti,
1499 851 1569 878 sicut
1586 851 1708 886 quidam,

925 897 951 920 et
967 897 995 920 tu
1012 901 1186 921 communem
1205 895 1417 928 existimaveris,
1440 895 1541 923 dicitur
1561 901 1588 924 et
1610 897 1644 924 de
1660 901 1686 924 te
1701 906 1707 923 :

926 937 992 970 Quis
1006 944 1094 974 parcet
1112 947 1190 973 super
1205 945 1238 972 te,
1256 939 1422 968 Hierusalem
1432 941 1444 969 .’
1455 946 1480 968 et
1496 942 1554 977 quis
1568 944 1709 970 contrista-

74 978 127 1005 ἐπὶ
143 980 197 1006 σοί
205 989 215 1012 ;
232 980 280 1007 ἐὰν
301 982 368 1019 γένῃ
391 983 519 1016 τοιοῦτος,
535 983 572 1016 ὡς
597 984 742 1020 προδοῦναι
756 985 801 1012 τδν
821 986 852 1012 ‘Ir

923 983 994 1010 bitur
1014 991 1091 1018 super
1115 987 1161 1014 te!
1185 985 1251 1018 Quis
1271 987 1344 1014 enim
1366 987 1583 1021 contristabitur,
1600 989 1622 1016 si
1646 990 1708 1018 talis

75 1026 152 1053 σοῦν.
183 1027 317 1060 Ἕκαστος
341 1030 419 1065 ήμῶν
442 1030 625 1067 ἁμαρτάνων,
651 1032 698 1058 καὶ
715 1033 831 1067 μάλιστα
848 1034 872 1060 εί

75 1072 201 1106 μείζονα,
214 1074 255 1105 εἰς
275 1074 378 1109 Ἰησοῦν
391 1075 553 1111 ἁμαρτάνει.
577 1076 641 1103 Ἐὰν
655 1077 683 1104 δὲ
698 1078 745 1104 καὶ
756 1079 872 1105 ἀποστάν

73 1126 125 1153 της
147 1116 194 1153 ᾖς,
218 1118 258 1145 ἔτι
281 1119 399 1154 μάλιστα
413 1111 499 1148 ταῦτα
521 1123 607 1153 ποιεῖς
618 1122 657 1158 τῷ
685 1123 771 1159 Ἰησοῦ
791 1124 872 1150 πνεύ-

74 1171 142 1197 ματι
155 1164 196 1199 (2)
211 1164 262 1191 ὃσα
273 1165 401 1201 ἐποίησεν
415 1167 489 1202 αὐτῷ
506 1168 682 1204 Ἰερουσαλὴμ
697 1170 869 1204 σωματικῶς.

72 1209 120 1235 Διὸ
136 1210 225 1242 πόσῳ
241 1210 356 1238 δοκεῖτε
370 1212 505 1246 χείρονος
518 1213 716 1248 ἀξιωθήσεται
733 1216 871 1250 τιμωρίας

71 1257 88 1281 ὁ
106 1254 161 1282 τὸν
189 1256 257 1282 flor
279 1256 332 1284 τοῦ
354 1258 428 1285 Θεοῦ
442 1259 666 1293 καταπατήσας,
684 1261 732 1287 καὶ
752 1261 784 1288 τὸ
800 1259 871 1296 alyn

71 1300 129 1334 τῆς
145 1300 296 1335 Διαθήκης
307 1303 412 1330 κοινὸν
425 1304 626 1339 ἡγησάμενος,
646 1305 681 1333 ὲν
691 1302 715 1339 ᾧ
728 1306 868 1340 ἡγιάσθη,

70 1346 123 1372 καὶ
139 1346 174 1373 τὸ
190 1346 308 1382 πνεῦμα
328 1348 384 1381 τῆς
406 1349 526 1384 χάριτος
546 1351 725 1386 ἐνυϐρίσας
740 1353 771 1379 El
787 1361 869 1380 κατε-

71 1391 203 1427 πάτησας
219 1393 264 1419 τὸν
278 1393 342 1419 Υἱὺν
362 1393 442 1426 Θεοῦ,
463 1395 510 1421 καὶ
528 1396 559 1422 τὸ
574 1396 682 1432 πνεῦμα
695 1397 745 1432 τῆς
760 1398 871 1433 χάριτος

68 1436 221 1471 ἐνύϐρισας
235 1457 243 1470 ,
271 1439 313 1470 τίς
335 1439 457 1473 φείσεται
472 1441 517 1467 ἐπὶ
538 1442 595 1474 col“;
615 1442 656 1474 τίς
677 1443 870 1478 σκυθρωπάσει

67 1483 115 1509 ἐπὶ
141 1484 202 1516 col;
233 1484 275 1516 τίς
297 1485 453 1521 ἀνακάμψει
477 1487 615 1523 ἐρωτῆσαι
637 1488 671 1515 τὰ
695 1489 735 1521 είς
757 1490 869 1525 εἰρήνην

67 1538 133 1562 om;
152 1530 243 1557 Αὑτὸν
260 1531 306 1557 τὸν
324 1531 388 1558 Υιὺν
405 1532 451 1558 τοῦ
473 1532 540 1559 Θεοῦ
564 1533 610 1559 τὸν
638 1534 812 1570 ἐρωτήσαντα
835 1535 867 1561 τά

66 1576 108 1607 εἰς
123 1576 238 1612 εἰρήνην
257 1577 413 1612 προέδωκεν
429 1579 444 1613 ὴ
465 1578 511 1605 τοῦ
531 1578 693 1614 ἁμαρτωλοῦ
715 1579 804 1616 ψυχή·
827 1581 868 1612 τίς

923 1030 1005 1058 fueris
1015 1036 1042 1058 ut
1053 1032 1143 1059 tradas
1150 1031 1262 1059 Iesum?
1273 1031 1467 1069 Unusquisque
1483 1039 1606 1063 nostrum
1619 1044 1708 1071 quan-

922 1077 1012 1111 doque
1027 1083 1120 1112 peccat
1136 1088 1143 1105 :
1158 1079 1330 1115 maximeque
1345 1089 1407 1108 cum
1424 1086 1518 1116 peccat
1531 1083 1660 1118 ingentia,
1680 1084 1706 1110 in

922 1121 1015 1149 Iesum
1038 1129 1140 1158 peccat.
1167 1122 1194 1150 Si
1219 1130 1310 1151 autem
1328 1129 1355 1151 et
1371 1125 1515 1153 recesserit
1533 1133 1548 1152 a
1566 1125 1629 1157 llde,
1650 1126 1708 1154 hate

922 1167 987 1194 facit
1002 1168 1160 1203 spiritaliter
1172 1169 1292 1200 Christo.
1308 1178 1368 1205 qua:
1382 1171 1559 1206 corporaliter
1572 1171 1634 1199 fecit
1645 1171 1708 1198 Hic-

922 1213 1050 1241 rusalem.
1068 1213 1249 1246 Quamobrem
1262 1221 1360 1250 quanto
1374 1215 1433 1250 plus
1451 1215 1620 1243 arbitramini
1635 1216 1707 1244 dete-

921 1258 992 1285 riora
1006 1259 1099 1285 mereri
1116 1260 1244 1294 supplicia
1260 1268 1317 1286 eum
1334 1260 1378 1295 qui
1394 1259 1495 1287 Filium
1511 1260 1559 1288 Dei
1570 1261 1706 1288 conculca-

920 1307 994 1337 rerit,
1017 1310 1041 1333 et
1065 1307 1227 1342 sanguinem.
1244 1308 1391 1334 testamenli
1405 1308 1535 1343 pollutum
1555 1308 1659 1336 duxerit
1678 1309 1704 1335 in

920 1358 969 1384 quo
983 1351 1179 1386 sanetiﬁcatur,
1192 1356 1216 1378 et
1233 1352 1339 1386 spiritui
1354 1353 1448 1387 gratia:
1463 1353 1649 1380 contumeliam
1667 1355 1706 1387 fc-

920 1396 1034 1423 cerit"?
1058 1396 1087 1424 Si
1110 1397 1276 1424 eonculcasti
1302 1396 1394 1425 Iesum
1415 1397 1514 1425 Filium
1537 1397 1595 1432 Dei,
1617 1398 1704 1426 fecisti

919 1442 1074 1470 convicium
1089 1442 1195 1477 spiritui
1217 1443 1297 1478 207
1315 1445 1420 1479 gratiae,
1439 1445 1500 1478 quis
1516 1449 1608 1480 parcet
1623 1452 1706 1480 super

920 1487 963 1514 te?
987 1488 1049 1522 quis
1074 1488 1281 1516 contristabitur
1305 1496 1387 1524 super
1409 1489 1453 1516 te?
1473 1490 1535 1524 quis
1557 1494 1703 1517 revertetur

918 1541 1013 1568 rogare
1025 1542 1056 1562 ea
1064 1542 1125 1570 quae
1134 1535 1160 1562 in
1174 1542 1266 1570 pacem
1280 1539 1343 1563 sunt
1357 1535 1422 1562 tibi?
1434 1534 1525 1571 Ipsum
1535 1535 1641 1568 Iesum,
1657 1537 1704 1571 qui

918 1579 1032 1614 rogabat
1041 1581 1153 1614 pariter,
1166 1585 1193 1607 et
1204 1581 1349 1615 praestabat
1361 1589 1393 1608 ea
1403 1589 1463 1616 qua:
1471 1587 1548 1609 erant
1559 1582 1585 1609 in
1598 1589 1704 1617 pacein,

65 1621 182 1648 δύναται
207 1622 398 1657 παρακαλέσαι
418 1624 582 1659 ἀναχάμψας
597 1624 677 1651 πάλιν
692 1625 815 1661 περὶτῆς
829 1626 852 1652 εί

918 1626 1037 1662 perdidit
1056 1627 1146 1654 anima
1162 1628 1309 1663 peccatrix,
1328 1629 1389 1663 quis
1407 1633 1496 1664 potest
1513 1629 1582 1656 ultra
1598 1637 1703 1664 rogare,

67 1667 172 1702 ρήνης;
195 1666 380 1699 Γινώσκοντες
401 1666 457 1701 οὖν,
479 1668 521 1694 ὅτι
535 1668 687 1695 ἀδύνατον
700 1668 772 1702 τοὺς
784 1668 852 1696 derat

917 1681 1066 1701 conversus
1085 1674 1118 1701 ad
1139 1681 1169 1701 ea
1186 1682 1246 1709 quae
1259 1679 1322 1702 sunt
1338 1675 1363 1701 in
1382 1682 1476 1710 pacem
1496 1675 1563 1702 tibi?
1580 1675 1705 1703 Seientea

66 1711 284 1745 φωτισθέντας,
314 1713 519 1748 γευσαμένους
542 1722 575 1740 τε
595 1713 650 1748 τῆς
674 1713 785 1748 δωρεᾶς
809 1714 852 1749 nit

916 1727 981 1756 ergo
997 1719 1061 1755 quia
1087 1720 1249 1754 impossibile
1273 1725 1312 1747 est
1336 1729 1379 1748 eos
1402 1722 1446 1755 qui
1463 1722 1542 1748 semel
1558 1721 1703 1749 illuminati

66 1756 264 1790 ἐπουρανίου,
282 1757 332 1784 καὶ
341 1759 487 1793 μετόχους
502 1758 680 1793 γενηθέντας
688 1759 862 1794 Πνεύματος

67 1802 166 1836 ἁγίου,
179 1803 230 1829 καὶ
250 1804 348 1830 καλὸν
364 1804 570 1839 γευσαμένους
584 1804 658 1831 Θεοῦ
665 1804 757 1840 ῥῆμα,
772 1805 863 1832 δυνά⁴

63 1855 132 1881 μεις
158 1855 193 1874 τε
211 1848 381 1882 μέλλοντος
395 1849 516 1883 αἰῶνος,
541 1849 590 1876 καὶ
617 1851 860 1885 παραπεσόντας,

66 1891 163 1919 πάλιν
182 1892 382 1924 ἀνακαινίζειν
397 1895 441 1927 είς
451 1894 625 1928 μετάνοιαν,
639 1895 865 1930 ἀνασταυροῦν-

66 1946 120 1970 τας
134 1938 171 1964 ἐν
186 1938 305 1972 ἑαυτοῖς
320 1939 374 1966 τὸν
390 1940 458 1967 Υίὸν
471 1940 525 1968 τοῦ
546 1940 630 1973 Θεοῦ,
652 1941 864 1977 καὶπαραὸειτ-

61 1980 244 2016 ματίζοντιις
257 1990 266 1999 '
307 1985 394 2013 πάντα
419 1986 592 2022 πράττωμεν,
619 1987 663 2014 ἵνα
678 1987 714 2023 μὴ
729 1988 775 2015 καὶ
796 1987 863 2023 περὶ

65 2027 146 2063 ἡμῶν
163 2027 278 2063 λέγηται
293 2030 337 2056 τό·
358 2031 404 2064 Τίς
415 2031 550 2065 φείσεται
561 2032 611 2058 ἐπὶ
624 2032 689 2065 σοὶ,
719 2034 862 2068 Ἰερουσα-

64 2073 146 2108 λήμ;
163 2075 212 2100 καὶ
235 2075 281 2107 τίς
297 2075 506 2110 σκυθρωπάσει
522 2077 573 2104 ἐπὶ
593 2078 644 2105 σοί
651 2086 661 2110 ;
683 2079 702 2113 ἢ
724 2080 769 2112 τίς
790 2080 863 2108 ἁνα-

65 2118 179 2153 κάμψει
194 2120 343 2154 ἐρωτῆσαι
359 2122 402 2154 εις
418 2121 541 2156 εἰρήνην
552 2130 620 2155 σοι;

913 1768 986 1797 sunt,
1000 1769 1168 1800 gustaveruut
1191 1766 1271 1792 etiam
1288 1766 1386 1792 donum
1401 1766 1512 1800 cwleste,
1526 1771 1550 1794 et
1563 1768 1702 1802 participes

912 1816 973 1837 sunt
992 1811 1057 1845 facti
1077 1810 1192 1846 Spiritus
1214 1814 1310 1844 sancti,
1331 1816 1503 1847 gustauerunt
1530 1814 1702 1842 nihilominus

913 1856 1008 1883 bonum
1022 1856 1068 1883 Dei
1079 1856 1193 1889 uerbum,
1206 1857 1364 1892 virtutesque
1379 1857 1471 1884 swculi
1483 1860 1595 1892 venturi,
1607 1864 1634 1886 et
1644 1867 1703 1894 pro-

913 1901 980 1935 lapsi
996 1906 1068 1934 sunt,
1088 1902 1210 1928 renovari
1225 1910 1314 1930 rursus
1336 1903 1369 1929 ad
1394 1905 1586 1938 pwnitentiam,
1606 1905 1702 1931 iterum

913 1947 1092 1981 cruciﬁgenles
1120 1949 1146 1973 in
1169 1948 1315 1982 semetipsis
1340 1946 1440 1975 Filium
1459 1948 1518 1982 Dei,
1538 1955 1562 1977 ct
1579 1949 1700 1977 [tabentes

913 1991 1029 2019 ostentui
1041 1992 1075 2025 ",
1090 1992 1164 2019 omni
1177 1992 1271 2020 labore
1284 1993 1414 2026 nitamur,
1429 2001 1462 2021 ne
1476 1998 1503 2021 et
1520 1994 1553 2021 de
1566 1995 1645 2023 nobis
1659 1996 1701 2023 di-

915 2041 993 2064 catur
1010 2045 1017 2064 :
1035 2036 1100 2069 Quis
1116 2042 1205 2071 parcet
1225 2045 1302 2071 super
1320 2042 1353 2070 te,
1377 2037 1562 2067 Hierusalem?
1580 2044 1626 2066 aut
1641 2042 1699 2075 quis

914 2082 1116 2109 contristabitur
1130 2090 1208 2117 super
1223 2084 1268 2110 te?
1281 2089 1326 2109 aut
1341 2084 1399 2118 quis
1414 2089 1555 2113 revertetur
1566 2093 1658 2121 rogare
1668 2094 1701 2114 ea

914 2134 971 2161 qua:
984 2127 1012 2154 in
1028 2135 1118 2162 pacem
1134 2133 1195 2155 sunt
1210 2127 1278 2156 tibi?
1648 2137 1654 2139 ’

104 2165 161 2191 Καὶ
179 2165 250 2200 πρὸς
266 2166 399 2201 ἑκατέραν
409 2166 437 2193 δὲ
452 2168 601 2204 ἑρμηνείαν
615 2169 663 2204 τῆς
687 2170 852 2207 Ἰερουσαλὴμ

948 2173 974 2200 5.
987 2173 1027 2200 Ad
1042 2173 1173 2209 reliquam
1188 2179 1278 2202 autem
1290 2174 1552 2210 interpretationem,
1571 2177 1642 2212 quod
1657 2185 1699 2205 se-

64 2209 182 2244 ἁρμόσει
197 2210 244 2236 καὶ
256 2211 287 2237 τὺ
303 2211 375 2246 ἑξῆς·
389 2211 431 2238 Σὺ
444 2212 639 2248 ἀπεστράφης
648 2223 698 2249 με,
710 2215 790 2250 λέγει
803 2217 862 2244 Κύ-

60 2263 139 2288 ριος,
168 2255 266 2282 ὀπίσω
289 2257 434 2291 πορεύσῃ.
463 2258 524 2284 ’Ότι
552 2259 732 2296 ἀπεστράφης
759 2270 793 2296 με
814 2262 860 2289 τὸν

66 2300 130 2327 Υἱδν
158 2299 206 2327 τοῦ
234 2300 314 2333 Θεοῦ,
341 2302 388 2328 καὶ
409 2303 453 2330 διὰ
471 2304 501 2330 τὸ
519 2305 711 2341 ἀπεστράφθαι
731 2307 777 2334 τὸν
795 2307 859 2334 Υίδν

60 2343 106 2372 τοῦ
142 2345 223 2376 Θεοῦ,
253 2347 431 2383 ἀπεστράφης
455 2349 501 2375 τὸν
523 2350 605 2376 Θεόνο
628 2351 655 2377 τί
682 2351 723 2378 δεῖ
741 2352 790 2379 καὶ
819 2351 859 2379 λέ-

64 2398 138 2422 Tam;
154 2390 211 2417 Καὶ
231 2391 326 2427 ἐπειδὴ
343 2393 506 2430 ἀπεστράφη
529 2395 545 2429 ἡ
566 2395 752 2433 Ἰερουσαλὴμ,
775 2397 804 2424 ὲν
823 2399 855 2434 τῇ

69 2434 186 2470 Ἰουδαίᾳ
203 2434 249 2461 τὸν
266 2436 381 2471 Χριστὺν
401 2437 547 2470 άθετοῦσα,
568 2440 766 2475 συνεκδοχικῶς
790 2442 858 2470 πάν-

63 2488 112 2512 τας
122 2480 188 2512 τοὺς
195 2481 339 2513 Ἰουδαίους
351 2483 486 2518 σημαίνει,
496 2483 539 2511 διὰ
551 2484 629 2512 τοῦτο
639 2495 648 2511 ι
660 2486 746 2513 ὀπίσω
758 2488 857 2524 πορεύ-

63 2533 107 2561 σῃ.
124 2534 135 2552 ι
155 2523 212 2552 Ἦν
232 2527 288 2562 γὰρ
303 2527 348 2553 ὅτε
371 2528 421 2555 οὐκ
435 2529 523 2556 ὀπίσω
543 2525 700 2566 ἐπορεύετο,
718 2532 787 2560 ἀλλὰ
806 2533 855 2569 ἐμ-

908 2218 1002 2253 quitur
1015 2220 1142 2247 convenit
1156 2229 1163 2248 :
1186 2219 1225 2247 Tu
1238 2225 1359 2249 aversata
1371 2228 1398 2250 es
1410 2229 1460 2256 me,
1473 2221 1539 2250 dicit
1557 2223 1696 2257 Dominus,

908 2268 976 2290 retro
994 2265 1143 2293 ambulabis
1157 2266 1192 2293 ’⁵.
1212 2266 1281 2299 Quia
1298 2273 1422 2296 aversata
1435 2276 1465 2296 es
1480 2269 1577 2297 Filium
1592 2269 1654 2304 Dei,
1671 2276 1697 2298 et

907 2317 954 2344 per
970 2310 1022 2338 hoc
1036 2311 1117 2338 etiam
1136 2319 1151 2339 a
1166 2311 1220 2339 Deo
1235 2317 1312 2347 patre
1334 2315 1483 2348 recessisti,
1507 2319 1580 2343 retro
1600 2317 1697 2344 ambu-

906 2356 986 2384 labis.
1004 2355 1074 2390 Quid
1090 2362 1181 2386 autem
1197 2367 1309 2387 necesse
1324 2366 1365 2388 est
1386 2361 1531 2389 manifesta
1548 2363 1697 2398 replicare?

905 2400 1072 2430 Hierusalem
1088 2411 1149 2438 qua:
1164 2404 1302 2439 quondam
1318 2405 1346 2433 iu
1358 2405 1450 2434 Iudaea
1467 2412 1545 2440 erat,
1565 2415 1580 2435 a
1595 2415 1646 2443 qua
1660 2409 1691 2436 ﬁ-

908 2446 1038 2480 guraliter
1049 2447 1170 2475 universi
1184 2448 1270 2476 Juda-i
1280 2450 1478 2486 intelliguntur,
1490 2453 1555 2487 quia
1569 2460 1694 2482 aversata

907 2495 949 2518 est
960 2491 1110 2526 Christum,
1127 2493 1188 2520 ideo
1203 2498 1276 2522 retro
1287 2495 1417 2523 ambulat.
1433 2496 1495 2524 Fuit
1510 2498 1610 2534 quippe
1624 2504 1693 2527 tem-

907 2544 958 2571 pus
978 2538 1088 2572 quando
1115 2546 1169 2566 non
1187 2540 1396 2568 ambulaverunt
1412 2546 1484 2570 retro
1509 2552 1514 2570 :
1535 2551 1606 2571 nunc
1629 2553 1693 2573 vero

61 2571 183 2606 προσθεν
193 2580 200 2586 ·
218 2572 266 2598 νῦν
279 2572 307 2598 δὲ
322 2573 410 2600 ὀπίσω
420 2575 592 2609 πορεύσεται.
609 2577 664 2604 Καὶ
679 2578 852 2614 ἐστράφησαν

914 2571 1055 2616 tmbulant,
1069 2587 1096 2610 ct
1112 2585 1237 2611 conversi
1258 2589 1323 2613 sunt
1335 2587 1416 2613 corde
1437 2587 1463 2614 in
1485 2586 1642 2623 Egyptum,
1662 2594 1692 2617 ut

59 2617 119 2647 ταῖς
144 2616 271 2652 καρδίαις
295 2618 334 2649 εἰς
358 2619 508 2653 Αἴγυπτον,
533 2620 612 2656 δῆλον
635 2622 675 2649 ὃτι
699 2623 742 2650 ἵνα
765 2625 852 2652 ὀπίσω

914 2631 978 2654 'etro
996 2628 1145 2656 ambulent.
1168 2628 1237 2661 Quid
1261 2634 1351 2657 autem
1369 2630 1413 2663 sit,
1441 2635 1513 2659 retro
1522 2616 1689 2664 “ambulent.

61 2661 226 2698 πορευθῶσι.
246 2663 315 2699 Περὶ
326 2664 355 2691 δὲ
370 2664 417 2691 τοῦ
434 2665 460 2691 τί
476 2666 534 2693 ὲστι
544 2667 585 2700 τὸ,
602 2666 703 2695 Ὀπίσω
720 2670 850 2707 πορεύσῃ,

914 2673 963 2701 live
982 2675 1090 2701 extendi
1117 2675 1144 2701 iu
1167 2675 1270 2709 priora,
1300 2677 1452 2705 considera.
1475 2677 1570 2706 Iustus
1595 2685 1691 2707 eorum

94 2732 117 2747 "
138 2731 208 2760 Heb.
227 2741 254 2765 ι,
268 2733 313 2761 29.
352 2734 375 2750 ’⁸
391 2734 471 2764 Hebr.
485 2745 511 2769 ν,
525 2738 552 2770 Α,
568 2738 596 2771 5,
609 2738 636 2766 6.
675 2740 697 2755 “
708 2738 807 2767 Icrem.
821 2749 864 2774 xv,
874 2741 900 2770 6.

93 2787 133 2829 (Ιὶ
163 2789 278 2822 Ὶεόοὺς,
296 2790 392 2824 φασίν
404 2811 411 2824 ,
434 2797 487 2829 ςῑε.
508 2794 530 2820 Δ
549 2801 594 2829 up
613 2795 792 2829 conculcavit;
808 2797 852 2825 Ic-

60 2824 187 2860 rusalent
201 2832 266 2860 vero
283 2833 297 2850 a
313 2831 381 2860 nm,
400 2828 481 2860 vidit;
496 2833 522 2857 c’t
537 2825 612 2860 Ξὺν)

60 2865 138 2891 mu,
155 2858 202 2886 28.
221 2858 353 2888 "unius.

740 2801 792 2829 uit;
808 2801 852 2825 Ic-

740 2833 744 2844 :
757 2833 762 2844 Ι
795 2832 837 2844 Im-

930 2801 980 2841 χρ)
1001 2803 1156 2836 Ili-erilium.
1178 2803 1252 2839 Lego
1277 2812 1337 2832 eum
1365 2804 1527 2841 Hieronymo
1543 2816 1691 2844 menti/ntr-

616 2851 622 2864 ,
641 2838 703 2866 pax.
717 2831 774 2860 Vid.
791 2832 849 2861 Ius.
907 2831 970 2867 κιῖἱς.
