1869 3041
154 126 206 153 M5

880 125 1041 155 ORIGENIS

1733 125 1783 153 ιθι

153 191 214 219 quae
247 187 321 211 retro
346 188 411 212 sunt
446 184 628 218 obliviscens,
660 185 687 212 in
719 186 809 221 priora
845 191 939 213 exten-

1033 186 1048 212 τί
1061 187 1118 218 τοῖς
1137 185 1291 222 ἔμπροσθεν
1310 185 1525 218 ἓπεκτείνισθαι,
1548 184 1620 212 οὕτω
1642 185 1781 220 παραστή-

153 231 227 258 ditur
252 231 286 258 ".
314 229 445 258 Peccator
473 232 655 266 posteriorum
686 233 827 263 meminit.
851 233 940 269 priora

156 284 210 303 non
236 281 376 311 appetens.
391 275 443 309 Qui
468 282 560 304 autem
588 277 771 311 posteriorum
799 278 941 310 meminit,

156 322 350 356 pravaricatur
366 322 392 349 in
408 322 494 357 legem
512 321 575 350 Jesu
592 323 705 351 dicentis
717 324 738 340 "'
752 333 760 351 :
779 323 821 351 Ne
837 331 939 351 conver-

156 369 229 392 tatur
237 371 378 393 retrorsum
390 367 481 394 tollere
491 367 669 395 vestimentum
677 377 766 396 suum.
776 369 938 397 lnohediens

155 415 197 436 est
213 409 287 446 dicto
310 411 370 446 ejus
391 420 398 438 :
415 410 570 439 Mementote
589 413 679 439 uxori:
704 413 766 446 Lot,
793 422 855 441 cum
874 421 942 441 con-

156 457 251 482 temnit
268 456 411 491 imperium
425 456 573 485 Salvatoris
589 458 704 486 dicentis
717 459 739 474 "‘
758 469 764 486 :
779 458 863 486 Nemo
881 459 942 486 mit-

155 507 210 528 tem
225 510 331 528 manum
345 510 422 537 super
433 508 564 536 aratrum,
579 507 604 529 et
625 504 765 538 respiciam
781 508 941 536 retrorsum,

155 551 231 580 aptus
252 552 289 574 est
307 555 384 582 regno
405 547 465 575 Dei.
482 547 510 575 ln
529 548 588 583 lege
605 556 715 584 quoque
735 550 866 584 scriptum
882 558 943 578 esse

155 593 305 628 reperimus
321 593 430 628 angelos
446 593 480 621 ad
495 593 546 621 Lot
563 594 748 629 egredientem
766 595 800 622 de
813 595 943 623 Sodomis

153 639 254 666 dixisse
264 639 284 655 ’⁸
298 648 305 666 :
325 638 366 665 Ne
377 640 520 674 respexeris
532 644 612 672 retro,
630 645 655 667 et
674 649 704 667 ne
720 641 824 668 steteris
842 642 870 668 in
886 646 944 668 tota

155 685 257 720 regione
271 692 280 711 :
293 685 320 711 in
335 690 420 712 monte
430 685 534 712 saluum
548 690 572 712 te
583 685 636 720 fac,
649 694 680 712 ne
694 686 762 720 forte
776 686 946 721 comprehen-

154 730 238 757 daris.
261 729 350 757 llabes
373 734 401 757 et
423 730 497 757 hunc
523 729 688 757 intellectum
707 730 819 765 dignum
845 730 942 765 spiritu

154 774 219 809 Dei:
239 774 290 806 Ne.
307 775 406 810 inquit,
424 776 570 810 respexeris
594 780 674 808 retro,
692 775 717 802 id
736 779 789 807 est,
809 776 836 802 in
851 776 942 810 priora

152 820 278 848 extende.
297 821 429 848 Dimisisti
449 820 607 853 Sodomam,
627 829 660 848 ne
683 821 830 849 revertaris
841 821 869 849 in
891 821 944 848 So-

994 242 1094 269 σωμεν.
1119 233 1148 260 '0
1160 233 1262 264 δίκαιος
1276 234 1332 265 τοῖς
1346 233 1501 268 ἔμπροσθεν
1516 231 1714 263 ἐπεκτείνεται,
1729 230 1783 257 τῶν

992 278 1104 306 ὄπισθεν
1120 277 1335 305 ἐπιλανθάνεται.
1349 278 1435 313 Δῆλον
1450 279 1491 305 ὅτι
1511 278 1526 304 ὸ
1542 276 1674 308 ἐναντίαις
1685 275 1724 310 τῷ
1743 276 1784 302 δι-

993 324 1064 358 καίῳ
1075 323 1246 359 διακείμενος
1261 322 1316 349 τῶν
1330 322 1419 349 ὀπίσω
1435 322 1582 358 μέμνηται,
1599 322 1646 348 καὶ
1660 322 1718 352 τοῖς
1735 320 1784 355 ἑμ-

993 370 1109 406 προσθεν
1120 370 1171 397 οὐκ
1184 369 1378 396 ἐπεκτείνεται·
1389 367 1478 396 τῶνδὲ
1493 368 1581 395 ὀπίσω
1597 366 1783 403 μεμνημένος.

995 415 1146 451 παρακούει
1160 414 1206 442 τοῦ
1230 414 1319 450 Ἰησοῦ
1331 414 1500 445 διδάσκοντος
1519 413 1567 440 καὶ
1578 412 1720 446 λέγοντος-
1735 411 1784 444 Μὴ

993 461 1148 496 στραφέτω
1170 461 1215 494 εἰς
1236 460 1272 488 τὰ
1292 460 1388 487 ὀπίσω
1405 456 1473 494 ἆραι
1491 459 1525 486 τὸ
1548 458 1662 493 ἱμάτιον
1679 456 1783 484 αὑτοῦ.

993 506 1148 543 Παρακούει
1161 506 1207 534 τοῦ
1229 505 1317 542 Ἰησοῦ
1330 506 1469 540 λέγοντος·
1487 505 1592 537 οὐδεὶς
1601 503 1711 536 βαλὼν
1728 503 1786 536 τὴν

994 554 1077 588 χεῖρα
1097 553 1143 580 ἐπ’
1159 553 1295 587 ἄροτρον,
1313 552 1362 579 καὶ
1389 551 1533 586 στραφεὶς
1553 551 1596 582 εἰς
1615 550 1653 577 τὰ
1670 550 1785 579 ὀπίσω,

993 599 1114 631 εὔθετός
1133 598 1199 625 ἐστι
1223 597 1260 632 τῇ
1283 597 1428 630 βασιλείᾳ
1450 596 1503 623 τοῦ
1520 596 1608 623 Θεοῦ·
1634 595 1683 621 καὶ
1704 595 1734 621 ὲν
1748 593 1786 628 τῷ

993 643 1068 678 νόμῳ
1088 643 1300 678 δὲ·γέγραπται,
1324 642 1365 669 ὅτι
1387 639 1462 668 εἶπον
1482 641 1506 667 οἱ
1525 640 1637 674 ἄγγελοι
1652 639 1723 675 πρὸς
1740 639 1786 665 τὸν

993 689 1133 722 ἐξελθόντα
1147 689 1201 715 ἀπὸ
1212 689 1336 723 Σοδόμων
1349 686 1411 714 Λὼτ
1421 695 1427 702 ·
1443 686 1492 720 Μὴ
1506 685 1674 720 περιϐλέψῃ
1689 685 1735 717 εἰς
1751 683 1787 710 τὰ

994 737 1101 768 ὀπίσω,
1115 734 1192 770 μηδὲ
1207 734 1285 768 στῆς
1298 734 1332 761 ὲν
1346 733 1430 767 πάσῃ
1452 732 1489 767 τῇ
1507 731 1673 766 περιχώρῳ·
1696 732 1740 763 εις
1753 730 1787 757 τὸ

994 781 1064 815 ὅρος
1078 780 1173 811 σώζου
1183 800 1190 812 ,
1208 779 1325 815 μήποτε
1346 777 1621 814 συμπαραληρθῇς.
1636 777 1693 803 Καὶ
1709 775 1788 803 τοῦτο

994 827 1021 853 δὲ
1035 827 1091 862 ἕχει
1102 826 1220 853 διάνοιαν
1233 826 1311 858 ἀξίαν
1325 823 1471 860 ἀγγελικοῦ
1489 824 1645 859 πνεύματος
1654 831 1661 838 ’
1673 823 1724 855 Μὴ
1738 830 1788 848 πε-

153 865 274 895 domam.
291 867 424 895 Dimisisti
442 867 508 894 vitia
525 873 606 902 atque
621 872 743 902 peccata,
758 875 793 895 ne
806 868 942 903 regredia-

1033 872 1141 907 mqu
1160 873 1203 905 εις
1223 872 1258 899 τὰ
1275 872 1388 904 ὀπίσω,
1407 870 1450 897 ἀεὶ
1474 871 1530 901 τοῖς
1552 868 1710 904 ἔμπροσθεν
1738 869 1787 893 s7:-

155 912 193 940 ris
209 912 242 939 ad
262 920 303 939 ea.
324 911 365 939 Ne
378 913 481 940 steteris
495 913 521 940 in
537 917 591 940 tota
612 913 726 948 regione.
743 913 854 941 Etiamsi
875 922 943 949 pra:-

154 957 255 985 cedcns
267 958 413 993 imperium
426 958 599 990 custodieris.
614 958 647 986 de
661 966 715 993 quo
724 959 824 986 dicitur
835 970 840 986 :
853 958 895 986 Ne
903 967 943 986 re-

154 1003 271 1036 spexeris
286 1008 366 1036 retro,
385 1011 439 1030 non
460 1003 507 1030 tibi
530 1002 629 1031 sutlicit
643 1003 824 1037 ad.salutcm,
843 1004 896 1032 nisi
915 1009 944 1031 et

153 1055 326 1083 consequens
345 1048 535 1078 observaveris
558 1059 565 1076 :
583 1048 624 1076 Ne
646 1050 749 1076 steteris
775 1051 876 1077 intota
903 1058 944 1076 re-

154 1094 243 1129 gione;
257 1102 310 1121 non
325 1095 397 1122 enim
410 1095 667 1130 expeditincipienti
681 1096 824 1130 proﬁcere,
844 1100 874 1124 ut
891 1100 944 1124 stet

154 1139 180 1167 in
190 1141 346 1175 regionibus
355 1139 547 1168 Sodomorum.
559 1140 591 1168 Et
602 1141 624 1169 si
635 1140 781 1169 Sodomam
793 1147 939 1169 transcen-

153 1185 226 1218 tlisti,
238 1186 321 1222 208
333 1191 359 1213 ct
374 1195 388 1215 a
404 1186 511 1214 Salana‘
527 1186 796 1222 regiunediscedens,
806 1188 904 1223 incipis
914 1188 946 1214 li-

153 1232 199 1259 ber
206 1239 267 1259 esse
282 1233 439 1267 suppliciis,
455 1233 563 1267 expedit
576 1237 606 1260 ut
621 1233 736 1261 salveris
748 1234 775 1260 in
788 1239 897 1267 monte;
913 1242 944 1260 ne

154 1279 295 1311 respexeris
305 1283 384 1311 retro,
397 1287 442 1305 nec
452 1278 555 1305 steteris
569 1279 597 1305 in
611 1282 668 1305 tota
681 1279 785 1313 regione
798 1287 807 1305 :
820 1279 847 1305 in
859 1283 944 1305 monte

152 1324 254 1351 salvum
281 1329 305 1351 te
329 1325 383 1360 fac,
406 1333 436 1351 ne
460 1325 530 1360 forte
554 1325 796 1359 comprehendaris.
818 1324 846 1352 Si
870 1325 911 1352 vis
929 1332 944 1352 a

154 1371 338 1399 Sodomorum
355 1371 433 1398 ruina
448 1379 501 1398 non
519 1370 726 1406 comprehendi,
748 1378 782 1398 ne
799 1376 941 1399 converta-

155 1418 193 1445 ris
211 1422 283 1445 retro
298 1437 305 1450 ,
321 1424 355 1444 ne
370 1417 478 1444 steteris
493 1417 519 1443 in
536 1417 647 1452 regione
661 1424 768 1450 eorum,
785 1424 820 1444 ne
840 1417 874 1444 ad
890 1417 944 1444 alia

155 1472 251 1500 pergas
272 1465 341 1497 loca,
359 1463 406 1492 sed
428 1471 489 1491 cum
506 1463 568 1490 inde
584 1462 742 1490 discesseris
755 1483 762 1496 ,
778 1463 895 1490 ascende
915 1462 943 1490 in

156 1516 273 1538 tuontcm
293 1510 319 1538 in
334 1517 390 1546 quo
407 1510 464 1537 solo
479 1509 554 1537 salus
567 1513 619 1542 est,
633 1516 732 1536 nomen
746 1508 810 1536 Jesu
828 1509 942 1541 Christi,

993 919 1126 946 εκτείνου.
1146 917 1353 949 Καταλέλοιπας
1366 916 1481 951 Σόδομα,
1497 915 1534 951 μὴ
1550 915 1669 950 στρέφου
1685 914 1727 945 είς
1741 913 1788 940 Σύ-

993 965 1072 1000 δομα.
1089 963 1294 995 Καταλέλοιπας
1310 963 1358 999 τὴν
1384 962 1484 990 κακίαν
1498 961 1545 988 καὶ
1561 960 1610 996 τὴν
1633 959 1787 995 ἁμαρτίαν,

997 1008 1034 1043 μὴ
1046 1009 1219 1043 ἐπιστραφῇς
1236 1007 1304 1042 πρὸς
1318 1007 1415 1042 αὐτὴν,
1434 1005 1502 1042 μηδὲ
1521 1007 1587 1041 στῇς
1607 1006 1637 1031 ὲν
1657 1004 1734 1040 πάσῃ
1753 1005 1787 1039 τῇ

995 1053 1152 1089 περιχώρῳ,
1169 1053 1216 1079 καὶ
1232 1052 1361 1088 τηρήσεις
1375 1051 1425 1087 τὴν
1444 1051 1580 1086 προτέραν
1604 1050 1717 1085 ἐντολὴν
1739 1049 1789 1084 τὴν

994 1097 1140 1131 λέγουσαν·
1157 1096 1206 1130 Μὴ
1230 1096 1415 1131 περιϐλέψῃς
1435 1097 1479 1129 είς
1491 1095 1528 1122 τὰ
1542 1096 1648 1122 ὀπίσω.
1666 1096 1724 1122 Οὐκ
1737 1095 1788 1130 ἀρ-

994 1143 1038 1169 κεῖ
1053 1151 1094 1168 σοι
1114 1141 1183 1177 πρὸς
1197 1141 1228 1168 τὸ
1251 1139 1381 1176 σωθῆναι,
1402 1141 1451 1174 ἐὰν
1468 1141 1506 1176 μὴ
1521 1141 1568 1167 καὶ
1587 1140 1636 1175 τῆς
1656 1139 1788 1171 δευτέρας

995 1187 1104 1223 ἐντολῆς
1118 1187 1238 1223 ἀκούσῃς
1250 1186 1383 1221 λεγούσης
1393 1195 1400 1201 ι
1416 1186 1498 1220 Μηδέ
1515 1185 1592 1220 στῇς
1603 1186 1639 1212 ἐν
1654 1185 1739 1219 πάσῃ,
1753 1184 1789 1218 τῇ

996 1234 1163 1268 περιχώρῳ·
1181 1234 1211 1259 οὐ
1230 1233 1271 1259 δεῖ
1282 1232 1337 1268 γὰρ
1354 1232 1507 1268 ἀρξάμενον
1526 1231 1692 1268 προκόπτειν
1710 1231 1790 1257 ἑστά-

995 1289 1039 1307 ναι
1052 1281 1082 1306 ὲν
1100 1281 1133 1315 τῇ
1149 1279 1296 1316 περιχώρῳ
1311 1278 1446 1314 Σοδόμων,
1462 1279 1487 1305 εξ
1509 1279 1557 1305 καὶ
1578 1278 1684 1313 Σόδομα
1700 1278 1786 1304 διαϐέ-

995 1326 1090 1362 ϐηκεν,
1111 1325 1179 1352 ἀλλὰ
1196 1325 1327 1352 διαϐάντα
1342 1325 1396 1352 ἀπὸ
1413 1324 1460 1351 τοῦ
1478 1324 1590 1351 ἑστάναι
1612 1326 1640 1351 ὲν
1660 1325 1694 1359 τῇ
1713 1332 1789 1360 περι-

996 1371 1087 1408 χώρῳ,
1105 1371 1238 1404 σώζεσθαι
1257 1373 1297 1404 εἰς
1310 1371 1341 1398 τὸ
1356 1371 1429 1407 ὅρος,
1445 1371 1517 1398 κατὰ
1532 1371 1573 1397 τὸε
1586 1371 1636 1404 Μὴ
1656 1369 1791 1404 πβριϐλὲ-

995 1419 1058 1452 {me
1073 1419 1117 1450 εὶς
1134 1417 1171 1444 τὰ
1183 1417 1290 1448 ὀπίσω,
1307 1417 1385 1452 μηδὲ
1401 1416 1478 1451 στῆς
1491 1417 1526 1443 ἐν
1543 1416 1632 1450 ’πάσῃ
1648 1415 1686 1450 τῇ
1707 1424 1789 1449 περι-

995 1462 1088 1498 χώρῳ.
1096 1464 1148 1495 Εἰς
1155 1462 1190 1495 τὸ,
1197 1463 1265 1497 ὄρος
1274 1461 1379 1494 σώζου,
1388 1462 1505 1496 μήποτε
1512 1459 1789 1495 συμπαραλημθῇς.

997 1509 1029 1535 Et
1055 1508 1144 1543 βούλει
1171 1508 1208 1543 μὴ
1237 1507 1507 1544 συμπαραληφθῆναι
1536 1507 1713 1542 Σοδομίταις,
1741 1507 1791 1541 μή-

154 1557 198 1584 cui
216 1556 302 1591 gloria
317 1561 358 1584 est
378 1560 405 1584 et
428 1555 572 1590 imperium
594 1555 622 1582 in
643 1555 742 1583 sarcula
767 1555 940 1583 saeculorum.

1034 1564 1062 1581 τε
1077 1556 1116 1586 είς
1140 1554 1174 1581 τὰ
1187 1555 1275 1581 ὀπίσω
1291 1556 1423 1590 στραιρῇς,
1450 1554 1518 1589 μήτε
1538 1555 1605 1589 στῇς
1619 1554 1649 1580 ὲν
1664 1554 1698 1588 τῇ
1714 1561 1792 1588 περι-

155 1605 252 1630 Amen.

998 1601 1081 1636 χώρῳ
1102 1601 1239 1636 Σοδόμων,
1259 1601 1325 1636 μηδὲ
1349 1599 1467 1635 ἀλλαχοῦ
1483 1599 1551 1634 γένῃ
1569 1599 1586 1634 ἢ
1603 1600 1644 1630 εἰς
1666 1598 1697 1625 τὸ

156 1651 213 1676 ἐκεῖ
228 1649 282 1684 γὰρ
297 1649 355 1676 ἔστι,
379 1649 457 1684 μόνον
472 1647 601 1683 σωθῆναι.
629 1648 708 1674 Ἔστι
720 1648 748 1674 δὲ
767 1648 797 1674 τὸ
811 1649 873 1683 δρος
889 1648 991 1684 Κύριος
1011 1647 1125 1683 Ἰησοῦς,
1148 1645 1170 1682 ᾧ
1198 1649 1272 1674 ἐστιν
1296 1649 1312 1682 ή
1332 1647 1395 1679 δόξα
1415 1646 1462 1672 καὶ
1485 1646 1515 1672 τὸ
1535 1645 1636 1680 κράτος
1661 1645 1701 1676 εἰς
1729 1644 1792 1674 τοὺς

156 1695 268 1728 αἰῶνας.
289 1696 384 1731 Ἀμήν.

436 1742 577 1770 IIOMILIA
597 1741 666 1770 XIV.

353 1789 452 1825 (Juxta
467 1788 657 1824 Hieronymum
670 1788 743 1822 XI.)

156 1836 196 1862 Ait
212 1845 244 1863 eo
257 1837 316 1863 loco
332 1836 358 1862 in
374 1844 428 1870 quo
442 1836 574 1870 scriptum
585 1839 627 1862 est
641 1844 646 1861 :
662 1834 721 1861 Heu
734 1835 798 1870 mihi
812 1843 868 1869 ego,
889 1843 946 1862 ma—

192 1876 250 1903 ter;
269 1879 355 1905 usque
377 1869 410 1897 ad
434 1869 524 1906 locum
549 1870 576 1897 in
598 1878 652 1906 quo
669 1870 707 1897 ait
728 1879 733 1896 :
751 1869 782 1897 Si
805 1878 944 1897 conversus

192 1907 285 1941 fueris,
304 1906 442 1933 restituant
458 1911 480 1932 te
492 1905 525 1932 ".

1295 1742 1417 1768 ΟΜΙΛΙΔ
1438 1742 1485 1767 1Δ’.

1335 1788 1382 1819 Εἰς
1396 1787 1440 1813 τό·

999 1835 1082 1868 οἴμοι
1103 1834 1170 1869 ἐγὼ,
1184 1833 1288 1868 μῆτερ,
1307 1834 1386 1868 μέχρι
1398 1832 1531 1869 τοῦ-*Διὰ
1545 1831 1634 1869 τρῆτο
1650 1829 1720 1857 τάδε
1745 1829 1794 1856 λέ-

1031 1866 1072 1904 ἷγιει
1089 1866 1206 1903 Κύριοζι·
1221 1866 1292 1896 Ἐὰν
1304 1866 1505 1902 ἐπὶδ-τραφῇς,
1519 1866 1569 1893 καὶ
1582 1866 1792 1897 ἀποκαταστῆ-

1032 1913 1076 1931 σω
1090 1913 1136 1931 σε.

791 1997 911 2028 Eodem
928 1997 1113 2034 interprete.

193 2098 289 2125 Medici
319 2103 464 2131 corporum
493 2095 689 2130 :egrotantibus
717 2094 895 2127 assistentes,
920 2098 947 2121 et

1037 2095 1068 2120 Οἱ
1084 2093 1172 2129 ἰατροὶ
1193 2093 1246 2119 τῶν
1263 2093 1396 2128 σωμάτων
1413 2091 1486 2127 παρὰ
1500 2091 1563 2124 τοὺς
1580 2091 1736 2126 κάμνοντας
1751 2099 1794 2125 γι-

154 2145 234 2178 juxta
258 2142 430 2177 disciplinam
455 2141 523 2168 artis
554 2148 612 2168 suae
637 2141 759 2167 volentes
775 2147 874 2167 curare
899 2147 945 2167 cos

1033 2148 1118 2176 μενοι,
1145 2139 1191 2165 καὶ
1213 2139 1256 2165 ἀεὶ
1272 2139 1306 2174 τῇ
1326 2138 1458 2174 θεραπείᾳ
1474 2136 1527 2163 τῶν
1547 2136 1709 2171 καμνόντων
1732 2137 1796 2163 tau.

159 2189 206 2224 qni
220 2189 247 2215 in
264 2174 468 2216 inﬁrmitatibus
482 2187 621 2214 constituti
639 2190 714 2219 sunt,
730 2185 824 2213 vident
841 2185 926 2213 tristia
938 2205 945 2218 ,

1033 2174 1063 2217 iac
1079 2185 1252 2215 ἐπιδιδόντες,
1276 2183 1348 2210 κατὰ
1370 2182 1399 2208 τὸ
1420 2181 1544 2217 βούλημα
1559 2181 1609 2216 τῆς
1628 2181 1729 2216 τέχνης
1746 2181 1796 2215 τῆς

159 2233 306 2269 Injucunda
331 2237 508 2269 pertractant.
530 2236 557 2260 et
581 2232 608 2259 in
631 2231 729 2259 alienis
745 2231 948 2259 calamitatibus

160 2288 276 2308 mcerore
292 2279 404 2316 proprio
426 2278 609 2306 coniiciuntur
629 2287 636 2305 :
653 2285 761 2312 semper
787 2277 860 2304 enim
881 2285 948 2304 con—

160 2326 278 2355 versatio
303 2333 397 2354 eorum
425 2325 452 2352 in
479 2324 592 2360 gemitu,
615 2331 722 2358 semper
745 2324 772 2351 in
795 2323 869 2351 curis
886 2327 945 2355 est,

161 2380 301 2407 nunquam
316 2379 378 2399 cum
401 2370 470 2402 laetis
484 2370 653 2398 consortium
669 2369 789 2397 habent:
813 2377 875 2396 cum
891 2368 948 2395 vnl-

162 2417 274 2448 neratis,
289 2425 352 2445 cum
366 2416 408 2444 his
426 2423 542 2451 quorum
556 2422 652 2443 carnes
669 2413 850 2442 incommodis
864 2413 947 2440 variis

160 2465 350 2497 debilitantur,
367 2463 414 2498 qui
433 2462 554 2489 febribus
574 2464 699 2492 aestuant,
719 2460 764 2495 qui
783 2460 878 2488 dolore
893 2464 947 2486 lor-

160 2515 290 2546 qucntur,
301 2509 359 2546 jugi
373 2509 485 2538 servitio
495 2514 679 2544 perseverant.
695 2508 728 2535 Et
739 2508 761 2536 si
777 2508 839 2544 quis
852 2516 946 2536 eorum

162 2557 218 2584 vult
232 2556 345 2591 implere
359 2555 534 2588 medicinam,
547 2563 601 2583 non
618 2554 787 2590 indignatur,
806 2561 860 2581 non
877 2553 948 2580 obli—

161 2603 274 2632 viscitur
291 2602 422 2639 propositi
437 2603 505 2630 artis
520 2609 588 2634 sua,
602 2605 746 2636 postquam
758 2608 820 2628 cum
833 2600 877 2627 his
890 2599 948 2627 fue-

161 2651 197 2679 rit
211 2658 281 2685 quos
296 2657 388 2678 sermo
401 2648 531 2685 praefatus
545 2652 604 2677 εει..
614 2647 677 2675 Haec
695 2647 797 2675 idcirco
817 2646 844 2674 in
857 2654 949 2681 proce-

163 2696 218 2722 mio
234 2695 356 2723 diximus
366 2695 432 2730 quia
440 2699 467 2722 et.
478 2694 618 2730 prophetae
630 2693 728 2722 medici
743 2692 947 2728 quodaminodo

1000 2231 1144 2267 ἰατρικῆς,
1160 2229 1243 2266 ὁρῶσί
1259 2238 1330 2260 τινα,
1350 2228 1398 2255 καὶ
1422 2227 1596 2261 θιγγάνουσιν
1615 2225 1720 2262 ἀηδιῶν
1737 2226 1796 2261 (1),

996 2278 1039 2303 ἐπ’
1056 2275 1209 2311 ἀλλοτρίαις
1228 2275 1382 2310 συμφοραῖς
1406 2272 1576 2309 καρποῦνται
1599 2271 1668 2303 ιδίας
1688 2271 1794 2303 λύπας·

997 2324 1043 2350 καὶ
1061 2323 1134 2349 ἐστιν
1158 2323 1202 2349 ἀεὶ
1218 2323 1232 2348 o'
1247 2321 1302 2356 βίος
1318 2321 1407 2347 αὐτῶν
1421 2322 1449 2346 ὲν
1468 2319 1643 2355 περιστάσει·
1662 2319 1796 2345 οὐδέποτε

996 2369 1050 2405 γάρ
1061 2370 1114 2396 εἱσι
1131 2368 1200 2404 μετὰ
1221 2367 1406 2401 ὑγιαινόντων,
1419 2366 1475 2392 ἀλλ’
1494 2366 1538 2392 ἀεὶ
1555 2364 1623 2399 μετά
1636 2363 1693 2390 τῶν
1711 2372 1797 2400 τραυ-

1003 2414 1094 2449 μάτων
1112 2413 1161 2449 (9),
1181 2412 1251 2448 μετὰ
1264 2411 1317 2439 τῶν
1334 2411 1419 2447 νομὰς
1439 2411 1566 2446 ἐχόντων,
1586 2409 1656 2445 μετὰ
1672 2409 1729 2436 τῶν
1747 2417 1797 2434 πε-

1004 2459 1189 2494 πληρωμένων
1210 2457 1296 2490 πυῶν,
1320 2456 1454 2492 πυρετῶν,
1472 2456 1557 2482 νόσων
1581 2455 1723 2482 ποικίλων.
1742 2454 1798 2482 Καὶ

1002 2506 1027 2532 εἰ
1045 2505 1168 2540 βούλεται
1183 2513 1225 2536 τις
1239 2502 1394 2530 στείλασθαι
1409 2502 1456 2537 τὴν
1473 2500 1610 2537 ἰατρικὴν,
1626 2501 1678 2527 οὐκ
1692 2501 1798 2534 ἀγανα-

1002 2552 1108 2587 κτήσει,
1125 2550 1186 2577 οὐδὲ
1207 2550 1338 2586 ἀμελήσει
1355 2548 1403 2575 τοῦ
1421 2547 1590 2583 βουλήματος
1608 2546 1659 2581 τῆς
1678 2545 1796 2581 τέχνης,

1002 2595 1036 2633 ἧς
1063 2596 1218 2632 ἀνείληφεν,
1236 2595 1306 2622 ὲπὰν
1352 2593 1420 2630 μετὰ
1435 2593 1489 2619 τῶν
1503 2592 1632 2619 τοιούτων
1647 2591 1686 2623 ὡς
1704 2599 1798 2626 προει-

1003 2641 1234 2679 ρήκαμενκτοῢτο
1241 2641 1270 2668 δέ
1281 2650 1325 2676 μοι
1332 2640 1363 2667 τὸ
1372 2639 1513 2676 προοίμιον
1525 2638 1648 2664 λέλεκται
1655 2636 1738 2664 διὰτὸ
1749 2636 1797 2663 καὶ

1001 2689 1065 2720 τοὺς
1086 2687 1228 2723 προφήτας
1248 2683 1304 2712 οἷον
1325 2683 1396 2712 εἶναι
1418 2684 1527 2720 ἰατροὺς
1550 2683 1661 2718 ψυχῶν,
1685 2683 1733 2709 καὶ
1752 2681 1797 2708 ἀεὶ

201 2765 340 2800 "Philipp.
357 2773 397 2798 ιιι,
412 2765 456 2792 l3.
494 2765 515 2780 ’⁷
528 2764 612 2791 Marc.
631 2772 692 2797 xm,
709 2763 749 2790 16.
789 2764 810 2779 ’⁸
824 2762 889 2790 Luc.
904 2769 940 2793 ix,
954 2760 998 2787 62.
1037 2760 1059 2774 ’ν
1072 2758 1139 2785 Gen.
1158 2765 1214 2789 xix,
1234 2756 1276 2783 ΓΙ.
1315 2755 1337 2771 ⁸⁰
1351 2754 1451 2782 Jcreni.
1471 2762 1515 2785 xv,
1529 2752 1623 2780 10-19.

202 2835 239 2869 μ)
258 2835 391 2869 Ἀηδιῶν.
413 2835 483 2870 Lege
499 2843 504 2861 ι
519 2835 618 2871 ἀηδῶν.

1031 2833 1067 2866 (-2)
1084 2830 1266 2865 ηιμ-μάτων.
1279 2829 1417 2864 chornm
1433 2827 1596 2861 Hieronymo
1610 2823 1794 2863 τραυματιῶν.
