  <div class='ocr_page' id='page_1' title='image "/cluster/home/n/w/nwhite01/storage/ocr_20150623/13/njp.32101077772430/259.png"; bbox 0 0 1869 3041; ppageno 0'>
   <div class='ocr_carea' id='block_1_1' title="bbox 174 131 223 157">
    <p class='ocr_par' dir='ltr' id='par_1_1' title="bbox 174 131 223 157">
     <span class='ocr_line' id='line_1_1' title="bbox 174 131 223 157; baseline 0 -1"><span class='ocrx_word' id='word_1_1' title='bbox 174 131 186 156; x_wconf 71' lang='grc' dir='ltr'><em>Λ</em></span> <span class='ocrx_word' id='word_1_2' title='bbox 191 131 223 157; x_wconf 80' lang='grc' dir='ltr'><strong>(Π</strong></span> 
     </span>
    </p>
   </div>
   <div class='ocr_carea' id='block_1_2' title="bbox 910 126 1072 155">
    <p class='ocr_par' dir='ltr' id='par_1_2' title="bbox 910 126 1072 155">
     <span class='ocr_line' id='line_1_2' title="bbox 910 126 1072 155; baseline -0.006 -1"><span class='ocrx_word' id='word_1_3' title='bbox 910 126 1072 155; x_wconf 77' lang='lat' dir='ltr'><strong>ORIGENIS</strong></span> 
     </span>
    </p>
   </div>
   <div class='ocr_carea' id='block_1_3' title="bbox 1745 127 1793 154">
    <p class='ocr_par' dir='ltr' id='par_1_3' title="bbox 1745 127 1793 154">
     <span class='ocr_line' id='line_1_3' title="bbox 1745 127 1793 154; baseline 0 0"><span class='ocrx_word' id='word_1_4' title='bbox 1745 127 1793 154; x_wconf 66' lang='lat' dir='ltr'><strong>Ml!</strong></span> 
     </span>
    </p>
   </div>
   <div class='ocr_carea' id='block_1_4' title="bbox 172 184 946 225">
    <p class='ocr_par' dir='ltr' id='par_1_4' title="bbox 172 189 945 225">
     <span class='ocr_line' id='line_1_4' title="bbox 172 189 945 225; baseline -0.003 -9"><span class='ocrx_word' id='word_1_5' title='bbox 172 189 316 216; x_wconf 78' lang='lat' dir='ltr'><strong>artiﬁcium</strong></span> <span class='ocrx_word' id='word_1_6' title='bbox 329 191 442 222; x_wconf 77' lang='lat' dir='ltr'><strong>curatis,</strong></span> <span class='ocrx_word' id='word_1_7' title='bbox 459 190 505 218; x_wconf 83' lang='lat' dir='ltr'><strong>sed</strong></span> <span class='ocrx_word' id='word_1_8' title='bbox 520 190 596 225; x_wconf 78' lang='lat' dir='ltr'><strong>juxta</strong></span> <span class='ocrx_word' id='word_1_9' title='bbox 609 191 772 216; x_wconf 68' lang='lat' dir='ltr'><strong>voluntatem</strong></span> <span class='ocrx_word' id='word_1_10' title='bbox 788 195 864 216; x_wconf 87' lang='lat' dir='ltr'><strong>suam</strong></span> <span class='ocrx_word' id='word_1_11' title='bbox 878 195 945 222; x_wconf 77' lang='lat' dir='ltr'><strong>agen</strong></span> 
     </span>
    </p>
   </div>
   <div class='ocr_carea' id='block_1_5' title="bbox 1019 184 1795 225">
    <p class='ocr_par' dir='ltr' id='par_1_5' title="bbox 1019 184 1795 221">
     <span class='ocr_line' id='line_1_5' title="bbox 1019 184 1795 221; baseline 0 -9"><span class='ocrx_word' id='word_1_12' title='bbox 1019 185 1089 220; x_wconf 77' lang='grc' dir='ltr'>ιησέ</span> <span class='ocrx_word' id='word_1_13' title='bbox 1100 194 1138 220; x_wconf 82' lang='grc' dir='ltr'><strong>με</strong></span> <span class='ocrx_word' id='word_1_14' title='bbox 1154 185 1263 218; x_wconf 76' lang='grc' dir='ltr'>οὐδείς.</span> <span class='ocrx_word' id='word_1_15' title='bbox 1279 185 1354 220; x_wconf 83' lang='grc' dir='ltr'><strong>Τάχα</strong></span> <span class='ocrx_word' id='word_1_16' title='bbox 1367 184 1529 212; x_wconf 76' lang='grc' dir='ltr'>ἀντιπάθειά</span> <span class='ocrx_word' id='word_1_17' title='bbox 1546 185 1604 212; x_wconf 72' lang='grc' dir='ltr'>ἑστι</span> <span class='ocrx_word' id='word_1_18' title='bbox 1619 185 1664 212; x_wconf 84' lang='grc' dir='ltr'>διὰ</span> <span class='ocrx_word' id='word_1_19' title='bbox 1677 185 1726 221; x_wconf 73' lang='grc' dir='ltr'>τὴν</span> <span class='ocrx_word' id='word_1_20' title='bbox 1738 185 1795 220; x_wconf 80' lang='grc' dir='ltr'>φιλ-</span> 
     </span>
    </p>
   </div>
   <div class='ocr_carea' id='block_1_6' title="bbox 171 233 957 270">
    <p class='ocr_par' dir='ltr' id='par_1_6' title="bbox 171 233 957 270">
     <span class='ocr_line' id='line_1_6' title="bbox 171 233 957 270; baseline -0.001 -10"><span class='ocrx_word' id='word_1_21' title='bbox 171 233 245 261; x_wconf 81' lang='lat' dir='ltr'><strong>tibus</strong></span> <span class='ocrx_word' id='word_1_22' title='bbox 269 234 335 262; x_wconf 81' lang='lat' dir='ltr'><strong>dicit</strong></span> <span class='ocrx_word' id='word_1_23' title='bbox 354 244 360 262; x_wconf 93' lang='lat'><strong>:</strong></span> <span class='ocrx_word' id='word_1_24' title='bbox 381 234 441 262; x_wconf 85' lang='lat' dir='ltr'><strong>Non</strong></span> <span class='ocrx_word' id='word_1_25' title='bbox 461 236 561 270; x_wconf 84' lang='lat' dir='ltr'><strong>profui,</strong></span> <span class='ocrx_word' id='word_1_26' title='bbox 581 244 660 270; x_wconf 81' lang='lat' dir='ltr'><strong>neque</strong></span> <span class='ocrx_word' id='word_1_27' title='bbox 679 235 779 269; x_wconf 85' lang='lat' dir='ltr'><strong>profuit</strong></span> <span class='ocrx_word' id='word_1_28' title='bbox 798 233 862 260; x_wconf 86' lang='lat' dir='ltr'><strong>mihi</strong></span> <span class='ocrx_word' id='word_1_29' title='bbox 884 234 957 268; x_wconf 72' lang='lat' dir='ltr'><strong>quis-</strong></span> 
     </span>
    </p>
   </div>
   <div class='ocr_carea' id='block_1_7' title="bbox 171 278 957 314">
    <p class='ocr_par' dir='ltr' id='par_1_7' title="bbox 171 278 957 314">
     <span class='ocr_line' id='line_1_7' title="bbox 171 278 957 314; baseline -0.003 -8"><span class='ocrx_word' id='word_1_30' title='bbox 171 287 262 314; x_wconf 80' lang='lat' dir='ltr'><strong>quam.</strong></span> <span class='ocrx_word' id='word_1_31' title='bbox 282 279 488 313; x_wconf 74' lang='lat' dir='ltr'><strong>Quodammodo</strong></span> <span class='ocrx_word' id='word_1_32' title='bbox 502 282 573 308; x_wconf 86' lang='lat' dir='ltr'><strong>enim</strong></span> <span class='ocrx_word' id='word_1_33' title='bbox 600 280 761 308; x_wconf 80' lang='lat' dir='ltr'><strong>beneﬁcium</strong></span> <span class='ocrx_word' id='word_1_34' title='bbox 781 278 957 313; x_wconf 87' lang='lat' dir='ltr'><strong>consequitur</strong></span> 
     </span>
    </p>
   </div>
   <div class='ocr_carea' id='block_1_8' title="bbox 172 325 957 361">
    <p class='ocr_par' dir='ltr' id='par_1_8' title="bbox 172 325 957 361">
     <span class='ocr_line' id='line_1_8' title="bbox 172 325 957 361; baseline -0.003 -9"><span class='ocrx_word' id='word_1_35' title='bbox 172 325 230 359; x_wconf 85' lang='lat' dir='ltr'><strong>ipse</strong></span> <span class='ocrx_word' id='word_1_36' title='bbox 247 327 293 361; x_wconf 89' lang='lat' dir='ltr'><strong>qui</strong></span> <span class='ocrx_word' id='word_1_37' title='bbox 310 332 397 360; x_wconf 90' lang='lat' dir='ltr'><strong>curat,</strong></span> <span class='ocrx_word' id='word_1_38' title='bbox 415 328 437 355; x_wconf 78' lang='lat' dir='ltr'><strong>si</strong></span> <span class='ocrx_word' id='word_1_39' title='bbox 461 327 576 354; x_wconf 80' lang='lat' dir='ltr'><strong>fructum</strong></span> <span class='ocrx_word' id='word_1_40' title='bbox 593 326 635 354; x_wconf 92' lang='lat' dir='ltr'><strong>sui</strong></span> <span class='ocrx_word' id='word_1_41' title='bbox 654 325 756 353; x_wconf 88' lang='lat' dir='ltr'><strong>laboris</strong></span> <span class='ocrx_word' id='word_1_42' title='bbox 768 325 794 352; x_wconf 87' lang='lat' dir='ltr'><strong>iu</strong></span> <span class='ocrx_word' id='word_1_43' title='bbox 810 327 957 360; x_wconf 71' lang='lat' dir='ltr'><strong>aegrotante</strong></span> 
     </span>
    </p>
   </div>
   <div class='ocr_carea' id='block_1_9' title="bbox 172 370 956 406">
    <p class='ocr_par' dir='ltr' id='par_1_9' title="bbox 172 370 956 406">
     <span class='ocr_line' id='line_1_9' title="bbox 172 370 956 406; baseline -0.004 -8"><span class='ocrx_word' id='word_1_44' title='bbox 172 371 333 406; x_wconf 83' lang='lat' dir='ltr'><strong>conspiciat,</strong></span> <span class='ocrx_word' id='word_1_45' title='bbox 349 376 376 399; x_wconf 90' lang='lat' dir='ltr'><strong>et</strong></span> <span class='ocrx_word' id='word_1_46' title='bbox 391 379 438 406; x_wconf 92' lang='lat' dir='ltr'><strong>per</strong></span> <span class='ocrx_word' id='word_1_47' title='bbox 461 372 581 400; x_wconf 64' lang='lat' dir='ltr'><strong>latitiam</strong></span> <span class='ocrx_word' id='word_1_48' title='bbox 597 372 697 398; x_wconf 86' lang='lat' dir='ltr'><strong>mentis</strong></span> <span class='ocrx_word' id='word_1_49' title='bbox 712 370 795 397; x_wconf 89' lang='lat' dir='ltr'><strong>etiam</strong></span> <span class='ocrx_word' id='word_1_50' title='bbox 812 370 870 404; x_wconf 87' lang='lat' dir='ltr'><strong>ipse</strong></span> <span class='ocrx_word' id='word_1_51' title='bbox 888 375 956 396; x_wconf 80' lang='lat' dir='ltr'><strong>con~</strong></span> 
     </span>
    </p>
   </div>
   <div class='ocr_carea' id='block_1_10' title="bbox 173 412 959 450">
    <p class='ocr_par' dir='ltr' id='par_1_10' title="bbox 173 412 959 450">
     <span class='ocr_line' id='line_1_10' title="bbox 173 412 959 450; baseline -0.004 -8"><span class='ocrx_word' id='word_1_52' title='bbox 173 417 297 450; x_wconf 80' lang='lat' dir='ltr'><strong>sequitur</strong></span> <span class='ocrx_word' id='word_1_53' title='bbox 326 417 479 449; x_wconf 79' lang='lat' dir='ltr'><strong>utilitatem,</strong></span> <span class='ocrx_word' id='word_1_54' title='bbox 514 417 662 444; x_wconf 91' lang='lat' dir='ltr'><strong>secundum</strong></span> <span class='ocrx_word' id='word_1_55' title='bbox 696 415 761 442; x_wconf 93' lang='lat' dir='ltr'><strong>illud</strong></span> <span class='ocrx_word' id='word_1_56' title='bbox 793 414 866 450; x_wconf 91' lang='lat' dir='ltr'><strong>quod</strong></span> <span class='ocrx_word' id='word_1_57' title='bbox 893 412 959 440; x_wconf 88' lang='lat' dir='ltr'><strong>dici-</strong></span> 
     </span>
    </p>
   </div>
   <div class='ocr_carea' id='block_1_11' title="bbox 173 458 957 497">
    <p class='ocr_par' dir='ltr' id='par_1_11' title="bbox 173 458 957 497">
     <span class='ocr_line' id='line_1_11' title="bbox 173 458 957 497; baseline 0 -10"><span class='ocrx_word' id='word_1_58' title='bbox 173 465 217 488; x_wconf 85' lang='lat' dir='ltr'><strong>tur</strong></span> <span class='ocrx_word' id='word_1_59' title='bbox 233 469 240 488; x_wconf 88' lang='lat'><strong>:</strong></span> <span class='ocrx_word' id='word_1_60' title='bbox 259 461 356 488; x_wconf 77' lang='lat' dir='ltr'><strong>Beatus</strong></span> <span class='ocrx_word' id='word_1_61' title='bbox 369 463 413 497; x_wconf 91' lang='lat' dir='ltr'><strong>qui</strong></span> <span class='ocrx_word' id='word_1_62' title='bbox 426 462 542 497; x_wconf 78' lang='lat' dir='ltr'><strong>loquitur</strong></span> <span class='ocrx_word' id='word_1_63' title='bbox 556 462 582 488; x_wconf 83' lang='lat' dir='ltr'><strong>in</strong></span> <span class='ocrx_word' id='word_1_64' title='bbox 597 468 675 488; x_wconf 67' lang='lat' dir='ltr'><strong>aures</strong></span> <span class='ocrx_word' id='word_1_65' title='bbox 691 460 868 488; x_wconf 80' lang='lat' dir='ltr'><strong>audientium.</strong></span> <span class='ocrx_word' id='word_1_66' title='bbox 882 458 957 487; x_wconf 84' lang='lat' dir='ltr'><strong>Hanc</strong></span> 
     </span>
    </p>
   </div>
   <div class='ocr_carea' id='block_1_12' title="bbox 173 505 957 542">
    <p class='ocr_par' dir='ltr' id='par_1_12' title="bbox 173 505 957 542">
     <span class='ocr_line' id='line_1_12' title="bbox 173 505 957 542; baseline -0.001 -10"><span class='ocrx_word' id='word_1_67' title='bbox 173 506 255 540; x_wconf 80' lang='lat' dir='ltr'><strong>igitur</strong></span> <span class='ocrx_word' id='word_1_68' title='bbox 269 507 410 535; x_wconf 89' lang='lat' dir='ltr'><strong>utilitatem</strong></span> <span class='ocrx_word' id='word_1_69' title='bbox 426 515 506 542; x_wconf 85' lang='lat' dir='ltr'><strong>quam</strong></span> <span class='ocrx_word' id='word_1_70' title='bbox 523 507 702 542; x_wconf 87' lang='lat' dir='ltr'><strong>consequitur</strong></span> <span class='ocrx_word' id='word_1_71' title='bbox 713 506 842 540; x_wconf 73' lang='lat' dir='ltr'><strong>magister</strong></span> <span class='ocrx_word' id='word_1_72' title='bbox 863 505 897 531; x_wconf 89' lang='lat' dir='ltr'><strong>ab</strong></span> <span class='ocrx_word' id='word_1_73' title='bbox 908 512 957 531; x_wconf 88' lang='lat' dir='ltr'><strong>au-</strong></span> 
     </span>
    </p>
   </div>
   <div class='ocr_carea' id='block_1_13' title="bbox 171 549 956 587">
    <p class='ocr_par' dir='ltr' id='par_1_13' title="bbox 171 549 956 587">
     <span class='ocr_line' id='line_1_13' title="bbox 171 549 956 587; baseline -0.001 -10"><span class='ocrx_word' id='word_1_74' title='bbox 171 551 306 580; x_wconf 84' lang='lat' dir='ltr'><strong>ditoribus</strong></span> <span class='ocrx_word' id='word_1_75' title='bbox 322 553 389 586; x_wconf 85' lang='lat' dir='ltr'><strong>suis,</strong></span> <span class='ocrx_word' id='word_1_76' title='bbox 404 553 427 580; x_wconf 89' lang='lat' dir='ltr'><strong>si</strong></span> <span class='ocrx_word' id='word_1_77' title='bbox 444 552 587 587; x_wconf 80' lang='lat' dir='ltr'><strong>proﬁciant</strong></span> <span class='ocrx_word' id='word_1_78' title='bbox 606 551 756 584; x_wconf 89' lang='lat' dir='ltr'><strong>audiendo,</strong></span> <span class='ocrx_word' id='word_1_79' title='bbox 772 551 837 578; x_wconf 91' lang='lat' dir='ltr'><strong>dum</strong></span> <span class='ocrx_word' id='word_1_80' title='bbox 851 549 956 578; x_wconf 78' lang='lat' dir='ltr'><strong>fructus</strong></span> 
     </span>
    </p>
   </div>
   <div class='ocr_carea' id='block_1_14' title="bbox 170 595 956 632">
    <p class='ocr_par' dir='ltr' id='par_1_14' title="bbox 170 595 956 632">
     <span class='ocr_line' id='line_1_14' title="bbox 170 595 956 632; baseline -0.001 -9"><span class='ocrx_word' id='word_1_81' title='bbox 170 603 202 622; x_wconf 77' lang='lat' dir='ltr'><strong>cx</strong></span> <span class='ocrx_word' id='word_1_82' title='bbox 222 597 308 624; x_wconf 85' lang='lat' dir='ltr'><strong>salute</strong></span> <span class='ocrx_word' id='word_1_83' title='bbox 323 605 417 624; x_wconf 90' lang='lat' dir='ltr'><strong>eorum</strong></span> <span class='ocrx_word' id='word_1_84' title='bbox 441 597 621 632; x_wconf 85' lang='lat' dir='ltr'><strong>consequitur</strong></span> <span class='ocrx_word' id='word_1_85' title='bbox 636 596 840 632; x_wconf 84' lang='lat' dir='ltr'><strong>quodammodo</strong></span> <span class='ocrx_word' id='word_1_86' title='bbox 855 605 862 623; x_wconf 90' lang='lat'><strong>:</strong></span> <span class='ocrx_word' id='word_1_87' title='bbox 882 595 956 623; x_wconf 77' lang='lat' dir='ltr'><strong>Jere—</strong></span> 
     </span>
    </p>
   </div>
   <div class='ocr_carea' id='block_1_15' title="bbox 170 641 956 676">
    <p class='ocr_par' dir='ltr' id='par_1_15' title="bbox 170 641 956 676">
     <span class='ocr_line' id='line_1_15' title="bbox 170 641 956 676; baseline -0.001 -7"><span class='ocrx_word' id='word_1_88' title='bbox 170 643 240 670; x_wconf 86' lang='lat' dir='ltr'><strong>mias</strong></span> <span class='ocrx_word' id='word_1_89' title='bbox 254 643 347 671; x_wconf 84' lang='lat' dir='ltr'><strong>videns</strong></span> <span class='ocrx_word' id='word_1_90' title='bbox 356 642 497 671; x_wconf 60' lang='lat' dir='ltr'><strong>deJudaéis</strong></span> <span class='ocrx_word' id='word_1_91' title='bbox 507 651 560 670; x_wconf 92' lang='lat' dir='ltr'><strong>non</strong></span> <span class='ocrx_word' id='word_1_92' title='bbox 571 643 671 670; x_wconf 90' lang='lat' dir='ltr'><strong>habere</strong></span> <span class='ocrx_word' id='word_1_93' title='bbox 680 651 719 675; x_wconf 85' lang='lat' dir='ltr'><strong>se,</strong></span> <span class='ocrx_word' id='word_1_94' title='bbox 729 642 814 670; x_wconf 84' lang='lat' dir='ltr'><strong>dicit:</strong></span> <span class='ocrx_word' id='word_1_95' title='bbox 828 641 887 669; x_wconf 85' lang='lat' dir='ltr'><strong>Non</strong></span> <span class='ocrx_word' id='word_1_96' title='bbox 895 650 956 676; x_wconf 86' lang='lat' dir='ltr'><strong>pro-</strong></span> 
     </span>
    </p>
   </div>
   <div class='ocr_carea' id='block_1_16' title="bbox 169 688 955 725">
    <p class='ocr_par' dir='ltr' id='par_1_16' title="bbox 169 688 955 725">
     <span class='ocr_line' id='line_1_16' title="bbox 169 688 955 725; baseline 0.001 -10"><span class='ocrx_word' id='word_1_97' title='bbox 169 689 219 722; x_wconf 81' lang='lat' dir='ltr'><strong>fui!</strong></span> <span class='ocrx_word' id='word_1_98' title='bbox 229 689 310 724; x_wconf 80' lang='lat'><strong>210</strong></span> <span class='ocrx_word' id='word_1_99' title='bbox 322 690 385 717; x_wconf 81' lang='lat' dir='ltr'><strong>nti/ti</strong></span> <span class='ocrx_word' id='word_1_100' title='bbox 401 690 549 725; x_wconf 78' lang='lat' dir='ltr'><strong>quisquam.</strong></span> <span class='ocrx_word' id='word_1_101' title='bbox 559 689 587 716; x_wconf 90' lang='lat' dir='ltr'><strong>Si</strong></span> <span class='ocrx_word' id='word_1_102' title='bbox 605 690 677 716; x_wconf 89' lang='lat' dir='ltr'><strong>enim</strong></span> <span class='ocrx_word' id='word_1_103' title='bbox 690 690 770 716; x_wconf 84' lang='lat' dir='ltr'><strong>debet</strong></span> <span class='ocrx_word' id='word_1_104' title='bbox 785 688 955 716; x_wconf 87' lang='lat' dir='ltr'><strong>auditoribus</strong></span> 
     </span>
    </p>
   </div>
   <div class='ocr_carea' id='block_1_17' title="bbox 168 735 955 771">
    <p class='ocr_par' dir='ltr' id='par_1_17' title="bbox 168 735 955 771">
     <span class='ocr_line' id='line_1_17' title="bbox 168 735 955 771; baseline -0.001 -8"><span class='ocrx_word' id='word_1_105' title='bbox 168 736 296 770; x_wconf 90' lang='lat' dir='ltr'><strong>prodesse</strong></span> <span class='ocrx_word' id='word_1_106' title='bbox 314 736 386 771; x_wconf 89' lang='lat' dir='ltr'><strong>quod</strong></span> <span class='ocrx_word' id='word_1_107' title='bbox 403 736 510 770; x_wconf 90' lang='lat' dir='ltr'><strong>loquor,</strong></span> <span class='ocrx_word' id='word_1_108' title='bbox 527 735 666 762; x_wconf 82' lang='lat' dir='ltr'><strong>auditores</strong></span> <span class='ocrx_word' id='word_1_109' title='bbox 680 742 744 763; x_wconf 86' lang='lat' dir='ltr'><strong>vero</strong></span> <span class='ocrx_word' id='word_1_110' title='bbox 755 743 816 770; x_wconf 65' lang='lat' dir='ltr'><strong>qua:</strong></span> <span class='ocrx_word' id='word_1_111' title='bbox 826 735 955 762; x_wconf 91' lang='lat' dir='ltr'><strong>dicuntur</strong></span> 
     </span>
    </p>
   </div>
   <div class='ocr_carea' id='block_1_18' title="bbox 169 779 953 816">
    <p class='ocr_par' dir='ltr' id='par_1_18' title="bbox 169 779 953 816">
     <span class='ocr_line' id='line_1_18' title="bbox 169 779 953 816; baseline 0.001 -9"><span class='ocrx_word' id='word_1_112' title='bbox 169 781 312 815; x_wconf 80' lang='lat' dir='ltr'><strong>ahjiciunt,</strong></span> <span class='ocrx_word' id='word_1_113' title='bbox 329 785 356 808; x_wconf 87' lang='lat' dir='ltr'><strong>et</strong></span> <span class='ocrx_word' id='word_1_114' title='bbox 370 789 420 816; x_wconf 76' lang='lat' dir='ltr'><strong>ego</strong></span> <span class='ocrx_word' id='word_1_115' title='bbox 441 781 503 808; x_wconf 91' lang='lat' dir='ltr'><strong>dico</strong></span> <span class='ocrx_word' id='word_1_116' title='bbox 518 790 523 807; x_wconf 89' lang='lat'>:</span> <span class='ocrx_word' id='word_1_117' title='bbox 544 779 606 807; x_wconf 87' lang='lat' dir='ltr'><strong>Non</strong></span> <span class='ocrx_word' id='word_1_118' title='bbox 620 780 728 815; x_wconf 88' lang='lat' dir='ltr'><strong>profui,</strong></span> <span class='ocrx_word' id='word_1_119' title='bbox 755 788 834 816; x_wconf 85' lang='lat' dir='ltr'><strong>neque</strong></span> <span class='ocrx_word' id='word_1_120' title='bbox 855 780 953 815; x_wconf 86' lang='lat' dir='ltr'><strong>profuit</strong></span> 
     </span>
    </p>
   </div>
   <div class='ocr_carea' id='block_1_19' title="bbox 169 827 953 862">
    <p class='ocr_par' dir='ltr' id='par_1_19' title="bbox 169 827 953 862">
     <span class='ocr_line' id='line_1_19' title="bbox 169 827 953 862; baseline 0.001 -10"><span class='ocrx_word' id='word_1_121' title='bbox 169 827 232 853; x_wconf 84' lang='lat' dir='ltr'><strong>mihi</strong></span> <span class='ocrx_word' id='word_1_122' title='bbox 245 828 401 862; x_wconf 72' lang='lat' dir='ltr'><strong>quisquam;</strong></span> <span class='ocrx_word' id='word_1_123' title='bbox 418 827 483 862; x_wconf 85' lang='lat' dir='ltr'><strong>quia</strong></span> <span class='ocrx_word' id='word_1_124' title='bbox 498 827 568 854; x_wconf 90' lang='lat' dir='ltr'><strong>hanc</strong></span> <span class='ocrx_word' id='word_1_125' title='bbox 583 827 725 854; x_wconf 86' lang='lat' dir='ltr'><strong>utilitatem</strong></span> <span class='ocrx_word' id='word_1_126' title='bbox 743 834 795 853; x_wconf 91' lang='lat' dir='ltr'><strong>non</strong></span> <span class='ocrx_word' id='word_1_127' title='bbox 815 834 876 854; x_wconf 86' lang='lat' dir='ltr'><strong>sum</strong></span> <span class='ocrx_word' id='word_1_128' title='bbox 889 833 953 853; x_wconf 85' lang='lat' dir='ltr'><strong>con-</strong></span> 
     </span>
    </p>
   </div>
   <div class='ocr_carea' id='block_1_20' title="bbox 1011 230 1793 267">
    <p class='ocr_par' dir='ltr' id='par_1_20' title="bbox 1011 230 1793 267">
     <span class='ocr_line' id='line_1_20' title="bbox 1011 230 1793 267; baseline -0.001 -8"><span class='ocrx_word' id='word_1_129' title='bbox 1011 231 1169 267; x_wconf 78' lang='grc' dir='ltr'>ανθρωπίαν</span> <span class='ocrx_word' id='word_1_130' title='bbox 1189 231 1236 258; x_wconf 82' lang='grc' dir='ltr'>τοῦ</span> <span class='ocrx_word' id='word_1_131' title='bbox 1260 230 1446 266; x_wconf 78' lang='grc' dir='ltr'>ὠφεληθέντος</span> <span class='ocrx_word' id='word_1_132' title='bbox 1459 231 1527 267; x_wconf 76' lang='grc' dir='ltr'>πρὸς</span> <span class='ocrx_word' id='word_1_133' title='bbox 1543 231 1590 257; x_wconf 76' lang='grc' dir='ltr'><strong>τὸν</strong></span> <span class='ocrx_word' id='word_1_134' title='bbox 1601 231 1793 266; x_wconf 78' lang='grc' dir='ltr'>ὠφελήσαντα,</span> 
     </span>
    </p>
   </div>
   <div class='ocr_carea' id='block_1_21' title="bbox 1008 275 1794 311">
    <p class='ocr_par' dir='ltr' id='par_1_21' title="bbox 1008 275 1794 311">
     <span class='ocr_line' id='line_1_21' title="bbox 1008 275 1794 311; baseline -0.001 -8"><span class='ocrx_word' id='word_1_135' title='bbox 1008 277 1078 303; x_wconf 82' lang='grc' dir='ltr'>ὥστε</span> <span class='ocrx_word' id='word_1_136' title='bbox 1095 276 1219 311; x_wconf 79' lang='grc' dir='ltr'>γενέσθαι</span> <span class='ocrx_word' id='word_1_137' title='bbox 1235 277 1275 307; x_wconf 76' lang='grc' dir='ltr'>εὶς</span> <span class='ocrx_word' id='word_1_138' title='bbox 1288 276 1320 302; x_wconf 79' lang='grc' dir='ltr'>τὸ</span> <span class='ocrx_word' id='word_1_139' title='bbox 1343 275 1517 311; x_wconf 82' lang='grc' dir='ltr'><strong>ὠφεληθῆναι</strong></span> <span class='ocrx_word' id='word_1_140' title='bbox 1532 277 1580 303; x_wconf 83' lang='grc' dir='ltr'>καὶ</span> <span class='ocrx_word' id='word_1_141' title='bbox 1599 277 1647 304; x_wconf 74' lang='grc' dir='ltr'><strong>τὸν</strong></span> <span class='ocrx_word' id='word_1_142' title='bbox 1667 275 1794 310; x_wconf 75' lang='grc' dir='ltr'>λέγοντα,</span> 
     </span>
    </p>
   </div>
   <div class='ocr_carea' id='block_1_22' title="bbox 1015 319 1795 356">
    <p class='ocr_par' dir='ltr' id='par_1_22' title="bbox 1015 319 1795 356">
     <span class='ocr_line' id='line_1_22' title="bbox 1015 319 1795 356; baseline -0.001 -8"><span class='ocrx_word' id='word_1_143' title='bbox 1015 322 1093 348; x_wconf 69' lang='grc' dir='ltr'>Ἐπεὶ</span> <span class='ocrx_word' id='word_1_144' title='bbox 1103 321 1249 356; x_wconf 82' lang='grc' dir='ltr'>μακάριος</span> <span class='ocrx_word' id='word_1_145' title='bbox 1266 323 1282 348; x_wconf 90' lang='grc' dir='ltr'><strong>ό</strong></span> <span class='ocrx_word' id='word_1_146' title='bbox 1302 320 1400 354; x_wconf 69' lang='grc' dir='ltr'>λέγων</span> <span class='ocrx_word' id='word_1_147' title='bbox 1414 322 1458 354; x_wconf 82' lang='grc' dir='ltr'>εὶς</span> <span class='ocrx_word' id='word_1_148' title='bbox 1469 319 1530 348; x_wconf 84' lang='grc' dir='ltr'>ὦτα</span> <span class='ocrx_word' id='word_1_149' title='bbox 1540 322 1724 349; x_wconf 71' lang='grc' dir='ltr'>ἀκουόντων.</span> <span class='ocrx_word' id='word_1_150' title='bbox 1746 320 1795 347; x_wconf 80' lang='grc' dir='ltr'><strong>Οὖ-</strong></span> 
     </span>
    </p>
   </div>
   <div class='ocr_carea' id='block_1_23' title="bbox 1007 364 1796 402">
    <p class='ocr_par' dir='ltr' id='par_1_23' title="bbox 1007 364 1796 402">
     <span class='ocr_line' id='line_1_23' title="bbox 1007 364 1796 402; baseline -0.001 -9"><span class='ocrx_word' id='word_1_151' title='bbox 1007 375 1061 398; x_wconf 84' lang='grc' dir='ltr'><strong>τως</strong></span> <span class='ocrx_word' id='word_1_152' title='bbox 1074 364 1120 393; x_wconf 76' lang='grc' dir='ltr'>οὖν</span> <span class='ocrx_word' id='word_1_153' title='bbox 1136 366 1184 402; x_wconf 82' lang='grc' dir='ltr'><strong>τὴν</strong></span> <span class='ocrx_word' id='word_1_154' title='bbox 1199 366 1333 401; x_wconf 83' lang='grc' dir='ltr'>ὠφέλειαν</span> <span class='ocrx_word' id='word_1_155' title='bbox 1348 366 1500 401; x_wconf 70' lang='grc' dir='ltr'>ὠφεληθείη</span> <span class='ocrx_word' id='word_1_156' title='bbox 1518 366 1551 393; x_wconf 76' lang='grc' dir='ltr'>ἂν</span> <span class='ocrx_word' id='word_1_157' title='bbox 1569 366 1729 397; x_wconf 80' lang='grc' dir='ltr'>διδάσκαλος</span> <span class='ocrx_word' id='word_1_158' title='bbox 1742 366 1796 393; x_wconf 68' lang='grc' dir='ltr'>ἀπὸ</span> 
     </span>
    </p>
   </div>
   <div class='ocr_carea' id='block_1_24' title="bbox 1007 411 1795 447">
    <p class='ocr_par' dir='ltr' id='par_1_24' title="bbox 1007 411 1795 447">
     <span class='ocr_line' id='line_1_24' title="bbox 1007 411 1795 447; baseline -0.001 -9"><span class='ocrx_word' id='word_1_159' title='bbox 1007 411 1149 447; x_wconf 78' lang='grc' dir='ltr'><strong>ἀκροατῶν</strong></span> <span class='ocrx_word' id='word_1_160' title='bbox 1167 411 1374 447; x_wconf 82' lang='grc' dir='ltr'>προκοπτόντων</span> <span class='ocrx_word' id='word_1_161' title='bbox 1395 412 1443 438; x_wconf 70' lang='grc' dir='ltr'>καὶ</span> <span class='ocrx_word' id='word_1_162' title='bbox 1461 411 1672 446; x_wconf 73' lang='grc' dir='ltr'>βελτιουμένων-</span> <span class='ocrx_word' id='word_1_163' title='bbox 1690 411 1795 446; x_wconf 75' lang='grc' dir='ltr'>ὠφελη-</span> 
     </span>
    </p>
   </div>
   <div class='ocr_carea' id='block_1_25' title="bbox 1007 458 1795 494">
    <p class='ocr_par' dir='ltr' id='par_1_25' title="bbox 1007 458 1795 494">
     <span class='ocr_line' id='line_1_25' title="bbox 1007 458 1795 494; baseline -0.001 -9"><span class='ocrx_word' id='word_1_164' title='bbox 1007 458 1066 493; x_wconf 85' lang='grc' dir='ltr'><strong>θείη</strong></span> <span class='ocrx_word' id='word_1_165' title='bbox 1081 458 1115 485; x_wconf 82' lang='grc' dir='ltr'>ἂν</span> <span class='ocrx_word' id='word_1_166' title='bbox 1129 458 1169 494; x_wconf 82' lang='grc' dir='ltr'><strong>τῷ</strong></span> <span class='ocrx_word' id='word_1_167' title='bbox 1183 458 1255 493; x_wconf 70' lang='grc' dir='ltr'>ἔχειν</span> <span class='ocrx_word' id='word_1_168' title='bbox 1271 458 1394 494; x_wconf 77' lang='grc' dir='ltr'>καρποὺς</span> <span class='ocrx_word' id='word_1_169' title='bbox 1409 459 1439 484; x_wconf 78' lang='grc' dir='ltr'>ὲν</span> <span class='ocrx_word' id='word_1_170' title='bbox 1452 459 1557 489; x_wconf 79' lang='grc' dir='ltr'>αὑτοῖς-</span> <span class='ocrx_word' id='word_1_171' title='bbox 1574 458 1598 484; x_wconf 73' lang='lat' dir='ltr'><strong>sl</strong></span> <span class='ocrx_word' id='word_1_172' title='bbox 1615 458 1670 493; x_wconf 77' lang='grc' dir='ltr'><strong>γὰρ</strong></span> <span class='ocrx_word' id='word_1_173' title='bbox 1691 458 1795 493; x_wconf 72' lang='grc' dir='ltr'>καρπὸν</span> 
     </span>
    </p>
   </div>
   <div class='ocr_carea' id='block_1_26' title="bbox 1006 503 1795 539">
    <p class='ocr_par' dir='ltr' id='par_1_26' title="bbox 1006 503 1795 539">
     <span class='ocr_line' id='line_1_26' title="bbox 1006 503 1795 539; baseline -0.001 -9"><span class='ocrx_word' id='word_1_174' title='bbox 1006 504 1046 531; x_wconf 82' lang='grc' dir='ltr'>δεῖ</span> <span class='ocrx_word' id='word_1_175' title='bbox 1061 504 1109 538; x_wconf 83' lang='grc' dir='ltr'>μὲν</span> <span class='ocrx_word' id='word_1_176' title='bbox 1125 504 1198 539; x_wconf 70' lang='grc' dir='ltr'>ἔχειν</span> <span class='ocrx_word' id='word_1_177' title='bbox 1219 504 1248 530; x_wconf 82' lang='grc' dir='ltr'>ὲν</span> <span class='ocrx_word' id='word_1_178' title='bbox 1271 505 1327 535; x_wconf 86' lang='grc' dir='ltr'>τοῖς</span> <span class='ocrx_word' id='word_1_179' title='bbox 1349 504 1499 539; x_wconf 79' lang='grc' dir='ltr'><strong>ἀκροαταῖς</strong></span> <span class='ocrx_word' id='word_1_180' title='bbox 1520 503 1566 529; x_wconf 77' lang='grc' dir='ltr'>τὸν</span> <span class='ocrx_word' id='word_1_181' title='bbox 1582 503 1709 536; x_wconf 77' lang='grc' dir='ltr'>λέγοντα,</span> <span class='ocrx_word' id='word_1_182' title='bbox 1729 504 1743 529; x_wconf 86' lang='grc' dir='ltr'><strong>ό</strong></span> <span class='ocrx_word' id='word_1_183' title='bbox 1766 503 1795 530; x_wconf 76' lang='grc' dir='ltr'>δὲ</span> 
     </span>
    </p>
   </div>
   <div class='ocr_carea' id='block_1_27' title="bbox 1006 548 1796 585">
    <p class='ocr_par' dir='ltr' id='par_1_27' title="bbox 1006 548 1796 585">
     <span class='ocr_line' id='line_1_27' title="bbox 1006 548 1796 585; baseline -0.003 -9"><span class='ocrx_word' id='word_1_184' title='bbox 1006 549 1180 585; x_wconf 81' lang='grc' dir='ltr'><strong>ἀκροώμενος</strong></span> <span class='ocrx_word' id='word_1_185' title='bbox 1199 548 1403 584; x_wconf 82' lang='grc' dir='ltr'>παρεκδέχοιτο,</span> <span class='ocrx_word' id='word_1_186' title='bbox 1423 549 1470 575; x_wconf 82' lang='grc' dir='ltr'>καὶ</span> <span class='ocrx_word' id='word_1_187' title='bbox 1487 548 1538 581; x_wconf 77' lang='grc' dir='ltr'><strong>ἔξω</strong></span> <span class='ocrx_word' id='word_1_188' title='bbox 1558 548 1660 582; x_wconf 79' lang='grc' dir='ltr'><strong>γίνοιτο</strong></span> <span class='ocrx_word' id='word_1_189' title='bbox 1682 548 1736 574; x_wconf 79' lang='grc' dir='ltr'><strong>τῶν</strong></span> <span class='ocrx_word' id='word_1_190' title='bbox 1753 549 1796 574; x_wconf 71' lang='grc' dir='ltr'>λε-</span> 
     </span>
    </p>
   </div>
   <div class='ocr_carea' id='block_1_28' title="bbox 1006 591 1794 630">
    <p class='ocr_par' dir='ltr' id='par_1_28' title="bbox 1006 591 1794 630">
     <span class='ocr_line' id='line_1_28' title="bbox 1006 591 1794 630; baseline -0.003 -8"><span class='ocrx_word' id='word_1_191' title='bbox 1006 595 1138 630; x_wconf 81' lang='grc' dir='ltr'>γομένων,</span> <span class='ocrx_word' id='word_1_192' title='bbox 1159 595 1267 629; x_wconf 82' lang='grc' dir='ltr'>λέγεται</span> <span class='ocrx_word' id='word_1_193' title='bbox 1291 594 1336 620; x_wconf 83' lang='grc' dir='ltr'>τό·</span> <span class='ocrx_word' id='word_1_194' title='bbox 1351 595 1411 621; x_wconf 76' lang='grc' dir='ltr'><strong>Οὐκ</strong></span> <span class='ocrx_word' id='word_1_195' title='bbox 1433 594 1572 628; x_wconf 69' lang='grc' dir='ltr'>ὠφέλησέ</span> <span class='ocrx_word' id='word_1_196' title='bbox 1593 602 1632 628; x_wconf 84' lang='grc' dir='ltr'><strong>με</strong></span> <span class='ocrx_word' id='word_1_197' title='bbox 1650 593 1724 620; x_wconf 79' lang='grc' dir='ltr'>οὐδὲ</span> <span class='ocrx_word' id='word_1_198' title='bbox 1740 591 1794 626; x_wconf 72' lang='grc' dir='ltr'>εἶς’</span> 
     </span>
    </p>
   </div>
   <div class='ocr_carea' id='block_1_29' title="bbox 1006 639 1795 676">
    <p class='ocr_par' dir='ltr' id='par_1_29' title="bbox 1006 639 1795 676">
     <span class='ocr_line' id='line_1_29' title="bbox 1006 639 1795 676; baseline -0.003 -9"><span class='ocrx_word' id='word_1_199' title='bbox 1006 641 1067 667; x_wconf 75' lang='grc' dir='ltr'>ἐπεὶ</span> <span class='ocrx_word' id='word_1_200' title='bbox 1100 641 1137 676; x_wconf 85' lang='grc' dir='ltr'>μὴ</span> <span class='ocrx_word' id='word_1_201' title='bbox 1172 640 1310 675; x_wconf 85' lang='grc' dir='ltr'>ὠφέληται</span> <span class='ocrx_word' id='word_1_202' title='bbox 1348 639 1451 675; x_wconf 80' lang='grc' dir='ltr'>ταύτην</span> <span class='ocrx_word' id='word_1_203' title='bbox 1483 640 1533 674; x_wconf 81' lang='grc' dir='ltr'><strong>τὴν</strong></span> <span class='ocrx_word' id='word_1_204' title='bbox 1565 639 1699 673; x_wconf 77' lang='grc' dir='ltr'>ὠφέλειαν</span> <span class='ocrx_word' id='word_1_205' title='bbox 1713 659 1720 671; x_wconf 84' lang='grc'><strong>,</strong></span> <span class='ocrx_word' id='word_1_206' title='bbox 1763 640 1795 674; x_wconf 68' lang='grc' dir='ltr'>ἢν</span> 
     </span>
    </p>
   </div>
   <div class='ocr_carea' id='block_1_30' title="bbox 1005 684 1793 721">
    <p class='ocr_par' dir='ltr' id='par_1_30' title="bbox 1005 684 1793 721">
     <span class='ocr_line' id='line_1_30' title="bbox 1005 684 1793 721; baseline -0.004 -9"><span class='ocrx_word' id='word_1_207' title='bbox 1005 685 1132 721; x_wconf 72' lang='grc' dir='ltr'>ὠφελήθη</span> <span class='ocrx_word' id='word_1_208' title='bbox 1167 685 1199 712; x_wconf 79' lang='grc' dir='ltr'>ἂν</span> <span class='ocrx_word' id='word_1_209' title='bbox 1223 687 1255 712; x_wconf 78' lang='grc' dir='ltr'>ἐκ</span> <span class='ocrx_word' id='word_1_210' title='bbox 1285 684 1332 711; x_wconf 81' lang='grc' dir='ltr'>τοῦ</span> <span class='ocrx_word' id='word_1_211' title='bbox 1365 685 1410 712; x_wconf 83' lang='grc' dir='ltr'>τὸν</span> <span class='ocrx_word' id='word_1_212' title='bbox 1438 685 1575 720; x_wconf 79' lang='grc' dir='ltr'>ἀκροατὴν</span> <span class='ocrx_word' id='word_1_213' title='bbox 1603 685 1793 720; x_wconf 70' lang='grc' dir='ltr'><strong>ὠφεληθέντα,</strong></span> 
     </span>
    </p>
   </div>
   <div class='ocr_carea' id='block_1_31' title="bbox 1005 731 1795 766">
    <p class='ocr_par' dir='ltr' id='par_1_31' title="bbox 1005 731 1795 766">
     <span class='ocr_line' id='line_1_31' title="bbox 1005 731 1795 766; baseline -0.001 -8"><span class='ocrx_word' id='word_1_214' title='bbox 1005 732 1090 758; x_wconf 79' lang='grc' dir='ltr'>αἴτιον</span> <span class='ocrx_word' id='word_1_215' title='bbox 1107 731 1247 766; x_wconf 83' lang='grc' dir='ltr'><strong>προκοπῆς</strong></span> <span class='ocrx_word' id='word_1_216' title='bbox 1261 731 1307 757; x_wconf 73' lang='grc' dir='ltr'><strong>καὶ</strong></span> <span class='ocrx_word' id='word_1_217' title='bbox 1320 731 1520 766; x_wconf 73' lang='grc' dir='ltr'>μακαριότητος</span> <span class='ocrx_word' id='word_1_218' title='bbox 1530 731 1656 765; x_wconf 83' lang='grc' dir='ltr'>γενέσθαι</span> <span class='ocrx_word' id='word_1_219' title='bbox 1668 731 1707 766; x_wconf 77' lang='grc' dir='ltr'>τῷ</span> <span class='ocrx_word' id='word_1_220' title='bbox 1724 731 1795 765; x_wconf 77' lang='grc' dir='ltr'>ὡφε-</span> 
     </span>
    </p>
   </div>
   <div class='ocr_carea' id='block_1_32' title="bbox 1005 775 1794 811">
    <p class='ocr_par' dir='ltr' id='par_1_32' title="bbox 1005 775 1794 811">
     <span class='ocr_line' id='line_1_32' title="bbox 1005 775 1794 811; baseline 0.001 -10"><span class='ocrx_word' id='word_1_221' title='bbox 1005 775 1127 811; x_wconf 81' lang='grc' dir='ltr'>λήσαντι.</span> <span class='ocrx_word' id='word_1_222' title='bbox 1147 776 1202 802; x_wconf 75' lang='grc' dir='ltr'><strong>Καὶ</strong></span> <span class='ocrx_word' id='word_1_223' title='bbox 1216 775 1303 806; x_wconf 76' lang='grc' dir='ltr'>ἄλλως</span> <span class='ocrx_word' id='word_1_224' title='bbox 1317 775 1356 807; x_wconf 85' lang='grc' dir='ltr'>δὲ,</span> <span class='ocrx_word' id='word_1_225' title='bbox 1381 775 1436 806; x_wconf 78' lang='grc' dir='ltr'>πᾶς</span> <span class='ocrx_word' id='word_1_226' title='bbox 1454 777 1468 802; x_wconf 83' lang='grc' dir='ltr'><strong>ό</strong></span> <span class='ocrx_word' id='word_1_227' title='bbox 1482 775 1633 808; x_wconf 82' lang='grc' dir='ltr'><strong>διδάσκων,</strong></span> <span class='ocrx_word' id='word_1_228' title='bbox 1651 776 1713 803; x_wconf 75' lang='grc' dir='ltr'>κατ’</span> <span class='ocrx_word' id='word_1_229' title='bbox 1730 777 1794 803; x_wconf 75' lang='grc' dir='ltr'>αὐτὸ</span> 
     </span>
    </p>
   </div>
   <div class='ocr_carea' id='block_1_33' title="bbox 1004 821 1793 858">
    <p class='ocr_par' dir='ltr' id='par_1_33' title="bbox 1004 821 1793 858">
     <span class='ocr_line' id='line_1_33' title="bbox 1004 821 1793 858; baseline 0.001 -10"><span class='ocrx_word' id='word_1_230' title='bbox 1004 821 1035 848; x_wconf 79' lang='grc' dir='ltr'>τὸ</span> <span class='ocrx_word' id='word_1_231' title='bbox 1054 821 1198 853; x_wconf 81' lang='grc' dir='ltr'><strong>διδάσκειν,</strong></span> <span class='ocrx_word' id='word_1_232' title='bbox 1220 822 1275 857; x_wconf 81' lang='grc' dir='ltr'><strong>ὅσῳ</strong></span> <span class='ocrx_word' id='word_1_233' title='bbox 1296 821 1477 858; x_wconf 70' lang='grc' dir='ltr'>ωνετώτερός</span> <span class='ocrx_word' id='word_1_234' title='bbox 1499 823 1572 849; x_wconf 80' lang='grc' dir='ltr'>ὲπιν</span> <span class='ocrx_word' id='word_1_235' title='bbox 1596 822 1611 849; x_wconf 82' lang='grc' dir='ltr'><strong>ό</strong></span> <span class='ocrx_word' id='word_1_236' title='bbox 1632 822 1793 857; x_wconf 76' lang='grc' dir='ltr'>μανθάνων,</span> 
     </span>
    </p>
   </div>
   <div class='ocr_carea' id='block_1_34' title="bbox 168 867 946 907">
    <p class='ocr_par' dir='ltr' id='par_1_34' title="bbox 168 871 946 907">
     <span class='ocr_line' id='line_1_34' title="bbox 168 871 946 907; baseline -0.003 -7"><span class='ocrx_word' id='word_1_237' title='bbox 168 877 291 904; x_wconf 82' lang='lat' dir='ltr'><strong>secutus,</strong></span> <span class='ocrx_word' id='word_1_238' title='bbox 307 881 389 907; x_wconf 91' lang='lat' dir='ltr'><strong>quam</strong></span> <span class='ocrx_word' id='word_1_239' title='bbox 413 873 590 907; x_wconf 83' lang='lat' dir='ltr'><strong>consequitur</strong></span> <span class='ocrx_word' id='word_1_240' title='bbox 612 873 633 899; x_wconf 73' lang='lat' dir='ltr'><strong>is</strong></span> <span class='ocrx_word' id='word_1_241' title='bbox 649 873 696 907; x_wconf 88' lang='lat' dir='ltr'><strong>qui</strong></span> <span class='ocrx_word' id='word_1_242' title='bbox 712 872 804 899; x_wconf 88' lang='lat' dir='ltr'><strong>beatus</strong></span> <span class='ocrx_word' id='word_1_243' title='bbox 817 871 946 904; x_wconf 82' lang='lat' dir='ltr'><strong>el&#39;licilur,</strong></span> 
     </span>
    </p>
   </div>
   <div class='ocr_carea' id='block_1_35' title="bbox 1019 867 1795 907">
    <p class='ocr_par' dir='ltr' id='par_1_35' title="bbox 1019 867 1795 904">
     <span class='ocr_line' id='line_1_35' title="bbox 1019 867 1795 904; baseline 0.001 -10"><span class='ocrx_word' id='word_1_244' title='bbox 1019 867 1143 901; x_wconf 62' lang='grc' dir='ltr'>ιφελεῖται</span> <span class='ocrx_word' id='word_1_245' title='bbox 1159 869 1198 899; x_wconf 82' lang='grc' dir='ltr'>εἰς</span> <span class='ocrx_word' id='word_1_246' title='bbox 1208 868 1226 895; x_wconf 77' lang='grc' dir='ltr'>ἃ</span> <span class='ocrx_word' id='word_1_247' title='bbox 1238 868 1367 900; x_wconf 75' lang='grc' dir='ltr'><strong>διδάσκει,</strong></span> <span class='ocrx_word' id='word_1_248' title='bbox 1378 869 1418 900; x_wconf 76' lang='grc' dir='ltr'><strong>είς</strong></span> <span class='ocrx_word' id='word_1_249' title='bbox 1433 867 1452 895; x_wconf 72' lang='grc' dir='ltr'>ἃ</span> <span class='ocrx_word' id='word_1_250' title='bbox 1469 868 1606 903; x_wconf 77' lang='grc' dir='ltr'>μανθάνει.</span> <span class='ocrx_word' id='word_1_251' title='bbox 1630 869 1687 894; x_wconf 73' lang='grc' dir='ltr'><strong>Καὶ</strong></span> <span class='ocrx_word' id='word_1_252' title='bbox 1705 869 1795 904; x_wconf 79' lang='grc' dir='ltr'>κρείτ-</span> 
     </span>
    </p>
   </div>
   <div class='ocr_carea' id='block_1_36' title="bbox 168 918 952 953">
    <p class='ocr_par' dir='ltr' id='par_1_36' title="bbox 168 918 952 953">
     <span class='ocr_line' id='line_1_36' title="bbox 168 918 952 953; baseline 0 -8"><span class='ocrx_word' id='word_1_253' title='bbox 168 920 233 946; x_wconf 90' lang='lat' dir='ltr'><strong>dnm</strong></span> <span class='ocrx_word' id='word_1_254' title='bbox 249 919 276 946; x_wconf 91' lang='lat' dir='ltr'><strong>in</strong></span> <span class='ocrx_word' id='word_1_255' title='bbox 292 927 373 946; x_wconf 81' lang='lat' dir='ltr'><strong>aures</strong></span> <span class='ocrx_word' id='word_1_256' title='bbox 387 919 507 953; x_wconf 88' lang='lat' dir='ltr'><strong>loquitur</strong></span> <span class='ocrx_word' id='word_1_257' title='bbox 521 919 700 946; x_wconf 87' lang='lat' dir='ltr'><strong>audientium.</strong></span> <span class='ocrx_word' id='word_1_258' title='bbox 718 918 809 946; x_wconf 82' lang='lat' dir='ltr'><strong>Potest</strong></span> <span class='ocrx_word' id='word_1_259' title='bbox 821 922 912 945; x_wconf 84' lang='lat' dir='ltr'><strong>autem</strong></span> <span class='ocrx_word' id='word_1_260' title='bbox 926 923 952 945; x_wconf 88' lang='lat' dir='ltr'><strong>et</strong></span> 
     </span>
    </p>
   </div>
   <div class='ocr_carea' id='block_1_37' title="bbox 168 963 952 999">
    <p class='ocr_par' dir='ltr' id='par_1_37' title="bbox 168 963 952 999">
     <span class='ocr_line' id='line_1_37' title="bbox 168 963 952 999; baseline 0 -9"><span class='ocrx_word' id='word_1_261' title='bbox 168 964 246 991; x_wconf 78' lang='lat' dir='ltr'><strong>aliter</strong></span> <span class='ocrx_word' id='word_1_262' title='bbox 260 964 382 999; x_wconf 77' lang='lat' dir='ltr'><strong>intelligi.</strong></span> <span class='ocrx_word' id='word_1_263' title='bbox 399 964 560 999; x_wconf 84' lang='lat' dir='ltr'><strong>Quicunque</strong></span> <span class='ocrx_word' id='word_1_264' title='bbox 577 964 719 999; x_wconf 84' lang='lat' dir='ltr'><strong>discipulis</strong></span> <span class='ocrx_word' id='word_1_265' title='bbox 738 963 878 998; x_wconf 64' lang='lat' dir='ltr'><strong>praecipit,</strong></span> <span class='ocrx_word' id='word_1_266' title='bbox 901 964 952 990; x_wconf 89' lang='lat' dir='ltr'><strong>iste</strong></span> 
     </span>
    </p>
   </div>
   <div class='ocr_carea' id='block_1_38' title="bbox 167 1008 950 1044">
    <p class='ocr_par' dir='ltr' id='par_1_38' title="bbox 167 1008 950 1044">
     <span class='ocr_line' id='line_1_38' title="bbox 167 1008 950 1044; baseline -0.001 -8"><span class='ocrx_word' id='word_1_267' title='bbox 167 1009 190 1036; x_wconf 83' lang='lat' dir='ltr'><strong>si</strong></span> <span class='ocrx_word' id='word_1_268' title='bbox 209 1009 364 1044; x_wconf 80' lang='lat' dir='ltr'><strong>ingeniosos</strong></span> <span class='ocrx_word' id='word_1_269' title='bbox 379 1013 405 1036; x_wconf 90' lang='lat' dir='ltr'><strong>et</strong></span> <span class='ocrx_word' id='word_1_270' title='bbox 423 1008 558 1036; x_wconf 86' lang='lat' dir='ltr'><strong>audientis</strong></span> <span class='ocrx_word' id='word_1_271' title='bbox 573 1013 677 1036; x_wconf 65' lang='lat' dir='ltr'><strong>natura</strong></span> <span class='ocrx_word' id='word_1_272' title='bbox 691 1008 788 1036; x_wconf 78' lang='lat' dir='ltr'><strong>habeat</strong></span> <span class='ocrx_word' id='word_1_273' title='bbox 800 1008 950 1040; x_wconf 81' lang='lat' dir='ltr'><strong>auditores,</strong></span> 
     </span>
    </p>
   </div>
   <div class='ocr_carea' id='block_1_39' title="bbox 167 1054 952 1090">
    <p class='ocr_par' dir='ltr' id='par_1_39' title="bbox 167 1054 952 1090">
     <span class='ocr_line' id='line_1_39' title="bbox 167 1054 952 1090; baseline -0.003 -8"><span class='ocrx_word' id='word_1_274' title='bbox 167 1058 270 1089; x_wconf 86' lang='lat' dir='ltr'><strong>quanto</strong></span> <span class='ocrx_word' id='word_1_275' title='bbox 284 1055 344 1090; x_wconf 89' lang='lat' dir='ltr'><strong>plus</strong></span> <span class='ocrx_word' id='word_1_276' title='bbox 355 1055 486 1090; x_wconf 62' lang='lat' dir='ltr'><strong>pracipit,</strong></span> <span class='ocrx_word' id='word_1_277' title='bbox 503 1059 578 1082; x_wconf 90' lang='lat' dir='ltr'><strong>tanto</strong></span> <span class='ocrx_word' id='word_1_278' title='bbox 591 1055 652 1090; x_wconf 87' lang='lat' dir='ltr'><strong>plus</strong></span> <span class='ocrx_word' id='word_1_279' title='bbox 664 1054 782 1090; x_wconf 78' lang='lat' dir='ltr'><strong>proiicit,</strong></span> <span class='ocrx_word' id='word_1_280' title='bbox 801 1054 854 1082; x_wconf 90' lang='lat' dir='ltr'><strong>illis</strong></span> <span class='ocrx_word' id='word_1_281' title='bbox 866 1054 952 1081; x_wconf 85' lang='lat' dir='ltr'><strong>inter—</strong></span> 
     </span>
    </p>
   </div>
   <div class='ocr_carea' id='block_1_40' title="bbox 167 1099 947 1135">
    <p class='ocr_par' dir='ltr' id='par_1_40' title="bbox 167 1099 947 1135">
     <span class='ocr_line' id='line_1_40' title="bbox 167 1099 947 1135; baseline -0.001 -8"><span class='ocrx_word' id='word_1_282' title='bbox 167 1099 333 1134; x_wconf 79' lang='lat' dir='ltr'><strong>rogantibus,</strong></span> <span class='ocrx_word' id='word_1_283' title='bbox 347 1104 374 1127; x_wconf 91' lang='lat' dir='ltr'><strong>et</strong></span> <span class='ocrx_word' id='word_1_284' title='bbox 386 1100 420 1127; x_wconf 91' lang='lat' dir='ltr'><strong>de</strong></span> <span class='ocrx_word' id='word_1_285' title='bbox 435 1107 468 1127; x_wconf 91' lang='lat' dir='ltr'><strong>eo</strong></span> <span class='ocrx_word' id='word_1_286' title='bbox 489 1100 561 1135; x_wconf 87' lang='lat' dir='ltr'><strong>quod</strong></span> <span class='ocrx_word' id='word_1_287' title='bbox 578 1100 644 1127; x_wconf 88' lang='lat' dir='ltr'><strong>dicit</strong></span> <span class='ocrx_word' id='word_1_288' title='bbox 658 1107 729 1134; x_wconf 69' lang='lat' dir='ltr'><strong>saape</strong></span> <span class='ocrx_word' id='word_1_289' title='bbox 747 1099 947 1135; x_wconf 70' lang='lat' dir='ltr'><strong>quaerentibus,</strong></span> 
     </span>
    </p>
   </div>
   <div class='ocr_carea' id='block_1_41' title="bbox 1000 913 1794 950">
    <p class='ocr_par' dir='ltr' id='par_1_41' title="bbox 1000 913 1794 950">
     <span class='ocr_line' id='line_1_41' title="bbox 1000 913 1794 950; baseline 0.001 -11"><span class='ocrx_word' id='word_1_290' title='bbox 1000 921 1061 945; x_wconf 87' lang='grc' dir='ltr'>τους</span> <span class='ocrx_word' id='word_1_291' title='bbox 1069 913 1187 947; x_wconf 79' lang='grc' dir='ltr'>γίνονται</span> <span class='ocrx_word' id='word_1_292' title='bbox 1201 914 1264 949; x_wconf 77' lang='grc' dir='ltr'>περὶ</span> <span class='ocrx_word' id='word_1_293' title='bbox 1274 913 1292 940; x_wconf 79' lang='grc' dir='ltr'>ἃ</span> <span class='ocrx_word' id='word_1_294' title='bbox 1306 913 1482 950; x_wconf 74' lang='grc' dir='ltr'>παραδιδόασι</span> <span class='ocrx_word' id='word_1_295' title='bbox 1498 914 1648 950; x_wconf 77' lang='grc' dir='ltr'>μαθήματα</span> <span class='ocrx_word' id='word_1_296' title='bbox 1662 915 1688 940; x_wconf 78' lang='grc' dir='ltr'><strong>οι</strong></span> <span class='ocrx_word' id='word_1_297' title='bbox 1701 914 1794 948; x_wconf 84' lang='grc' dir='ltr'>λέγον-</span> 
     </span>
    </p>
   </div>
   <div class='ocr_carea' id='block_1_42' title="bbox 999 959 1794 995">
    <p class='ocr_par' dir='ltr' id='par_1_42' title="bbox 999 959 1794 995">
     <span class='ocr_line' id='line_1_42' title="bbox 999 959 1794 995; baseline 0.001 -10"><span class='ocrx_word' id='word_1_298' title='bbox 999 967 1056 991; x_wconf 77' lang='grc' dir='ltr'>τες,</span> <span class='ocrx_word' id='word_1_299' title='bbox 1080 959 1124 986; x_wconf 82' lang='grc' dir='ltr'>ὅτε</span> <span class='ocrx_word' id='word_1_300' title='bbox 1138 959 1243 986; x_wconf 76' lang='grc' dir='ltr'>συνετοὶ</span> <span class='ocrx_word' id='word_1_301' title='bbox 1260 959 1335 991; x_wconf 76' lang='grc' dir='ltr'>ὄντες</span> <span class='ocrx_word' id='word_1_302' title='bbox 1353 960 1377 986; x_wconf 72' lang='grc' dir='ltr'>οἱ</span> <span class='ocrx_word' id='word_1_303' title='bbox 1402 959 1544 995; x_wconf 78' lang='grc' dir='ltr'>ἀκροαταὶ,</span> <span class='ocrx_word' id='word_1_304' title='bbox 1560 960 1608 986; x_wconf 76' lang='grc' dir='ltr'>καὶ</span> <span class='ocrx_word' id='word_1_305' title='bbox 1623 959 1674 994; x_wconf 75' lang='grc' dir='ltr'><strong>οὐχ</strong></span> <span class='ocrx_word' id='word_1_306' title='bbox 1690 959 1794 992; x_wconf 75' lang='grc' dir='ltr'>ἀπα-ξαρ</span> 
     </span>
    </p>
   </div>
   <div class='ocr_carea' id='block_1_43' title="bbox 999 1004 1795 1040">
    <p class='ocr_par' dir='ltr' id='par_1_43' title="bbox 999 1004 1795 1040">
     <span class='ocr_line' id='line_1_43' title="bbox 999 1004 1795 1040; baseline 0.001 -10"><span class='ocrx_word' id='word_1_307' title='bbox 999 1004 1074 1036; x_wconf 88' lang='grc' dir='ltr'><strong>πλῶς</strong></span> <span class='ocrx_word' id='word_1_308' title='bbox 1088 1004 1299 1039; x_wconf 78' lang='grc' dir='ltr'>παραδέχονται,</span> <span class='ocrx_word' id='word_1_309' title='bbox 1312 1004 1381 1032; x_wconf 76' lang='grc' dir='ltr'>ἀλλὰ</span> <span class='ocrx_word' id='word_1_310' title='bbox 1394 1004 1640 1038; x_wconf 77' lang='grc' dir='ltr'>ἀντιϐασανίζουσι,</span> <span class='ocrx_word' id='word_1_311' title='bbox 1657 1005 1706 1031; x_wconf 68' lang='grc' dir='ltr'>καὶ</span> <span class='ocrx_word' id='word_1_312' title='bbox 1727 1005 1795 1040; x_wconf 65' lang='lat' dir='ltr'><strong>Epu-</strong></span> 
     </span>
    </p>
   </div>
   <div class='ocr_carea' id='block_1_44' title="bbox 999 1047 1791 1086">
    <p class='ocr_par' dir='ltr' id='par_1_44' title="bbox 999 1047 1791 1086">
     <span class='ocr_line' id='line_1_44' title="bbox 999 1047 1791 1086; baseline 0.001 -9"><span class='ocrx_word' id='word_1_313' title='bbox 999 1051 1076 1083; x_wconf 81' lang='grc' dir='ltr'>τῶσι,</span> <span class='ocrx_word' id='word_1_314' title='bbox 1101 1051 1148 1077; x_wconf 71' lang='grc' dir='ltr'><strong>καὶ</strong></span> <span class='ocrx_word' id='word_1_315' title='bbox 1170 1050 1326 1083; x_wconf 71' lang='grc' dir='ltr'><strong>ἐξετάζουσι</strong></span> <span class='ocrx_word' id='word_1_316' title='bbox 1351 1050 1382 1077; x_wconf 80' lang='grc' dir='ltr'>τὸ</span> <span class='ocrx_word' id='word_1_317' title='bbox 1408 1049 1530 1086; x_wconf 76' lang='grc' dir='ltr'>βούλημα</span> <span class='ocrx_word' id='word_1_318' title='bbox 1550 1047 1604 1077; x_wconf 81' lang='grc' dir='ltr'><strong>τῶν</strong></span> <span class='ocrx_word' id='word_1_319' title='bbox 1627 1050 1791 1086; x_wconf 77' lang='grc' dir='ltr'>λεγομένων.</span> 
     </span>
    </p>
   </div>
   <div class='ocr_carea' id='block_1_45' title="bbox 1001 1095 1746 1132">
    <p class='ocr_par' dir='ltr' id='par_1_45' title="bbox 1001 1095 1746 1132">
     <span class='ocr_line' id='line_1_45' title="bbox 1001 1095 1746 1132; baseline 0 -8"><span class='ocrx_word' id='word_1_320' title='bbox 1001 1097 1068 1124; x_wconf 80' lang='grc' dir='ltr'><strong>οὒτ¹</strong></span> <span class='ocrx_word' id='word_1_321' title='bbox 1085 1095 1133 1124; x_wconf 79' lang='grc' dir='ltr'><strong>οὖν</strong></span> <span class='ocrx_word' id='word_1_322' title='bbox 1150 1097 1307 1132; x_wconf 75' lang='grc' dir='ltr'>ὼφέλησα,</span> <span class='ocrx_word' id='word_1_323' title='bbox 1325 1097 1394 1124; x_wconf 78' lang='grc' dir='ltr'>οὔτε</span> <span class='ocrx_word' id='word_1_324' title='bbox 1407 1095 1547 1131; x_wconf 63' lang='grc' dir='ltr'>ὠρέλησέ</span> <span class='ocrx_word' id='word_1_325' title='bbox 1558 1105 1596 1131; x_wconf 84' lang='grc' dir='ltr'><strong>με</strong></span> <span class='ocrx_word' id='word_1_326' title='bbox 1608 1097 1681 1124; x_wconf 82' lang='grc' dir='ltr'><strong>οὐδέ</strong></span> <span class='ocrx_word' id='word_1_327' title='bbox 1691 1095 1746 1130; x_wconf 75' lang='grc' dir='ltr'>εις.</span> 
     </span>
    </p>
   </div>
   <div class='ocr_carea' id='block_1_46' title="bbox 166 1141 1793 1181">
    <p class='ocr_par' dir='ltr' id='par_1_46' title="bbox 166 1141 1793 1181">
     <span class='ocr_line' id='line_1_46' title="bbox 166 1141 1793 1181; baseline -0.002 -9"><span class='ocrx_word' id='word_1_328' title='bbox 166 1145 211 1180; x_wconf 80' lang='lat' dir='ltr'><strong>qui</strong></span> <span class='ocrx_word' id='word_1_329' title='bbox 225 1145 260 1173; x_wconf 86' lang='lat' dir='ltr'><strong>sit</strong></span> <span class='ocrx_word' id='word_1_330' title='bbox 277 1153 374 1173; x_wconf 87' lang='lat' dir='ltr'><strong>sensus</strong></span> <span class='ocrx_word' id='word_1_331' title='bbox 396 1146 423 1172; x_wconf 91' lang='lat' dir='ltr'><strong>in</strong></span> <span class='ocrx_word' id='word_1_332' title='bbox 447 1145 530 1178; x_wconf 86' lang='lat' dir='ltr'><strong>dicto,</strong></span> <span class='ocrx_word' id='word_1_333' title='bbox 564 1146 610 1181; x_wconf 88' lang='lat' dir='ltr'><strong>qui</strong></span> <span class='ocrx_word' id='word_1_334' title='bbox 638 1145 716 1178; x_wconf 87' lang='lat' dir='ltr'><strong>ordo,</strong></span> <span class='ocrx_word' id='word_1_335' title='bbox 739 1153 801 1180; x_wconf 75' lang='lat' dir='ltr'><strong>quae</strong></span> <span class='ocrx_word' id='word_1_336' title='bbox 832 1145 925 1180; x_wconf 86' lang='lat' dir='ltr'><strong>scripti</strong></span> <span class='ocrx_word' id='word_1_337' title='bbox 945 1144 1082 1172; x_wconf 79' lang='lat' dir='ltr'><strong>voluntas.</strong></span> <span class='ocrx_word' id='word_1_338' title='bbox 1119 1141 1197 1170; x_wconf 85' lang='lat' dir='ltr'><strong>Unde</strong></span> <span class='ocrx_word' id='word_1_339' title='bbox 1218 1142 1372 1170; x_wconf 88' lang='lat' dir='ltr'><strong>econtrario</strong></span> <span class='ocrx_word' id='word_1_340' title='bbox 1395 1143 1433 1170; x_wconf 86' lang='lat' dir='ltr'><strong>ait</strong></span> <span class='ocrx_word' id='word_1_341' title='bbox 1456 1151 1462 1170; x_wconf 91' lang='lat'>:</span> <span class='ocrx_word' id='word_1_342' title='bbox 1491 1141 1551 1169; x_wconf 86' lang='lat' dir='ltr'><strong>Non</strong></span> <span class='ocrx_word' id='word_1_343' title='bbox 1580 1142 1683 1177; x_wconf 74' lang='lat' dir='ltr'><strong>profui,</strong></span> <span class='ocrx_word' id='word_1_344' title='bbox 1712 1151 1793 1178; x_wconf 74' lang='lat' dir='ltr'><strong>neque</strong></span> 
     </span>
    </p>
   </div>
   <div class='ocr_carea' id='block_1_47' title="bbox 163 1192 500 1228">
    <p class='ocr_par' dir='ltr' id='par_1_47' title="bbox 163 1192 500 1228">
     <span class='ocr_line' id='line_1_47' title="bbox 163 1192 500 1228; baseline 0.006 -10"><span class='ocrx_word' id='word_1_345' title='bbox 163 1193 263 1227; x_wconf 54' lang='lat' dir='ltr'><strong>profuit</strong></span> <span class='ocrx_word' id='word_1_346' title='bbox 278 1192 340 1220; x_wconf 82' lang='lat' dir='ltr'><strong>mihi</strong></span> <span class='ocrx_word' id='word_1_347' title='bbox 351 1193 500 1228; x_wconf 78' lang='lat' dir='ltr'><strong>quisquam.</strong></span> 
     </span>
    </p>
   </div>
   <div class='ocr_carea' id='block_1_48' title="bbox 198 1238 946 1275">
    <p class='ocr_par' dir='ltr' id='par_1_48' title="bbox 198 1238 946 1275">
     <span class='ocr_line' id='line_1_48' title="bbox 198 1238 946 1275; baseline 0 -9"><span class='ocrx_word' id='word_1_348' title='bbox 198 1239 225 1266; x_wconf 75' lang='grc'><strong>4.</strong></span> <span class='ocrx_word' id='word_1_349' title='bbox 241 1238 308 1272; x_wconf 85' lang='lat' dir='ltr'><strong>Quia</strong></span> <span class='ocrx_word' id='word_1_350' title='bbox 321 1245 410 1267; x_wconf 89' lang='lat' dir='ltr'><strong>autem</strong></span> <span class='ocrx_word' id='word_1_351' title='bbox 423 1244 450 1267; x_wconf 88' lang='lat' dir='ltr'><strong>et</strong></span> <span class='ocrx_word' id='word_1_352' title='bbox 464 1240 517 1267; x_wconf 82' lang='lat' dir='ltr'><strong>alia</strong></span> <span class='ocrx_word' id='word_1_353' title='bbox 531 1240 608 1268; x_wconf 84' lang='lat' dir='ltr'><strong>nobis</strong></span> <span class='ocrx_word' id='word_1_354' title='bbox 624 1241 760 1275; x_wconf 84' lang='lat' dir='ltr'><strong>expositio</strong></span> <span class='ocrx_word' id='word_1_355' title='bbox 775 1240 884 1268; x_wconf 86' lang='lat' dir='ltr'><strong>residua</strong></span> <span class='ocrx_word' id='word_1_356' title='bbox 894 1247 946 1273; x_wconf 67' lang='grc' dir='ltr'>ρει,</span> 
     </span>
    </p>
   </div>
   <div class='ocr_carea' id='block_1_49' title="bbox 163 1284 946 1318">
    <p class='ocr_par' dir='ltr' id='par_1_49' title="bbox 163 1284 946 1318">
     <span class='ocr_line' id='line_1_49' title="bbox 163 1284 946 1318; baseline 0.005 -10"><span class='ocrx_word' id='word_1_357' title='bbox 163 1287 271 1317; x_wconf 86' lang='lat' dir='ltr'><strong>propter</strong></span> <span class='ocrx_word' id='word_1_358' title='bbox 287 1284 451 1318; x_wconf 75' lang='lat' dir='ltr'><strong>exemplaria</strong></span> <span class='ocrx_word' id='word_1_359' title='bbox 473 1284 588 1310; x_wconf 84' lang='lat' dir='ltr'><strong>certiora</strong></span> <span class='ocrx_word' id='word_1_360' title='bbox 605 1284 632 1310; x_wconf 93' lang='lat' dir='ltr'><strong>in</strong></span> <span class='ocrx_word' id='word_1_361' title='bbox 647 1284 748 1318; x_wconf 80' lang='lat' dir='ltr'><strong>quibus</strong></span> <span class='ocrx_word' id='word_1_362' title='bbox 769 1284 924 1312; x_wconf 86' lang='lat' dir='ltr'><strong>continetur</strong></span> <span class='ocrx_word' id='word_1_363' title='bbox 939 1293 946 1311; x_wconf 72' lang='grc' dir='ltr'><strong>ι</strong></span> 
     </span>
    </p>
   </div>
   <div class='ocr_carea' id='block_1_50' title="bbox 166 1326 947 1365">
    <p class='ocr_par' dir='ltr' id='par_1_50' title="bbox 166 1326 947 1365">
     <span class='ocr_line' id='line_1_50' title="bbox 166 1326 947 1365; baseline 0.006 -12"><span class='ocrx_word' id='word_1_364' title='bbox 166 1326 225 1354; x_wconf 75' lang='lat' dir='ltr'><strong>Non</strong></span> <span class='ocrx_word' id='word_1_365' title='bbox 239 1328 326 1360; x_wconf 84' lang='lat' dir='ltr'><strong>debui,</strong></span> <span class='ocrx_word' id='word_1_366' title='bbox 342 1337 422 1360; x_wconf 80' lang='lat' dir='ltr'><strong>neque</strong></span> <span class='ocrx_word' id='word_1_367' title='bbox 434 1329 522 1356; x_wconf 81' lang='lat' dir='ltr'><strong>debuit</strong></span> <span class='ocrx_word' id='word_1_368' title='bbox 534 1330 599 1356; x_wconf 85' lang='lat' dir='ltr'><strong>mihi</strong></span> <span class='ocrx_word' id='word_1_369' title='bbox 609 1331 758 1365; x_wconf 75' lang='lat' dir='ltr'><strong>quisquam,</strong></span> <span class='ocrx_word' id='word_1_370' title='bbox 778 1335 806 1358; x_wconf 87' lang='lat' dir='ltr'><strong>et</strong></span> <span class='ocrx_word' id='word_1_371' title='bbox 822 1331 895 1358; x_wconf 90' lang='lat' dir='ltr'><strong>hunc</strong></span> <span class='ocrx_word' id='word_1_372' title='bbox 905 1331 947 1358; x_wconf 89' lang='lat' dir='ltr'><strong>l0-</strong></span> 
     </span>
    </p>
   </div>
   <div class='ocr_carea' id='block_1_51' title="bbox 163 1375 946 1412">
    <p class='ocr_par' dir='ltr' id='par_1_51' title="bbox 163 1375 946 1412">
     <span class='ocr_line' id='line_1_51' title="bbox 163 1375 946 1412; baseline 0.005 -11"><span class='ocrx_word' id='word_1_373' title='bbox 163 1382 224 1401; x_wconf 83' lang='lat' dir='ltr'><strong>cum</strong></span> <span class='ocrx_word' id='word_1_374' title='bbox 245 1375 457 1403; x_wconf 88' lang='lat' dir='ltr'><strong>consideremus.</strong></span> <span class='ocrx_word' id='word_1_375' title='bbox 476 1375 528 1409; x_wconf 84' lang='lat' dir='ltr'><strong>Qui</strong></span> <span class='ocrx_word' id='word_1_376' title='bbox 549 1377 672 1403; x_wconf 81' lang='lat' dir='ltr'><strong>omnibus</strong></span> <span class='ocrx_word' id='word_1_377' title='bbox 696 1378 786 1405; x_wconf 89' lang='lat' dir='ltr'><strong>omnia</strong></span> <span class='ocrx_word' id='word_1_378' title='bbox 810 1379 946 1412; x_wconf 74' lang='lat' dir='ltr'><strong>restituit,</strong></span> 
     </span>
    </p>
   </div>
   <div class='ocr_carea' id='block_1_52' title="bbox 163 1420 942 1457">
    <p class='ocr_par' dir='ltr' id='par_1_52' title="bbox 163 1420 942 1457">
     <span class='ocr_line' id='line_1_52' title="bbox 163 1420 942 1457; baseline 0.008 -12"><span class='ocrx_word' id='word_1_379' title='bbox 163 1420 206 1446; x_wconf 79' lang='lat' dir='ltr'><strong>cui</strong></span> <span class='ocrx_word' id='word_1_380' title='bbox 226 1421 336 1456; x_wconf 81' lang='lat' dir='ltr'><strong>vectigal</strong></span> <span class='ocrx_word' id='word_1_381' title='bbox 350 1422 469 1456; x_wconf 78' lang='lat' dir='ltr'><strong>vectigal,</strong></span> <span class='ocrx_word' id='word_1_382' title='bbox 488 1422 531 1449; x_wconf 84' lang='lat' dir='ltr'><strong>cui</strong></span> <span class='ocrx_word' id='word_1_383' title='bbox 549 1423 667 1450; x_wconf 83' lang='lat' dir='ltr'><strong>timorem</strong></span> <span class='ocrx_word' id='word_1_384' title='bbox 682 1423 813 1457; x_wconf 82' lang='lat' dir='ltr'><strong>timorem,</strong></span> <span class='ocrx_word' id='word_1_385' title='bbox 833 1425 875 1451; x_wconf 82' lang='lat' dir='ltr'><strong>cui</strong></span> <span class='ocrx_word' id='word_1_386' title='bbox 892 1425 942 1451; x_wconf 84' lang='lat' dir='ltr'><strong>tri-</strong></span> 
     </span>
    </p>
   </div>
   <div class='ocr_carea' id='block_1_53' title="bbox 1043 1235 1789 1272">
    <p class='ocr_par' dir='ltr' id='par_1_53' title="bbox 1043 1235 1789 1272">
     <span class='ocr_line' id='line_1_53' title="bbox 1043 1235 1789 1272; baseline -0.004 -8"><span class='ocrx_word' id='word_1_387' title='bbox 1043 1238 1119 1264; x_wconf 72' lang='grc' dir='ltr'>Ἐπεὶ</span> <span class='ocrx_word' id='word_1_388' title='bbox 1133 1238 1162 1264; x_wconf 74' lang='grc' dir='ltr'>δὲ</span> <span class='ocrx_word' id='word_1_389' title='bbox 1179 1238 1224 1264; x_wconf 76' lang='grc' dir='ltr'>καὶ</span> <span class='ocrx_word' id='word_1_390' title='bbox 1239 1237 1305 1272; x_wconf 75' lang='grc' dir='ltr'>ἄλλη</span> <span class='ocrx_word' id='word_1_391' title='bbox 1322 1237 1449 1272; x_wconf 70' lang='grc' dir='ltr'>διήγησις</span> <span class='ocrx_word' id='word_1_392' title='bbox 1466 1237 1612 1271; x_wconf 82' lang='grc' dir='ltr'>ἀναγκαία,</span> <span class='ocrx_word' id='word_1_393' title='bbox 1632 1236 1678 1262; x_wconf 75' lang='grc' dir='ltr'><strong>διὰ</strong></span> <span class='ocrx_word' id='word_1_394' title='bbox 1691 1236 1724 1262; x_wconf 73' lang='grc' dir='ltr'>τὰ</span> <span class='ocrx_word' id='word_1_395' title='bbox 1747 1235 1789 1262; x_wconf 77' lang='grc' dir='ltr'><strong>ἁν-</strong></span> 
     </span>
    </p>
   </div>
   <div class='ocr_carea' id='block_1_54' title="bbox 999 1282 1792 1320">
    <p class='ocr_par' dir='ltr' id='par_1_54' title="bbox 999 1282 1792 1320">
     <span class='ocr_line' id='line_1_54' title="bbox 999 1282 1792 1320; baseline -0.005 -9"><span class='ocrx_word' id='word_1_396' title='bbox 999 1285 1120 1320; x_wconf 83' lang='grc' dir='ltr'>τιγραφα</span> <span class='ocrx_word' id='word_1_397' title='bbox 1143 1284 1177 1311; x_wconf 82' lang='grc' dir='ltr'><strong>τὰ</strong></span> <span class='ocrx_word' id='word_1_398' title='bbox 1194 1283 1378 1320; x_wconf 78' lang='grc' dir='ltr'>ἀκριϐέστερα</span> <span class='ocrx_word' id='word_1_399' title='bbox 1397 1283 1483 1314; x_wconf 78' lang='grc' dir='ltr'>οὕτως</span> <span class='ocrx_word' id='word_1_400' title='bbox 1499 1283 1608 1318; x_wconf 72' lang='grc' dir='ltr'>ἔχοντα,</span> <span class='ocrx_word' id='word_1_401' title='bbox 1625 1283 1688 1309; x_wconf 67' lang='grc' dir='ltr'><strong>Οὐκ</strong></span> <span class='ocrx_word' id='word_1_402' title='bbox 1705 1282 1792 1316; x_wconf 52' lang='grc' dir='ltr'>ὠφεί-</span> 
     </span>
    </p>
   </div>
   <div class='ocr_carea' id='block_1_55' title="bbox 1000 1329 1794 1366">
    <p class='ocr_par' dir='ltr' id='par_1_55' title="bbox 1000 1329 1794 1366">
     <span class='ocr_line' id='line_1_55' title="bbox 1000 1329 1794 1366; baseline -0.003 -8"><span class='ocrx_word' id='word_1_403' title='bbox 1000 1333 1094 1366; x_wconf 68' lang='grc' dir='ltr'>λησα,</span> <span class='ocrx_word' id='word_1_404' title='bbox 1108 1331 1180 1358; x_wconf 82' lang='grc' dir='ltr'>οὐδὲ</span> <span class='ocrx_word' id='word_1_405' title='bbox 1189 1331 1340 1366; x_wconf 75' lang='grc' dir='ltr'>ὠφείλησέ</span> <span class='ocrx_word' id='word_1_406' title='bbox 1350 1339 1401 1365; x_wconf 83' lang='grc' dir='ltr'><strong>μοι</strong></span> <span class='ocrx_word' id='word_1_407' title='bbox 1415 1331 1525 1363; x_wconf 77' lang='grc' dir='ltr'>οὐδεὶς,</span> <span class='ocrx_word' id='word_1_408' title='bbox 1539 1329 1735 1366; x_wconf 76' lang='grc' dir='ltr'>διηγησώμεθα</span> <span class='ocrx_word' id='word_1_409' title='bbox 1748 1329 1794 1357; x_wconf 71' lang='grc' dir='ltr'>καὶ</span> 
     </span>
    </p>
   </div>
   <div class='ocr_carea' id='block_1_56' title="bbox 1000 1375 1790 1412">
    <p class='ocr_par' dir='ltr' id='par_1_56' title="bbox 1000 1375 1790 1412">
     <span class='ocr_line' id='line_1_56' title="bbox 1000 1375 1790 1412; baseline -0.004 -8"><span class='ocrx_word' id='word_1_410' title='bbox 1000 1377 1086 1409; x_wconf 78' lang='grc' dir='ltr'>οὕτως</span> <span class='ocrx_word' id='word_1_411' title='bbox 1106 1377 1167 1412; x_wconf 78' lang='grc' dir='ltr'>ἔχον</span> <span class='ocrx_word' id='word_1_412' title='bbox 1179 1377 1210 1404; x_wconf 83' lang='grc' dir='ltr'>τὸ</span> <span class='ocrx_word' id='word_1_413' title='bbox 1226 1377 1317 1412; x_wconf 80' lang='grc' dir='ltr'>ῥητόν.</span> <span class='ocrx_word' id='word_1_414' title='bbox 1342 1377 1368 1402; x_wconf 92' lang='lat'><strong>&#39;0</strong></span> <span class='ocrx_word' id='word_1_415' title='bbox 1378 1375 1437 1411; x_wconf 78' lang='grc' dir='ltr'><strong>μὲν</strong></span> <span class='ocrx_word' id='word_1_416' title='bbox 1450 1375 1505 1411; x_wconf 77' lang='grc' dir='ltr'>γὰρ</span> <span class='ocrx_word' id='word_1_417' title='bbox 1519 1375 1615 1402; x_wconf 76' lang='grc' dir='ltr'>πᾶσιν</span> <span class='ocrx_word' id='word_1_418' title='bbox 1629 1375 1790 1407; x_wconf 74' lang='grc' dir='ltr'>ἀποδιδοὺς</span> 
     </span>
    </p>
   </div>
   <div class='ocr_carea' id='block_1_57' title="bbox 1001 1420 1791 1457">
    <p class='ocr_par' dir='ltr' id='par_1_57' title="bbox 1001 1420 1791 1457">
     <span class='ocr_line' id='line_1_57' title="bbox 1001 1420 1791 1457; baseline -0.004 -7"><span class='ocrx_word' id='word_1_419' title='bbox 1001 1423 1055 1456; x_wconf 79' lang='grc' dir='ltr'>τὰς</span> <span class='ocrx_word' id='word_1_420' title='bbox 1072 1423 1203 1457; x_wconf 66' lang='grc' dir='ltr'>ὀφειλάς,</span> <span class='ocrx_word' id='word_1_421' title='bbox 1218 1422 1257 1455; x_wconf 85' lang='grc' dir='ltr'>τῷ</span> <span class='ocrx_word' id='word_1_422' title='bbox 1273 1422 1326 1449; x_wconf 84' lang='grc' dir='ltr'>τὸν</span> <span class='ocrx_word' id='word_1_423' title='bbox 1337 1422 1441 1456; x_wconf 73' lang='grc' dir='ltr'>φόρον,</span> <span class='ocrx_word' id='word_1_424' title='bbox 1453 1421 1506 1448; x_wconf 77' lang='grc' dir='ltr'>τὸν</span> <span class='ocrx_word' id='word_1_425' title='bbox 1517 1422 1612 1456; x_wconf 69' lang='grc' dir='ltr'>φόρον</span> <span class='ocrx_word' id='word_1_426' title='bbox 1627 1441 1635 1453; x_wconf 89' lang='grc'><strong>,</strong></span> <span class='ocrx_word' id='word_1_427' title='bbox 1651 1420 1689 1453; x_wconf 81' lang='grc' dir='ltr'>τῷ</span> <span class='ocrx_word' id='word_1_428' title='bbox 1704 1420 1735 1447; x_wconf 74' lang='grc' dir='ltr'>τὸ</span> <span class='ocrx_word' id='word_1_429' title='bbox 1749 1420 1791 1447; x_wconf 55' lang='grc' dir='ltr'>τίκ</span> 
     </span>
    </p>
   </div>
   <div class='ocr_carea' id='block_1_58' title="bbox 164 1466 946 1508">
    <p class='ocr_par' dir='ltr' id='par_1_58' title="bbox 164 1466 946 1501">
     <span class='ocr_line' id='line_1_58' title="bbox 164 1466 946 1501; baseline 0.008 -10"><span class='ocrx_word' id='word_1_430' title='bbox 164 1466 254 1492; x_wconf 80' lang='lat' dir='ltr'><strong>bulum</strong></span> <span class='ocrx_word' id='word_1_431' title='bbox 269 1466 406 1498; x_wconf 80' lang='lat' dir='ltr'><strong>tributum,</strong></span> <span class='ocrx_word' id='word_1_432' title='bbox 418 1467 460 1494; x_wconf 80' lang='lat' dir='ltr'><strong>cui</strong></span> <span class='ocrx_word' id='word_1_433' title='bbox 474 1468 599 1494; x_wconf 63' lang='lat' dir='ltr'><strong>honorem</strong></span> <span class='ocrx_word' id='word_1_434' title='bbox 611 1468 736 1496; x_wconf 79' lang='lat' dir='ltr'><strong>honorent</strong></span> <span class='ocrx_word' id='word_1_435' title='bbox 749 1469 781 1501; x_wconf 78' lang='lat'><strong>“,</strong></span> <span class='ocrx_word' id='word_1_436' title='bbox 795 1473 822 1496; x_wconf 85' lang='lat' dir='ltr'><strong>et</strong></span> <span class='ocrx_word' id='word_1_437' title='bbox 835 1470 946 1497; x_wconf 82' lang='lat' dir='ltr'><strong>univer—</strong></span> 
     </span>
    </p>
   </div>
   <div class='ocr_carea' id='block_1_59' title="bbox 1019 1466 1790 1508">
    <p class='ocr_par' dir='ltr' id='par_1_59' title="bbox 1019 1466 1790 1503">
     <span class='ocr_line' id='line_1_59' title="bbox 1019 1466 1790 1503; baseline -0.004 -8"><span class='ocrx_word' id='word_1_438' title='bbox 1019 1478 1066 1501; x_wconf 48' lang='grc' dir='ltr'>νος,</span> <span class='ocrx_word' id='word_1_439' title='bbox 1078 1468 1109 1495; x_wconf 86' lang='grc' dir='ltr'>τὸ</span> <span class='ocrx_word' id='word_1_440' title='bbox 1122 1469 1219 1502; x_wconf 82' lang='grc' dir='ltr'><strong>τέλος,</strong></span> <span class='ocrx_word' id='word_1_441' title='bbox 1241 1468 1280 1501; x_wconf 80' lang='grc' dir='ltr'>τῷ</span> <span class='ocrx_word' id='word_1_442' title='bbox 1292 1468 1345 1495; x_wconf 81' lang='grc' dir='ltr'><strong>τὸν</strong></span> <span class='ocrx_word' id='word_1_443' title='bbox 1360 1469 1463 1503; x_wconf 75' lang='grc' dir='ltr'>φόϐον,</span> <span class='ocrx_word' id='word_1_444' title='bbox 1481 1467 1534 1495; x_wconf 82' lang='grc' dir='ltr'>τὸν</span> <span class='ocrx_word' id='word_1_445' title='bbox 1554 1468 1660 1502; x_wconf 71' lang='grc' dir='ltr'>φόϐον,</span> <span class='ocrx_word' id='word_1_446' title='bbox 1684 1467 1722 1500; x_wconf 82' lang='grc' dir='ltr'>τῷ</span> <span class='ocrx_word' id='word_1_447' title='bbox 1735 1466 1790 1500; x_wconf 76' lang='grc' dir='ltr'>τὴν</span> 
     </span>
    </p>
   </div>
   <div class='ocr_carea' id='block_1_60' title="bbox 163 1511 950 1549">
    <p class='ocr_par' dir='ltr' id='par_1_60' title="bbox 163 1511 950 1549">
     <span class='ocr_line' id='line_1_60' title="bbox 163 1511 950 1549; baseline 0.005 -11"><span class='ocrx_word' id='word_1_448' title='bbox 163 1511 202 1539; x_wconf 81' lang='lat' dir='ltr'><strong>sis</strong></span> <span class='ocrx_word' id='word_1_449' title='bbox 223 1512 315 1540; x_wconf 83' lang='lat' dir='ltr'><strong>omnia</strong></span> <span class='ocrx_word' id='word_1_450' title='bbox 340 1518 524 1548; x_wconf 70' lang='lat' dir='ltr'><strong>repraesentat,</strong></span> <span class='ocrx_word' id='word_1_451' title='bbox 549 1514 616 1541; x_wconf 89' lang='lat' dir='ltr'><strong>nulli</strong></span> <span class='ocrx_word' id='word_1_452' title='bbox 634 1515 737 1542; x_wconf 90' lang='lat' dir='ltr'><strong>debens</strong></span> <span class='ocrx_word' id='word_1_453' title='bbox 763 1514 871 1549; x_wconf 88' lang='lat' dir='ltr'><strong>aliquod</strong></span> <span class='ocrx_word' id='word_1_454' title='bbox 890 1515 950 1542; x_wconf 74' lang='grc' dir='ltr'>θαι-</span> 
     </span>
    </p>
   </div>
   <div class='ocr_carea' id='block_1_61' title="bbox 163 1557 949 1595">
    <p class='ocr_par' dir='ltr' id='par_1_61' title="bbox 163 1557 949 1595">
     <span class='ocr_line' id='line_1_61' title="bbox 163 1557 949 1595; baseline 0.004 -11"><span class='ocrx_word' id='word_1_455' title='bbox 163 1557 246 1590; x_wconf 88' lang='lat' dir='ltr'><strong>cium,</strong></span> <span class='ocrx_word' id='word_1_456' title='bbox 262 1557 336 1585; x_wconf 81' lang='lat' dir='ltr'><strong>verbi</strong></span> <span class='ocrx_word' id='word_1_457' title='bbox 351 1558 448 1593; x_wconf 73' lang='lat' dir='ltr'><strong>gratia,</strong></span> <span class='ocrx_word' id='word_1_458' title='bbox 461 1558 602 1587; x_wconf 87' lang='lat' dir='ltr'><strong>houorans</strong></span> <span class='ocrx_word' id='word_1_459' title='bbox 619 1564 747 1594; x_wconf 88' lang='lat' dir='ltr'><strong>parentes</strong></span> <span class='ocrx_word' id='word_1_460' title='bbox 763 1564 792 1587; x_wconf 90' lang='lat' dir='ltr'><strong>ut</strong></span> <span class='ocrx_word' id='word_1_461' title='bbox 807 1565 949 1595; x_wconf 85' lang='lat' dir='ltr'><strong>parentes,</strong></span> 
     </span>
    </p>
   </div>
   <div class='ocr_carea' id='block_1_62' title="bbox 164 1603 947 1640">
    <p class='ocr_par' dir='ltr' id='par_1_62' title="bbox 164 1603 947 1640">
     <span class='ocr_line' id='line_1_62' title="bbox 164 1603 947 1640; baseline 0.004 -11"><span class='ocrx_word' id='word_1_462' title='bbox 164 1603 261 1630; x_wconf 77' lang='lat' dir='ltr'><strong>fratres</strong></span> <span class='ocrx_word' id='word_1_463' title='bbox 278 1607 309 1630; x_wconf 93' lang='lat' dir='ltr'><strong>ut</strong></span> <span class='ocrx_word' id='word_1_464' title='bbox 324 1603 431 1636; x_wconf 83' lang='lat' dir='ltr'><strong>fratres,</strong></span> <span class='ocrx_word' id='word_1_465' title='bbox 449 1604 519 1632; x_wconf 86' lang='lat' dir='ltr'><strong>ﬁlios</strong></span> <span class='ocrx_word' id='word_1_466' title='bbox 537 1609 567 1632; x_wconf 93' lang='lat' dir='ltr'><strong>ut</strong></span> <span class='ocrx_word' id='word_1_467' title='bbox 581 1605 662 1638; x_wconf 84' lang='lat' dir='ltr'><strong>ﬁlios,</strong></span> <span class='ocrx_word' id='word_1_468' title='bbox 682 1605 827 1640; x_wconf 86' lang='lat' dir='ltr'><strong>episcopos</strong></span> <span class='ocrx_word' id='word_1_469' title='bbox 844 1609 873 1632; x_wconf 92' lang='lat' dir='ltr'><strong>ut</strong></span> <span class='ocrx_word' id='word_1_470' title='bbox 890 1605 947 1639; x_wconf 87' lang='lat' dir='ltr'><strong>epi-</strong></span> 
     </span>
    </p>
   </div>
   <div class='ocr_carea' id='block_1_63' title="bbox 163 1649 950 1686">
    <p class='ocr_par' dir='ltr' id='par_1_63' title="bbox 163 1649 950 1686">
     <span class='ocr_line' id='line_1_63' title="bbox 163 1649 950 1686; baseline 0.004 -12"><span class='ocrx_word' id='word_1_471' title='bbox 163 1655 271 1682; x_wconf 86' lang='lat' dir='ltr'><strong>scopos,</strong></span> <span class='ocrx_word' id='word_1_472' title='bbox 299 1649 472 1684; x_wconf 86' lang='lat' dir='ltr'><strong>presbyteros</strong></span> <span class='ocrx_word' id='word_1_473' title='bbox 497 1654 525 1677; x_wconf 90' lang='lat' dir='ltr'><strong>ut</strong></span> <span class='ocrx_word' id='word_1_474' title='bbox 549 1650 744 1686; x_wconf 84' lang='lat' dir='ltr'><strong>presbyteros,</strong></span> <span class='ocrx_word' id='word_1_475' title='bbox 767 1650 897 1678; x_wconf 89' lang='lat' dir='ltr'><strong>diaconos</strong></span> <span class='ocrx_word' id='word_1_476' title='bbox 921 1655 950 1678; x_wconf 90' lang='lat' dir='ltr'><strong>ut</strong></span> 
     </span>
    </p>
   </div>
   <div class='ocr_carea' id='block_1_64' title="bbox 163 1693 948 1727">
    <p class='ocr_par' dir='ltr' id='par_1_64' title="bbox 163 1693 948 1727">
     <span class='ocr_line' id='line_1_64' title="bbox 163 1693 948 1727; baseline 0.005 -8"><span class='ocrx_word' id='word_1_477' title='bbox 163 1693 304 1726; x_wconf 82' lang='lat' dir='ltr'><strong>diaconos,</strong></span> <span class='ocrx_word' id='word_1_478' title='bbox 323 1694 414 1721; x_wconf 80' lang='lat' dir='ltr'><strong>ﬁdeles</strong></span> <span class='ocrx_word' id='word_1_479' title='bbox 431 1701 460 1722; x_wconf 91' lang='lat' dir='ltr'><strong>ut</strong></span> <span class='ocrx_word' id='word_1_480' title='bbox 477 1695 581 1727; x_wconf 88' lang='lat' dir='ltr'><strong>lldeles,</strong></span> <span class='ocrx_word' id='word_1_481' title='bbox 599 1696 813 1724; x_wconf 84' lang='lat' dir='ltr'><strong>catechumenos</strong></span> <span class='ocrx_word' id='word_1_482' title='bbox 828 1700 858 1723; x_wconf 91' lang='lat' dir='ltr'><strong>ut</strong></span> <span class='ocrx_word' id='word_1_483' title='bbox 876 1700 948 1723; x_wconf 88' lang='lat' dir='ltr'><strong>cate-</strong></span> 
     </span>
    </p>
   </div>
   <div class='ocr_carea' id='block_1_65' title="bbox 162 1737 950 1775">
    <p class='ocr_par' dir='ltr' id='par_1_65' title="bbox 162 1737 950 1775">
     <span class='ocr_line' id='line_1_65' title="bbox 162 1737 950 1775; baseline 0.008 -12"><span class='ocrx_word' id='word_1_484' title='bbox 162 1737 329 1770; x_wconf 83' lang='lat' dir='ltr'><strong>chumenos;</strong></span> <span class='ocrx_word' id='word_1_485' title='bbox 346 1739 369 1767; x_wconf 89' lang='lat' dir='ltr'><strong>si</strong></span> <span class='ocrx_word' id='word_1_486' title='bbox 387 1740 478 1767; x_wconf 87' lang='lat' dir='ltr'><strong>omnia</strong></span> <span class='ocrx_word' id='word_1_487' title='bbox 496 1740 622 1768; x_wconf 90' lang='lat' dir='ltr'><strong>omnibus</strong></span> <span class='ocrx_word' id='word_1_488' title='bbox 638 1741 747 1775; x_wconf 89' lang='lat' dir='ltr'><strong>reddat,</strong></span> <span class='ocrx_word' id='word_1_489' title='bbox 772 1741 839 1768; x_wconf 88' lang='lat' dir='ltr'><strong>nulli</strong></span> <span class='ocrx_word' id='word_1_490' title='bbox 869 1741 950 1769; x_wconf 87' lang='lat' dir='ltr'><strong>debet</strong></span> 
     </span>
    </p>
   </div>
   <div class='ocr_carea' id='block_1_66' title="bbox 161 1781 947 1820">
    <p class='ocr_par' dir='ltr' id='par_1_66' title="bbox 161 1781 947 1820">
     <span class='ocr_line' id='line_1_66' title="bbox 161 1781 947 1820; baseline 0.006 -11"><span class='ocrx_word' id='word_1_491' title='bbox 161 1781 291 1810; x_wconf 73' lang='lat' dir='ltr'><strong>officium.</strong></span> <span class='ocrx_word' id='word_1_492' title='bbox 315 1783 342 1811; x_wconf 91' lang='lat' dir='ltr'><strong>Si</strong></span> <span class='ocrx_word' id='word_1_493' title='bbox 357 1792 420 1812; x_wconf 85' lang='lat' dir='ltr'><strong>vero</strong></span> <span class='ocrx_word' id='word_1_494' title='bbox 441 1785 553 1813; x_wconf 87' lang='lat' dir='ltr'><strong>reddere</strong></span> <span class='ocrx_word' id='word_1_495' title='bbox 566 1786 646 1814; x_wconf 86' lang='lat' dir='ltr'><strong>debet</strong></span> <span class='ocrx_word' id='word_1_496' title='bbox 660 1791 687 1813; x_wconf 91' lang='lat' dir='ltr'><strong>et</strong></span> <span class='ocrx_word' id='word_1_497' title='bbox 705 1794 758 1814; x_wconf 92' lang='lat' dir='ltr'><strong>non</strong></span> <span class='ocrx_word' id='word_1_498' title='bbox 775 1786 872 1820; x_wconf 88' lang='lat' dir='ltr'><strong>reddit,</strong></span> <span class='ocrx_word' id='word_1_499' title='bbox 894 1795 947 1814; x_wconf 91' lang='lat' dir='ltr'><strong>non</strong></span> 
     </span>
    </p>
   </div>
   <div class='ocr_carea' id='block_1_67' title="bbox 163 1829 946 1866">
    <p class='ocr_par' dir='ltr' id='par_1_67' title="bbox 163 1829 946 1866">
     <span class='ocr_line' id='line_1_67' title="bbox 163 1829 946 1866; baseline 0.006 -11"><span class='ocrx_word' id='word_1_500' title='bbox 163 1833 250 1862; x_wconf 83' lang='lat' dir='ltr'><strong>potest</strong></span> <span class='ocrx_word' id='word_1_501' title='bbox 263 1829 353 1857; x_wconf 90' lang='lat' dir='ltr'><strong>dicere</strong></span> <span class='ocrx_word' id='word_1_502' title='bbox 368 1840 374 1857; x_wconf 89' lang='lat'>:</span> <span class='ocrx_word' id='word_1_503' title='bbox 391 1839 441 1857; x_wconf 87' lang='lat' dir='ltr'><strong>non</strong></span> <span class='ocrx_word' id='word_1_504' title='bbox 461 1831 551 1865; x_wconf 81' lang='lat' dir='ltr'><strong>debui,-</strong></span> <span class='ocrx_word' id='word_1_505' title='bbox 566 1839 628 1859; x_wconf 91' lang='lat' dir='ltr'><strong>cum</strong></span> <span class='ocrx_word' id='word_1_506' title='bbox 649 1832 722 1859; x_wconf 87' lang='lat' dir='ltr'><strong>enim</strong></span> <span class='ocrx_word' id='word_1_507' title='bbox 747 1832 946 1866; x_wconf 88' lang='lat' dir='ltr'><strong>debuerit,non</strong></span> 
     </span>
    </p>
   </div>
   <div class='ocr_carea' id='block_1_68' title="bbox 160 1875 947 1911">
    <p class='ocr_par' dir='ltr' id='par_1_68' title="bbox 160 1875 947 1911">
     <span class='ocr_line' id='line_1_68' title="bbox 160 1875 947 1911; baseline 0.004 -10"><span class='ocrx_word' id='word_1_508' title='bbox 160 1875 285 1903; x_wconf 76' lang='lat' dir='ltr'><strong>exsolvit.</strong></span> <span class='ocrx_word' id='word_1_509' title='bbox 310 1875 388 1909; x_wconf 88' lang='lat' dir='ltr'><strong>Quod</strong></span> <span class='ocrx_word' id='word_1_510' title='bbox 412 1880 501 1903; x_wconf 77' lang='lat' dir='ltr'><strong>autem</strong></span> <span class='ocrx_word' id='word_1_511' title='bbox 527 1877 660 1911; x_wconf 88' lang='lat' dir='ltr'><strong>sequitur,</strong></span> <span class='ocrx_word' id='word_1_512' title='bbox 687 1885 738 1904; x_wconf 88' lang='lat' dir='ltr'><strong>non</strong></span> <span class='ocrx_word' id='word_1_513' title='bbox 765 1877 854 1904; x_wconf 82' lang='lat' dir='ltr'><strong>debuit</strong></span> <span class='ocrx_word' id='word_1_514' title='bbox 882 1877 947 1904; x_wconf 76' lang='lat' dir='ltr'><strong>milii</strong></span> 
     </span>
    </p>
   </div>
   <div class='ocr_carea' id='block_1_69' title="bbox 160 1920 948 1958">
    <p class='ocr_par' dir='ltr' id='par_1_69' title="bbox 160 1920 948 1958">
     <span class='ocr_line' id='line_1_69' title="bbox 160 1920 948 1958; baseline 0.006 -13"><span class='ocrx_word' id='word_1_515' title='bbox 160 1920 310 1955; x_wconf 76' lang='lat' dir='ltr'><strong>quisquam,</strong></span> <span class='ocrx_word' id='word_1_516' title='bbox 328 1921 368 1948; x_wconf 91' lang='lat' dir='ltr'><strong>sic</strong></span> <span class='ocrx_word' id='word_1_517' title='bbox 383 1921 588 1956; x_wconf 78' lang='lat' dir='ltr'><strong>intelligendum</strong></span> <span class='ocrx_word' id='word_1_518' title='bbox 602 1926 643 1949; x_wconf 83' lang='lat' dir='ltr'><strong>est</strong></span> <span class='ocrx_word' id='word_1_519' title='bbox 657 1931 662 1949; x_wconf 90' lang='lat'>:</span> <span class='ocrx_word' id='word_1_520' title='bbox 681 1930 731 1957; x_wconf 74' lang='lat' dir='ltr'><strong>ego</strong></span> <span class='ocrx_word' id='word_1_521' title='bbox 742 1923 851 1958; x_wconf 89' lang='lat' dir='ltr'><strong>quidem</strong></span> <span class='ocrx_word' id='word_1_522' title='bbox 865 1922 948 1951; x_wconf 54' lang='lat' dir='ltr'><strong>liene</strong></span> 
     </span>
    </p>
   </div>
   <div class='ocr_carea' id='block_1_70' title="bbox 160 1965 945 2002">
    <p class='ocr_par' dir='ltr' id='par_1_70' title="bbox 160 1965 945 2002">
     <span class='ocr_line' id='line_1_70' title="bbox 160 1965 945 2002; baseline 0.004 -10"><span class='ocrx_word' id='word_1_523' title='bbox 160 1965 215 1993; x_wconf 79' lang='lat' dir='ltr'><strong>rari</strong></span> <span class='ocrx_word' id='word_1_524' title='bbox 233 1965 315 2000; x_wconf 84' lang='lat' dir='ltr'><strong>volui,</strong></span> <span class='ocrx_word' id='word_1_525' title='bbox 332 1970 360 1994; x_wconf 90' lang='lat' dir='ltr'><strong>et</strong></span> <span class='ocrx_word' id='word_1_526' title='bbox 377 1966 513 2002; x_wconf 85' lang='lat' dir='ltr'><strong>spiritales</strong></span> <span class='ocrx_word' id='word_1_527' title='bbox 534 1967 668 2002; x_wconf 81' lang='lat' dir='ltr'><strong>pecunias</strong></span> <span class='ocrx_word' id='word_1_528' title='bbox 684 1967 861 1995; x_wconf 83' lang='lat' dir='ltr'><strong>commodare</strong></span> <span class='ocrx_word' id='word_1_529' title='bbox 872 1988 879 2001; x_wconf 91' lang='lat'><strong>,</strong></span> <span class='ocrx_word' id='word_1_530' title='bbox 898 1969 945 1996; x_wconf 86' lang='lat' dir='ltr'><strong>sed</strong></span> 
     </span>
    </p>
   </div>
   <div class='ocr_carea' id='block_1_71' title="bbox 161 2011 945 2047">
    <p class='ocr_par' dir='ltr' id='par_1_71' title="bbox 161 2011 945 2047">
     <span class='ocr_line' id='line_1_71' title="bbox 161 2011 945 2047; baseline 0.003 -9"><span class='ocrx_word' id='word_1_531' title='bbox 161 2011 199 2038; x_wconf 92' lang='lat' dir='ltr'><strong>illi</strong></span> <span class='ocrx_word' id='word_1_532' title='bbox 223 2016 378 2039; x_wconf 86' lang='lat' dir='ltr'><strong>averterunt</strong></span> <span class='ocrx_word' id='word_1_533' title='bbox 393 2019 474 2040; x_wconf 88' lang='lat' dir='ltr'><strong>aures</strong></span> <span class='ocrx_word' id='word_1_534' title='bbox 495 2020 559 2040; x_wconf 84' lang='lat' dir='ltr'><strong>suas</strong></span> <span class='ocrx_word' id='word_1_535' title='bbox 577 2013 611 2039; x_wconf 86' lang='lat' dir='ltr'><strong>ab</strong></span> <span class='ocrx_word' id='word_1_536' title='bbox 634 2013 667 2040; x_wconf 75' lang='lat' dir='ltr'><strong>iis</strong></span> <span class='ocrx_word' id='word_1_537' title='bbox 687 2020 749 2047; x_wconf 67' lang='lat' dir='ltr'><strong>quae</strong></span> <span class='ocrx_word' id='word_1_538' title='bbox 766 2013 945 2046; x_wconf 86' lang='lat' dir='ltr'><strong>dicebantur,</strong></span> 
     </span>
    </p>
   </div>
   <div class='ocr_carea' id='block_1_72' title="bbox 162 2058 945 2094">
    <p class='ocr_par' dir='ltr' id='par_1_72' title="bbox 162 2058 945 2094">
     <span class='ocr_line' id='line_1_72' title="bbox 162 2058 945 2094; baseline 0.003 -9"><span class='ocrx_word' id='word_1_539' title='bbox 162 2065 251 2094; x_wconf 79' lang='lat' dir='ltr'><strong>neque</strong></span> <span class='ocrx_word' id='word_1_540' title='bbox 264 2058 407 2086; x_wconf 89' lang='lat' dir='ltr'><strong>voluerunt</strong></span> <span class='ocrx_word' id='word_1_541' title='bbox 423 2059 542 2093; x_wconf 66' lang='lat' dir='ltr'><strong>praebere</strong></span> <span class='ocrx_word' id='word_1_542' title='bbox 557 2065 586 2086; x_wconf 78' lang='lat' dir='ltr'><strong>se</strong></span> <span class='ocrx_word' id='word_1_543' title='bbox 599 2059 712 2093; x_wconf 86' lang='lat' dir='ltr'><strong>dociles,</strong></span> <span class='ocrx_word' id='word_1_544' title='bbox 731 2063 761 2086; x_wconf 91' lang='lat' dir='ltr'><strong>ut</strong></span> <span class='ocrx_word' id='word_1_545' title='bbox 779 2059 847 2087; x_wconf 87' lang='lat' dir='ltr'><strong>mihi</strong></span> <span class='ocrx_word' id='word_1_546' title='bbox 860 2059 945 2087; x_wconf 86' lang='lat' dir='ltr'><strong>debe-</strong></span> 
     </span>
    </p>
   </div>
   <div class='ocr_carea' id='block_1_73' title="bbox 163 2104 947 2141">
    <p class='ocr_par' dir='ltr' id='par_1_73' title="bbox 163 2104 947 2141">
     <span class='ocr_line' id='line_1_73' title="bbox 163 2104 947 2141; baseline 0.004 -11"><span class='ocrx_word' id='word_1_547' title='bbox 163 2108 222 2130; x_wconf 83' lang='lat' dir='ltr'><strong>rent</strong></span> <span class='ocrx_word' id='word_1_548' title='bbox 236 2112 298 2138; x_wconf 67' lang='lat' dir='ltr'><strong>qua</strong></span> <span class='ocrx_word' id='word_1_549' title='bbox 314 2104 471 2132; x_wconf 85' lang='lat' dir='ltr'><strong>audiebant.</strong></span> <span class='ocrx_word' id='word_1_550' title='bbox 487 2104 590 2132; x_wconf 86' lang='lat' dir='ltr'><strong>Idcirco</strong></span> <span class='ocrx_word' id='word_1_551' title='bbox 606 2113 659 2133; x_wconf 85' lang='lat' dir='ltr'><strong>non</strong></span> <span class='ocrx_word' id='word_1_552' title='bbox 681 2105 776 2132; x_wconf 86' lang='lat' dir='ltr'><strong>debuit</strong></span> <span class='ocrx_word' id='word_1_553' title='bbox 789 2105 855 2132; x_wconf 89' lang='lat' dir='ltr'><strong>mihi</strong></span> <span class='ocrx_word' id='word_1_554' title='bbox 869 2106 947 2141; x_wconf 88' lang='lat' dir='ltr'><strong>quis-</strong></span> 
     </span>
    </p>
   </div>
   <div class='ocr_carea' id='block_1_74' title="bbox 1002 1511 1792 1549">
    <p class='ocr_par' dir='ltr' id='par_1_74' title="bbox 1002 1511 1792 1549">
     <span class='ocr_line' id='line_1_74' title="bbox 1002 1511 1792 1549; baseline -0.003 -9"><span class='ocrx_word' id='word_1_555' title='bbox 1002 1514 1100 1549; x_wconf 77' lang='grc' dir='ltr'>τιμὴν,</span> <span class='ocrx_word' id='word_1_556' title='bbox 1119 1514 1175 1548; x_wconf 77' lang='grc' dir='ltr'><strong>τὴν</strong></span> <span class='ocrx_word' id='word_1_557' title='bbox 1188 1514 1289 1548; x_wconf 76' lang='grc' dir='ltr'>τιμὴν,</span> <span class='ocrx_word' id='word_1_558' title='bbox 1307 1513 1354 1540; x_wconf 75' lang='grc' dir='ltr'>καὶ</span> <span class='ocrx_word' id='word_1_559' title='bbox 1376 1513 1443 1540; x_wconf 79' lang='grc' dir='ltr'>πᾶσι</span> <span class='ocrx_word' id='word_1_560' title='bbox 1467 1512 1501 1539; x_wconf 79' lang='grc' dir='ltr'>τὰ</span> <span class='ocrx_word' id='word_1_561' title='bbox 1520 1511 1677 1547; x_wconf 81' lang='grc' dir='ltr'>καθήκοντα</span> <span class='ocrx_word' id='word_1_562' title='bbox 1699 1512 1792 1538; x_wconf 63' lang='grc' dir='ltr'>ἀποδι-</span> 
     </span>
    </p>
   </div>
   <div class='ocr_carea' id='block_1_75' title="bbox 999 1559 1793 1596">
    <p class='ocr_par' dir='ltr' id='par_1_75' title="bbox 999 1559 1793 1596">
     <span class='ocr_line' id='line_1_75' title="bbox 999 1559 1793 1596; baseline 0 -10"><span class='ocrx_word' id='word_1_563' title='bbox 999 1560 1072 1592; x_wconf 81' lang='grc' dir='ltr'>δοὺς,</span> <span class='ocrx_word' id='word_1_564' title='bbox 1082 1560 1120 1592; x_wconf 79' lang='grc' dir='ltr'>ὡς</span> <span class='ocrx_word' id='word_1_565' title='bbox 1133 1560 1170 1596; x_wconf 85' lang='grc' dir='ltr'>μὴ</span> <span class='ocrx_word' id='word_1_566' title='bbox 1180 1560 1296 1595; x_wconf 80' lang='grc' dir='ltr'>ὀφείλειν</span> <span class='ocrx_word' id='word_1_567' title='bbox 1311 1560 1346 1586; x_wconf 79' lang='grc' dir='ltr'>τὰ</span> <span class='ocrx_word' id='word_1_568' title='bbox 1359 1559 1514 1595; x_wconf 77' lang='grc' dir='ltr'>καθήκοντα</span> <span class='ocrx_word' id='word_1_569' title='bbox 1531 1559 1599 1594; x_wconf 81' lang='grc' dir='ltr'>πρός</span> <span class='ocrx_word' id='word_1_570' title='bbox 1611 1567 1699 1589; x_wconf 78' lang='grc' dir='ltr'>τινας,</span> <span class='ocrx_word' id='word_1_571' title='bbox 1712 1559 1793 1593; x_wconf 79' lang='grc' dir='ltr'>τιμή-</span> 
     </span>
    </p>
   </div>
   <div class='ocr_carea' id='block_1_76' title="bbox 1002 1603 1792 1639">
    <p class='ocr_par' dir='ltr' id='par_1_76' title="bbox 1002 1603 1792 1639">
     <span class='ocr_line' id='line_1_76' title="bbox 1002 1603 1792 1639; baseline -0.004 -8"><span class='ocrx_word' id='word_1_572' title='bbox 1002 1613 1050 1636; x_wconf 83' lang='grc' dir='ltr'><strong>σας</strong></span> <span class='ocrx_word' id='word_1_573' title='bbox 1063 1605 1125 1637; x_wconf 82' lang='grc' dir='ltr'>τοὺς</span> <span class='ocrx_word' id='word_1_574' title='bbox 1136 1607 1223 1639; x_wconf 79' lang='grc' dir='ltr'>γονεῖς</span> <span class='ocrx_word' id='word_1_575' title='bbox 1231 1605 1268 1637; x_wconf 82' lang='grc' dir='ltr'>ὡς</span> <span class='ocrx_word' id='word_1_576' title='bbox 1278 1605 1511 1639; x_wconf 80' lang='grc' dir='ltr'>γονεῖς,ἀδελφοὺς</span> <span class='ocrx_word' id='word_1_577' title='bbox 1518 1605 1556 1636; x_wconf 80' lang='grc' dir='ltr'>ὡς</span> <span class='ocrx_word' id='word_1_578' title='bbox 1562 1604 1704 1638; x_wconf 65' lang='grc' dir='ltr'>ἀδελφοὺς,</span> <span class='ocrx_word' id='word_1_579' title='bbox 1717 1603 1792 1634; x_wconf 73' lang='grc' dir='ltr'>υἱοὺς</span> 
     </span>
    </p>
   </div>
   <div class='ocr_carea' id='block_1_77' title="bbox 1000 1649 1792 1686">
    <p class='ocr_par' dir='ltr' id='par_1_77' title="bbox 1000 1649 1792 1686">
     <span class='ocr_line' id='line_1_77' title="bbox 1000 1649 1792 1686; baseline -0.003 -9"><span class='ocrx_word' id='word_1_580' title='bbox 1000 1651 1037 1683; x_wconf 85' lang='grc' dir='ltr'>ὼς</span> <span class='ocrx_word' id='word_1_581' title='bbox 1051 1651 1136 1683; x_wconf 72' lang='grc' dir='ltr'>υἱοὺς,</span> <span class='ocrx_word' id='word_1_582' title='bbox 1157 1650 1323 1682; x_wconf 79' lang='grc' dir='ltr'>ἐπισκόπους</span> <span class='ocrx_word' id='word_1_583' title='bbox 1341 1650 1379 1682; x_wconf 86' lang='grc' dir='ltr'><strong>ὡς</strong></span> <span class='ocrx_word' id='word_1_584' title='bbox 1394 1651 1570 1682; x_wconf 71' lang='grc' dir='ltr'>ἐπισκόπους,</span> <span class='ocrx_word' id='word_1_585' title='bbox 1589 1649 1792 1686; x_wconf 77' lang='grc' dir='ltr'>πρεσϐυτέρους</span> 
     </span>
    </p>
   </div>
   <div class='ocr_carea' id='block_1_78' title="bbox 999 1695 1792 1733">
    <p class='ocr_par' dir='ltr' id='par_1_78' title="bbox 999 1695 1792 1733">
     <span class='ocr_line' id='line_1_78' title="bbox 999 1695 1792 1733; baseline -0.004 -9"><span class='ocrx_word' id='word_1_586' title='bbox 999 1697 1037 1729; x_wconf 82' lang='grc' dir='ltr'>ὡς</span> <span class='ocrx_word' id='word_1_587' title='bbox 1049 1697 1260 1733; x_wconf 81' lang='grc' dir='ltr'>πρεσϐυτέρους,</span> <span class='ocrx_word' id='word_1_588' title='bbox 1269 1697 1409 1728; x_wconf 79' lang='grc' dir='ltr'>διακόνους</span> <span class='ocrx_word' id='word_1_589' title='bbox 1419 1697 1457 1728; x_wconf 86' lang='grc' dir='ltr'>ὡς</span> <span class='ocrx_word' id='word_1_590' title='bbox 1468 1696 1619 1727; x_wconf 79' lang='grc' dir='ltr'>διακόνους,</span> <span class='ocrx_word' id='word_1_591' title='bbox 1629 1697 1743 1727; x_wconf 71' lang='grc' dir='ltr'>πιστοὺς</span> <span class='ocrx_word' id='word_1_592' title='bbox 1756 1695 1792 1726; x_wconf 74' lang='lat' dir='ltr'><strong>t&#39;o;</strong></span> 
     </span>
    </p>
   </div>
   <div class='ocr_carea' id='block_1_79' title="bbox 999 1741 1792 1779">
    <p class='ocr_par' dir='ltr' id='par_1_79' title="bbox 999 1741 1792 1779">
     <span class='ocr_line' id='line_1_79' title="bbox 999 1741 1792 1779; baseline -0.004 -9"><span class='ocrx_word' id='word_1_593' title='bbox 999 1745 1120 1776; x_wconf 85' lang='grc' dir='ltr'>πιστοὺς,</span> <span class='ocrx_word' id='word_1_594' title='bbox 1135 1744 1354 1779; x_wconf 84' lang='grc' dir='ltr'>κατηχουμένους</span> <span class='ocrx_word' id='word_1_595' title='bbox 1362 1743 1399 1774; x_wconf 80' lang='grc' dir='ltr'>ὡς</span> <span class='ocrx_word' id='word_1_596' title='bbox 1413 1742 1631 1778; x_wconf 78' lang='grc' dir='ltr'>κατηχουμὲνους</span> <span class='ocrx_word' id='word_1_597' title='bbox 1643 1752 1649 1758; x_wconf 72' lang='grc' dir='ltr'><strong>ο</strong></span> <span class='ocrx_word' id='word_1_598' title='bbox 1668 1743 1692 1768; x_wconf 83' lang='grc' dir='ltr'>εἰ</span> <span class='ocrx_word' id='word_1_599' title='bbox 1704 1741 1792 1768; x_wconf 75' lang='grc' dir='ltr'>πάντα</span> 
     </span>
    </p>
   </div>
   <div class='ocr_carea' id='block_1_80' title="bbox 999 1786 1790 1823">
    <p class='ocr_par' dir='ltr' id='par_1_80' title="bbox 999 1786 1790 1823">
     <span class='ocr_line' id='line_1_80' title="bbox 999 1786 1790 1823; baseline -0.003 -9"><span class='ocrx_word' id='word_1_600' title='bbox 999 1787 1144 1814; x_wconf 77' lang='grc' dir='ltr'>ἀποδίδωσι</span> <span class='ocrx_word' id='word_1_601' title='bbox 1156 1787 1191 1814; x_wconf 80' lang='grc' dir='ltr'><strong>τὰ</strong></span> <span class='ocrx_word' id='word_1_602' title='bbox 1204 1788 1368 1823; x_wconf 84' lang='grc' dir='ltr'>καθήκοντα,</span> <span class='ocrx_word' id='word_1_603' title='bbox 1385 1787 1434 1814; x_wconf 71' lang='grc' dir='ltr'>οὐκ</span> <span class='ocrx_word' id='word_1_604' title='bbox 1447 1787 1612 1822; x_wconf 83' lang='grc' dir='ltr'>ὼφείλησεν·</span> <span class='ocrx_word' id='word_1_605' title='bbox 1627 1787 1651 1812; x_wconf 82' lang='grc' dir='ltr'><strong>εἰ</strong></span> <span class='ocrx_word' id='word_1_606' title='bbox 1667 1787 1695 1813; x_wconf 78' lang='grc' dir='ltr'>δὲ</span> <span class='ocrx_word' id='word_1_607' title='bbox 1706 1786 1790 1820; x_wconf 59' lang='grc' dir='ltr'>ῶψει-</span> 
     </span>
    </p>
   </div>
   <div class='ocr_carea' id='block_1_81' title="bbox 998 1832 1791 1869">
    <p class='ocr_par' dir='ltr' id='par_1_81' title="bbox 998 1832 1791 1869">
     <span class='ocr_line' id='line_1_81' title="bbox 998 1832 1791 1869; baseline -0.003 -9"><span class='ocrx_word' id='word_1_608' title='bbox 998 1833 1027 1860; x_wconf 86' lang='grc' dir='ltr'><strong>λε</strong></span> <span class='ocrx_word' id='word_1_609' title='bbox 1047 1834 1096 1869; x_wconf 85' lang='grc' dir='ltr'>μὲν</span> <span class='ocrx_word' id='word_1_610' title='bbox 1115 1834 1227 1868; x_wconf 88' lang='grc' dir='ltr'>ποιῆσαι</span> <span class='ocrx_word' id='word_1_611' title='bbox 1244 1833 1375 1869; x_wconf 83' lang='grc' dir='ltr'>καθῆκον,</span> <span class='ocrx_word' id='word_1_612' title='bbox 1390 1833 1419 1859; x_wconf 81' lang='grc' dir='ltr'>οὐ</span> <span class='ocrx_word' id='word_1_613' title='bbox 1436 1833 1568 1868; x_wconf 79' lang='grc' dir='ltr'>πεποίηκε</span> <span class='ocrx_word' id='word_1_614' title='bbox 1581 1832 1620 1863; x_wconf 80' lang='grc' dir='ltr'>δὲ,</span> <span class='ocrx_word' id='word_1_615' title='bbox 1636 1833 1667 1859; x_wconf 72' lang='grc' dir='ltr'>οὐ</span> <span class='ocrx_word' id='word_1_616' title='bbox 1679 1832 1791 1858; x_wconf 69' lang='grc' dir='ltr'>δύναται</span> 
     </span>
    </p>
   </div>
   <div class='ocr_carea' id='block_1_82' title="bbox 999 1877 1791 1914">
    <p class='ocr_par' dir='ltr' id='par_1_82' title="bbox 999 1877 1791 1914">
     <span class='ocr_line' id='line_1_82' title="bbox 999 1877 1791 1914; baseline -0.001 -9"><span class='ocrx_word' id='word_1_617' title='bbox 999 1879 1105 1914; x_wconf 81' lang='grc' dir='ltr'>λέγειν·</span> <span class='ocrx_word' id='word_1_618' title='bbox 1131 1881 1192 1906; x_wconf 80' lang='grc' dir='ltr'><strong>Οὐκ</strong></span> <span class='ocrx_word' id='word_1_619' title='bbox 1216 1879 1384 1913; x_wconf 72' lang='grc' dir='ltr'>ὡφείλησα·</span> <span class='ocrx_word' id='word_1_620' title='bbox 1411 1878 1526 1913; x_wconf 84' lang='grc' dir='ltr'>ὀφείλων</span> <span class='ocrx_word' id='word_1_621' title='bbox 1549 1877 1604 1913; x_wconf 71' lang='grc' dir='ltr'>γὰρ</span> <span class='ocrx_word' id='word_1_622' title='bbox 1626 1878 1678 1904; x_wconf 79' lang='grc' dir='ltr'>οὐκ</span> <span class='ocrx_word' id='word_1_623' title='bbox 1693 1877 1791 1904; x_wconf 77' lang='grc' dir='ltr'>ἀποδέ-</span> 
     </span>
    </p>
   </div>
   <div class='ocr_carea' id='block_1_83' title="bbox 997 1923 1792 1961">
    <p class='ocr_par' dir='ltr' id='par_1_83' title="bbox 997 1923 1792 1961">
     <span class='ocr_line' id='line_1_83' title="bbox 997 1923 1792 1961; baseline -0.001 -10"><span class='ocrx_word' id='word_1_624' title='bbox 997 1925 1077 1952; x_wconf 83' lang='grc' dir='ltr'>δωκε.</span> <span class='ocrx_word' id='word_1_625' title='bbox 1097 1924 1159 1957; x_wconf 86' lang='grc' dir='ltr'><strong>Πῶς</strong></span> <span class='ocrx_word' id='word_1_626' title='bbox 1171 1923 1218 1952; x_wconf 75' lang='grc' dir='ltr'>οὖν</span> <span class='ocrx_word' id='word_1_627' title='bbox 1236 1925 1402 1961; x_wconf 75' lang='grc' dir='ltr'>διηγήῖομαι</span> <span class='ocrx_word' id='word_1_628' title='bbox 1422 1924 1468 1951; x_wconf 73' lang='grc' dir='ltr'>καὶ.</span> <span class='ocrx_word' id='word_1_629' title='bbox 1485 1924 1525 1956; x_wconf 74' lang='grc' dir='ltr'><strong>τδ,</strong></span> <span class='ocrx_word' id='word_1_630' title='bbox 1546 1923 1623 1950; x_wconf 81' lang='grc' dir='ltr'><strong>οὐδὲ</strong></span> <span class='ocrx_word' id='word_1_631' title='bbox 1637 1923 1792 1958; x_wconf 61' lang='grc' dir='ltr'>ὠφείλησέ</span> 
     </span>
    </p>
   </div>
   <div class='ocr_carea' id='block_1_84' title="bbox 995 1967 1789 2004">
    <p class='ocr_par' dir='ltr' id='par_1_84' title="bbox 995 1967 1789 2004">
     <span class='ocr_line' id='line_1_84' title="bbox 995 1967 1789 2004; baseline -0.001 -9"><span class='ocrx_word' id='word_1_632' title='bbox 995 1977 1046 2003; x_wconf 78' lang='grc' dir='ltr'><strong>μοι</strong></span> <span class='ocrx_word' id='word_1_633' title='bbox 1060 1968 1174 2002; x_wconf 52' lang='grc' dir='ltr'>οὐδείς</span> <span class='ocrx_word' id='word_1_634' title='bbox 1191 1969 1247 2004; x_wconf 76' lang='grc' dir='ltr'><strong>ἐγὼ</strong></span> <span class='ocrx_word' id='word_1_635' title='bbox 1265 1970 1313 2004; x_wconf 85' lang='grc' dir='ltr'>μὲν</span> <span class='ocrx_word' id='word_1_636' title='bbox 1332 1969 1480 2000; x_wconf 80' lang='grc' dir='ltr'>ὲδάνειζον,</span> <span class='ocrx_word' id='word_1_637' title='bbox 1495 1969 1543 1995; x_wconf 69' lang='grc' dir='ltr'>καὶ</span> <span class='ocrx_word' id='word_1_638' title='bbox 1558 1967 1660 1995; x_wconf 81' lang='grc' dir='ltr'>διδόναι</span> <span class='ocrx_word' id='word_1_639' title='bbox 1681 1968 1789 1994; x_wconf 68' lang='grc' dir='ltr'>ἐϐουλι-</span> 
     </span>
    </p>
   </div>
   <div class='ocr_carea' id='block_1_85' title="bbox 999 2013 1793 2051">
    <p class='ocr_par' dir='ltr' id='par_1_85' title="bbox 999 2013 1793 2051">
     <span class='ocr_line' id='line_1_85' title="bbox 999 2013 1793 2051; baseline -0.004 -9"><span class='ocrx_word' id='word_1_640' title='bbox 999 2023 1053 2050; x_wconf 85' lang='grc' dir='ltr'><strong>μην</strong></span> <span class='ocrx_word' id='word_1_641' title='bbox 1062 2015 1095 2042; x_wconf 84' lang='grc' dir='ltr'><strong>τὰ</strong></span> <span class='ocrx_word' id='word_1_642' title='bbox 1104 2015 1277 2051; x_wconf 84' lang='grc' dir='ltr'>πνευματικὰ</span> <span class='ocrx_word' id='word_1_643' title='bbox 1289 2016 1427 2051; x_wconf 83' lang='grc' dir='ltr'>χρήματα,</span> <span class='ocrx_word' id='word_1_644' title='bbox 1441 2015 1466 2041; x_wconf 85' lang='grc' dir='ltr'>οἱ</span> <span class='ocrx_word' id='word_1_645' title='bbox 1478 2014 1506 2041; x_wconf 67' lang='grc' dir='ltr'>δὲ</span> <span class='ocrx_word' id='word_1_646' title='bbox 1518 2014 1724 2050; x_wconf 78' lang='grc' dir='ltr'>ἀπεστρέφοντο</span> <span class='ocrx_word' id='word_1_647' title='bbox 1738 2013 1793 2040; x_wconf 66' lang='grc' dir='ltr'>ἀπὸ</span> 
     </span>
    </p>
   </div>
   <div class='ocr_carea' id='block_1_86' title="bbox 996 2059 1793 2097">
    <p class='ocr_par' dir='ltr' id='par_1_86' title="bbox 996 2059 1793 2097">
     <span class='ocr_line' id='line_1_86' title="bbox 996 2059 1793 2097; baseline -0.004 -9"><span class='ocrx_word' id='word_1_648' title='bbox 996 2060 1051 2087; x_wconf 85' lang='grc' dir='ltr'><strong>τῶν</strong></span> <span class='ocrx_word' id='word_1_649' title='bbox 1062 2061 1226 2097; x_wconf 86' lang='grc' dir='ltr'>λεγομένων,</span> <span class='ocrx_word' id='word_1_650' title='bbox 1238 2062 1284 2088; x_wconf 77' lang='grc' dir='ltr'>καὶ</span> <span class='ocrx_word' id='word_1_651' title='bbox 1291 2061 1321 2088; x_wconf 84' lang='grc' dir='ltr'>οὐ</span> <span class='ocrx_word' id='word_1_652' title='bbox 1334 2061 1464 2096; x_wconf 83' lang='grc' dir='ltr'>παρεῖχον</span> <span class='ocrx_word' id='word_1_653' title='bbox 1471 2060 1570 2092; x_wconf 76' lang='grc' dir='ltr'>αὐτοὺς</span> <span class='ocrx_word' id='word_1_654' title='bbox 1581 2059 1736 2091; x_wconf 77' lang='grc' dir='ltr'>δεκτικοὺς,</span> <span class='ocrx_word' id='word_1_655' title='bbox 1748 2060 1793 2086; x_wconf 76' lang='grc' dir='ltr'>ἵνα</span> 
     </span>
    </p>
   </div>
   <div class='ocr_carea' id='block_1_87' title="bbox 999 2103 1790 2142">
    <p class='ocr_par' dir='ltr' id='par_1_87' title="bbox 999 2103 1790 2142">
     <span class='ocr_line' id='line_1_87' title="bbox 999 2103 1790 2142; baseline -0.005 -8"><span class='ocrx_word' id='word_1_656' title='bbox 999 2107 1136 2142; x_wconf 82' lang='grc' dir='ltr'>ὀφείλωσι.</span> <span class='ocrx_word' id='word_1_657' title='bbox 1154 2107 1202 2134; x_wconf 85' lang='grc' dir='ltr'>Διὰ</span> <span class='ocrx_word' id='word_1_658' title='bbox 1219 2107 1298 2134; x_wconf 75' lang='grc' dir='ltr'>τοῦτο</span> <span class='ocrx_word' id='word_1_659' title='bbox 1312 2107 1363 2133; x_wconf 78' lang='grc' dir='ltr'>οὐκ</span> <span class='ocrx_word' id='word_1_660' title='bbox 1378 2105 1514 2141; x_wconf 71' lang='grc' dir='ltr'>ὠφείλησε</span> <span class='ocrx_word' id='word_1_661' title='bbox 1533 2113 1577 2140; x_wconf 88' lang='grc' dir='ltr'><strong>μοι</strong></span> <span class='ocrx_word' id='word_1_662' title='bbox 1595 2105 1658 2132; x_wconf 70' lang='grc' dir='ltr'>οὐδὲ</span> <span class='ocrx_word' id='word_1_663' title='bbox 1672 2103 1731 2136; x_wconf 81' lang='grc' dir='ltr'>εἷς·</span> <span class='ocrx_word' id='word_1_664' title='bbox 1749 2105 1790 2136; x_wconf 81' lang='grc' dir='ltr'><strong>τίς</strong></span> 
     </span>
    </p>
   </div>
   <div class='ocr_carea' id='block_1_88' title="bbox 161 2148 946 2188">
    <p class='ocr_par' dir='ltr' id='par_1_88' title="bbox 161 2148 945 2186">
     <span class='ocr_line' id='line_1_88' title="bbox 161 2148 945 2186; baseline 0.005 -11"><span class='ocrx_word' id='word_1_665' title='bbox 161 2156 254 2184; x_wconf 83' lang='lat' dir='ltr'><strong>quam.</strong></span> <span class='ocrx_word' id='word_1_666' title='bbox 272 2148 301 2176; x_wconf 89' lang='lat' dir='ltr'><strong>Si</strong></span> <span class='ocrx_word' id='word_1_667' title='bbox 321 2149 384 2184; x_wconf 84' lang='lat' dir='ltr'><strong>quis</strong></span> <span class='ocrx_word' id='word_1_668' title='bbox 399 2150 470 2177; x_wconf 89' lang='lat' dir='ltr'><strong>enim</strong></span> <span class='ocrx_word' id='word_1_669' title='bbox 486 2150 603 2178; x_wconf 87' lang='lat' dir='ltr'><strong>voluerit</strong></span> <span class='ocrx_word' id='word_1_670' title='bbox 627 2158 768 2179; x_wconf 89' lang='lat' dir='ltr'><strong>sermones</strong></span> <span class='ocrx_word' id='word_1_671' title='bbox 783 2151 829 2186; x_wconf 96' lang='lat' dir='ltr'><strong>qui</strong></span> <span class='ocrx_word' id='word_1_672' title='bbox 848 2151 945 2179; x_wconf 90' lang='lat' dir='ltr'><strong>dicun-</strong></span> 
     </span>
    </p>
   </div>
   <div class='ocr_carea' id='block_1_89' title="bbox 1019 2148 1792 2188">
    <p class='ocr_par' dir='ltr' id='par_1_89' title="bbox 1019 2150 1792 2188">
     <span class='ocr_line' id='line_1_89' title="bbox 1019 2150 1792 2188; baseline -0.005 -8"><span class='ocrx_word' id='word_1_673' title='bbox 1019 2153 1050 2188; x_wconf 68' lang='grc' dir='ltr'>ἅρ</span> <span class='ocrx_word' id='word_1_674' title='bbox 1071 2152 1238 2188; x_wconf 77' lang='grc' dir='ltr'>παρεδέξατο</span> <span class='ocrx_word' id='word_1_675' title='bbox 1255 2152 1289 2179; x_wconf 83' lang='grc' dir='ltr'><strong>τὰ</strong></span> <span class='ocrx_word' id='word_1_676' title='bbox 1304 2152 1450 2187; x_wconf 83' lang='grc' dir='ltr'>λεγόμενα,</span> <span class='ocrx_word' id='word_1_677' title='bbox 1464 2151 1507 2178; x_wconf 82' lang='grc' dir='ltr'><strong>ἴνα</strong></span> <span class='ocrx_word' id='word_1_678' title='bbox 1523 2152 1556 2178; x_wconf 78' lang='grc' dir='ltr'>ὲκ</span> <span class='ocrx_word' id='word_1_679' title='bbox 1571 2151 1618 2177; x_wconf 79' lang='grc' dir='ltr'>τοῦ</span> <span class='ocrx_word' id='word_1_680' title='bbox 1640 2150 1792 2185; x_wconf 82' lang='grc' dir='ltr'>παραδέχε-</span> 
     </span>
    </p>
   </div>
   <div class='ocr_carea' id='block_1_90' title="bbox 161 2194 945 2231">
    <p class='ocr_par' dir='ltr' id='par_1_90' title="bbox 161 2194 945 2231">
     <span class='ocr_line' id='line_1_90' title="bbox 161 2194 945 2231; baseline 0.004 -10"><span class='ocrx_word' id='word_1_681' title='bbox 161 2199 207 2221; x_wconf 90' lang='lat' dir='ltr'><strong>tur</strong></span> <span class='ocrx_word' id='word_1_682' title='bbox 219 2194 325 2225; x_wconf 85' lang='lat' dir='ltr'><strong>audire,</strong></span> <span class='ocrx_word' id='word_1_683' title='bbox 340 2194 444 2222; x_wconf 88' lang='lat' dir='ltr'><strong>debitor</strong></span> <span class='ocrx_word' id='word_1_684' title='bbox 460 2195 489 2222; x_wconf 87' lang='lat' dir='ltr'><strong>lit</strong></span> <span class='ocrx_word' id='word_1_685' title='bbox 498 2203 605 2227; x_wconf 87' lang='lat' dir='ltr'><strong>eorum,</strong></span> <span class='ocrx_word' id='word_1_686' title='bbox 617 2201 644 2223; x_wconf 92' lang='lat' dir='ltr'><strong>et</strong></span> <span class='ocrx_word' id='word_1_687' title='bbox 655 2196 732 2231; x_wconf 82' lang='lat' dir='ltr'><strong>quasi</strong></span> <span class='ocrx_word' id='word_1_688' title='bbox 747 2196 853 2224; x_wconf 86' lang='lat' dir='ltr'><strong>debitor</strong></span> <span class='ocrx_word' id='word_1_689' title='bbox 862 2197 945 2224; x_wconf 85' lang='lat' dir='ltr'><strong>etiam</strong></span> 
     </span>
    </p>
   </div>
   <div class='ocr_carea' id='block_1_91' title="bbox 161 2238 946 2276">
    <p class='ocr_par' dir='ltr' id='par_1_91' title="bbox 161 2238 946 2276">
     <span class='ocr_line' id='line_1_91' title="bbox 161 2238 946 2276; baseline 0.004 -10"><span class='ocrx_word' id='word_1_690' title='bbox 161 2246 259 2266; x_wconf 86' lang='lat' dir='ltr'><strong>usuras</strong></span> <span class='ocrx_word' id='word_1_691' title='bbox 275 2238 386 2266; x_wconf 86' lang='lat' dir='ltr'><strong>reddere</strong></span> <span class='ocrx_word' id='word_1_692' title='bbox 397 2239 523 2274; x_wconf 78' lang='lat' dir='ltr'><strong>exigitur.</strong></span> <span class='ocrx_word' id='word_1_693' title='bbox 542 2240 579 2267; x_wconf 80' lang='lat' dir='ltr'><strong>Ex</strong></span> <span class='ocrx_word' id='word_1_694' title='bbox 595 2247 650 2275; x_wconf 87' lang='lat' dir='ltr'><strong>quo</strong></span> <span class='ocrx_word' id='word_1_695' title='bbox 667 2241 754 2276; x_wconf 80' lang='lat' dir='ltr'><strong>magis</strong></span> <span class='ocrx_word' id='word_1_696' title='bbox 768 2241 878 2276; x_wconf 80' lang='lat' dir='ltr'><strong>expedit</strong></span> <span class='ocrx_word' id='word_1_697' title='bbox 897 2249 946 2269; x_wconf 87' lang='lat' dir='ltr'><strong>au-</strong></span> 
     </span>
    </p>
   </div>
   <div class='ocr_carea' id='block_1_92' title="bbox 160 2284 946 2320">
    <p class='ocr_par' dir='ltr' id='par_1_92' title="bbox 160 2284 946 2320">
     <span class='ocr_line' id='line_1_92' title="bbox 160 2284 946 2320; baseline 0.006 -10"><span class='ocrx_word' id='word_1_698' title='bbox 160 2284 294 2311; x_wconf 88' lang='lat' dir='ltr'><strong>ditoribus</strong></span> <span class='ocrx_word' id='word_1_699' title='bbox 308 2284 431 2319; x_wconf 87' lang='lat' dir='ltr'><strong>accipere</strong></span> <span class='ocrx_word' id='word_1_700' title='bbox 445 2284 596 2320; x_wconf 80' lang='lat' dir='ltr'><strong>disciplinae</strong></span> <span class='ocrx_word' id='word_1_701' title='bbox 610 2286 692 2313; x_wconf 82' lang='lat' dir='ltr'><strong>verba</strong></span> <span class='ocrx_word' id='word_1_702' title='bbox 704 2293 766 2313; x_wconf 90' lang='lat' dir='ltr'><strong>cum</strong></span> <span class='ocrx_word' id='word_1_703' title='bbox 786 2285 905 2319; x_wconf 75' lang='lat' dir='ltr'><strong>foenore,</strong></span> <span class='ocrx_word' id='word_1_704' title='bbox 919 2292 946 2315; x_wconf 88' lang='lat' dir='ltr'><strong>et</strong></span> 
     </span>
    </p>
   </div>
   <div class='ocr_carea' id='block_1_93' title="bbox 160 2329 946 2366">
    <p class='ocr_par' dir='ltr' id='par_1_93' title="bbox 160 2329 946 2366">
     <span class='ocr_line' id='line_1_93' title="bbox 160 2329 946 2366; baseline 0.005 -10"><span class='ocrx_word' id='word_1_705' title='bbox 160 2329 218 2356; x_wconf 80' lang='lat' dir='ltr'><strong>fieri</strong></span> <span class='ocrx_word' id='word_1_706' title='bbox 231 2329 378 2362; x_wconf 88' lang='lat' dir='ltr'><strong>debitores,</strong></span> <span class='ocrx_word' id='word_1_707' title='bbox 395 2337 477 2364; x_wconf 88' lang='lat' dir='ltr'><strong>quam</strong></span> <span class='ocrx_word' id='word_1_708' title='bbox 493 2338 545 2357; x_wconf 93' lang='lat' dir='ltr'><strong>nou</strong></span> <span class='ocrx_word' id='word_1_709' title='bbox 558 2330 691 2366; x_wconf 87' lang='lat' dir='ltr'><strong>accipere,</strong></span> <span class='ocrx_word' id='word_1_710' title='bbox 708 2339 758 2359; x_wconf 85' lang='lat' dir='ltr'><strong>nec</strong></span> <span class='ocrx_word' id='word_1_711' title='bbox 772 2331 880 2359; x_wconf 88' lang='lat' dir='ltr'><strong>debere.</strong></span> <span class='ocrx_word' id='word_1_712' title='bbox 893 2333 946 2360; x_wconf 80' lang='lat' dir='ltr'><strong>Ac-</strong></span> 
     </span>
    </p>
   </div>
   <div class='ocr_carea' id='block_1_94' title="bbox 160 2376 945 2412">
    <p class='ocr_par' dir='ltr' id='par_1_94' title="bbox 160 2376 945 2412">
     <span class='ocr_line' id='line_1_94' title="bbox 160 2376 945 2412; baseline 0.003 -9"><span class='ocrx_word' id='word_1_713' title='bbox 160 2381 293 2404; x_wconf 88' lang='lat' dir='ltr'><strong>eusantur</strong></span> <span class='ocrx_word' id='word_1_714' title='bbox 313 2376 413 2411; x_wconf 86' lang='lat' dir='ltr'><strong>quippe</strong></span> <span class='ocrx_word' id='word_1_715' title='bbox 432 2377 510 2410; x_wconf 82' lang='lat' dir='ltr'><strong>tales,</strong></span> <span class='ocrx_word' id='word_1_716' title='bbox 528 2377 636 2405; x_wconf 88' lang='lat' dir='ltr'><strong>dicente</strong></span> <span class='ocrx_word' id='word_1_717' title='bbox 659 2377 789 2412; x_wconf 82' lang='lat' dir='ltr'><strong>propheta</strong></span> <span class='ocrx_word' id='word_1_718' title='bbox 804 2387 810 2404; x_wconf 76' lang='grc' dir='ltr'><strong>ε</strong></span> <span class='ocrx_word' id='word_1_719' title='bbox 827 2377 888 2405; x_wconf 82' lang='lat' dir='ltr'><strong>Non</strong></span> <span class='ocrx_word' id='word_1_720' title='bbox 902 2379 945 2406; x_wconf 84' lang='lat' dir='ltr'><strong>de-</strong></span> 
     </span>
    </p>
   </div>
   <div class='ocr_carea' id='block_1_95' title="bbox 160 2421 491 2457">
    <p class='ocr_par' dir='ltr' id='par_1_95' title="bbox 160 2421 491 2457">
     <span class='ocr_line' id='line_1_95' title="bbox 160 2421 491 2457; baseline -0.003 -9"><span class='ocrx_word' id='word_1_721' title='bbox 160 2421 215 2448; x_wconf 78' lang='lat' dir='ltr'><strong>buit</strong></span> <span class='ocrx_word' id='word_1_722' title='bbox 230 2421 294 2448; x_wconf 81' lang='lat' dir='ltr'><strong>mihi</strong></span> <span class='ocrx_word' id='word_1_723' title='bbox 304 2422 453 2457; x_wconf 80' lang='lat' dir='ltr'><strong>quisquam.</strong></span> <span class='ocrx_word' id='word_1_724' title='bbox 488 2443 491 2447; x_wconf 93' lang='lat'>.</span> 
     </span>
    </p>
   </div>
   <div class='ocr_carea' id='block_1_96' title="bbox 194 2467 946 2502">
    <p class='ocr_par' dir='ltr' id='par_1_96' title="bbox 194 2467 946 2502">
     <span class='ocr_line' id='line_1_96' title="bbox 194 2467 946 2502; baseline 0.001 -8"><span class='ocrx_word' id='word_1_725' title='bbox 194 2467 222 2495; x_wconf 84' lang='lat'><strong><em>5.</em></strong></span> <span class='ocrx_word' id='word_1_726' title='bbox 243 2467 322 2500; x_wconf 83' lang='lat' dir='ltr'><strong>Quod</strong></span> <span class='ocrx_word' id='word_1_727' title='bbox 337 2467 375 2495; x_wconf 83' lang='lat' dir='ltr'><strong>ait</strong></span> <span class='ocrx_word' id='word_1_728' title='bbox 388 2467 430 2494; x_wconf 80' lang='lat' dir='ltr'><strong>&quot;z</strong></span> <span class='ocrx_word' id='word_1_729' title='bbox 449 2467 507 2495; x_wconf 79' lang='lat' dir='ltr'><strong>Heu</strong></span> <span class='ocrx_word' id='word_1_730' title='bbox 516 2468 591 2500; x_wconf 84' lang='lat' dir='ltr'><strong>mihi,</strong></span> <span class='ocrx_word' id='word_1_731' title='bbox 610 2476 667 2495; x_wconf 80' lang='lat' dir='ltr'><strong>mea</strong></span> <span class='ocrx_word' id='word_1_732' title='bbox 687 2473 782 2501; x_wconf 82' lang='lat' dir='ltr'><strong>mater,</strong></span> <span class='ocrx_word' id='word_1_733' title='bbox 805 2477 885 2502; x_wconf 87' lang='lat' dir='ltr'><strong>quare</strong></span> <span class='ocrx_word' id='word_1_734' title='bbox 905 2478 946 2496; x_wconf 88' lang='lat' dir='ltr'><strong>me</strong></span> 
     </span>
    </p>
   </div>
   <div class='ocr_carea' id='block_1_97' title="bbox 159 2513 945 2548">
    <p class='ocr_par' dir='ltr' id='par_1_97' title="bbox 159 2513 945 2548">
     <span class='ocr_line' id='line_1_97' title="bbox 159 2513 945 2548; baseline 0.003 -9"><span class='ocrx_word' id='word_1_735' title='bbox 159 2513 272 2547; x_wconf 70' lang='lat' dir='ltr'><strong>genuisti</strong></span> <span class='ocrx_word' id='word_1_736' title='bbox 294 2513 380 2539; x_wconf 75' lang='lat' dir='ltr'><strong>virum</strong></span> <span class='ocrx_word' id='word_1_737' title='bbox 394 2513 440 2548; x_wconf 87' lang='lat' dir='ltr'><strong>qui</strong></span> <span class='ocrx_word' id='word_1_738' title='bbox 449 2513 553 2547; x_wconf 79' lang='lat' dir='ltr'><strong>judtcer</strong></span> <span class='ocrx_word' id='word_1_739' title='bbox 565 2518 589 2540; x_wconf 86' lang='lat' dir='ltr'><strong>et</strong></span> <span class='ocrx_word' id='word_1_740' title='bbox 609 2513 746 2540; x_wconf 74' lang='lat' dir='ltr'><strong>discernar</strong></span> <span class='ocrx_word' id='word_1_741' title='bbox 758 2515 830 2541; x_wconf 83' lang='lat' dir='ltr'><strong>omni</strong></span> <span class='ocrx_word' id='word_1_742' title='bbox 843 2519 919 2541; x_wconf 74' lang='lat' dir='ltr'><strong>terra!</strong></span> <span class='ocrx_word' id='word_1_743' title='bbox 933 2515 945 2541; x_wconf 76' lang='lat'><strong>2’</strong></span> 
     </span>
    </p>
   </div>
   <div class='ocr_carea' id='block_1_98' title="bbox 159 2559 943 2594">
    <p class='ocr_par' dir='ltr' id='par_1_98' title="bbox 159 2559 943 2594">
     <span class='ocr_line' id='line_1_98' title="bbox 159 2559 943 2594; baseline 0.001 -9"><span class='ocrx_word' id='word_1_744' title='bbox 159 2565 212 2586; x_wconf 87' lang='lat' dir='ltr'><strong>non</strong></span> <span class='ocrx_word' id='word_1_745' title='bbox 226 2559 266 2587; x_wconf 81' lang='lat' dir='ltr'><strong>sic</strong></span> <span class='ocrx_word' id='word_1_746' title='bbox 284 2559 411 2587; x_wconf 74' lang='lat' dir='ltr'><strong>existimo</strong></span> <span class='ocrx_word' id='word_1_747' title='bbox 425 2559 570 2587; x_wconf 90' lang='lat' dir='ltr'><strong>convenire</strong></span> <span class='ocrx_word' id='word_1_748' title='bbox 584 2559 645 2587; x_wconf 83' lang='lat' dir='ltr'><strong>aliis</strong></span> <span class='ocrx_word' id='word_1_749' title='bbox 663 2559 801 2594; x_wconf 88' lang='lat' dir='ltr'><strong>prophetis</strong></span> <span class='ocrx_word' id='word_1_750' title='bbox 824 2564 852 2586; x_wconf 94' lang='lat' dir='ltr'><strong>ut</strong></span> <span class='ocrx_word' id='word_1_751' title='bbox 868 2559 943 2586; x_wconf 80' lang='lat' dir='ltr'><strong>Jere-</strong></span> 
     </span>
    </p>
   </div>
   <div class='ocr_carea' id='block_1_99' title="bbox 159 2604 944 2640">
    <p class='ocr_par' dir='ltr' id='par_1_99' title="bbox 159 2604 944 2640">
     <span class='ocr_line' id='line_1_99' title="bbox 159 2604 944 2640; baseline 0 -9"><span class='ocrx_word' id='word_1_752' title='bbox 159 2605 220 2632; x_wconf 67' lang='lat' dir='ltr'><strong>mia:</strong></span> <span class='ocrx_word' id='word_1_753' title='bbox 242 2605 345 2632; x_wconf 88' lang='lat' dir='ltr'><strong>:multi</strong></span> <span class='ocrx_word' id='word_1_754' title='bbox 369 2605 504 2640; x_wconf 86' lang='lat' dir='ltr'><strong>siquidem</strong></span> <span class='ocrx_word' id='word_1_755' title='bbox 531 2605 724 2640; x_wconf 75' lang='lat' dir='ltr'><strong>prophetarum</strong></span> <span class='ocrx_word' id='word_1_756' title='bbox 751 2609 810 2639; x_wconf 91' lang='lat' dir='ltr'><strong>post</strong></span> <span class='ocrx_word' id='word_1_757' title='bbox 835 2604 944 2640; x_wconf 83' lang='lat' dir='ltr'><strong>aliquod</strong></span> 
     </span>
    </p>
   </div>
   <div class='ocr_carea' id='block_1_100' title="bbox 161 2649 946 2685">
    <p class='ocr_par' dir='ltr' id='par_1_100' title="bbox 161 2649 946 2685">
     <span class='ocr_line' id='line_1_100' title="bbox 161 2649 946 2685; baseline -0.001 -9"><span class='ocrx_word' id='word_1_758' title='bbox 161 2650 289 2684; x_wconf 69' lang='lat' dir='ltr'><strong>spatium,</strong></span> <span class='ocrx_word' id='word_1_759' title='bbox 308 2650 396 2685; x_wconf 89' lang='lat' dir='ltr'><strong>primo</strong></span> <span class='ocrx_word' id='word_1_760' title='bbox 414 2651 489 2682; x_wconf 85' lang='lat' dir='ltr'><strong>mali,</strong></span> <span class='ocrx_word' id='word_1_761' title='bbox 506 2655 533 2678; x_wconf 90' lang='lat' dir='ltr'><strong>et</strong></span> <span class='ocrx_word' id='word_1_762' title='bbox 544 2650 600 2684; x_wconf 84' lang='lat' dir='ltr'><strong>jam</strong></span> <span class='ocrx_word' id='word_1_763' title='bbox 614 2654 675 2685; x_wconf 89' lang='lat' dir='ltr'><strong>post</strong></span> <span class='ocrx_word' id='word_1_764' title='bbox 688 2654 798 2685; x_wconf 81' lang='lat' dir='ltr'><strong>peccata</strong></span> <span class='ocrx_word' id='word_1_765' title='bbox 809 2649 946 2680; x_wconf 84' lang='lat' dir='ltr'><strong>conversi,</strong></span> 
     </span>
    </p>
   </div>
   <div class='ocr_carea' id='block_1_101' title="bbox 161 2694 945 2731">
    <p class='ocr_par' dir='ltr' id='par_1_101' title="bbox 161 2694 945 2731">
     <span class='ocr_line' id='line_1_101' title="bbox 161 2694 945 2731; baseline 0 -11"><span class='ocrx_word' id='word_1_766' title='bbox 161 2695 320 2729; x_wconf 82' lang='lat' dir='ltr'><strong>prophetare</strong></span> <span class='ocrx_word' id='word_1_767' title='bbox 335 2701 475 2731; x_wconf 69' lang='lat' dir='ltr'><strong>creperum</strong></span> <span class='ocrx_word' id='word_1_768' title='bbox 488 2705 494 2722; x_wconf 88' lang='lat'>:</span> <span class='ocrx_word' id='word_1_769' title='bbox 510 2694 643 2723; x_wconf 79' lang='lat' dir='ltr'><strong>Jeremias</strong></span> <span class='ocrx_word' id='word_1_770' title='bbox 657 2703 721 2723; x_wconf 86' lang='lat' dir='ltr'><strong>vero</strong></span> <span class='ocrx_word' id='word_1_771' title='bbox 739 2704 753 2722; x_wconf 73' lang='grc' dir='ltr'>τι</span> <span class='ocrx_word' id='word_1_772' title='bbox 772 2703 856 2730; x_wconf 90' lang='lat' dir='ltr'><strong>puero</strong></span> <span class='ocrx_word' id='word_1_773' title='bbox 871 2702 945 2722; x_wconf 85' lang='lat' dir='ltr'><strong>sum-</strong></span> 
     </span>
    </p>
   </div>
   <div class='ocr_carea' id='block_1_102' title="bbox 161 2740 945 2777">
    <p class='ocr_par' dir='ltr' id='par_1_102' title="bbox 161 2740 945 2777">
     <span class='ocr_line' id='line_1_102' title="bbox 161 2740 945 2777; baseline 0.003 -12"><span class='ocrx_word' id='word_1_774' title='bbox 161 2740 211 2774; x_wconf 81' lang='lat' dir='ltr'><strong>psit</strong></span> <span class='ocrx_word' id='word_1_775' title='bbox 227 2741 428 2769; x_wconf 81' lang='lat' dir='ltr'><strong>\aticiuationis</strong></span> <span class='ocrx_word' id='word_1_776' title='bbox 442 2741 594 2769; x_wconf 76' lang='lat' dir='ltr'><strong>exordium.</strong></span> <span class='ocrx_word' id='word_1_777' title='bbox 611 2741 642 2768; x_wconf 84' lang='lat' dir='ltr'><strong>Et</strong></span> <span class='ocrx_word' id='word_1_778' title='bbox 655 2742 736 2777; x_wconf 88' lang='lat' dir='ltr'><strong>hujus</strong></span> <span class='ocrx_word' id='word_1_779' title='bbox 749 2742 785 2769; x_wconf 76' lang='lat' dir='ltr'><strong>rei</strong></span> <span class='ocrx_word' id='word_1_780' title='bbox 799 2749 945 2777; x_wconf 83' lang='lat' dir='ltr'><strong>possumus</strong></span> 
     </span>
    </p>
   </div>
   <div class='ocr_carea' id='block_1_103' title="bbox 196 2822 664 2858">
    <p class='ocr_par' dir='ltr' id='par_1_103' title="bbox 196 2822 664 2858">
     <span class='ocr_line' id='line_1_103' title="bbox 196 2822 664 2858; baseline 0.004 -9"><span class='ocrx_word' id='word_1_781' title='bbox 196 2822 217 2837; x_wconf 74' lang='lat'><strong><em>“</em></strong></span> <span class='ocrx_word' id='word_1_782' title='bbox 236 2823 314 2850; x_wconf 76' lang='lat' dir='ltr'><strong>num.</strong></span> <span class='ocrx_word' id='word_1_783' title='bbox 334 2832 390 2857; x_wconf 69' lang='grc' dir='ltr'>λιιι,</span> <span class='ocrx_word' id='word_1_784' title='bbox 414 2825 439 2852; x_wconf 85' lang='lat'><strong>7.</strong></span> <span class='ocrx_word' id='word_1_785' title='bbox 453 2825 474 2841; x_wconf 88' lang='grc'><strong>³⁸</strong></span> <span class='ocrx_word' id='word_1_786' title='bbox 489 2825 542 2853; x_wconf 83' lang='lat' dir='ltr'><strong>Jcr.</strong></span> <span class='ocrx_word' id='word_1_787' title='bbox 561 2834 604 2858; x_wconf 69' lang='grc' dir='ltr'>μ’,</span> <span class='ocrx_word' id='word_1_788' title='bbox 624 2826 664 2852; x_wconf 85' lang='lat' dir='ltr'><strong>l0.</strong></span> 
     </span>
    </p>
   </div>
   <div class='ocr_carea' id='block_1_104' title="bbox 999 2196 1791 2234">
    <p class='ocr_par' dir='ltr' id='par_1_104' title="bbox 999 2196 1791 2234">
     <span class='ocr_line' id='line_1_104' title="bbox 999 2196 1791 2234; baseline -0.003 -10"><span class='ocrx_word' id='word_1_789' title='bbox 999 2198 1061 2225; x_wconf 86' lang='grc' dir='ltr'>σθαι</span> <span class='ocrx_word' id='word_1_790' title='bbox 1074 2199 1213 2234; x_wconf 74' lang='grc' dir='ltr'>ὀφειλέτης</span> <span class='ocrx_word' id='word_1_791' title='bbox 1226 2199 1339 2234; x_wconf 85' lang='grc' dir='ltr'>γένηται</span> <span class='ocrx_word' id='word_1_792' title='bbox 1352 2197 1389 2226; x_wconf 81' lang='grc' dir='ltr'>ὧν</span> <span class='ocrx_word' id='word_1_793' title='bbox 1408 2198 1516 2234; x_wconf 72' lang='grc' dir='ltr'>ἤκουσε,</span> <span class='ocrx_word' id='word_1_794' title='bbox 1533 2197 1580 2224; x_wconf 78' lang='grc' dir='ltr'>καὶ</span> <span class='ocrx_word' id='word_1_795' title='bbox 1595 2197 1739 2232; x_wconf 77' lang='grc' dir='ltr'>ἁπαιτηθῇ·</span> <span class='ocrx_word' id='word_1_796' title='bbox 1752 2196 1791 2228; x_wconf 82' lang='grc' dir='ltr'>ὡς</span> 
     </span>
    </p>
   </div>
   <div class='ocr_carea' id='block_1_105' title="bbox 998 2240 1788 2280">
    <p class='ocr_par' dir='ltr' id='par_1_105' title="bbox 998 2240 1788 2280">
     <span class='ocr_line' id='line_1_105' title="bbox 998 2240 1788 2280; baseline -0.003 -10"><span class='ocrx_word' id='word_1_797' title='bbox 998 2243 1139 2279; x_wconf 80' lang='grc' dir='ltr'>ὀφειλέτης</span> <span class='ocrx_word' id='word_1_798' title='bbox 1157 2244 1211 2271; x_wconf 87' lang='grc' dir='ltr'>τῶν</span> <span class='ocrx_word' id='word_1_799' title='bbox 1226 2243 1378 2280; x_wconf 84' lang='grc' dir='ltr'>λεγομένων</span> <span class='ocrx_word' id='word_1_800' title='bbox 1395 2244 1458 2275; x_wconf 77' lang='grc' dir='ltr'>τοὺς</span> <span class='ocrx_word' id='word_1_801' title='bbox 1475 2243 1585 2274; x_wconf 72' lang='grc' dir='ltr'>τόκους,</span> <span class='ocrx_word' id='word_1_802' title='bbox 1612 2242 1725 2269; x_wconf 78' lang='grc' dir='ltr'>Βέλτιον</span> <span class='ocrx_word' id='word_1_803' title='bbox 1741 2240 1788 2268; x_wconf 75' lang='grc' dir='ltr'>οὖν</span> 
     </span>
    </p>
   </div>
   <div class='ocr_carea' id='block_1_106' title="bbox 1000 2287 1791 2325">
    <p class='ocr_par' dir='ltr' id='par_1_106' title="bbox 1000 2287 1791 2325">
     <span class='ocr_line' id='line_1_106' title="bbox 1000 2287 1791 2325; baseline -0.003 -9"><span class='ocrx_word' id='word_1_804' title='bbox 1000 2290 1070 2317; x_wconf 78' lang='grc' dir='ltr'>κατὰ</span> <span class='ocrx_word' id='word_1_805' title='bbox 1083 2289 1161 2316; x_wconf 77' lang='grc' dir='ltr'>τοῦτο</span> <span class='ocrx_word' id='word_1_806' title='bbox 1170 2289 1260 2316; x_wconf 85' lang='grc' dir='ltr'>λαϐεῖν</span> <span class='ocrx_word' id='word_1_807' title='bbox 1275 2289 1320 2316; x_wconf 78' lang='grc' dir='ltr'><strong>τὸν</strong></span> <span class='ocrx_word' id='word_1_808' title='bbox 1332 2289 1468 2325; x_wconf 80' lang='grc' dir='ltr'>ἀκροατὴν</span> <span class='ocrx_word' id='word_1_809' title='bbox 1484 2288 1538 2315; x_wconf 79' lang='grc' dir='ltr'>ἀπὺ</span> <span class='ocrx_word' id='word_1_810' title='bbox 1551 2287 1598 2315; x_wconf 83' lang='grc' dir='ltr'>τοῦ</span> <span class='ocrx_word' id='word_1_811' title='bbox 1611 2288 1740 2322; x_wconf 80' lang='grc' dir='ltr'>λέγοντος</span> <span class='ocrx_word' id='word_1_812' title='bbox 1748 2288 1791 2315; x_wconf 86' lang='grc' dir='ltr'>λο-</span> 
     </span>
    </p>
   </div>
   <div class='ocr_carea' id='block_1_107' title="bbox 1000 2332 1788 2370">
    <p class='ocr_par' dir='ltr' id='par_1_107' title="bbox 1000 2332 1788 2370">
     <span class='ocr_line' id='line_1_107' title="bbox 1000 2332 1788 2370; baseline 0 -10"><span class='ocrx_word' id='word_1_813' title='bbox 1000 2334 1066 2368; x_wconf 82' lang='grc' dir='ltr'>γικὰ</span> <span class='ocrx_word' id='word_1_814' title='bbox 1087 2334 1220 2370; x_wconf 81' lang='grc' dir='ltr'>ἀργύρια.</span> <span class='ocrx_word' id='word_1_815' title='bbox 1244 2334 1291 2360; x_wconf 79' lang='grc' dir='ltr'>καὶ</span> <span class='ocrx_word' id='word_1_816' title='bbox 1311 2333 1437 2368; x_wconf 72' lang='grc' dir='ltr'>ὀφείλειν,</span> <span class='ocrx_word' id='word_1_817' title='bbox 1454 2333 1471 2368; x_wconf 83' lang='grc' dir='ltr'>ἦ</span> <span class='ocrx_word' id='word_1_818' title='bbox 1494 2333 1531 2368; x_wconf 85' lang='grc' dir='ltr'>μὴ</span> <span class='ocrx_word' id='word_1_819' title='bbox 1547 2332 1788 2368; x_wconf 78' lang='grc' dir='ltr'>παραδεχόμενον.</span> 
     </span>
    </p>
   </div>
   <div class='ocr_carea' id='block_1_108' title="bbox 1002 2377 1789 2414">
    <p class='ocr_par' dir='ltr' id='par_1_108' title="bbox 1002 2377 1789 2414">
     <span class='ocr_line' id='line_1_108' title="bbox 1002 2377 1789 2414; baseline 0 -9"><span class='ocrx_word' id='word_1_820' title='bbox 1002 2379 1069 2414; x_wconf 75' lang='grc' dir='ltr'>μηδὲ</span> <span class='ocrx_word' id='word_1_821' title='bbox 1086 2378 1269 2414; x_wconf 79' lang='grc' dir='ltr'>λαμϐάνοντα,</span> <span class='ocrx_word' id='word_1_822' title='bbox 1287 2378 1353 2414; x_wconf 72' lang='grc' dir='ltr'>μηδὲ</span> <span class='ocrx_word' id='word_1_823' title='bbox 1369 2378 1500 2413; x_wconf 78' lang='grc' dir='ltr'>ὀφείλειν.</span> <span class='ocrx_word' id='word_1_824' title='bbox 1526 2378 1570 2410; x_wconf 84' lang='grc' dir='ltr'>Ὦς</span> <span class='ocrx_word' id='word_1_825' title='bbox 1583 2378 1614 2404; x_wconf 76' lang='grc' dir='ltr'>ἐν</span> <span class='ocrx_word' id='word_1_826' title='bbox 1630 2377 1789 2413; x_wconf 75' lang='grc' dir='ltr'>ἐγκλήμασι</span> 
     </span>
    </p>
   </div>
   <div class='ocr_carea' id='block_1_109' title="bbox 999 2423 1729 2460">
    <p class='ocr_par' dir='ltr' id='par_1_109' title="bbox 999 2423 1729 2460">
     <span class='ocr_line' id='line_1_109' title="bbox 999 2423 1729 2460; baseline 0 -9"><span class='ocrx_word' id='word_1_827' title='bbox 999 2425 1052 2460; x_wconf 77' lang='grc' dir='ltr'>γὰρ</span> <span class='ocrx_word' id='word_1_828' title='bbox 1068 2426 1155 2451; x_wconf 85' lang='grc' dir='ltr'>κεῖται</span> <span class='ocrx_word' id='word_1_829' title='bbox 1169 2424 1216 2451; x_wconf 73' lang='grc' dir='ltr'>καὶ</span> <span class='ocrx_word' id='word_1_830' title='bbox 1230 2424 1270 2456; x_wconf 83' lang='grc' dir='ltr'>τὸ,</span> <span class='ocrx_word' id='word_1_831' title='bbox 1283 2426 1343 2452; x_wconf 84' lang='grc' dir='ltr'><strong>Οὐκ</strong></span> <span class='ocrx_word' id='word_1_832' title='bbox 1355 2423 1505 2458; x_wconf 67' lang='grc' dir='ltr'>ὠφείλησέ</span> <span class='ocrx_word' id='word_1_833' title='bbox 1516 2432 1567 2458; x_wconf 78' lang='grc' dir='ltr'><strong>μοι</strong></span> <span class='ocrx_word' id='word_1_834' title='bbox 1580 2423 1653 2450; x_wconf 74' lang='grc' dir='ltr'>οὐδὲ</span> <span class='ocrx_word' id='word_1_835' title='bbox 1675 2423 1729 2457; x_wconf 72' lang='grc' dir='ltr'>εἷς.</span> 
     </span>
    </p>
   </div>
   <div class='ocr_carea' id='block_1_110' title="bbox 1035 2467 1787 2504">
    <p class='ocr_par' dir='ltr' id='par_1_110' title="bbox 1035 2467 1787 2504">
     <span class='ocr_line' id='line_1_110' title="bbox 1035 2467 1787 2504; baseline -0.003 -8"><span class='ocrx_word' id='word_1_836' title='bbox 1035 2470 1071 2495; x_wconf 79' lang='grc' dir='ltr'><strong>Τὸ</strong></span> <span class='ocrx_word' id='word_1_837' title='bbox 1079 2469 1115 2496; x_wconf 84' lang='grc' dir='ltr'>δέ·</span> <span class='ocrx_word' id='word_1_838' title='bbox 1126 2469 1218 2504; x_wconf 81' lang='grc' dir='ltr'>ΟῘμοι,</span> <span class='ocrx_word' id='word_1_839' title='bbox 1228 2468 1331 2503; x_wconf 80' lang='grc' dir='ltr'>μῆτερ,</span> <span class='ocrx_word' id='word_1_840' title='bbox 1340 2469 1379 2501; x_wconf 85' lang='grc' dir='ltr'>ὡς</span> <span class='ocrx_word' id='word_1_841' title='bbox 1391 2469 1457 2495; x_wconf 76' lang='grc' dir='ltr'>τινα</span> <span class='ocrx_word' id='word_1_842' title='bbox 1465 2476 1502 2503; x_wconf 81' lang='grc' dir='ltr'><strong>με</strong></span> <span class='ocrx_word' id='word_1_843' title='bbox 1510 2467 1679 2502; x_wconf 76' lang='grc' dir='ltr'>ἐγέννησας</span> <span class='ocrx_word' id='word_1_844' title='bbox 1690 2468 1787 2502; x_wconf 71' lang='grc' dir='ltr'>ἄνδρα</span> 
     </span>
    </p>
   </div>
   <div class='ocr_carea' id='block_1_111' title="bbox 996 2514 1786 2549">
    <p class='ocr_par' dir='ltr' id='par_1_111' title="bbox 996 2514 1786 2549">
     <span class='ocr_line' id='line_1_111' title="bbox 996 2514 1786 2549; baseline -0.001 -7"><span class='ocrx_word' id='word_1_845' title='bbox 996 2515 1187 2549; x_wconf 73' lang='grc' dir='ltr'>δικαζόμενον</span> <span class='ocrx_word' id='word_1_846' title='bbox 1206 2515 1255 2542; x_wconf 79' lang='grc' dir='ltr'>καὶ</span> <span class='ocrx_word' id='word_1_847' title='bbox 1275 2515 1499 2549; x_wconf 79' lang='grc' dir='ltr'>διακρινόμενον</span> <span class='ocrx_word' id='word_1_848' title='bbox 1519 2514 1553 2540; x_wconf 80' lang='grc' dir='ltr'><em>ἐν</em></span> <span class='ocrx_word' id='word_1_849' title='bbox 1572 2514 1655 2548; x_wconf 72' lang='grc' dir='ltr'>πάσῃ</span> <span class='ocrx_word' id='word_1_850' title='bbox 1673 2514 1711 2548; x_wconf 76' lang='grc' dir='ltr'>τῇ</span> <span class='ocrx_word' id='word_1_851' title='bbox 1733 2514 1786 2548; x_wconf 75' lang='grc' dir='ltr'><strong>τῇ,</strong></span> 
     </span>
    </p>
   </div>
   <div class='ocr_carea' id='block_1_112' title="bbox 999 2559 1788 2597">
    <p class='ocr_par' dir='ltr' id='par_1_112' title="bbox 999 2559 1788 2597">
     <span class='ocr_line' id='line_1_112' title="bbox 999 2559 1788 2597; baseline -0.003 -9"><span class='ocrx_word' id='word_1_852' title='bbox 999 2563 1049 2589; x_wconf 83' lang='grc' dir='ltr'>οὐκ</span> <span class='ocrx_word' id='word_1_853' title='bbox 1063 2560 1137 2597; x_wconf 79' lang='grc' dir='ltr'>οἶμαι</span> <span class='ocrx_word' id='word_1_854' title='bbox 1155 2562 1210 2593; x_wconf 78' lang='grc' dir='ltr'>τοῖς</span> <span class='ocrx_word' id='word_1_855' title='bbox 1224 2561 1313 2592; x_wconf 78' lang='grc' dir='ltr'>ἄλλοις</span> <span class='ocrx_word' id='word_1_856' title='bbox 1328 2560 1414 2591; x_wconf 75' lang='grc' dir='ltr'>οὕτως</span> <span class='ocrx_word' id='word_1_857' title='bbox 1431 2559 1559 2595; x_wconf 78' lang='grc' dir='ltr'>ἁρμόζειν</span> <span class='ocrx_word' id='word_1_858' title='bbox 1579 2562 1733 2596; x_wconf 80' lang='grc' dir='ltr'>προφήταις</span> <span class='ocrx_word' id='word_1_859' title='bbox 1743 2561 1788 2587; x_wconf 82' lang='grc' dir='ltr'>λέ-</span> 
     </span>
    </p>
   </div>
   <div class='ocr_carea' id='block_1_113' title="bbox 999 2604 1781 2641">
    <p class='ocr_par' dir='ltr' id='par_1_113' title="bbox 999 2604 1781 2641">
     <span class='ocr_line' id='line_1_113' title="bbox 999 2604 1781 2641; baseline -0.004 -8"><span class='ocrx_word' id='word_1_860' title='bbox 999 2615 1067 2640; x_wconf 89' lang='grc' dir='ltr'>γειν,</span> <span class='ocrx_word' id='word_1_861' title='bbox 1082 2606 1120 2638; x_wconf 72' lang='grc' dir='ltr'>ὡς</span> <span class='ocrx_word' id='word_1_862' title='bbox 1132 2605 1170 2640; x_wconf 86' lang='grc' dir='ltr'>τῷ</span> <span class='ocrx_word' id='word_1_863' title='bbox 1189 2606 1321 2641; x_wconf 72' lang='grc' dir='ltr'>Ἱερεμίᾳ.-</span> <span class='ocrx_word' id='word_1_864' title='bbox 1341 2605 1365 2631; x_wconf 78' lang='lat' dir='ltr'><strong>at</strong></span> <span class='ocrx_word' id='word_1_865' title='bbox 1381 2604 1430 2640; x_wconf 79' lang='grc' dir='ltr'>μὲν</span> <span class='ocrx_word' id='word_1_866' title='bbox 1442 2605 1495 2640; x_wconf 85' lang='grc' dir='ltr'>γὰρ</span> <span class='ocrx_word' id='word_1_867' title='bbox 1509 2604 1601 2631; x_wconf 72' lang='grc' dir='ltr'>πολλοὶ</span> <span class='ocrx_word' id='word_1_868' title='bbox 1613 2604 1667 2630; x_wconf 63' lang='grc' dir='ltr'><strong>τῶν</strong></span> <span class='ocrx_word' id='word_1_869' title='bbox 1679 2612 1781 2639; x_wconf 64' lang='grc' dir='ltr'>προφη-</span> 
     </span>
    </p>
   </div>
   <div class='ocr_carea' id='block_1_114' title="bbox 997 2648 1786 2687">
    <p class='ocr_par' dir='ltr' id='par_1_114' title="bbox 997 2648 1786 2687">
     <span class='ocr_line' id='line_1_114' title="bbox 997 2648 1786 2687; baseline -0.005 -9"><span class='ocrx_word' id='word_1_870' title='bbox 997 2652 1061 2684; x_wconf 83' lang='grc' dir='ltr'>τῶν,</span> <span class='ocrx_word' id='word_1_871' title='bbox 1077 2653 1146 2687; x_wconf 79' lang='grc' dir='ltr'>μετὰ</span> <span class='ocrx_word' id='word_1_872' title='bbox 1159 2660 1233 2683; x_wconf 81' lang='grc' dir='ltr'>τινας</span> <span class='ocrx_word' id='word_1_873' title='bbox 1244 2651 1372 2686; x_wconf 83' lang='grc' dir='ltr'>χρόνους,</span> <span class='ocrx_word' id='word_1_874' title='bbox 1387 2650 1456 2685; x_wconf 80' lang='grc' dir='ltr'>μετὰ</span> <span class='ocrx_word' id='word_1_875' title='bbox 1472 2650 1520 2685; x_wconf 83' lang='grc' dir='ltr'>τὴν</span> <span class='ocrx_word' id='word_1_876' title='bbox 1536 2649 1647 2681; x_wconf 77' lang='grc' dir='ltr'>κακίαν,</span> <span class='ocrx_word' id='word_1_877' title='bbox 1665 2649 1735 2684; x_wconf 82' lang='grc' dir='ltr'>μετὰ</span> <span class='ocrx_word' id='word_1_878' title='bbox 1750 2648 1786 2675; x_wconf 79' lang='grc' dir='ltr'>τὰ</span> 
     </span>
    </p>
   </div>
   <div class='ocr_carea' id='block_1_115' title="bbox 999 2694 1784 2732">
    <p class='ocr_par' dir='ltr' id='par_1_115' title="bbox 999 2694 1784 2732">
     <span class='ocr_line' id='line_1_115' title="bbox 999 2694 1784 2732; baseline -0.004 -9"><span class='ocrx_word' id='word_1_879' title='bbox 999 2697 1185 2732; x_wconf 83' lang='grc' dir='ltr'>ἁμαρτήματα</span> <span class='ocrx_word' id='word_1_880' title='bbox 1211 2696 1416 2731; x_wconf 77' lang='grc' dir='ltr'>μεταϐαλόντες,</span> <span class='ocrx_word' id='word_1_881' title='bbox 1441 2694 1622 2731; x_wconf 82' lang='grc' dir='ltr'>προφητεύειν</span> <span class='ocrx_word' id='word_1_882' title='bbox 1649 2694 1784 2729; x_wconf 70' lang='grc' dir='ltr'>ἡρξαντο·</span> 
     </span>
    </p>
   </div>
   <div class='ocr_carea' id='block_1_116' title="bbox 1003 2738 1783 2778">
    <p class='ocr_par' dir='ltr' id='par_1_116' title="bbox 1003 2738 1783 2778">
     <span class='ocr_line' id='line_1_116' title="bbox 1003 2738 1783 2778; baseline -0.004 -9"><span class='ocrx_word' id='word_1_883' title='bbox 1003 2742 1136 2778; x_wconf 53' lang='grc' dir='ltr'>Ἱερεμίας</span> <span class='ocrx_word' id='word_1_884' title='bbox 1150 2741 1177 2768; x_wconf 80' lang='grc' dir='ltr'>δὲ</span> <span class='ocrx_word' id='word_1_885' title='bbox 1193 2743 1224 2769; x_wconf 80' lang='grc' dir='ltr'>ὲκ</span> <span class='ocrx_word' id='word_1_886' title='bbox 1242 2741 1344 2768; x_wconf 75' lang='grc' dir='ltr'>παίδων</span> <span class='ocrx_word' id='word_1_887' title='bbox 1363 2740 1537 2777; x_wconf 68' lang='grc' dir='ltr'>προφητεύει.</span> <span class='ocrx_word' id='word_1_888' title='bbox 1552 2740 1606 2768; x_wconf 70' lang='grc' dir='ltr'><strong>Καὶ</strong></span> <span class='ocrx_word' id='word_1_889' title='bbox 1621 2740 1678 2767; x_wconf 73' lang='grc' dir='ltr'>ἐστι</span> <span class='ocrx_word' id='word_1_890' title='bbox 1694 2738 1783 2774; x_wconf 70' lang='grc' dir='ltr'>παρά-</span> 
     </span>
    </p>
   </div>
  </div>
