1869 3041
58 114 106 141 ιιτ

62 173 150 210 ήμῶν.
167 172 217 200 καὶ
236 172 332 210 ἐδεήθη
352 173 414 209 περὶ
432 172 482 207 τῆς
503 171 643 208 ἡμετέρας
656 171 855 207 αἰχμαλωσίας,
874 175 893 203 Α

62 220 105 246 ἵνα
134 218 330 255 λυτρωθῶμεν,
357 219 404 245 καὶ
431 217 574 254 ῥυσθῶμεν
604 217 658 244 ἀπὸ
676 217 724 244 τοῦ
750 216 857 252 ἐχθροῦ.

60 265 156 292 Ταῦτα
170 265 221 301 μιν
236 267 251 292 6
262 266 355 301 Σωτὴρ
368 265 385 300 ἢ
400 265 414 291 ὸ
425 265 567 301 προφήτης
580 263 724 300 εἰρηκέτω.
737 263 792 290 Καὶ
804 263 860 298 γὰρ

62 313 76 338 6
92 312 238 346 προφήτης
250 311 362 338 δύναται
372 311 406 337 τὰ
415 310 525 337 τοιαῦτα
537 310 687 346 εἰρηκέναι,
701 309 748 336 καὶ
761 307 859 345 ηὗχθαι

64 357 129 392 περὶ
142 357 190 383 τοῦ
201 356 267 384 λαοῦ
286 357 316 384 ἐν
326 357 365 392 τῷ
380 356 469 392 καιρῷ
481 356 536 383 τῶν
547 355 641 383 κακῶν
652 355 752 383 αὐτῶν.

105 402 169 428 Ἐπὶ
185 402 290 434 τούτοις
301 402 327 429 τί
344 402 523 437 ἀποκρίνεται
536 403 551 428 6
564 402 630 433 Θεὸς
651 401 720 437 πρὸς
736 401 782 428 τδν
794 401 858 428 λαὸν

63 449 110 475 τὸν
127 448 354 484 κατηγορηθέντα
382 448 436 475 ὑπὸ
460 447 507 475 τοῦ
530 448 669 483 προφήτου
696 447 712 483 ἢ
740 447 792 474 ὑπὸ
812 447 859 473 τοῦ

65 493 187 530 Χριστοῦ
200 502 208 527 ;
225 495 271 521 καὶ
288 493 375 522 ταῦτα
391 494 465 529 λέγει
480 494 549 530 πρὸς
565 494 655 521 αὐτόν·
674 493 799 527 man
811 492 860 519 καὶ

65 540 258 574 περιϐόλαιον
271 540 408 575 χαλκοῦν
427 541 446 575 ἠ
466 541 556 575 ισχύς
569 549 637 568 σου.
652 539 770 575 Σκληρὰ,
782 539 859 565 ἀνέν-

64 587 153 618 δσεος,
162 586 213 612 οὐκ
222 585 400 622 ἐλαυνομένη,
409 582 465 612 οἷον
479 586 600 622 τμητική
609 594 650 618 τις
661 586 708 613 καὶ
720 584 860 620 διαιροῦσα

66 629 83 662 ἡ
105 628 181 664 ἰσχύς
196 637 254 661 σου,
274 629 324 656 οὐκ
335 629 378 656 ἐπ’
390 629 484 664 ἀγαθῷ
500 627 567 656 οὖσα
583 629 668 665 ἰσχύς.
681 630 735 656 Kal
749 631 860 663 θησαυ-

65 675 141 707 ρούς
157 682 217 701 σου
231 676 274 707 εις
299 675 456 709 προνομὴν
476 675 571 709 δώσω,
599 675 796 712 ἀντάλλαῃια
811 675 860 703 διὰ

67 720 173 753 πάσας
192 720 231 755 (t)
261 721 314 754 τὰς
339 721 485 756 ἁμαρτίας
501 730 570 750 σου.
600 722 682 754 Τίνας
708 723 860 761 θησαυροὺς

67 766 122 792 τῶν
140 767 352 802 ἁμαρτανόντων
362 767 470 794 δίδωσιν
487 768 527 800 εἰς
544 768 681 805 προνομὴν
694 770 708 796 6
721 769 797 802 Θεὸς.
815 771 860 797 καὶ

67 812 177 839 δίδωσιν
191 812 290 844 αὐτοὺς
304 813 481 848 ἀντάλλαγμα
496 814 541 840 διὰ
557 815 646 847 πάσας
658 815 707 847 τὰς
723 816 859 852 ἁμαρτίας

67 857 159 884 αὐτῶν
172 866 180 890 ;
194 858 311 894 Πότερόν
325 867 390 885 ποτε
406 859 470 891 τοὺς
488 859 535 886 ἐπὶ
551 860 601 895 γῆς
612 849 859 896 θησαυρίζομένους
876 849 897 877 θ’

67 903 179 935 αὑτοῖςς
199 902 314 935 ἕκαστος
328 903 382 938 γὰρ
393 903 447 931 τῶν
462 903 613 939 ἀνθρώπων
643 904 812 942 θησαυρίζει·
835 907 859 933 εἰ

69 948 119 982 μὲν
133 947 236 982 φαῦλός
252 948 339 980 ἐστιν,
357 949 404 974 ἐπὶ
413 947 473 983 γῆς·
487 949 510 975 εἰ
523 948 550 975 δὲ
565 949 682 981 ἀστεῖος,
698 950 727 976 ἐν
741 950 858 986 οὐρανῷ,

67 993 104 1026 ὡς
120 993 299 1030 ἐδιδάχθημεν
328 994 381 1020 ἀπὸ
401 994 448 1021 τοῦ
477 995 653 1030 Εὑαγγελίου.
669 996 705 1022 Ἦ
733 996 806 1031 λέγει
822 997 860 1032 τῷ

68 1039 126 1074 λαῷ
140 1041 250 1076 ἐκείνῳ,
264 1040 315 1072 ὅτι,
327 1040 424 1067 Μέλλιιι
435 1041 478 1068 διὰ
494 1041 528 1068 τὰ
542 1042 729 1077 ἁμαρτήματά
740 1050 787 1068 σου
798 1043 860 1074 τοὺς

69 1086 229 1122 θησαυρούς
245 1095 292 1113 σου
305 1086 404 1113 διδόναι
416 1087 456 1118 εἰς
473 1090 622 1124 προνομήν.
641 1085 696 1114 Ἱιν
711 1087 739 1114 δὲ
756 1085 796 1120 εἷς
808 1088 860 1115 τῶν

69 1131 216 1166 θησαυρῶν
238 1132 381 1167 Ἱερεμίας,
396 1132 475 1164 ἄλλος
496 1133 631 1168 θησαυρὸς
663 1133 785 1166 Ἡσαΐας·
814 1134 861 1170 θη-

69 1177 174 1213 σαυρὸς
187 1175 222 1212 ἤν
237 1178 284 1204 καὶ
294 1178 406 1213 Μωσῆς.
422 1177 539 1210 Τούτους
553 1180 617 1211 τοὺς
632 1178 784 1216 θησαυροὺς
798 1180 857 1207 ἐλα-

69 1222 116 1249 ϐεν
132 1224 146 1249 6
163 1223 230 1254 Θεὸς
245 1223 292 1249 ἀπ’
305 1223 410 1250 ἐκείνου
433 1223 479 1250 τοῦ
503 1223 580 1251 λαοῦ·
604 1225 651 1251 καὶ
676 1225 720 1251 διὰ
742 1226 861 1261 Χριστοῦ

68 1268 204 1300 εἰπόντος·
224 1268 393 1302 Ἄρθήσεται
418 1269 468 1304 ἀφ’
485 1269 569 1304 ὑμῶν
594 1271 613 1305 ἠ
639 1270 785 1302 ,ϐασιλεία
809 1272 861 1299 τοῦ

69 1312 157 1345 θεοῦ,
168 1313 218 1340 καὶ
229 1312 390 1346 δοθήσεται
402 1314 481 1341 ἔθνει
495 1314 630 1341 ποιοῦντι
643 1315 714 1349 τοὺς
727 1317 862 1350 καρποὺς

67 1357 178 1391 αὐτῆς,
194 1357 242 1384 καὶ
265 1358 364 1385 ἔδωκεν
378 1359 456 1394 ἡμῖν.
482 1358 565 1385 Δώσω
588 1357 633 1385 οὖν
648 1359 691 1386 διὰ
705 1360 755 1392 τὰς
772 1361 862 1397 ἁμαρ-

67 1403 130 1435 τίας
148 1412 196 1430 σου
213 1404 275 1435 τοὺς
286 1403 437 1439 θησαυρούς
449 1412 495 1430 σου
508 1405 547 1436 είς
560 1405 707 1441 προνομήν·
718 1406 765 1433 καὶ
777 1407 860 1434 ἔδωκε

66 1449 134 1480 τοὺς
151 1449 307 1485 θησαυροὺς
323 1449 370 1475 τοῦ
385 1449 449 1476 λαοῦ
474 1450 579 1477 ἐκείνου
592 1451 667 1486 ήμίν·
684 1451 792 1487 πρῶτον
806 1452 860 1489 γὰρ

67 1495 171 1521 ἐκεῖνοι
188 1494 388 1530 ἐπιστεύθησαν
412 1494 447 1521 τὰ
461 1495 539 1529 λόγια
555 1495 602 1522 τοῦ
630 1495 707 1523 Θεοῦ·
728 1496 787 1524 εἶτα
801 1499 859 1533 μετ’
873 1515 894 1543 c

67 1540 194 1571 ἐκείνους
207 1541 299 1576 ἡμεῖς.
332 1540 492 1576 Ἑπιστεύθη
497 1549 556 1576 μεν,
584 1541 720 1577 ἀρθέντων
747 1542 800 1569 τῶν
815 1543 859 1570 λο-

67 1586 136 1619 γίων
151 1585 200 1612 τοῦ
215 1585 283 1612 Θεοῦ
297 1586 343 1612 ἀπ’
360 1586 471 1612 ἐκείνων
494 1587 541 1613 καὶ
565 1587 695 1614 δοθέντων
705 1589 781 1623 ἡμῖν.
805 1590 860 1616 Καὶ

67 1631 189 1666 λέγομεν
202 1631 243 1663 τὸ,
263 1631 432 1666 Ὰρθήσεται
451 1632 500 1667 ἀφ’
515 1632 599 1667 ὑμῶν
613 1633 633 1667 ἡ
649 1634 792 1665 ,βασιλεία
806 1635 860 1662 τοῦ

71 1678 159 1709 Θεοῦ,
174 1678 224 1704 καὶ
237 1677 394 1711 δοθήσεται
403 1680 481 1706 ἔθνει
495 1680 628 1707 ποιοῦντι
647 1681 717 1714 τοὺς
731 1681 861 1716 καρποὺς

69 1721 177 1756 αὐτῆς,
192 1721 316 1758 εἰρῆσθαι
327 1722 379 1749 ὑπὸ
387 1723 434 1749 τοῦ
450 1724 585 1760 Σωτῆρος,
598 1724 644 1751 καὶ
655 1725 858 1761 πεπληρῶσθαι·

68 1769 120 1804 οὐχ
135 1769 179 1795 δτι
211 1768 282 1804 ἤρθη
308 1769 354 1795 ἀπ’
369 1769 458 1796 αὐτῶν
483 1770 500 1805 ἡ
517 1770 623 1806 Γραφή·
641 1771 709 1799 ἀλλὰ
735 1772 782 1799 νῦν
797 1774 860 1799 οὑκ-

68 1814 109 1841 έτι
128 1815 168 1849 (2)
186 1814 277 1850 ἔχουσι
295 1815 341 1841 τὸν
359 1815 440 1850 νόμον
456 1816 502 1842 καὶ
517 1817 580 1848 τοὺς
596 1818 746 1854 προφήτας,
762 1818 808 1845 τοῦ
823 1819 860 1854 μὴ

69 1861 186 1896 θεωρεῖν
213 1860 260 1887 τὸν
277 1861 305 1887 ἐν
321 1861 412 1892 αὐτοῖς
424 1861 497 1888 νοῦν·
514 1861 605 1897 ἔχουσι
632 1862 686 1899 γὰρ
709 1863 744 1890 τὰ
760 1864 858 1899 βιϐλία.

75 1905 159 1932 Ἀλλὰ
175 1905 235 1936 πῶς
246 1905 316 1940 ἤρθη
329 1905 376 1932 ἀπ’
394 1905 482 1932 αὐτῶν
498 1906 514 1941 ἡ
533 1906 654 1940 βασιλεία
669 1907 716 1934 τοῦ
726 1908 812 1941 Θεοῦ;
832 1909 860 1936 '0

69 1951 134 1982 νοῦς
149 1951 206 1978 τῶν
228 1951 344 1986 ΓραφιῖΝ
358 1950 429 1986 ἤρθη
454 1952 502 1978 ἀπ’
518 1952 619 1978 αὐτῶν·
638 1952 728 1980 οὐκέτι
746 1953 860 1987 σώζεται

67 1997 198 2033 διήγησις
214 1997 278 2033 παρ’
288 1998 378 2029 αὐτοῖς
388 1998 486 2034 νομικὴ
502 1998 519 2034 ἢ
538 1999 702 2035 προφητικὴ,
719 1999 775 2026 ἀλλ’
792 2000 861 2027 εἰσιν

68 2042 318 2077 ἀναγινώσκοντες,
334 2043 380 2069 καὶ
400 2043 438 2079 μὴ
456 2043 594 2076 νοοῦντες·
613 2045 790 2081 πεπλήρωται
807 2045 860 2081 γὰρ

68 2088 113 2115 διὰ
140 2088 194 2124 τὴν
225 2088 343 2124 Χριστοῦ
368 2089 516 2124 ἐπιδημίαν
542 2090 581 2117 τό·
607 2088 703 2117 Εἶπον
733 2091 773 2124 τῷ
797 2090 861 2124 ,λαῷ

67 2133 188 2166 ἐκείνῳ·
214 2133 300 2168 Ἀκοῇ
311 2135 465 2166 ἀκούσετε,
492 2136 541 2162 καὶ
555 2137 591 2162 οὐ
604 2136 647 2170 μὴ
665 2136 789 2170 συνῆτε,
810 2138 859 2164 καὶ

65 2179 244 2212 ,βλέποντες
254 2179 398 2214 βλέψετε,
420 2181 469 2208 καὶ
485 2182 521 2208 οὐ
532 2181 575 2216 μὴ
597 2182 689 2216 mms-
708 2182 862 2217 ἐπαχύνθη
880 2180 900 2208 D

69 2225 125 2259 γὰρ
142 2225 162 2259 ἡ
178 2224 288 2259 καρδία
307 2225 361 2252 τοῦ
378 2226 455 2253 λαοῦ
479 2227 598 2254 τούτου·
624 2228 801 2264 πεπλήρωται
816 2229 862 2255 καὶ

69 2270 100 2296 τὸ
112 2270 262 2306 ειρημένον
279 2270 332 2296 ὑπὸ
347 2270 394 2297 τοῦ
416 2271 539 2304 Ἡσαΐου,
560 2272 611 2304 ὅτι,
633 2272 747 2306 Ἀφελεῖ
755 2273 862 2306 Κύριος

69 2315 128 2342 ἀπὸ
163 2315 220 2349 τῆς
254 2316 396 2350 Ἰουδαίας
420 2318 469 2344 καὶ
501 2317 561 2344 ἀπὸ
590 2317 644 2352 τῆς
671 2318 862 2353 Ἰερουσαλὴμ

70 2361 223 2396 ἰσχύοντα
246 2362 296 2388 καὶ
322 2363 501 2397 ισχιίωυσαν,
520 2363 644 2398 γίγαντα
674 2363 722 2390 καὶ
740 2365 861 2398 πολεμι-

69 2407 153 2442 στὴν
179 2407 347 2442 ἄνθρωπον,
372 2408 520 2443 δικαστὴν
543 2409 592 2436 καὶ
617 2409 784 2444 προφήτην,
812 2410 861 2437 καὶ

68 2453 263 2489 στοχαστὴν,
280 2454 330 2481 καὶ
354 2456 452 2489 σοφὸν
472 2454 679 2490 ἀρχιτέκτονα,
708 2456 756 2484 καὶ
773 2463 862 2483 συνε-

70 2499 123 2525 τὸν
147 2497 313 2533 ἀκροατήν.
348 2499 441 2527 Ταῦτα
467 2501 555 2527 πάντα
579 2500 689 2535 ἀφεῖλεν
705 2502 719 2528 6
734 2501 801 2533 Θεὸς
815 2502 863 2528 ἀπ’

70 2545 200 2576 ἐκείνων,
216 2545 265 2571 καὶ
280 2544 380 2572 ἔδωκεν
392 2546 556 2580 Εὐαγγέλιον
572 2546 637 2581 ἡμῖν
653 2548 709 2579 τοῖς
729 2547 782 2573 ἀπὺ
809 2546 863 2574 τῶν

70 2589 169 2617 ἐθνῶν·
186 2589 275 2617 ταῦτα
287 2590 331 2617 διὰ
346 2591 387 2623 τὸ,
404 2591 460 2618 Kal
476 2591 548 2625 τοὺς
561 2593 732 2626 θησαυρούς
748 2599 806 2619 σου
820 2594 866 2626 εις

69 2634 232 2670 προνομὴν
262 2635 358 2668 δώσω,
382 2636 578 2672 ἀντάλλαγμα
607 2637 657 2665 διὰ
687 2637 788 2671 πάσας
808 2638 863 2672 τὰς

104 2706 129 2741 ’ξ
142 2704 245 2732 Jerem.
260 2704 363 2741 XVJQ.
407 2705 430 2722 "
443 2705 508 2734 ibid.
524 2707 566 2734 i5.
622 2707 754 2734 “Matth.
775 2715 833 2741 ut,
850 2708 894 2735 45.

68 2740 91 2756 ⁸⁷
109 2739 213 2767 Jerem.
230 2747 277 2772 xv,
305 2740 349 2768 t5.

104 2799 146 2831 tt)
162 2798 365 2836 fucata?“
382 2798 427 2826 διὰ
445 2799 546 2832 πάσας,
567 2803 599 2836 et
607 2805 704 2828 cratera
720 2808 808 2836 usque
828 2801 861 2828 ad

60 2833 184 2868 ’πότερόν
197 2841 265 2861 ποτε
289 2834 315 2861 in
337 2834 558 2869 interpretatione
579 2835 734 2872 Hieronymi
755 2833 862 2864 deside-

634 110 668 138 ΙΝ
686 109 858 138 JEREMIAH
879 108 1017 137 ιιυιιιωι
1038 107 1107 135 XIV.

1645 108 1698 136 ιιει

910 170 1025 197 reddidit
1041 168 1170 196 libertati.
1189 167 1250 196 llaec
1268 168 1426 203 proplietice
1440 167 1571 195 Dominus
1586 168 1697 195 dixerit.

910 216 1002 243 Potest
1013 221 1103 243 autem
1115 220 1142 243 et
1153 215 1281 250 propheta
1295 214 1389 242 eadem
1403 214 1506 242 dixisse
1521 222 1569 249 pro
1583 215 1696 250 populo,

909 267 936 290 et
953 262 978 289 in
999 267 1120 296 tempore
1134 261 1267 288 malorum
1281 268 1388 288 eorum.

948 402 990 430 12,
1012 402 1099 438 Super
1114 411 1195 438 quem
1216 403 1357 438 respondit
1371 401 1453 436 Deus,
1472 408 1500 430 et
1527 403 1648 438 loquitur
1664 404 1698 430 ad

911 447 1052 482 populum,
1070 448 1118 482 qui
1134 455 1148 474 a
1165 447 1306 475 Salvatore
1321 448 1378 475 sive
1393 448 1523 483 propheta
1545 448 1631 476 fuerat
1653 456 1700 476 ac-

910 497 1038 524 cusatus,
1064 492 1158 520 dicens
1174 493 1196 508 "
1212 500 1220 519 :
1236 491 1349 520 Ferrum
1373 497 1396 519 et
1415 494 1575 527 opertorium
1602 502 1698 522 meum

910 539 992 566 virtut
1013 543 1069 565 tua.
1098 539 1188 572 Dura,
1214 538 1406 571 indomabilis,
1429 547 1491 574 quae
1517 539 1617 567 molliri
1645 549 1699 567 mm

909 584 1017 619 querit.
1031 591 1092 619 quae
1107 584 1150 611 vix
1165 584 1344 619 producatur.
1363 584 1476 612 Ferrum
1493 589 1520 612 et
1532 586 1698 620 opertorium

909 635 1009 657 aereum
1035 630 1120 657 virtus
1145 634 1205 662 tua,
1233 629 1259 657 id
1283 634 1326 657 est
1348 637 1445 658 secans
1465 636 1492 658 et
1511 631 1652 664 dividens,
1674 637 1701 659 et

911 675 978 703 bene
999 676 1149 710 composita
1171 676 1344 710 disturbans,
1366 677 1508 705 maledicta
1529 677 1626 705 virtus.
1653 677 1700 704 Di-

909 721 987 747 vitiat
1008 725 1068 747 tuas
1083 725 1108 747 et
1127 721 1264 748 thesauro:
1281 722 1378 748 tumin
1394 722 1617 756 deprtzdatiauem
1630 723 1700 750 dabo

900 767 993 800 ,gratit
1004 765 1038 792 ".
1058 765 1190 793 Concetlit
1202 766 1273 794 Deus
1287 771 1315 794 et
1329 766 1376 794 dat
1391 775 1440 794 eos
1455 769 1700 796 commutationem

911 816 1020 846 propter
1039 812 1131 840 omnia
1151 817 1262 847 peerata
1285 820 1390 840 eorum.
1412 812 1544 841 Utrumne
1563 814 1612 841 hos
1631 823 1701 850 quos

911 859 962 886 sibi
982 858 1009 885 in
1030 864 1102 886 terra
1125 859 1390 890 thesaurizaverint?
1412 859 1602 894 unusquisque
1626 861 1699 888 enim

911 903 1050 930 hominum
1065 904 1230 932 thesaurizat
1243 904 1310 937 sibi;
1330 905 1352 932 si
1366 909 1407 932 est
1420 909 1554 939 peccator,
1571 905 1596 932 in
1611 909 1702 938 terra;

910 949 932 976 si
947 949 1048 984 justus,
1068 950 1095 977 in
1113 950 1193 981 cmlo.
1210 954 1240 977 ut
1264 957 1314 978 nos
1333 950 1426 978 docuit
1442 950 1630 986 Evangelium.
1649 951 1703 979 Aut

909 995 982 1030 quod
1006 995 1086 1028 dicit,
1105 995 1260 1023 istiusmodi
1280 1000 1322 1023 est
1347 1005 1352 1022 :
1378 1004 1441 1024 ecce
1465 1003 1536 1024 unus
1556 997 1702 1024 thesaurus

910 1039 1052 1068 Jcremias.
1068 1039 1138 1067 alius
1154 1040 1299 1067 thesaurus
1313 1044 1354 1066 est
1367 1038 1468 1072 Isaias;
1484 1040 1630 1067 thesaurus
1643 1045 1702 1067 erat

910 1089 936 1112 et
951 1084 1068 1119 Moyses,
1084 1088 1111 1112 et
1126 1084 1234 1118 reliqui.
1261 1083 1316 1111 Hos
1335 1084 1478 1111 thesauros
1500 1084 1613 1112 abstulit
1630 1084 1702 1112 Deus

912 1137 927 1157 a
948 1131 1059 1165 populo,
1077 1134 1104 1157 et
1123 1137 1170 1164 per
1187 1129 1326 1157 Christum
1345 1130 1390 1164 qui
1406 1130 1474 1157 dixit
1492 1138 1499 1156 :
1522 1130 1663 1164 Auferetur
1686 1139 1702 1156 σι

912 1175 982 1202 vobis
1006 1183 1113 1210 regnum
1135 1175 1193 1208 Dei,
1214 1180 1238 1201 et
1258 1174 1367 1201 dabitur
1390 1176 1460 1210 genti
1477 1176 1586 1210 facienti
1599 1176 1701 1210 [ructus

911 1220 969 1255 ejus
985 1221 1019 1253 “,
1034 1221 1147 1256 largitus
1163 1226 1205 1248 est
1224 1220 1313 1248 nobis.
1336 1221 1412 1248 Dabo
1425 1228 1489 1256 ergo
1511 1227 1621 1256 propter
1641 1229 1702 1255 pec-

912 1271 972 1294 cata
994 1272 1038 1294 tua
1059 1267 1203 1299 thesauros
1227 1271 1288 1294 tuos
1309 1266 1336 1293 in
1358 1267 1596 1301 deprwdationem.
1624 1266 1703 1294 Dedit

913 1312 991 1342 nobis
1006 1313 1150 1340 thesauros
1164 1313 1237 1340 illius
1247 1313 1340 1347 populi
1354 1312 1496 1345 Dominus,
1509 1313 1572 1348 quia
1583 1314 1702 1348 primum

911 1357 965 1385 illis
979 1358 1082 1385 credita
1103 1362 1167 1386 sunt
1187 1358 1294 1393 eloquia
1315 1357 1372 1391 Dei,
1387 1362 1414 1385 et
1428 1358 1506 1386 nobis
1518 1358 1645 1393 deinceps
1660 1364 1703 1386 at-

913 1404 1023 1431 tributa.
1050 1403 1133 1438 quue
1161 1404 1234 1438 quod
1262 1403 1394 1438 scriptum
1421 1408 1491 1431 est:
1515 1404 1660 1438 Au[eretur
1686 1414 1703 1432 α

911 1449 982 1477 vobis
1004 1458 1109 1484 regnum
1127 1450 1183 1481 Dei,
1205 1454 1229 1476 et
1244 1449 1352 1476 dabitur
1380 1450 1451 1484 genti
1467 1450 1577 1484 facienti
1597 1451 1700 1485 fructus

910 1494 983 1528 eius,
1000 1494 1167 1521 assentimus
1190 1493 1246 1528 jam
1270 1502 1332 1521 esse
1349 1494 1526 1528 completum.
1549 1493 1607 1522 Non
1628 1495 1701 1530 quod

913 1539 1051 1575 Scriptura
1064 1539 1098 1567 ab
1109 1539 1148 1566 eis
1164 1539 1253 1566 ablata
1267 1539 1302 1567 sit
1321 1548 1328 1566 :
1345 1539 1445 1566 habent
1459 1540 1558 1574 quippe
1573 1540 1705 1575 21610-

912 1594 970 1621 gem
986 1590 1012 1613 et
1028 1585 1184 1620 prophetas,
1207 1585 1306 1612 habent
1319 1585 1458 1613 volumina
1478 1585 1632 1612 divinarum
1656 1586 1703 1614 lit-

911 1636 1047 1664 terarum;
1063 1631 1110 1659 sed
1121 1631 1194 1666 quod
1211 1639 1265 1658 non
1285 1631 1434 1666 intelligant
1446 1639 1487 1659 ea.
1512 1631 1600 1666 Atque
1611 1631 1647 1658 ita
1662 1639 1704 1659 re-

911 1685 992 1712 gnum
1005 1676 1051 1704 Dei
1069 1677 1188 1704 ablatum
1203 1681 1244 1704 est
1261 1677 1295 1703 ab
1305 1676 1355 1709 eis,
1373 1677 1437 1704 dum
1450 1676 1596 1711 Scriptura-
1607 1684 1704 1706 sensus

911 1722 1044 1750 aufertur.
1064 1722 1187 1750 Cessavit
1213 1722 1283 1757 apud
1305 1730 1353 1750 eos
1373 1722 1442 1757 legis
1460 1728 1486 1750 et
1510 1724 1703 1758 prophetarum

911 1769 1099 1804 interpretatio
1123 1777 1130 1796 :
1157 1768 1248 1803 legunt
1275 1768 1367 1795 omnia
1393 1772 1420 1795 et
1455 1776 1509 1795 non
1538 1768 1702 1804 intelligunt.

913 1813 1024 1849 Expleta
1038 1818 1080 1840 est
1095 1813 1139 1840 illa
1159 1817 1221 1848 post
1243 1812 1390 1840 adventum
1407 1811 1514 1839 Domini
1535 1812 1675 1847 prophetia
1694 1822 1702 1840 :

912 1859 962 1886 Dic
977 1860 1072 1895 populo
1085 1860 1145 1885 huic
1167 1867 1176 1886 :
1196 1859 1337 1886 Auditione
1359 1859 1484 1892 audietis,
1507 1864 1532 1885 et
1553 1868 1603 1886 non
1626 1860 1704 1887 intel-

911 1905 1006 1940 ligetis,
1029 1909 1053 1932 et
1065 1909 1196 1932 cernentes
1216 1904 1345 1935 videbitis.
1361 1909 1385 1931 et
1408 1913 1458 1931 non
1481 1905 1580 1936 scietis,
1600 1905 1704 1932 intras-

911 1954 997 1976 satum
1019 1954 1057 1977 est
1072 1948 1142 1976 enim
1161 1956 1206 1975 cor
1220 1944 1310 1983 populi
1322 1948 1400 1983 hujus
1414 1949 1447 1975 ".
1469 1947 1578 1975 Necnon
1593 1954 1620 1976 et
1637 1949 1701 1975 illud

911 1995 983 2031 quod
996 1995 1031 2022 ab
1047 1994 1116 2022 Isaia
1128 1994 1228 2022 dicitur
1239 1994 1262 2010 "
1290 1993 1412 2028 :Auferet
1427 1993 1556 2021 Dominus
1573 2002 1589 2020 α
1605 1993 1702 2022 Judtea

911 2044 936 2066 et
957 2040 988 2067 ab
1007 2039 1155 2067 Jerusalem
1173 2039 1289 2066 validum
1310 2044 1336 2066 et
1355 2039 1472 2066 validam
1486 2059 1495 2072 ,
1523 2039 1653 2074 gigantem
1677 2045 1701 2066 et

911 2086 1042 2112 hominem
1062 2084 1224 2118 bellatorem,
1240 2089 1265 2112 et
1284 2085 1412 2119 judicent,
1426 2085 1589 2119 prophetam,
1612 2091 1635 2112 et
1658 2094 1703 2112 ιιι-η

912 2131 1019 2163 bitrum,
1038 2131 1223 2164 architectum,
1247 2135 1272 2157 et
1293 2131 1436 2164 sapientem
1462 2130 1620 2157 auditorem.
1641 2131 1703 2159 Haec

915 2177 1005 2205 omnia
1020 2176 1130 2204 abstulit
1144 2176 1178 2204 ab
1196 2177 1249 2203 illis
1270 2175 1350 2208 Deus,
1367 2180 1393 2203 et
1406 2176 1487 2203 'hobis
1504 2177 1551 2212 qui
1565 2185 1598 2204 ex
1616 2178 1703 2213 genti—

915 2223 966 2250 bus
983 2231 1088 2256 sumus,
1108 2222 1130 2250 si
1145 2226 1234 2250 tamen
1251 2222 1375 2257 accipere
1387 2222 1567 2256 voluerimus,
1581 2224 1701 2251 tradidit.

917 2268 951 2296 Et
966 2268 1100 2295 thesauros
1118 2272 1176 2294 tuos
1188 2268 1216 2295 in
1230 2268 1451 2303 deprazdatiottem
1466 2269 1544 2300 dabo,
1557 2275 1703 2296 commuta-

916 2315 1012 2341 tionem
1025 2319 1131 2349 propter
1143 2314 1231 2341 omnia
1247 2319 1355 2349 peccata
1370 2319 1416 2341 tua
1431 2315 1458 2342 in
1470 2315 1590 2342 omnibus
1605 2315 1702 2349 ﬁnibus

915 2361 968 2387 tuis
982 2361 1015 2388 ³⁷.
1035 2360 1112 2394 Quod
1126 2361 1192 2388 dicit
1207 2360 1260 2387 tale
1276 2365 1328 2388 est.
1347 2360 1399 2388 lsta
1415 2362 1505 2388 omnia
1519 2366 1628 2396 peccata
1645 2365 1702 2394 tua,

915 2414 976 2442 quae
999 2407 1025 2433 in
1047 2407 1189 2434 universos
1211 2407 1279 2434 tinea
1300 2412 1500 2442 provenerunt,
1526 2408 1575 2435 tibi
1598 2407 1702 2435 reddita

913 2459 987 2481 sunt.
1005 2452 1101 2481 Nullus
1112 2453 1212 2488 quippe
1231 2453 1292 2480 tlnis
1312 2453 1386 2481 illius
1402 2459 1445 2481 est
1462 2454 1566 2489 populi,
1583 2454 1630 2489 qui
1647 2463 1701 2482 non

913 2499 1032 2535 peccatis
1046 2500 1106 2534 ejus
1122 2499 1242 2534 repletus
1257 2499 1292 2526 sit
1308 2507 1315 2526 :
1333 2506 1383 2526 nec
1405 2504 1512 2533 poterat
1533 2507 1586 2526 non
1612 2500 1702 2528 omnis

913 2545 973 2580 ejus
990 2545 1051 2573 linis
1067 2545 1185 2580 peccatis
1200 2544 1308 2580 repleri,
1328 2545 1385 2580 qui,
1403 2549 1534 2580 quantum
1548 2545 1575 2572 in
1590 2553 1624 2573 eo
1639 2546 1700 2578 fuit,

915 2590 1049 2619 interfecit
1061 2591 1196 2626 justitiam
1208 2610 1216 2622 .
1231 2590 1254 2618 si
1276 2595 1317 2618 est
1330 2590 1456 2618 Christus
1472 2590 1595 2625 justitia;
1617 2591 1701 2619 intor-

913 2637 978 2665 t‘eeit
991 2637 1170 2672 sapientiam,
1195 2636 1218 2664 si
1241 2641 1284 2664 est
1304 2636 1430 2665 Christus
1447 2637 1598 2672 sapientia;
1618 2637 1700 2664 inter-

952 2707 975 2724 ⁵⁵
988 2706 1041 2734 lsa.
1058 2714 1094 2739 vr,
1112 2707 1147 2740 9;
1172 2705 1266 2732 Matth.
1283 2713 1343 2738 xm,
1361 2705 1404 2732 M.
1461 2707 1484 2722 ³⁸
1497 2706 1549 2733 lsa.
1571 2713 1612 2740 ιιι,
1630 2706 1655 2739 1,
1670 2703 1696 2732 2.

915 2805 1125 2870 ηῗὲῗΐὸὺκέτι.
1145 2834 1262 2870 Legebat
1276 2833 1457 2870 Hieronymus
1474 2834 1523 2861 ἔτι.
