1869 3041
187 108 239 135 HT:

925 101 1088 129 ORICENIS

1763 100 1808 126 Ml

187 168 234 202 qui
253 174 313 194 eam
338 165 521 198 deferidimus,
548 170 576 193 et
606 164 807 199 Scripturarum
840 163 975 190 voluntate

1064 163 1132 197 μένῳ
1144 162 1253 193 εἰδέναι,
1284 162 1326 188 ὅτι
1341 161 1372 188 οὺ
1395 161 1504 188 δι’ἀλλο
1528 169 1554 187 τι
1573 161 1745 196 ὑϐρίζομαιῆ
1771 163 1809 188 Et:

187 213 263 241 enini
279 221 340 240 eum
354 212 452 239 ﬁducia
467 219 527 238 eam
538 210 726 246 praedicamus.
740 209 832 244 Igitur.
845 214 975 244 quantum

189 266 352 294 possumus,
368 258 401 285 ad
420 259 501 284 vitam
527 257 729 291 prophetarum,
745 259 772 282 ct
792 255 977 289 apostolorum

186 305 427 333 conversationem
447 302 606 331 imitandam
631 308 682 328 nos
705 301 892 333 extendamus,
917 308 977 328 mo-

190 350 283 378 lestias
293 355 319 378 et
332 350 452 385 pericula
467 357 520 376 non
534 349 660 375 vitantes.
680 347 785 374 Athleta
801 347 873 374 enim
890 347 913 373 si
927 345 982 373 dii-

190 396 338 423 tieultatem
354 395 510 423 certaminis
527 393 633 428 fugerit,
646 400 708 420 cum
724 392 815 420 laetitia
830 400 885 419 non
896 399 977 420 coro-

191 446 282 472 natur,
302 445 328 468 et
347 440 435 467 laudis
449 439 561 474 gloriam
578 445 631 465 non
649 437 836 473 consequitur.

1029 209 1156 244 Χριστὸν,
1169 208 1198 234 ὲν
1209 207 1340 241 ἀνάγκαις
1355 206 1499 241 γενόμενον
1525 207 1635 239 εἰδέναι,
1649 207 1691 233 ὅτι
1715 207 1732 242 ὴ
1750 206 1807 233 ὑπι-

1029 254 1103 285 θεσις
1115 254 1168 280 τῶν
1194 253 1350 288 ἀναγκαίων
1374 254 1389 279 ό
1404 253 1521 288 Χριστός
1537 253 1621 278 ἐστιν.
1643 252 1694 287 Eii]
1712 261 1744 287 με
1758 252 1810 279 λοι-

1028 299 1189 335 δορούμενον
1205 299 1315 330 ειδέναι,
1331 299 1372 325 ὅτι
1383 299 1400 334 ἡ
1412 298 1546 334 πρόφασις
1561 298 1610 331 τῆς
1623 298 1753 333 λοιδορίας
1765 298 1811 324 οὐκ

1029 343 1101 370 ἔστιν
1114 344 1216 379 ἀλλη,ἣ
1229 344 1270 370 ὅτι
1281 343 1380 370 ὲκδικῶ
1397 343 1446 379 τὴν
1459 344 1598 379 ἀλήθειαν,
1613 346 1662 371 καὶ
1676 344 1813 379 πρεσϐεύω

1030 390 1099 425 ὑπὲρ
1114 389 1168 416 τῶν
1186 389 1397 425 γεγραμμένων,
1409 390 1454 417 ἵνα
1463 391 1534 417 κατὰ
1552 391 1630 424 λόγον
1645 391 1713 417 Θεοῦ
1730 391 1812 417 πάντα

1031 435 1150 470 γίνηται,
1170 437 1217 462 καὶ
1241 435 1287 462 διὰ
1310 435 1390 462 τοῦτο
1407 435 1630 471 βλασφημοῦμαι.
1658 436 1713 463 Kal
1739 437 1813 471 ἡμεῖς

190 484 238 513 οὖν
255 487 365 518 πάντες.
387 486 437 520 ὅση
453 485 575 520 δύναμις,
596 484 758 519 σπεύσωμεν
783 484 831 511 ἐπὶ
852 483 897 510 τὸν
921 483 978 518 βίον
998 483 1176 519 προφητικὸν,
1199 483 1245 509 ἐπὶ
1261 483 1305 510 τὸν
1320 483 1376 518 βίον
1391 483 1438 510 τὸν
1449 484 1638 515 ἀποστολικὺν,
1651 483 1697 510 τδν
1707 484 1814 519 ὀχληρὸν

193 534 231 569 μὴ
257 533 411 567 φεύγοντες·
432 531 550 567 ἀθλητὴς
574 530 640 566 γὰρ,
666 530 699 557 ἂν
724 530 797 566 φύγῃ
819 530 850 556 τὸ
865 530 914 566 τῆς
929 530 1068 565 ἀθλήσεως
1085 529 1210 564 ὀχληρὸν,
1227 528 1258 555 τὸ
1271 529 1320 564 ἡδὺ
1331 529 1378 555 τοῦ
1400 530 1532 564 στεφάνου
1543 529 1593 556 οὐκ
1605 529 1786 564 ἀπολήψεται.

228 580 272 607 15.
294 579 328 606 Et
341 580 390 606 erit
405 586 489 605 sermo
508 583 569 605 tum
594 577 657 603 mihi
678 577 704 603 in
729 577 851 603 laetitiam
867 577 900 603 ‘7.
917 576 975 603 Non

191 627 230 653 ait
246 635 253 652 :
272 625 330 657 Eu,
343 624 389 652 sed
407 632 414 652 :
434 623 504 657 Erit,
518 623 652 658 siquidem
676 623 703 649 in
719 622 842 656 pruenti
856 626 977 656 tempore

190 678 324 702 carceres,
339 670 445 701 exsilia,
461 669 642 697 contumelias
663 676 697 695 ac
716 668 824 694 labores
843 668 908 694 mihi
931 667 980 694 tri-

190 716 261 747 buit;
284 715 330 742 sed
350 715 448 741 horum
469 713 591 741 omnium
615 713 676 740 linis
694 714 746 740 erit
762 713 865 740 laetitia.
882 711 916 738 Et
930 713 980 738 erit

189 770 274 788 sermo
290 766 350 787 tutu
365 761 429 787 mihi
445 760 472 786 in
484 759 620 791 ltztitiam,
636 764 660 786 et
675 759 800 794 gaudium
815 757 902 784 cordis
920 757 979 790 mei,

189 808 254 842 quia
269 807 418 833 invocatum
439 809 478 832 est
503 812 594 831 nomen
618 809 690 831 tuum
707 811 785 838 sitper
800 811 850 835 me,
871 803 981 830 Domine

193 852 274 879 Pater
288 852 452 886 omnipotens
483 850 517 878 “.
537 849 648 878 Etiamsi
669 849 795 876 Christus
821 849 873 876 hoc
895 849 981 881 dicit,

194 906 246 924 non
264 897 392 924 abhorret
409 896 443 923 ab
467 895 603 923 intellectu
623 904 629 922 :
654 903 751 922 nomen
773 895 873 929 quippe
895 894 982 921 Patris

194 944 349 970 invocatum
358 947 399 970 est
415 950 496 978 super
509 949 583 970 eum.
600 941 660 968 Non
674 941 729 968 sedi
741 940 855 976 2191'"
871 940 982 967 concilio

193 989 341 1016 ludentium
351 989 382 1015 ".
405 988 434 1016 Si
449 988 559 1023 quando
570 988 677 1015 videbat
689 988 830 1022 prophetes
841 995 894 1014 non
907 987 982 1014 solli-

195 1033 312 1060 citorum
333 1033 490 1065 concilium,
508 1033 554 1060 sed
571 1032 739 1063 ludentium,
764 1031 882 1066 fugiebat
904 1031 980 1058 illud.

197 1077 271 1105 Unde
284 1082 390 1112 oportet
406 1085 488 1105 nosse
508 1076 674 1104 differentias
688 1076 865 1103 conciliorum
879 1097 886 1107 ,
907 1076 983 1103 solli-

192 1123 250 1155 citi,
268 1127 349 1158 atque
364 1122 491 1149 ludentis.
512 1122 539 1148 Si
557 1121 609 1149 hoc
624 1121 768 1148 eoneiliutn
788 1125 912 1148 rtOstrum
929 1120 983 1148 sol-

193 1168 298 1196 licitum
320 1171 372 1201 est,
398 1167 422 1195 si
444 1167 535 1194 omnia
559 1174 621 1194 cum
643 1166 826 1194 ecclesiastica
844 1165 982 1201 diligentia

192 1213 299 1248 quierit,
322 1213 345 1240 si
371 1220 460 1240 sermo
485 1219 547 1239 cum
569 1212 724 1246 disciplina,
750 1211 772 1239 si
793 1211 848 1238 vita
865 1211 982 1238 sollicita

192 1264 252 1292 est,
275 1259 298 1287 si
324 1259 429 1294 negotia
452 1266 514 1286 eum
538 1258 644 1286 cautela
658 1277 666 1290 ,
689 1257 836 1284 concilium
853 1260 908 1287 est,
928 1263 981 1282 non

194 1305 355 1336 ludentium,
370 1305 417 1332 sed
433 1304 621 1332 sollicitornm.
654 1301 682 1329 Si
704 1307 795 1329 autent
809 1301 984 1336 tlcreliquerit

193 1351 314 1378 studium
330 1346 478 1386 rellgidnis,
492 1353 518 1376 et
529 1348 665 1376 vacaverit
678 1348 783 1375 lusibus
796 1347 888 1374 mundi
903 1346 982 1374 istius

194 1397 241 1432 qui
266 1396 379 1424 veniunt
396 1403 411 1422 a
435 1395 576 1430 pravitate,
601 1393 631 1421 iit
654 1393 798 1421 concilium
822 1393 980 1420 ludentium.
996 1411 1017 1440 Ο

195 1443 240 1469 Ait
251 1442 344 1477 itaque
363 1441 506 1476 prophetes
520 1441 542 1456 "°
558 1450 564 1468 :
583 1439 643 1467 Non
659 1439 714 1466 sedi
726 1440 752 1466 in
764 1439 876 1465 concilio
890 1438 983 1465 luden-

196 1494 273 1518 Itum.
285 1488 330 1515 sed
344 1487 465 1515 timebam
480 1495 495 1513 α
509 1487 577 1522 facie
588 1493 681 1512 manus
694 1489 754 1512 tute.
769 1484 836 1511 Cum
851 1486 906 1513 duo
917 1484 981 1512 mihi

194 1540 286 1562 essent
296 1534 445 1570 proposita,
458 1533 551 1561 sedere
561 1532 588 1559 in
600 1531 716 1559 concilio
727 1530 924 1563 ludentium,ct
937 1529 980 1557 of-

195 1581 303 1609 tendere
314 1580 483 1615 maiestatem
495 1583 580 1609 tuam,
598 1581 644 1604 aut
653 1583 725 1604 certe
735 1583 846 1611 surgere
856 1576 889 1602 de
900 1583 942 1608 eo,
953 1579 981 1602 et

194 1636 226 1654 ea
239 1626 328 1654 facere
340 1633 401 1661 quae
418 1625 466 1652 tibi
481 1623 577 1659 placita
588 1627 675 1656 erant,
692 1622 779 1657 magis
789 1621 856 1656 elegi
873 1628 984 1655 surgere

195 1673 229 1699 de
245 1671 454 1706 congregatione
470 1669 630 1701 ludentium,
644 1673 673 1695 ut
684 1668 788 1695 amicus
807 1672 869 1694 tuus
885 1674 983 1699 essem,

195 1725 278 1753 quam
298 1717 433 1745 contraria
450 1716 552 1744 faciens
563 1736 570 1747 ,
588 1716 657 1743 inter
673 1722 720 1742 eos
738 1714 784 1750 qui
802 1714 893 1741 hostes
909 1717 983 1746 sunt,

195 1762 358 1798 computari.
372 1761 432 1789 Non
448 1762 503 1789 redi
519 1762 546 1788 in
560 1761 671 1788 concilio
684 1759 842 1791 ludentium,
853 1758 898 1785 sed
909 1758 984 1785 lime-

196 1812 256 1836 bam
268 1818 283 1836 α
293 1809 361 1843 facie
373 1817 466 1835 "ianua
479 1813 540 1835 tum.
558 1807 590 1834 Et
603 1806 726 1834 Salvator
741 1809 834 1833 noster
845 1812 900 1832 non
914 1804 984 1831 sedit

197 1855 222 1882 in
236 1855 351 1883 concilio
364 1855 526 1887 ludentium,
541 1853 588 1881 sed
604 1852 759 1881 surrexisse
770 1859 800 1879 se
810 1850 912 1878 docens
924 1849 961 1876 ait
973 1858 980 1876 ε

197 1901 350 1928 Dimittetur
360 1900 429 1927 vobis
444 1902 536 1926 domu:
552 1903 636 1926 vestra
648 1901 763 1925 deserta.
777 1896 897 1932 Reliquit
908 1895 982 1922 enim

190 1948 284 1975 Sermo
296 1945 342 1972 Dei
354 1945 462 1973 divinus
473 1944 618 1972 concilium
628 1943 795 1974 Iudaeorum,
810 1946 837 1969 et
849 1941 922 1968 aliud
931 1939 983 1968 sibi

194 1993 340 2019 concilium
355 1999 387 2018 ex
401 1991 526 2026 gentibus
539 1990 723 2025 congregavit.

1064 576 1118 602 Kal
1137 576 1222 602 ἔσται
1239 576 1256 601 ὁ
1284 575 1375 609 λόγος
1388 583 1446 602 σου
1461 575 1527 610 ἐμοὶ
1545 576 1590 609 εις
1611 576 1812 609 εὐφροσύνην.

1030 620 1087 646 οὐκ
1098 619 1162 646 ἐστι
1177 619 1235 650 νῦν,
1247 618 1304 646 ἀλλ’
1316 620 1410 647 ἔσται·
1421 620 1482 646 ἐπεὶ
1495 619 1550 655 γὰρ
1565 620 1611 646 ἐπὶ
1622 619 1670 646 τοῦ
1687 621 1814 655 παρόντος

1032 666 1047 691 ὁ
1061 665 1139 699 λόγος
1156 673 1203 692 σου
1215 666 1277 701 ἐμοὶ
1291 666 1330 697 είς
1344 665 1478 700 φυλακὰς.
1499 666 1539 697 εἰς
1569 665 1658 697 δίκας,
1681 674 1720 697 εις
1751 666 1814 702 πρά-

1033 711 1184 746 γματα,είς
1194 711 1358 746 δυσφημίας,
1371 712 1410 743 εἰς
1425 711 1533 743 πόνους,
1548 711 1616 738 ἀλλὰ
1631 711 1662 738 τὸ
1678 711 1752 743 τελος
1763 712 1815 739 τού-

1032 766 1086 783 των
1099 756 1252 792 εὺφροσύνη
1266 756 1397 783 ἐστί.Και
1409 757 1475 783 ἐστι
1488 758 1505 783 ό
1517 757 1608 791 λόγος
1620 763 1680 784 σου
1698 758 1761 791 ἐμοὶ
1775 759 1814 790 εις

1031 802 1225 836 εὐφροσύνην
1239 801 1288 828 καὶ
1316 801 1412 835 χαρὰν
1433 801 1557 835 καρδίας
1569 810 1640 836 μου,
1667 801 1711 828 ὅτι
1725 802 1815 828 ἐπιπέ-

1033 850 1138 881 κνῑηται
1150 847 1183 874 τὸ
1197 846 1290 882 ὄνομα
1300 854 1358 873 σου
1373 847 1488 881 ἐπ’ὲμὲ,
1502 847 1589 880 Κύριε
1604 849 1814 882 παντόκρατφ.

1033 894 1092 920 Κᾶν
1104 893 1221 928 Χριστὸς
1238 893 1315 928 λέγῃ.
1328 893 1359 919 τὸ
1371 893 1456 928 ὄνομα
1467 894 1513 920 τοῦ
1523 894 1630 930 Πατρὸς
1643 895 1815 930 ἐπικέκληται

1032 939 1076 964 ἐπ’
1100 939 1190 965 αὐτόν.
1210 940 1270 965 Οὐκ
1289 938 1415 966 ἐκάθισα
1430 939 1465 965 ἐν
1477 939 1626 973 συνεδρίῳ
1641 940 1741 966 αὐτῶν
1757 948 1816 966 παι-

1033 984 1150 1014 ζόντων.
1169 984 1202 1010 Εί
1224 993 1287 1011 ποτε
1306 983 1413 1020 ἑώρακε
1436 985 1467 1011 τὸ
1482 984 1621 1020 συνέδριον
1647 986 1661 1011 ὁ
1681 987 1816 1021 προφήτης

1033 1031 1062 1057 οὐ
1086 1029 1301 1062 σπουδαζόντων,
1327 1030 1395 1056 ἀλλά
1420 1029 1580 1063 παιζόντων,
1606 1030 1707 1065 ἔφευγε
1724 1031 1816 1066 μᾶλλον

1032 1077 1063 1102 τὸ
1080 1075 1254 1110 συνάγεσθαι,
1271 1076 1343 1112 ἥπερ
1366 1076 1495 1103 ἔσπευδεν
1517 1077 1563 1103 ἐπὶ
1584 1078 1746 1112 συναγωγὴν
1760 1086 1816 1103 παι-

1034 1122 1142 1154 ζόντων.
1160 1122 1264 1157 Νοῆσαί
1290 1130 1319 1148 σε
1333 1119 1379 1149 οὖν
1401 1122 1441 1149 δεῖ
1455 1122 1586 1157 διαφορὰν
1610 1123 1750 1159 συνεδρίου
1765 1131 1816 1148 παι-

1034 1167 1144 1200 ζόντων,
1160 1167 1208 1194 καὶ
1224 1166 1437 1199 σπουδαζόντων.
1452 1167 1489 1194 Τὸ
1504 1167 1640 1202 συνέδριον
1652 1167 1731 1194 τοῦτο
1741 1176 1815 1194 σπου-

1032 1213 1108 1240 δαῖόν
1124 1214 1192 1245 ἐστι,
1203 1214 1251 1240 xal.
1265 1212 1354 1239 πάντα
1365 1213 1436 1238 ποιεί
1459 1212 1527 1248 μετά
1539 1213 1668 1248 σπουδῆς,
1686 1213 1733 1239 καὶ
1745 1221 1815 1239 om

1033 1257 1082 1293 δῆς
1095 1258 1183 1290 ἀξίας·
1198 1258 1254 1290 καὶ,
1268 1257 1340 1285 κατὰ
1358 1257 1388 1284 τὺ
1402 1258 1559 1293 λεγόμενον,
1586 1258 1689 1294 σπουδὴ
1703 1259 1717 1284 ό
1733 1258 1814 1292 λόγος,

1035 1303 1136 1339 σπουδὴ
1152 1304 1167 1330 ό
1179 1303 1245 1338 βίος,
1265 1304 1311 1330 καὶ
1335 1304 1422 1340 πάντη
1439 1304 1497 1330 ἐστὶ
1508 1304 1538 1330 τὸ
1554 1304 1694 1340 συνέδριον
1718 1304 1749 1331 οὗ
1761 1313 1815 1330 παι·
1842 1310 1850 1318 ·

1034 1348 1145 1381 ξόντων,
1158 1350 1225 1376 (illa
1249 1349 1462 1381 σπουδαζόντων.
1481 1350 1567 1376 Ὅταν
1577 1349 1606 1376 δὲ
1621 1350 1653 1376 τὸ
1673 1350 1814 1385 συνέδριον,

1034 1395 1181 1422 καταλιπὸν
1206 1396 1254 1431 τὴν
1280 1395 1397 1431 σπουδὴν
1412 1396 1462 1431 τὴν
1479 1396 1544 1431 περὶ
1554 1395 1587 1422 τὰ
1599 1396 1748 1430 ἀναγκαῖα,
1762 1404 1816 1431 οχο-

1036 1440 1103 1476 λάζῃ
1118 1442 1174 1473 τοῖς
1189 1441 1324 1475 παιγνίοις
1339 1440 1386 1468 τοῦ
1400 1441 1497 1473 αιῶνος
1516 1441 1612 1468 τούτου
1627 1441 1675 1468 καὶ
1688 1442 1816 1476 παιγνίοις

1035 1487 1090 1518 τοῖς
1105 1486 1158 1513 ἀπὸ
1172 1487 1223 1522 γῆς
1250 1486 1357 1518 κακίας,
1374 1486 1478 1517 γίνεται
1501 1487 1638 1522 συνέδριον
1659 1487 1814 1519 παιζόντων.

1033 1531 1116 1566 Φησὶν
1133 1529 1179 1558 οὖν
1195 1529 1280 1563 οὗτος⁸
1298 1532 1357 1558 οὐκ
1370 1531 1494 1559 ἐκάθισα
1508 1531 1543 1558 iur
1562 1532 1715 1566 συνεδρίῳ
1726 1531 1817 1559 αὐτῶν

1033 1576 1204 1609 παιζόντων,
1212 1577 1280 1604 ἀλλ’
1288 1578 1477 1612 εὐλαϐοὐμην
1484 1578 1544 1605 ἀπὸ
1550 1577 1716 1612 ,προσώπου
1724 1580 1817 1614 χειρός

1035 1630 1102 1649 σου.
1116 1623 1166 1650 Δύο
1173 1623 1457 1659 προκειμένων,ήγουν
1468 1623 1630 1655 καθέζεσθαι
1647 1625 1676 1650 ὲν
1693 1624 1817 1660 συθεδρίῳ

1035 1667 1197 1700 παιζόντων,
1211 1669 1258 1695 καὶ
1273 1669 1315 1695 σοὶ
1326 1668 1365 1704 τῷ
1381 1668 1440 1704 Θεῷ
1453 1669 1646 1705 προσκόπτειν,
1663 1670 1713 1696 καὶ
1729 1670 1770 1696 σοι
1784 1670 1817 1704 μὴ

1035 1714 1174 1750 ἀρέσκειν,
1185 1714 1202 1750 ἢ
1213 1714 1368 1751 ἐγείρεσθαι
1380 1714 1435 1741 ἀπὸ
1447 1715 1583 1751 συνεδρίου
1598 1715 1765 1747 παιζόντων,
1777 1716 1817 1742 καὶ

1036 1761 1122 1786 ποιεῖν
1134 1760 1220 1787 ταῦτα
1240 1760 1259 1787 ἃ.
1274 1768 1314 1787 σοι
1330 1759 1406 1795 φίλον
1420 1758 1464 1796 ἦν’
1477 1761 1589 1796 εἱλόμην
1602 1761 1705 1796 μᾶλλον
1717 1761 1817 1788 ἀνιστα-

1036 1805 1097 1832 σθαι
1112 1806 1165 1832 ἀπὸ
1181 1806 1228 1833 τοῦ
1256 1806 1394 1841 συνεδρίου
1420 1805 1585 1839 παιζόντων,
1610 1807 1658 1834 καὶ
1677 1807 1721 1833 σοὶ
1750 1806 1817 1841 φίλος

1035 1849 1115 1884 εἶναι,
1129 1853 1201 1887 ἥπερ
1225 1852 1255 1879 τὸ
1281 1853 1400 1879 ὲναντίον
1420 1853 1502 1879 ποιῶν
1523 1852 1618 1888 ἐχθρὸς
1645 1854 1774 1887 γενέσθαι
1789 1854 1815 1888 τῇ

1037 1899 1218 1935 μακαριότητι
1243 1908 1300 1926 σου.
1321 1900 1382 1927 οὐκ
1405 1899 1531 1927 ἐκάθισα
1547 1900 1582 1927 ἐν
1606 1900 1759 1934 συνεδρίῳ
1772 1900 1816 1928 αὐ-

1035 1945 1094 1972 τῶν
1104 1944 1276 1978 παιζόντων,
1293 1946 1361 1973 ἀλλ’
1377 1947 1567 1980 εὐλαϐούμην
1582 1946 1642 1972 ἀπὸ
1659 1946 1816 1979 προσώπου

1035 1989 1134 2024 χειρός
1147 1996 1214 2016 σου.
1244 1990 1299 2016 Καὶ
1315 1990 1329 2016 ὁ
1357 1990 1450 2026 Σωτὴρ
1472 1989 1550 2025 ἡμῶν
1569 1990 1620 2016 οὐκ
1635 1990 1767 2017 ἐκάθισεν
1791 1990 1816 2016 ὲν

196 2038 325 2073 συνεδρίῳ
350 2036 440 2063 αὐτῶν
462 2035 624 2068 παιζόντων,
637 2034 692 2061 ἀλλ’
707 2034 846 2068 ἀπανέστη
868 2034 914 2060 ἀπ’
931 2033 1030 2061 αὐτῶν.
1044 2034 1099 2061 Καὶ
1125 2035 1236 2070 σημεῖόν
1253 2036 1310 2061 ἐστι
1331 2035 1377 2062 τοῦ
1400 2035 1546 2071 ἒγηγέρθαι
1569 2036 1615 2062 τὸν
1636 2036 1755 2072 Σωτῆρα
1770 2035 1817 2062 ἀπὸ

195 2086 333 2122 συνεδρίου
347 2084 508 2116 παιζόντων,
521 2084 552 2109 τὸ
564 2083 703 2119 εἰρηκέναι
717 2082 807 2108 αὐτόν’
824 2081 952 2115 ’Λφίεται
965 2081 1036 2115 ὑμῖν
1048 2083 1064 2108 ό
1078 2081 1159 2115 οἶκος
1171 2081 1253 2117 ὑμῶν
1260 2082 1378 2116 ἕρημος.
1394 2082 1578 2110 Καταλέλοιπε
1591 2082 1645 2118 γὰρ
1661 2084 1676 2109 ὁ
1685 2083 1767 2117 λόγος
1776 2084 1817 2111 τοῦ

195 2131 262 2158 Θεοῦ
278 2130 309 2157 τὸ
327 2129 459 2156 Ἰουδαίων
473 2128 619 2163 συνέδριον,
637 2127 683 2154 καὶ
699 2126 762 2153 ἄλλο
781 2126 916 2161 συνέδριον
929 2127 976 2153 καὶ
1001 2127 1161 2163 Ἐκκλησίαν
1183 2127 1272 2163 ἐαυτῷ
1285 2127 1417 2164 πεποίηκε
1430 2127 1478 2163 τὴν
1493 2128 1546 2155 ἀπὸ
1561 2128 1615 2155 τῶν
1627 2128 1726 2156 ἐθνῶν.

232 2175 276 2202 16.
298 2174 377 2202 Solus
394 2174 515 2200 sedebam
528 2174 563 2199 ".
583 2172 616 2200 Et
631 2173 688 2208 ipse
704 2176 810 2199 tantum
825 2171 883 2198 sine
897 2178 975 2206 expo-

1066 2173 1146 2200 Κατὰ
1165 2175 1261 2207 μόνας
1275 2173 1437 2208 ἐκαθήμην.
1455 2174 1509 2200 Kal
1524 2174 1559 2200 τὰ
1576 2174 1688 2209 ῥήματα
1706 2174 1817 2202 ἐνταῦθα

197 2221 295 2249 sitione
308 2228 399 2248 sermo
407 2220 522 2247 :edilicat
533 2219 684 2246 audientes.
705 2217 819 2252 Quando
831 2221 873 2245 est
886 2217 980 2244 inulti-

197 2268 263 2296 tuilo
287 2266 476 2303 peccantium,
501 2273 551 2293 nec
570 2265 686 2293 sustinet
710 2271 803 2292 secum
817 2263 920 2299 justum
938 2263 981 2297 pie

197 2313 299 2346 vivere,
322 2315 389 2340 tunc
417 2311 542 2346 indigens
567 2316 610 2338 est
633 2310 727 2345 iugere
745 2307 981 2344 congregationem

195 2366 303 2390 eorum,
316 2362 344 2385 et
365 2356 466 2384 imitari
479 2356 640 2392 prophetam
655 2356 809 2391 loquentem
825 2364 832 2382 :
847 2354 925 2394 Solus
941 2362 982 2381 se-

197 2405 310 2436 debam;
332 2403 433 2431 imitari
448 2403 531 2430 etiam
545 2401 736 2429 miserabiliter
746 2406 956 2436 conquerentem
973 2409 979 2427 :

197 2451 318 2481 Domine,
336 2449 475 2484 prophetas
495 2453 552 2475 tuo:
569 2448 730 2481 occiderunt,
748 2447 847 2474 altaria
863 2446 981 2481 stt/fode-

196 2501 258 2524 runt
268 2517 276 2529 ,
292 2501 317 2523 et
331 2504 378 2531 ego
399 2495 506 2522 relictus
519 2502 577 2521 sum
594 2493 676 2526 solus,
690 2497 714 2520 et
727 2497 846 2527 quierunt
863 2499 980 2518 animum

196 2551 280 2570 meam
295 2543 412 2577 accipere
427 2541 502 2568 illam
515 2541 548 2567 ".
566 2539 594 2567 Si
607 2545 697 2567 autem
711 2539 877 2566 voluerimus
890 2545 982 2564 sacra-

196 2594 250 2616 tius
267 2587 370 2623 aliquid
385 2586 508 2622 accipere
524 2586 551 2613 in
566 2593 600 2613 eo
616 2585 687 2621 quod
709 2585 807 2612 dicitur
823 2593 829 2610 :
848 2583 926 2610 Solus
942 2591 983 2610 se-

195 2635 298 2666 debam,
323 2634 438 2662 forsitan
464 2633 634 2660 inveniemus
657 2631 766 2666 dignam
782 2629 981 2664 interpretatio-

197 2687 258 2706 nem
271 2679 372 2714 Spiritu
384 2683 488 2707 sancto.
503 2677 618 2712 Quando
629 2677 713 2704 vitam
726 2675 906 2703 multitudinis
919 2674 981 2701 imi-

197 2731 298 2758 tamur,
314 2734 363 2753 nec
376 2725 548 2754 conversatio
557 2727 651 2752 nostra
665 2731 680 2750 a
693 2722 793 2758 populo
810 2721 916 2752 melior,
930 2727 981 2747 nec

197 2775 352 2805 contempto
374 2771 465 2806 judice
490 2773 545 2800 Deo
567 2771 602 2798 ab
625 2770 767 2798 hominum
795 2767 906 2796 tnalitiis
937 2775 980 2794 se-

1032 2219 1176 2254 οικοδομεῑ.
1199 2219 1283 2246 Ὅταν
1300 2219 1402 2253 πλῆθος
1451 2219 1631 2256 ἁμαρτωλῶν,
1648 2220 1696 2246 καὶ
1716 2221 1755 2256 μὴ
1774 2221 1816 2254 φέ-

1035 2273 1101 2301 ρωσι
1118 2265 1163 2292 τὸν
1177 2264 1279 2291 δίκαιον
1295 2265 1403 2300 βιοῦντα
1412 2274 1419 2280 ε
1442 2266 1489 2292 καὶ
1501 2265 1538 2297 ὡς
1551 2266 1628 2292 οὐδὲν
1642 2266 1747 2293 ἄτοπόν
1765 2269 1816 2293 ἐστι

1035 2309 1168 2343 φεύγοντα
1185 2309 1322 2346 συνέδριον
1340 2310 1389 2345 τῆς
1411 2310 1509 2342 κακίας
1531 2311 1704 2346 μιμήσασθαι
1725 2313 1771 2339 τὸν
1785 2314 1818 2338 εὶ-

1034 2355 1118 2380 πόντα
1127 2374 1135 2386 ,
1150 2355 1230 2381 Κατὰ
1242 2356 1339 2390 μόνας
1351 2354 1515 2388 ἐκαθήμην,
1533 2355 1707 2391 μιμήσασθαι
1720 2356 1767 2383 καὶ
1778 2355 1818 2381 τὸν

1033 2401 1146 2435 λέγοντα
1165 2401 1255 2428 Ὴλίαν
1267 2409 1274 2416 ·
1292 2402 1391 2435 Κύριε,
1409 2400 1480 2433 τοὺς
1499 2400 1651 2434 προφήτας
1669 2408 1730 2428 σου
1752 2400 1819 2428 ἀπέ-

1033 2456 1164 2479 κτειναν,
1178 2447 1214 2474 τὰ
1228 2446 1425 2481 θυσιαστήριά
1439 2453 1497 2473 σου
1511 2447 1725 2480 κατέσκαψαν,
1744 2446 1818 2480 κάτώ

1028 2492 1216 2527 ὑπελείφθην
1237 2492 1419 2526 μονώτατος,
1443 2493 1491 2520 καί
1506 2491 1627 2527 ζητοῦσι
1642 2493 1702 2525 τήν
1718 2494 1818 2526 ψυχήν

1026 2545 1084 2572 μου
1099 2537 1207 2564 λαϐεῖν
1222 2538 1337 2571 αὐτοῖς.
1351 2538 1426 2573 Τάχα
1442 2538 1482 2570 δὲ,
1495 2538 1547 2564 κᾶν
1564 2537 1716 2573 βαθύτερον
1730 2537 1817 2569 ἐξετά-

1030 2592 1079 2618 σῃς
1090 2583 1131 2616 τὺ,
1144 2583 1224 2610 Κατὰ
1232 2585 1331 2618 μόνας
1341 2583 1505 2618 ἐκαθήμην,
1517 2585 1646 2620 εὑρήσεις
1658 2586 1737 2614 τινας
1747 2584 1816 2615 ἀξιον

1029 2629 1091 2656 νοῦν
1105 2629 1205 2664 βάθους
1222 2629 1405 2665 προφητικοῦ.
1420 2631 1505 2656 Ὅταν
1518 2629 1562 2656 τὸν
1574 2629 1631 2657 τῶν
1646 2629 1752 2657 πολλῶν
1762 2628 1816 2664 βίον

1029 2674 1193 2710 μιμώμεθα,
1204 2675 1275 2701 ὥστε
1286 2675 1324 2710 μὴ
1336 2673 1404 2702 εἶναι
1418 2676 1653 2711 ἀνακεχωρηκότα
1664 2676 1759 2707 αὐτὸν,
1773 2676 1815 2702 καὶ

1029 2720 1171 2753 κρείττονα
1190 2721 1238 2748 καὶ
1255 2721 1395 2757 ἐξαίρετον
1409 2722 1485 2757 παρὰ
1498 2721 1561 2753 τοὺς
1575 2720 1702 2755 πολλοὺς,
1726 2721 1756 2748 οὐ
1771 2721 1813 2747 δύ-

1029 2774 1113 2800 ναμαι
1129 2765 1232 2800 λέγειν,
1249 2767 1332 2794 Κατὰ
1345 2768 1443 2803 μόνας
1456 2767 1623 2802 ἐκαθήμην,
1640 2767 1709 2795 ἀλλά
1724 2775 1731 2783 ·
1743 2766 1813 2794 Μετὰ

233 2828 254 2843 ⁸⁷
271 2827 370 2856 Jercm.
387 2829 488 2860 ιν,16.
526 2830 548 2846 ⁸⁸
565 2829 630 2857 ibid.
670 2829 691 2845 "
708 2828 772 2856 ibid.
791 2827 834 2854 l7.
873 2827 894 2842 7°
909 2825 964 2853 Jer.

1066 2821 1090 2848 7.
1133 2822 1151 2838 τι
1170 2822 1237 2851 ibid.
1256 2823 1300 2851 ιτ.
1339 2824 1362 2841 η
1379 2823 1412 2852 Ill
1427 2823 1495 2860 Reg.
1511 2831 1565 2857 ιιι,
1584 2823 1626 2852 ιι.
