1869 3041
76 106 120 132 157

73 162 138 189 οὕτω
165 163 261 197 γέγονε
291 165 462 200 πρωτότοκος
490 165 598 193 πάντων
632 165 795 202 ἀνθρώπιον.
817 166 856 198 είς
871 166 891 195 Α

73 207 133 234 Θεὸν
151 207 322 242 μεταϐαλών.
345 209 576 243 Ἐπικατάρατος
593 210 683 237 τοίνυν
703 210 857 245 ἄνθρωπος

68 248 104 286 ’ὸς
123 252 178 286 τὴν
196 253 309 280 ἐλπίδα
326 254 388 289 ἔχει
412 255 459 281 ἐπ’
480 254 645 289 ἄνθρωπον,
667 257 714 284 καὶ
735 255 856 292 στηρίξει

75 297 156 334 σάρκα
176 297 323 334 βραχίονος
339 299 434 332 αὑτοῦ,
456 300 530 331 ὅστις
547 300 581 327 ἂν
602 299 713 337 κυρώσῃ
734 301 767 328 τὰ
789 300 857 337 σάρ-

74 352 138 375 κινα,
157 343 231 375 ὅστις
245 344 297 380 τὴν
319 345 395 381 ίσχὺν
409 345 459 381 τὴν
476 346 635 382 σωματικὴν
650 347 697 374 ἐὰν
712 348 856 383 κτήσηται,

73 390 194 417 καὶκατὰ
210 390 302 425 σάρκα
320 391 358 425 (1)
374 391 565 427 στρατεύηται.
589 391 657 419 Ἀλλ’
671 393 686 419 6
710 393 787 426 ἅγιος
808 393 857 428 οὐχ

72 435 151 467 οὕτως
163 435 254 462 ἐστίν·
274 437 306 463 οὺ
327 436 381 472 γὰρ
398 437 522 473 στηρίξει
545 438 633 474 σάρκα
650 438 792 474 βραχίονος
808 440 858 466 αὺ-

71 482 123 509 τοῦ.
142 482 263 510 Πάντοτε
288 484 344 520 γὰρ
359 484 410 520 τὴν
435 484 569 520 νέκρωσιν
590 486 637 512 τοῦ
665 486 752 522 Ἰησοῦ
773 488 801 514 ὲν
818 487 857 523 τῷ

72 528 170 563 σώματι
185 529 268 557 αὑτοῦ
285 530 353 566 ἔχει,
371 530 417 557 καὶ
433 533 526 567 νεκροί
540 532 574 559 τὰ
595 531 662 567 μέλη
681 532 715 559 τὰ
737 532 784 559 ἐπὶ
806 533 857 568 τῆς

72 574 127 608 γῆς,
135 575 275 610 πορνείαν,
289 576 459 613 ἀκαθαρσίαν
468 586 474 593 ·
489 577 629 614 νεκριῦσας
639 578 737 611 ταῦτα,
750 580 780 606 οὐ
792 588 856 616 στη-

74 619 136 654 ρίξει
160 619 250 655 σάρκα
276 621 325 647 τοῦ
350 621 491 657 βραχίονος
513 622 606 650 αὐτοῦ.
628 623 857 658 Ἐπικατάρατος

72 663 102 696 ὃς
114 663 168 698 τὴν
185 665 298 692 ἐλπίδα
323 665 385 701 ἔχει
398 666 446 693 ἐπ’
468 667 634 701 ἄνθρωπον.
652 668 726 703 ’Ἅμα
741 668 769 695 δὲ
788 669 857 704 πρὸς

72 709 127 741 τοὺς
142 709 301 744 ἐλπίζοντας
321 712 368 738 ἐπὶ
387 711 551 748 ἀξιώμασιν.
575 714 604 741 '0
617 714 692 741 δεῖνά
712 723 761 750 μου
779 714 856 749 φίλος

72 753 139 781 ἐστὶν
162 754 374 791 ἑκατόνταρχος,
395 757 542 793 ἐπίτροπός
571 759 660 786 ἔστιν·
684 760 698 786 6
715 759 788 787 δεῖνὰ
804 767 856 795 μου

72 798 138 831 φίλος
150 800 196 827 καὶ.
208 800 339 833 πλούσιός
354 803 424 835 ἐπι,
441 803 487 829 καὶ
502 804 651 839 παρέχεταί
667 813 723 840 μοι.
738 806 853 832 Ἔπειτα

72 844 112 871 καὶ
124 844 189 880 πρὸς
206 846 253 873 τὸν
269 846 390 873 τοιοῦτον
411 847 519 882 λέγεται
535 849 615 876 τοῦτο
627 858 634 865 ·
657 850 850 885 Ἐπικατάρα-

72 898 114 922 Ioc
129 890 281 925 ἄνθρωπος
305 892 338 926 ὃς
352 892 408 926 τὴν
421 894 530 921 ἐλπίδα
549 894 612 929 ἔχει
628 895 674 922 ἐπ’
685 895 850 930 ἄνθρωπον.

72 936 134 971 Πρὸς
149 937 242 964 οὐδένα
265 938 410 975 ἄνθρωπον
426 939 572 975 ἐλπίζομεν
596 941 645 975 (2),
670 940 720 968 κᾶν
738 941 852 969 δοκῶσιν

70 980 140 1015 ἡμῶν
153 980 221 1009 εἶναι
238 983 313 1017 φίλοι
325 992 331 999 ’
346 985 377 1011 οὐ
393 984 447 1020 γὰρ
469 985 512 1011 ἐπ’
528 986 638 1018 αὐτοὺς,
663 986 720 1013 ἀλλ’
737 987 782 1013 ἐπὶ
797 987 854 1014 Κύ-

73 1033 121 1057 ριον
139 1026 215 1062 ὴμῶν
238 1027 398 1064 ἐλπίζομεν.
424 1030 454 1062 ὃς
473 1030 548 1057 ἑστιν
571 1031 674 1067 Ἰησοῦς
690 1032 816 1068 Χριστὸς,
830 1029 853 1067 ᾧ

70 1070 135 1097 ἐστιν
147 1072 163 1106 ἡ
177 1071 239 1106 δόξα
255 1072 306 1100 καὶ
318 1073 349 1100 τὸ
362 1074 463 1110 κράτος
476 1076 517 1107 είς
531 1075 593 1108 τοὺς
607 1076 708 1108 αἰῶνας
720 1077 774 1104 τῶν
787 1077 849 1104 αίὼ-

72 1124 126 1143 νων.
148 1117 243 1152 Ἀμήν.

357 1184 478 1211 ΟΜΙΛΙΑ
495 1185 554 1218 ις’.

403 1230 449 1262 Εἰς
464 1231 509 1257 τό’

77 1284 140 1312 Ἰδοὺ
155 1285 210 1320 ἐγὼ
226 1286 410 1322 ἀποστέλλω
426 1288 496 1320 τοὺς
515 1287 609 1322 ἁλιεῖς
620 1288 690 1321 τοὺς
706 1288 851 1322 πολλοὺς,

248 1320 332 1355 ,λέγει
347 1322 463 1355 Κύριος,
481 1322 527 1349 καὶ
540 1321 575 1349 τὰ
592 1322 665 1358 ἑξῆς.

640 108 673 135 IN
691 107 862 136 IEREMIAM
883 107 1026 136 llOMlLlA
1044 108 1114 136 XVI.

1641 111 1693 139 ιδε

907 166 942 194 ita
958 167 1047 195 factus
1060 172 1102 195 est
1118 167 1316 202 primogenitus
1329 168 1452 195 omnium
1465 169 1606 196 hominum
1622 177 1692 205 quos

908 212 936 239 in
965 211 1049 240 Deum
1075 212 1223 240 transtulit.
1249 211 1407 239 Maledicta:
1435 213 1517 248 igitur
1545 214 1622 241 homo
1648 215 1692 249 qui

907 266 977 292 spem
1000 257 1076 285 habet
1100 259 1129 285 in
1151 258 1265 292 homine,
1292 263 1316 285 et
1348 259 1436 293 ﬁrmat
1462 267 1566 286 cantem
1591 259 1693 286 brachii

908 303 949 330 sui
973 303 1005 336 ¹⁸,
1020 303 1067 338 qui
1090 303 1219 331 nimirum
1240 311 1271 331 ea
1288 312 1348 338 qua:
1367 303 1458 331 carnis
1475 308 1549 336 sunt,
1569 304 1691 338 roborat,

907 348 954 383 qui
970 349 1055 376 robur
1068 356 1228 384 corporeum
1247 356 1309 376 cum
1325 348 1482 381 obtinuerit,
1499 349 1580 376 etiam
1596 349 1693 376 militat

908 393 1057 421 secundum
1068 401 1190 421 carnem.
1202 394 1299 421 Verum
1313 401 1366 421 non
1380 394 1417 420 ita
1431 397 1541 422 sanctus
1550 400 1580 421 se
1588 393 1669 420 habet
1684 402 1691 409 -

907 446 996 473 neque
1009 439 1081 466 enim
1097 439 1186 466 Iirmat
1198 446 1307 466 carnem
1320 439 1423 466 brachii
1437 439 1492 471 sui;
1501 446 1608 474 semper
1617 439 1692 466 enim

907 483 1145 511 mortiﬁcationem
1169 482 1234 510 Iesu
1257 482 1284 509 in
1299 489 1413 517 corpore
1436 489 1487 510 suo
1512 482 1592 509 habet
1612 481 1645 514 ¹⁶,
1665 486 1693 509 et

907 527 1055 555 mortiﬁcat
1067 527 1190 555 membra
1206 534 1255 554 sua
1270 534 1331 562 qua:
1345 531 1409 554 sunt
1419 534 1501 562 super
1510 530 1623 559 terram,
1637 525 1692 554 for-

907 572 1084 603 nicationem,
1106 571 1306 598 immunditiam
1325 571 1365 604 ";
1386 570 1487 606 quibus
1508 570 1691 602 mortiﬁcatis,

907 625 961 645 non
976 617 1066 644 ﬁrmat
1079 624 1191 644 carnem
1203 616 1309 644 brachii
1322 616 1376 644 sui.
1392 615 1550 643 Maledicta:
1563 617 1609 651 qui
1621 624 1692 651 spent

906 663 984 690 habet
995 663 1026 694 in
1040 663 1155 689 homine.
1171 661 1228 689 Hoc
1244 662 1308 689 item
1323 662 1349 689 in
1363 669 1411 689 eos
1423 662 1539 696 quadrat
1555 662 1600 697 qui
1614 670 1690 696 spem

907 708 1008 736 habent
1027 707 1054 734 in
1077 706 1233 742 potentibus
1258 710 1286 733 et
1308 706 1440 741 dignitate
1459 706 1624 741 conspicuis.
1642 705 1692 735 Hic

906 761 984 782 meus
998 753 1103 781 amicus
1129 757 1171 780 est
1193 752 1327 780 centurio.
1348 751 1394 780 Ille
1416 760 1494 780 meus
1516 753 1622 780 amicus
1649 756 1692 781 est

906 799 1060 836 praefectus,
1078 804 1106 826 et
1120 798 1196 825 dives
1209 802 1261 830 est,
1281 801 1307 825 et
1321 797 1366 825 dat
1382 798 1459 826 Inibi.
1475 798 1516 825 Ad
1529 798 1601 826 hunc
1613 798 1693 834 perti-

906 846 1023 873 netillud
1041 855 1047 872 :
1059 844 1217 872 Maledicta:
1225 844 1301 870 homo
1313 843 1358 878 qui
1372 851 1442 878 spem
1453 843 1528 870 habet
1539 843 1565 870 in
1578 843 1690 871 homine.

905 892 935 920 In
954 892 1058 919 nullum
1076 891 1214 918 hominem
1233 896 1376 924 speramus
1389 909 1396 923 ,
1411 890 1586 924 quantumvis
1613 889 1691 917 nobis

906 938 987 966 amici
1006 945 1067 966 esse
1090 937 1234 964 videantur
1251 945 1258 963 :
1283 943 1338 963 non
1361 936 1433 963 enim
1452 936 1479 963 in
1500 935 1584 971 ipsos,
1602 935 1649 963 sed
1664 935 1692 963 in

906 984 1051 1013 Dominum
1071 987 1196 1011 nostrum
1218 989 1370 1017 speramus,
1385 982 1432 1018 qui
1455 986 1497 1010 est
1517 981 1597 1010 Iesus
1612 981 1691 1009 Chri—

906 1036 976 1064 stus,
992 1030 1036 1059 cui
1054 1035 1096 1057 est
1110 1030 1198 1057 honor
1210 1032 1237 1057 et
1252 1029 1397 1064 imperium
1417 1030 1445 1057 in
1460 1029 1560 1057 saecula
1579 1029 1693 1057 saculo-

906 1085 978 1104 rum.
993 1077 1090 1104 Amen.

1131 1183 1212 1217 227
1233 1181 1374 1209 HOMILIA
1391 1181 1461 1209 XVI.

1076 1227 1179 1263 (Juxta
1206 1227 1394 1263 Hieronymum
1425 1224 1495 1255 ΧΙΙ.
1507 1229 1517 1262 )

1110 1273 1146 1301 De
1161 1280 1193 1301 eo
1205 1273 1278 1309 quod
1289 1274 1420 1308 scriptum
1429 1278 1470 1301 est
1483 1283 1491 1301 :

908 1322 973 1350 Ecce
980 1330 1027 1357 ego
1034 1321 1108 1348 mitto
1116 1320 1258 1355 piscatores
1270 1319 1377 1352 multos,
1386 1319 1450 1346 dicit
1459 1318 1586 1346 Dominus
1594 1318 1625 1353 “,
1633 1322 1687 1349 etc,

636 1381 813 1421 lnterprete
829 1383 859 1413 S.
877 1382 1087 1420 Hieronymo.

107 1438 320 1475 ’Δναγέγραπται
343 1440 371 1467 ἂν
388 1441 427 1477 τῷ
443 1443 514 1469 κατὰ
532 1442 670 1470 Ματθαϊον
691 1443 850 1478 Εὐαγγελίῳ
863 1445 885 1474 C

73 1481 156 1518 Σωτὴρ
169 1484 247 1519 ἡμῶν
263 1484 423 1520 ἐληλυθέναι
440 1486 516 1521 παρά
526 1486 576 1521 τὴν
591 1486 729 1514 θάλασσαν
738 1488 788 1523 τῆς
795 1488 849 1514 Γα-

72 1525 182 1560 λιλαίας,
197 1529 244 1556 καὶ
262 1529 415 1565 ἑωρακέναι
437 1531 558 1566 Σίμωνα,
583 1532 630 1559 καὶ
657 1532 784 1569 Ἀνδρέαν
803 1532 850 1560 τὸν

72 1571 172 1606 ἀδελφὺν
192 1573 275 1601 αὑτοῦ
295 1573 439 1608 βάλλοντας
456 1576 661 1612 ἀμφίϐληστρον
680 1578 720 1609 εἰς
735 1577 784 1613 τὴν
803 1577 850 1604 θά-

72 1615 176 1643 λασσαν·
192 1616 263 1654 ἦσαν
279 1619 335 1655 γὰρ
352 1620 448 1652 ἁλιεῖς.
474 1619 542 1648 Εἶτά
555 1630 637 1657 φησιν
649 1623 662 1649 ὁ
678 1622 766 1656 λόγος,
779 1623 820 1649 ὅτι
835 1623 850 1650 6

74 1660 157 1698 Σωτὴρ
177 1663 236 1690 ἰδὼν
254 1663 334 1692 εῐπεθ
360 1665 450 1693 Δεῦτε
471 1666 568 1694 ὀπίσω
581 1676 651 1701 μου,
667 1667 715 1695 καὶ
732 1669 850 1701 ποιήσω

74 1705 140 1739 ὑμᾶς
153 1707 245 1742 ἁλιεῖς
269 1709 453 1744 ἀνθρώπων·
477 1713 503 1738 ot
528 1711 572 1744 δὲ,
596 1711 723 1746 ἀφέντες
743 1712 780 1739 τὰ
804 1712 848 1739 δί-

75 1757 148 1782 κτυα,
156 1752 370 1788 ἠκολούθησαν
383 1755 472 1788 αὐτῷ.
482 1756 536 1783 Καὶ
553 1757 702 1792 πεποίηκεν
714 1759 728 1784 6
745 1758 849 1793 Ἰησοῦς

74 1796 160 1829 αὐτοὺς
174 1799 219 1825 ἐπὶ
238 1799 385 1827 ἀναλαϐεῖν
401 1800 447 1828 τοῦ
470 1801 586 1828 ἁλιεύειν
605 1802 655 1837 (ὅ).
681 1803 736 1830 Καὶ
754 1803 849 1835 ἄλλους

73 1841 97 1867 δὲ
116 1841 158 1870 δύο
171 1844 303 1879 ἀδελφοὺς
315 1842 394 1881 εὗρεν
404 1866 411 1878 ,
442 1846 568 1873 Ἰάκωϐον
585 1847 631 1874 τὸν
645 1847 692 1874 τοῦ
707 1847 848 1875 Ζεϐεδαίου

75 1889 114 1915 καὶ
133 1890 254 1926 Ἰωάννην
271 1891 316 1918 τὸν
333 1891 445 1926 ἀδελφὸν
465 1892 558 1925 αὐτοῦ,
577 1892 605 1918 ἐν
620 1892 659 1927 τῷ
675 1892 760 1928 πλοίῳ
780 1894 849 1929 μετὰ

74 1933 113 1959 τοῦ
131 1935 229 1971 πατρὸς
250 1936 464 1972 καταρτίζοντας
482 1936 517 1963 τὰ
535 1936 644 1963 δίκτυα·
668 1938 715 1964 καὶ
739 1937 849 1970 τούτους

73 1979 187 2007 ἐκάλεσεν
212 1981 260 2008 ἐπὶ
285 1981 334 2016 ἰὴν
358 1981 443 2017 αὐτὴν
470 1983 636 2018 ἐπιστήμην.
661 1982 797 2018 Πεποίηκε
819 1982 849 2009 δὲ

74 2025 201 2058 κάκείνους
214 2025 302 2059 ἁλιεῖς
316 2027 476 2063 ἀνθρώπων.
494 2028 549 2054 Καὶ
561 2028 588 2054 εἴ
599 2028 640 2060 τίς
653 2037 686 2062 γε
700 2028 848 2063 κατενόησε

72 2070 124 2101 τοὺς
139 2070 244 2106 ἔχοντας
273 2072 327 2098 ἀπὸ
343 2072 409 2099 Θεοῦ
429 2073 508 2108 χάριν
530 2073 609 2108 λόγου
629 2073 846 2110 πεπληρωμένην

72 2113 102 2145 ὡς
114 2115 222 2148 δίκτυα,
241 2118 291 2144 καὶ
303 2118 484 2153 συγκειμένην
500 2118 554 2145 ἀπὸ
567 2118 621 2145 τῶν
638 2118 718 2154 ἱερῶν
733 2119 848 2154 Γραφῶν
864 2114 886 2142 ἶ)

71 2158 103 2190 ὡς
116 2160 334 2198 ἀμφίϐληστρον,
350 2162 421 2189 ὥστε
440 2162 649 2199 περιϐάλλεσθαι
671 2165 733 2196 ταῖς
747 2164 847 2199 ψυχαῖς

72 2204 117 2230 τῶν
135 2207 275 2242 ἀκροατῶν
288 2208 319 2234 τὸ
334 2208 457 2244 πλέγμα·
479 2209 632 2245 κατανοήσῃ
654 2209 682 2236 δὲ
697 2209 743 2236 καὶ
759 2218 847 2244 τεχνι-

74 2250 129 2283 κῶς,
144 2253 220 2280 τοῦτο
240 2254 383 2289 γινόμενον
403 2254 474 2281 κατὰ
492 2254 541 2290 τὴν
557 2255 721 2291 ἐπιστήμην,
742 2255 776 2290 ἢν
795 2255 846 2282 ἐδί-

74 2295 140 2329 ῖαξεν
149 2299 163 2325 6
180 2299 296 2335 Ἰησοῦς,
312 2300 370 2335 ὕψει
383 2301 443 2327 τίνα
455 2300 554 2337 τρόπον
566 2300 597 2327 οὺ
608 2300 686 2335 μόνον
696 2300 767 2332 τότε,
778 2300 846 2328 ἀλλὰ

75 2341 115 2367 καὶ
139 2343 183 2370 νῦν
202 2345 216 2371 6
237 2345 334 2381 Σωτὴρ
351 2345 428 2381 ἡμῶν
455 2345 559 2381 πέμπει
581 2345 665 2377 ἁλιεῖς
684 2345 844 2382 ἀνθρώπων,

78 2387 207 2420 παιδεύσας
225 2390 334 2422 αὐτοὺς,
357 2391 400 2417 ἵνα
426 2390 583 2426 δυνηθῶμεν
606 2390 660 2417 ἀπὸ
682 2390 732 2426 τῆς
748 2391 846 2418 θαλάσ-

76 2439 117 2466 σης
132 2433 259 2468 ἀνελθεῖν,
282 2436 330 2463 καὶ
347 2437 441 2470 φυγεῖν
463 2437 548 2472 αὐτῆς
567 2437 602 2464 τὰ
623 2437 711 2473 πικρὰ
726 2436 844 2472 κύματα.
859 2466 864 2469 ,

80 2475 138 2503 Ἀλλ’
153 2478 249 2506 δκείνοι
262 2481 288 2506 oi
304 2479 395 2515 ἰχθύες
406 2481 431 2507 οῑ
448 2480 554 2515 ἄλογοι,
572 2480 727 2512 ἀνελθόντες
741 2481 770 2508 ὲν
785 2481 845 2513 ταῖς

75 2523 199 2558 σαγήναις,
222 2525 271 2552 καὶ
292 2526 322 2551 ἐν
344 2526 401 2558 τοῖς
423 2526 648 2562 ἀμφιϐλήστροις,
675 2526 721 2553 καὶ
742 2527 770 2553 ὲν
790 2527 845 2557 τοῖς

75 2566 208 2606 δικτύοιςῆ
228 2571 258 2598 ὲν
272 2572 330 2602 τοῖς
350 2571 517 2607 ἀγκίστροις,
542 2571 741 2607 ἀποθνήσκουσι
766 2571 846 2598 θάνα-

73 2619 122 2645 τον,
132 2614 188 2651 οὐχὶ
202 2616 395 2653 διαδεχομένης
409 2617 481 2652 ζωῆς
496 2617 541 2644 τὸν
558 2617 679 2644 θάνατον.
702 2618 730 2644 '0
744 2617 771 2644 δὲ
787 2617 846 2644 συλ-

104 2672 216 2711 _’_‘_I_erem
249 2684 318 2710 χιιι,
345 2677 372 2704 5.
424 2677 445 2694 *⁸
457 2677 480 2704 ll
498 2677 561 2706 Cor.
585 2687 623 2711 Iv,
652 2678 694 2706 10.
743 2679 763 2695 "
774 2678 880 2707 Coloss.

77 2705 170 2742 "ibid.,
183 2710 227 2738 ξι.

150 2766 235 2807 (ξυνίει
248 2769 383 2807 V_’_atiran..
399 2771 466 2807 μετὰ
481 2772 588 2807 σαρκός.

106 2798 141 2836 (2)
152 2801 238 2830 Codex
256 2798 412 2838 Vaticanus,
426 2798 588 2842 ιλπιςώμεῦ.

936 1442 963 1469 Ι.
991 1441 1021 1469 1η
1039 1440 1186 1476 Evangelio
1202 1439 1275 1474 quod
1295 1438 1444 1466 secundum
1461 1438 1616 1466 Mattheum
1635 1445 1685 1472 eu,

903 1487 1033 1515 scribitur
1055 1486 1179 1514 Salvator
1205 1489 1297 1512 noster
1316 1485 1423 1513 venisse
1443 1484 1520 1519 juxta
1541 1491 1615 1511 mare
1634 1482 1688 1511 Ga-

902 1533 987 1567 lilteze,
1011 1538 1039 1560 et
1059 1533 1095 1560 ibi
1113 1532 1214 1560 vidisse
1237 1531 1375 1559 Simonem
1387 1535 1414 1558 et
1426 1530 1560 1557 Andream
1576 1529 1687 1557 [νου-οη

901 1579 961 1614 ejus
981 1578 1120 1606 mittentes
1141 1577 1210 1604 retia
1231 1577 1257 1604 in
1273 1583 1358 1603 mare.
1379 1575 1463 1602 Erant
1479 1575 1579 1610 quippe
1595 1574 1686 1610 pisca-

902 1630 985 1652 tores.
997 1624 1090 1659 lbiqno
1106 1623 1214 1651 additur
1232 1632 1239 1650 :
1251 1621 1352 1650 Videas
1362 1625 1451 1650 autem
1463 1628 1510 1648 eos
1518 1619 1607 1653 Iesus,
1617 1620 1685 1648 disi!

901 1670 939 1697 eis
957 1678 966 1696 :
983 1669 1073 1697 Venite
1090 1673 1149 1704 post
1165 1677 1216 1701 me,
1233 1675 1259 1695 et
1276 1667 1375 1702 faciam
1390 1674 1434 1694 not
1444 1666 1587 1701 piscatores
1602 1664 1687 1691 Isauri-

902 1724 974 1743 num.
1001 1715 1036 1742 Et
1055 1715 1229 1750 relinquentes
1243 1721 1293 1740 sua
1307 1712 1375 1739 retia
1402 1712 1486 1738 secuti
1501 1716 1560 1738 sunt
1576 1718 1634 1738 eum
1651 1710 1685 1739 ".

900 1761 933 1789 Et
947 1761 1011 1789 fecit
1022 1769 1069 1789 eos
1084 1760 1209 1787 Salvator
1217 1759 1250 1786 de
1263 1757 1444 1793 piscatoribus
1455 1756 1582 1791 piscium,
1597 1756 1686 1790 pisca-

900 1811 974 1834 tores
995 1806 1148 1834 hominum.
1172 1804 1246 1832 Alios
1260 1810 1370 1837 quoque
1385 1802 1455 1829 duos
1469 1801 1566 1829 fratres
1583 1801 1686 1828 invenit

901 1852 1043 1884 Dominus,
1065 1850 1197 1877 Iacobum
1214 1848 1352 1879 Zebedsei,
1372 1851 1400 1874 et
1419 1846 1550 1874 Joannem
1574 1845 1684 1874 fratrem

899 1898 969 1933 ejus,
995 1898 1021 1924 iu
1041 1896 1165 1924 navicula
1192 1902 1254 1922 cum
1283 1898 1357 1929 patre
1377 1893 1507 1921 Zebedaeo
1534 1893 1686 1920 reﬁcientes

900 1943 967 1971 retia
984 1950 1034 1970 sua
1051 1943 1081 1968 ’³.
1104 1941 1180 1974 Quos
1196 1947 1258 1968 cum
1277 1939 1402 1967 similiter
1424 1939 1457 1966 ad
1477 1938 1615 1972 Evangelii
1636 1938 1686 1965 mi-

900 1989 1042 2016 nisterium
1059 1991 1244 2023 provocasset,
1269 1986 1420 2020 piscatores
1434 1983 1574 2011 hominum
1591 1983 1682 2010 reddi-

899 2035 948 2062 dit.
972 2034 1001 2062 Si
1017 2034 1078 2068 quis
1096 2033 1175 2068 jusla
1191 2032 1261 2059 hanc
1281 2031 1421 2059 historiam
1435 2030 1589 2058 consideret
1601 2029 1684 2057 disci-

900 2081 978 2116 pulos
1004 2079 1164 2112 Salvatoris,
1191 2083 1220 2107 ut
1247 2078 1364 2106 habeant
1379 2085 1433 2105 non
1456 2077 1544 2105 solum
1566 2077 1681 2112 gratiam

900 2126 1046 2160 sermonis,
1072 2127 1109 2154 ita
1134 2125 1339 2160 Scripturarum
1362 2124 1469 2151 ratione
1483 2127 1638 2151 contextam
1656 2126 1685 2149 ut

900 2172 966 2199 retia
978 2193 986 2205 ,
1001 2179 1062 2206 quae
1077 2171 1183 2206 possint
1197 2178 1278 2205 super
1292 2170 1426 2197 humanas
1438 2168 1545 2196 animas
1562 2175 1628 2204 gyro
1643 2175 1685 2195 ar-

900 2216 980 2244 tilicis
1004 2215 1174 2251 superfundi,
1200 2219 1226 2243 et
1253 2215 1406 2243 consideret
1427 2214 1479 2242 hoc
1505 2214 1594 2249 ipsum
1618 2220 1682 2241 cum

899 2269 1006 2290 summa
1035 2262 1141 2289 ratione
1165 2261 1237 2294 ﬁdei,
1264 2260 1365 2288 videbit
1386 2259 1525 2295 quomodo
1545 2267 1600 2287 non
1619 2264 1684 2286 tunc

899 2311 1004 2333 tantum
1022 2305 1148 2332 Salvator
1160 2325 1168 2337 ,
1190 2305 1237 2332 sed
1251 2309 1277 2332 et
1289 2311 1377 2339 usque
1391 2304 1424 2331 ad
1435 2307 1593 2338 prmsentem
1609 2302 1682 2329 diem

899 2351 989 2379 mittat
1011 2352 1152 2379 hominum
1167 2351 1332 2385 piscatores,
1350 2350 1496 2377 instituens
1511 2356 1558 2376 eos
1576 2347 1683 2376 animas

898 2395 1015 2422 liberare
1027 2395 1060 2422 de
1071 2395 1150 2428 meri,
1164 2399 1190 2422 et
1202 2401 1235 2421 ex
1248 2393 1433 2421 acerbissimis
1443 2391 1571 2420 ﬂuctibus
1584 2392 1618 2420 ad
1629 2399 1682 2420 au-

899 2447 957 2468 ram
980 2440 1130 2475 producere
1146 2439 1312 2466 liberiorem.
1338 2438 1436 2467 Verum
1453 2438 1491 2465 illi
1508 2438 1596 2473 pisces
1618 2445 1679 2464 cum

899 2486 1019 2521 sagenis,
1038 2485 1142 2513 retibus
1160 2489 1242 2520 atque
1263 2485 1351 2512 hamis
1362 2484 1475 2512 extracti
1492 2484 1525 2511 de
1540 2491 1609 2518 aqua
1623 2482 1681 2510 fue-

899 2531 965 2564 rint,
981 2531 1144 2559 moriuntur.
1160 2531 1236 2566 Apud
1253 2538 1304 2558 nos
1322 2538 1387 2557 vero
1402 2537 1464 2556 eum
1483 2529 1582 2564 aliquis
1598 2528 1681 2557 fuerit

899 2577 1036 2605 sermonis
1058 2582 1115 2605 rete
1138 2577 1363 2612 comprehensus,
1381 2579 1408 2603 et
1421 2575 1535 2602 eductus
1555 2575 1589 2602 de
1610 2575 1680 2603 mari

898 2622 1007 2654 saeculi,
1035 2623 1151 2650 moritur
1174 2622 1282 2657 quidem
1303 2625 1329 2648 et
1346 2621 1414 2656 ipse,
1435 2620 1481 2648 sed
1495 2624 1616 2655 peccato,
1632 2619 1679 2648 sed

903 2688 945 2713 ιιι,
962 2681 987 2708 5.
1028 2681 1049 2696 ’⁸
1066 2680 1164 2708 ιρι-«ιω.
1192 2688 1247 2711 xvi,
1271 2679 1313 2707 lii.
1365 2679 1385 2695 ‘7
1401 2677 1495 2706 Matth.
1518 2685 1555 2710 iv,
1577 2677 1677 2711 19,20.

925 2772 963 2804 (5)
988 2771 1052 2798 Ἐπὶ
1081 2769 1242 2797 ἀναλαϐεῖν
1273 2770 1323 2797 τοῦ
1356 2769 1497 2797 ἁλιεύειν.
1525 2769 1611 2804 Lege,
1639 2768 1679 2796 ἔτι

891 2806 1035 2834 ἀναλαϐεῖν
1055 2805 1084 2833 τὸ
1099 2805 1227 2833 ἁλιεύειν.
