1869 3041
178 111 228 140 $39

897 113 1059 142 OBlGENIS

1744 110 1793 138 ιιι

174 173 286 204 mundo,
310 176 339 200 ut
355 180 524 209 consurgens
536 174 656 206 Christo,
673 175 744 202 vivat
765 175 825 202 Duo.
848 175 875 202 Si
891 183 936 210 erg

1042 175 1117 209 φθεὶς
1129 175 1181 201 ὑπὸ
1195 174 1248 202 τῶν
1263 174 1358 201 ἀλιέων
1376 173 1472 209 Ἰησοῦ,
1485 174 1532 200 καὶ
1544 171 1666 200 autem
1679 171 1732 199 ἀπὸ
1746 172 1795 207 τῆς

174 217 264 250 possis
295 217 328 244 ad
353 217 556 252 intelligendum
579 226 690 246 sensum
717 227 797 254 quem
823 227 955 246 conamur

174 269 322 296 exponere,
353 262 446 289 animo
471 263 600 291 inducere
627 265 715 299 pisces
733 264 766 291 de
783 264 851 291 mari
868 269 956 291 extra-

173 311 243 340 ctos,
273 308 353 335 aliam
379 317 476 336 rursus
493 310 575 336 vitam
596 317 745 342 assumere,
763 314 790 336 et
808 309 881 337 aliud
895 317 956 337 cor-

174 360 225 387 pus
238 353 360 386 induere,
385 359 451 382 tunc
463 355 532 382 scies
545 362 600 389 quo
611 355 689 382 nobis
704 355 848 389 profecerit
861 363 955 382 exem—

176 398 258 431 plum.
282 398 368 426 Nemo
393 400 570 434 blasphemet,
591 407 672 428 nemo
686 402 756 428 male
773 401 882 432 laceret,
901 409 955 428 non

177 448 288 471 vocetur
303 445 408 472 crimen
422 446 494 479 quod
509 445 543 472 ab
556 446 667 473 alterius
682 446 828 473 abductum
852 450 893 473 est
915 447 957 472 in-

176 490 331 525 telligentia.
339 490 371 518 Et
384 495 412 518 tu
425 491 506 526 igitur
517 498 577 518 cum
587 491 706 526 228416
719 492 809 519 saeculi
820 492 898 519 istius
908 493 958 520 ilu-

174 535 264 563 ctibns
277 543 325 571 per
335 537 481 571 discipulos
496 536 603 564 Domini
621 537 705 565 fueris
715 542 862 572 extractus,
882 543 957 566 muta

174 582 296 616 corporis
319 581 392 614 vitia,
416 587 490 609 mula
516 589 626 609 sensum
644 583 758 616 animae;
783 591 837 610 non
860 584 898 611 sis
912 584 957 611 ille

175 627 255 660 piscis
266 627 311 662 qui
321 627 347 654 in
357 627 435 654 salsis
446 627 599 655 versabaris
613 628 704 662 undis;
717 629 763 656 sed
776 629 809 656 de
823 629 957 664 profundo

173 673 276 707 gurgite
299 678 394 700 erutus
418 673 451 700 ad
479 673 592 702 meliora
616 677 784 707 convertere,
808 675 957 702 secundum

173 719 238 746 illud
258 721 438 754 apostolicum
462 721 508 748 ηε
533 720 590 747 Nos
619 726 706 748 autem
729 729 817 748 omnes
843 722 957 750 revelata

173 765 242 798 facie
248 765 360 800 gloriam
373 766 480 793 Domini
491 766 706 801 contemplantes,
717 767 743 793 in
758 767 875 794 eamdem
889 767 957 794 ima-

173 810 258 845 ginem
272 811 495 845 transformamur
508 812 540 838 de
551 811 637 847 gloria
652 813 678 838 in
697 812 820 846 gloriam,
838 813 915 848 quasi
938 821 954 839 (ι

1006 221 1152 255 Θαλάσσης,
1169 220 1215 247 καὶ
1230 220 1310 252 αὐτὸς
1328 220 1376 255 μὲν
1393 219 1567 254 ἀποθνήσκει,
1587 218 1755 253 ἀποθνήσκει
1765 218 1792 244 δὲ

1005 266 1043 301 τῷ
1058 267 1161 302 κόσμῳ,
1171 266 1377 302 ἀποθνήσκειτῇ
1394 266 1524 302 ἁμαρτίᾳ,
1535 265 1583 292 καὶ
1600 264 1670 300 μετά
1680 264 1711 291 τὺ
1727 265 1795 290 ἁπο-

1005 311 1095 338 θανεῖν
1111 312 1150 348 τῷ
1166 312 1259 348 κόσμῳ
1277 312 1322 339 καὶ
1339 313 1372 347 τῇ
1389 311 1525 347 ἁμαρτίᾳ,
1549 311 1721 343 ζωοποιεῖται
1743 309 1795 336 ὑπὸ

1005 357 1052 384 τοῦ
1075 357 1152 391 λόγου
1168 357 1215 384 τοῦ
1234 356 1318 389 Θεοῦ,
1345 358 1393 383 καὶ
1410 356 1592 392 ἀναλαμϐάνει
1606 356 1690 391 ἄλλην
1703 355 1794 391 ζωήν·

1005 403 1072 429 ὡσεὶ
1088 403 1172 429 ἐδύνω
1187 402 1246 429 καθ’
1267 402 1395 428 ὑπόθεσιν
1413 401 1451 437 (Ι)
1468 402 1562 436 νοῆσαι
1575 401 1624 436 τὴν
1639 400 1686 427 τοῦ
1705 400 1794 436 Ιχθύος

1005 448 1094 483 ψυχὴν
1116 448 1335 483 μεταϐάλλουσαν
1354 447 1423 483 μετὰ
1437 447 1467 473 τὸ
1484 446 1600 479 ἐξελθεῖν
1612 446 1667 473 ἀπὸ
1683 446 1731 472 τοῦ
1743 446 1795 471 σώ-

1008 502 1092 529 ματος
1108 493 1153 519 τοῦ
1170 493 1290 528 ιχθυῖκοῦ
1302 512 1309 524 ,
1326 494 1373 519 καὶ
1387 492 1532 527 γινομένην
1548 501 1574 518 τι
1590 493 1715 527 κρεῖττον
1730 491 1795 526 παρ’

1008 539 1093 574 ἰχθύν.
1111 539 1290 574 Παράδειγμα
1305 538 1408 566 ἔλαϐον.
1430 538 1476 573 Μὴ
1488 538 1615 573 ἀφορμάς
1632 545 1674 568 τις
1691 536 1796 571 λαμϐα-

1007 585 1076 611 νέτω
1090 581 1127 611 ὧν
1148 585 1198 612 οὐκ
1220 585 1329 620 ιήκουσε,
1348 584 1467 611 τοιοῦτον
1480 584 1511 620 δή
1527 592 1553 610 τι
1568 584 1663 620 νοήσῃ.
1685 583 1795 618 ’Δνελή-

1006 630 1089 661 λυθας
1114 630 1168 656 ἀπὸ
1196 630 1246 664 τῆς
1269 630 1414 665 θαλάσσης,
1439 628 1583 656 ὑποπεσὼν
1602 630 1659 660 τοῖς
1677 628 1796 659 δικτύοις

1007 675 1061 702 τῶν
1075 675 1204 711 μαθητῶν
1230 675 1332 711 Ἰησοῦ·
1353 674 1469 707 ἐξελθὼν
1484 674 1662 710 μεταϐάλλεις
1681 674 1733 709 τὴν
1744 674 1795 708 ψυ-

1007 721 1068 756 χὴν,
1085 721 1176 747 οὐκέτι
1200 720 1276 756 ἰχθὺς
1297 718 1333 752 εἷ,
1349 720 1493 755 διατρίϐων
1518 721 1575 751 τοῖς
1598 719 1731 755 ἁλμυροῖς
1747 719 1795 753 τῆς

1007 765 1144 800 θαλάσσης
1168 765 1303 801 κύμασιν·
1331 765 1388 792 ἀλλ’
1412 764 1512 797 εὐθέως
1529 773 1575 791 σου
1595 764 1761 800 μεταϐάλλει
1779 765 1795 799 ή

1006 811 1089 847 ψυχὴ,
1116 812 1163 838 καὶ
1179 811 1410 848 μεταμορφοῦται,
1436 811 1483 838 καὶ
1502 810 1608 844 γίνεται
1632 811 1758 846 κρεῖττόν
1771 818 1794 836 τι

175 855 281 882 Domini
299 857 404 891 spiritu.
427 856 460 884 Et
472 865 533 884 cum
547 857 630 884 fueris
642 857 675 884 ab
687 857 816 892 apostolis
832 865 864 885 ac
875 858 937 885 disci

1042 856 1053 882 ὶ
1069 856 1204 891 θειότερον
1222 857 1286 893 παρ’
1301 856 1316 882 ὃ
1331 854 1365 892 ἦν
1378 855 1408 882 τὸ
1425 856 1566 891 πρότερον,
1586 855 1648 881 Ὀτι
1663 854 1693 880 δὲ
1712 863 1794 889 μετα-

174 900 244 934 polis
257 899 320 927 Jesu
338 901 452 929 marinis
465 900 592 929 ﬂuctibus
606 901 747 934 liberatus,
763 902 818 929 noli
834 910 956 937 quaerere

174 944 351 979 profundum,
374 947 421 973 sed
437 946 464 973 in
479 946 617 974 montibus
635 947 672 974 sit
695 947 868 974 conversatio
890 952 954 980 tua;

175 995 204 1017 ut
218 990 275 1025 jam
289 998 342 1018 non
357 991 458 1019 habeas
472 1000 541 1026 opus
556 992 747 1027 piscatoribus,
758 994 805 1029 qui
819 998 845 1022 te
859 1003 955 1022 rursus

174 1036 207 1062 de
228 1035 354 1063 ﬂuetibus
377 1037 530 1071 extrahant,
555 1039 602 1065 sed
628 1039 689 1066 aliis
708 1039 869 1074 quibusdam
885 1047 955 1075 quos

173 1085 316 1108 venatores
329 1080 471 1116 Scriptura
485 1087 634 1117 nuncupat,
648 1083 694 1118 qui
710 1088 734 1110 te
747 1089 840 1118 postea
855 1092 955 1111 venen-

173 1132 217 1154 tur
239 1127 273 1154 dc
297 1132 398 1160 monte,
420 1127 453 1155 de
468 1128 547 1161 colle,
564 1129 598 1156 de
612 1129 680 1156 locis
694 1130 853 1164 altioribus;
869 1130 906 1157 ibi
920 1131 956 1158 sit

173 1171 357 1199 deambulatio
376 1176 432 1204 tua,
449 1172 486 1199 ibi
502 1180 589 1206 mens,
604 1180 714 1207 gressus
727 1177 754 1199 et
769 1173 866 1205 statio;
886 1172 956 1199 obli-

173 1217 277 1244 \iscere
291 1218 391 1251 maris;
405 1217 565 1245 obliviscere
575 1218 685 1245 vallium
695 1225 727 1245 ac
739 1217 953 1253 profundorum;

172 1263 232 1290 veni
250 1262 284 1290 ad
296 1267 414 1297 montes,
433 1263 596 1298 prophetas;
615 1264 676 1291 veni
690 1263 722 1290 ad
735 1263 833 1296 colles,
847 1263 953 1297 iustos;

172 1309 237 1344 ipsis
249 1309 284 1347 sit
300 1309 471 1336 conversatio
488 1313 534 1336 tua
549 1318 556 1341 ι
571 1313 601 1336 ιιι
613 1317 674 1337 cum
693 1309 750 1336 dies
763 1309 858 1336 mortis
871 1309 954 1336 adve-

172 1355 253 1388 nerit,
270 1355 414 1382 mittantur
425 1361 579 1388 venatores,
592 1355 637 1381 alii
650 1355 761 1389 quidam
779 1362 794 1381 a
811 1355 954 1389 piscatori-

171 1400 222 1428 bus
232 1421 240 1432 ,
257 1401 304 1435 qui
320 1408 401 1435 super
413 1401 628 1436 assumptionem
647 1400 786 1427 constituti
800 1404 874 1433 sunt,
890 1405 916 1427 et
930 1404 956 1427 te

171 1454 234 1474 eum
252 1447 358 1474 caeteris
374 1447 477 1474 sanctis
495 1447 529 1474 de
545 1447 629 1481 colle,
648 1447 682 1474 de
696 1450 798 1479 monte,
816 1446 849 1473 de
864 1446 955 1473 altiori

172 1492 233 1519 loco
251 1491 396 1526 accipiant.
413 1490 480 1519 Vide
496 1497 587 1520 autem
605 1492 628 1520 si
646 1499 701 1519 non
723 1496 828 1518 sacrata
844 1498 911 1518 voce
928 1491 954 1518 in

171 1538 265 1565 eadem
287 1538 422 1566 sententia
446 1539 576 1573 propheta
594 1538 729 1565 consentit
750 1537 844 1565 dicens
861 1547 868 1564 :
888 1536 955 1564 Ecce

170 1592 217 1619 ego
233 1585 309 1611 mitto
319 1585 463 1619 piscatores
474 1584 657 1614 multos.dicit
672 1583 811 1615 Dominus,
825 1589 850 1610 et
871 1584 956 1618 pisca-

172 1631 270 1657 buntar
287 1639 342 1658 eos.
367 1630 401 1657 Et
418 1635 475 1665 post
494 1630 548 1657 hau:
567 1631 671 1657 mittam
694 1634 828 1657 venatores
847 1629 954 1662 multos,

171 1680 200 1702 ut
215 1677 321 1711 cupiant
336 1684 378 1703 eos
393 1683 472 1710 supra
485 1683 586 1702 omnem
601 1680 713 1702 montem
726 1680 750 1702 et
764 1675 856 1702 callent
867 1675 900 1702 ‘°.

1007 901 1156 938 μορφοῦται
1170 902 1217 928 καὶ
1229 901 1521 937 μεταϐάλλεται,ᾶκουε
1530 900 1637 927 Παύλου
1652 899 1777 933 λέγοντος
1786 908 1793 914 ·

1012 947 1107 981 Ἡμεῖς
1117 948 1151 974 δὲ
1157 947 1278 980 πάντες,
1291 946 1563 981 ἀνακεκαλυμμένῳ
1574 945 1725 985 προσώπῳ
1740 945 1795 979 τὴν

1005 993 1098 1026 δόξαν
1111 993 1220 1027 Κυρίου
1232 992 1495 1027 κατοπτριζόμενοι,
1511 991 1569 1026 τὴν
1580 991 1681 1025 αὐτὴν
1695 991 1795 1018 εἰκόνα

1003 1039 1268 1074 μεταμορφούμεθα
1287 1037 1345 1064 ἀπὸ
1369 1037 1461 1071 δόξης
1481 1038 1524 1070 εις
1540 1037 1636 1069 δόξαν
1664 1036 1795 1070 καθάπερ

1005 1084 1064 1112 ἀπὸ
1078 1085 1189 1118 Κυρίου
1201 1084 1379 1118 πνεύματος.
1397 1084 1453 1111 Καὶ
1469 1082 1696 1118 μεταμορφωθείς
1711 1090 1740 1108 τε
1756 1081 1796 1107 οὗ-

1005 1139 1059 1162 τως
1074 1131 1088 1156 6
1110 1129 1185 1165 ἰχθὺς
1200 1130 1214 1155 6
1234 1130 1286 1156 ὑπὸ
1307 1129 1362 1155 τῶν
1385 1128 1481 1155 ἁλιέων
1511 1128 1599 1164 Ἰησοῦ
1621 1127 1794 1162 συλληφθεὶς,

1006 1175 1163 1203 καταλιπὼν
1193 1175 1242 1207 τὰς
1271 1177 1299 1202 ἐν
1327 1174 1449 1211 θαλάσσῃ
1474 1173 1625 1209 διατριϐὰς,
1655 1172 1796 1208 διατριϐὰς

1006 1223 1122 1248 ποιεῖται
1133 1223 1162 1248 ἐν
1172 1221 1272 1256 ὄρεσιν,
1281 1221 1351 1248 ὥστε
1365 1221 1445 1247 αὑτὸν
1457 1220 1584 1254 δεηθῆναι
1595 1218 1689 1245 οὐκέτι
1700 1218 1794 1245 ἁλιέων

1005 1267 1059 1294 τῶν
1075 1267 1229 1300 ἀναγόντων
1245 1266 1327 1294 αὑτὸν
1340 1266 1393 1292 ἀπὸ
1409 1265 1562 1300 θαλάσσης,
1578 1264 1647 1291 ἀλλὰ
1661 1263 1794 1298 δευτέρων

1005 1313 1097 1344 τινῶν,
1121 1310 1176 1339 οἷον
1189 1312 1377 1347 ὀνομάζονται,
1399 1311 1538 1347 θηρευτῶν
1552 1311 1650 1341 οἵτινες
1662 1309 1788 1345 θηρεύου-

1006 1367 1048 1385 σιν
1076 1358 1132 1384 duo
1156 1358 1256 1389 παντὸς
1279 1357 1357 1393 ὅρους
1373 1376 1381 1388 ,
1405 1356 1452 1383 καὶ
1477 1355 1531 1382 ἀπὸ
1561 1355 1662 1385 παντὸς
1690 1352 1792 1388 βουνοῦ.

1013 1402 1127 1434 ’Λναϐὰς
1144 1401 1190 1429 οὖν
1214 1403 1244 1428 σὺ
1265 1402 1317 1429 ἀπὸ
1331 1402 1381 1437 τῆς
1399 1401 1551 1436 θαλάσσης,
1567 1401 1614 1426 καὶ
1633 1398 1795 1434 συλληφθεὶς

1005 1449 1060 1480 τοῖς
1073 1447 1190 1479 δικτύοις
1200 1446 1254 1474 τῶν
1264 1446 1393 1483 μαθητῶν
1414 1445 1515 1482 Ἰησοῦ,
1527 1444 1662 1481 μετάϐαλε
1677 1442 1733 1470 ἀπὸ
1746 1442 1795 1476 τῆς

1007 1494 1154 1530 θαλάσσης,
1185 1493 1313 1520 ἐπιλάθου
1332 1493 1427 1527 αὐτῆς,
1450 1490 1502 1528 ἧκε
1527 1492 1574 1517 ἐπὶ¹
1591 1490 1627 1516 τὰ
1651 1490 1716 1525 ὅρη,
1735 1488 1796 1518 τοὺς

1008 1539 1159 1574 προφήτας,
1184 1538 1231 1564 καὶ
1249 1538 1296 1564 ἐπὶ
1312 1537 1375 1569 τοὺς
1390 1537 1510 1572 βουνοὺς,
1527 1536 1591 1567 τοὺς
1602 1534 1736 1565 δικαίους,
1751 1532 1795 1559 καὶ

1008 1583 1085 1610 ποιοῦ
1098 1584 1157 1610 ἐκεῖ
1168 1583 1217 1614 τὰς
1228 1582 1379 1618 διατριϐὰς.
1394 1583 1437 1609 ἵνα
1450 1581 1519 1617 μετὰ
1535 1580 1632 1612 ταῦτα,
1648 1581 1695 1607 ὅτε
1709 1580 1724 1606 ό
1736 1587 1795 1605 και-

1010 1629 1055 1666 ρός
1065 1638 1106 1655 σοι
1120 1630 1169 1664 τῆς
1185 1629 1275 1661 ἐξόδου
1286 1629 1395 1664 ἐπιστῇ,
1411 1627 1572 1663 πεμφθῶσιν
1584 1627 1608 1652 οἱ
1624 1625 1735 1652 «ornat
1748 1623 1795 1658 θη-

1010 1676 1118 1711 ρευταὶ,
1141 1675 1229 1711 ἕτεροι
1244 1674 1320 1710 παρὰ
1339 1675 1402 1706 τοὺς
1424 1674 1516 1705 ἁλιεῖς.
1541 1673 1618 1704 Τίνες
1637 1671 1659 1698 δ’
1685 1671 1720 1697 ἂν
1743 1668 1795 1696 εἷεν

170 1719 244 1750 οὗτοι
260 1722 276 1758 ἢ
292 1724 316 1749 οι
325 1723 532 1758 ἐπιτεταγμένοι
547 1723 594 1749 ἐπὶ
608 1722 655 1749 τοῦ
673 1722 893 1758 παραλαμϐάνειν
906 1722 955 1754 τὰς
974 1723 1063 1758 ψυχὰς
1082 1723 1130 1754 τὰς
1146 1723 1174 1749 ἐν
1195 1722 1309 1758 βουνοῖς,
1332 1721 1382 1753 τὰς
1409 1721 1446 1757 μὴ
1470 1722 1543 1748 κάτω
1570 1719 1716 1755 κειμέναςς
1743 1718 1794 1745 Καὶ

171 1768 223 1803 δρα
240 1768 264 1794 ει
279 1768 316 1804 μὴ
334 1769 454 1804 κέκραγε
484 1769 621 1804 μυστικῶς
634 1769 721 1796 ταῦτα
735 1769 823 1803 λέγων
844 1770 858 1796 6
871 1771 1022 1805 προφήτης,
1042 1770 1089 1796 καὶ
1114 1768 1208 1796 τοῦτον
1228 1769 1362 1805 παριστὰς
1386 1768 1431 1794 τὸν
1451 1768 1511 1794 νοῦν
1523 1767 1552 1793 ὲν
1569 1765 1609 1801 τῷ
1621 1774 1628 1781 ο
1648 1765 1728 1792 Ἰδοὺ
1742 1762 1796 1797 ἐγὼ

171 1813 352 1841 ἀποστέλλω
379 1814 472 1847 ἁλιεῖς
497 1815 630 1848 πολλοὺς
642 1835 649 1847 ,
671 1815 753 1850 λέγει
773 1816 898 1849 Κύριος,
918 1816 967 1842 καὶ
999 1816 1197 1842 ἀλιεύσουσιν
1214 1815 1333 1847 αὐτούς.
1349 1814 1401 1841 Καὶ
1422 1813 1497 1848 μετὰ
1516 1812 1608 1839 ταῦτα
1637 1807 1795 1838 ἀιτοστειῶ

170 1861 306 1894 πολλοὺς
333 1861 480 1895 θηρευτὰς
491 1882 499 1894 ,
533 1862 583 1888 καὶ
609 1863 813 1896 θηρεύσσιισιν
847 1863 958 1895 αὐτοὺς
974 1863 1074 1890 ἐπάνω
1088 1863 1201 1889 narrar
1217 1862 1314 1896 ὄρους,
1333 1861 1381 1888 καὶ
1394 1860 1493 1887 ἐπάνω
1505 1858 1618 1891 παντὸς
1638 1857 1762 1884 Βουνοῦ.

205 1911 233 1937 2.
259 1909 287 1937 Si
311 1910 352 1938 vis
372 1916 399 1937 et
425 1914 453 1941 tu
465 1910 499 1937 ab
512 1910 554 1938 his
571 1910 745 1938 venatoribus
760 1911 829 1946 capi,
844 1918 909 1938 cave
923 1918 958 1938 ne

171 1957 286 1984 verset-is
304 1957 330 1983 in
345 1956 477 1989 vallibus,
493 1963 526 1983 ne
543 1956 570 1983 in
591 1957 643 1984 alia
657 1956 753 1984 humili
769 1957 878 1991 regione
890 1964 956 1983 con-

169 2001 262 2029 sistas.
275 2000 372 2034 Quaere
387 2000 480 2034 colles,
505 2007 596 2035 quaere
615 2004 746 2033 montem,
762 2000 789 2027 in
804 2007 884 2034 quem
897 1999 956 2026 viso

170 2047 271 2082 populo
284 2046 416 2074 Dominus
431 2047 571 2079 ascendit,
585 2051 612 2073 et
627 2047 712 2073 secuti
726 2050 790 2073 sunt
801 2053 863 2073 eum
877 2045 958 2072 disci-

170 2093 238 2127 puli,
253 2100 285 2119 ex
294 2099 348 2126 quo
359 2091 483 2127 aperiens
493 2099 524 2118 os
539 2099 619 2118 suum
632 2091 725 2118 docuit
739 2098 796 2124 eos,
809 2090 932 2118 dicens“
947 2100 954 2117 :

170 2137 247 2164 Beati
272 2144 398 2170 pauperet
418 2136 533 2170 spiritu,
554 2136 679 2170 quoniam
706 2136 824 2167 ipsorum
852 2138 889 2162 est
914 2142 957 2160 re-

171 2190 250 2217 gnum
276 2181 418 2214 cazlorum,
443 2184 471 2207 et
493 2180 613 2215 reliquas
636 2185 738 2215 septem
765 2179 957 2218 beatitudinem

172 2227 264 2262 Neque
288 2234 352 2254 vero
374 2230 452 2262 putes
477 2226 560 2254 licere
585 2226 628 2254 his
642 2227 834 2258 venatoribus,
850 2227 958 2254 aliunde

171 2274 312 2306 homines,
329 2273 381 2300 nisi
401 2272 434 2300 de
450 2272 589 2299 montibus
604 2279 636 2299 ac
652 2272 767 2299 collibus
784 2279 915 2307 quaerere,
931 2276 958 2299 et

170 2320 244 2355 quod
259 2319 394 2354 sequitur.
412 2318 444 2345 de
459 2318 576 2344 cavernis
592 2322 736 2352 petrarum.
752 2318 830 2345 Unde
843 2325 954 2352 possum

170 2366 322 2401 intelligere
343 2364 455 2400 petras?
470 2363 542 2390 unde
561 2371 694 2391 cavernas
709 2364 865 2398 petrarum?
877 2363 956 2391 venio

171 2411 204 2439 ad
220 2410 344 2438 Exodum
357 2419 364 2442 ;
393 2417 485 2445 quaero
498 2409 616 2444 aliquam
635 2408 865 2444 interpretationis
879 2415 956 2436 oeca-

171 2457 292 2489 sionem;
321 2456 423 2490 ubique
443 2455 551 2483 invenio
575 2455 709 2482 volentem
729 2453 847 2489 Moysem
865 2454 955 2481 videre

171 2502 316 2530 Dominum
328 2523 334 2535 ,
347 2505 374 2528 et
389 2500 535 2528 Dominum
547 2501 635 2528 eidem
648 2499 861 2536 promittentem,
873 2505 955 2534 atque

170 2550 304 2577 dicentem
317 2549 339 2565 ¹²
362 2557 367 2575 :
383 2547 448 2574 Ecce
456 2555 523 2582 pono
534 2545 616 2581 229
631 2550 655 2573 te
664 2545 691 2573 in
707 2553 816 2572 caverna
829 2550 919 2580 petrw,
931 2550 955 2572 et

168 2595 312 2629 coiicpicies
319 2594 465 2630 posteriora
478 2600 550 2624 mea;
562 2593 657 2626 faciem
664 2596 752 2618 autem
762 2599 846 2618 meum
854 2599 904 2618 non
917 2591 956 2617 vi-

1042 1909 1129 1944 Εῐπερ
1145 1906 1191 1935 οὖν
1210 1907 1297 1938 θέλεις
1311 1906 1492 1941 συλληφθῆναι
1509 1905 1561 1931 ὑπὸ
1575 1904 1629 1930 τῶν
1644 1902 1793 1939 θηρευτῶν,

1006 1956 1058 1991 ὅρα
1073 1955 1111 1990 μὴ
1127 1953 1176 1985 τὰς
1189 1952 1328 1988 διατριϐὰς
1340 1952 1441 1987 ποιήσῃ
1458 1951 1487 1976 ἐν
1505 1951 1565 1981 ταῖς
1578 1949 1686 1976 κοιλάσι
1700 1968 1708 1979 ,
1730 1948 1794 1983 μηδὲ

1007 2001 1083 2028 κάτω
1100 2009 1152 2026 που
1169 1998 1312 2034 διατρίψῃς
1323 2018 1330 2030 ,
1357 1997 1424 2024 ἀλλὰ
1439 1995 1514 2032 ζήτει
1530 1994 1564 2022 τὰ
1576 1996 1637 2030 ὄρη,
1654 1994 1744 2021 ἀνάϐα
1758 1994 1795 2024 εἰς

1007 2047 1037 2073 τὸ
1050 2046 1130 2082 ὅρος,
1155 2045 1221 2072 ὅπου
1241 2043 1345 2079 Ἰησοῦς
1367 2041 1565 2078 μετεμορφώθη
1578 2061 1586 2073 ,
1607 2040 1699 2067 ἁνάϐα
1712 2041 1753 2071 εἰς
1767 2038 1795 2065 τὸ

1008 2092 1081 2128 ὅρος,
1094 2091 1136 2126 ἐφ’
1153 2087 1183 2117 οὖ
1197 2089 1258 2117 ἰδὼν
1276 2089 1339 2121 τοὺς
1352 2089 1447 2124 ὄχλους
1464 2087 1632 2123 ἀναϐέϐηκεν
1645 2088 1659 2114 6
1680 2086 1794 2122 Ἰησοῦς.
1811 2112 1817 2120 ,

1010 2139 1058 2164 καὶ
1075 2135 1261 2172 ἠκολούθησαν
1281 2135 1355 2170 αὐτῷ
1368 2135 1393 2161 οἱ
1403 2133 1522 2169 μαθηταὶ
1534 2152 1542 2164 ,
1564 2133 1629 2160 ἔνθα
1645 2133 1755 2165 ἀνοίξας
1769 2131 1796 2157 τὸ

1010 2184 1096 2218 στόμα
1118 2182 1200 2209 αὐτοῦ
1225 2181 1327 2214 ἐδίδαξε
1353 2181 1454 2214 λέγων·
1474 2179 1618 2213 Μακάριοι
1635 2180 1663 2205 οΙ
1684 2177 1796 2212 πτωχοὶ

1008 2229 1049 2262 τῷ
1070 2228 1233 2262 πνεύματι,
1259 2227 1303 2253 ὅτι
1327 2225 1425 2253 αὐτῶν
1443 2225 1526 2252 ἐστιν
1545 2226 1565 2259 ἡ
1578 2224 1725 2256 ,ϐασαιεία
1740 2223 1796 2250 τῶν

1007 2273 1160 2307 οἰψανῶν·
1182 2273 1229 2300 καὶ
1243 2274 1306 2304 τοὺς
1321 2272 1385 2307 ἑξῆς
1399 2271 1501 2298 τούτων
1519 2269 1722 2306 μακαρισμούς.
1743 2269 1795 2295 Καὶ

1007 2319 1057 2346 οὐκ
1074 2318 1162 2350 ἒξεστί
1179 2327 1211 2353 γε
1225 2318 1330 2349 τούτοις
1347 2318 1403 2349 τοῖς
1417 2317 1562 2352 θηρευταῖς
1579 2314 1728 2350 ἀλλαχόθεν
1739 2314 1795 2340 συλ-

1006 2363 1097 2390 λαϐεῖν
1118 2364 1202 2399 ἧάπὸ
1216 2363 1270 2389 τῶν
1291 2363 1385 2399 ὀρέων,
1404 2362 1451 2389 καὶ
1471 2361 1526 2388 τῶν
1540 2360 1653 2396 βουνῶν,
1676 2361 1726 2387 καὶ
1737 2359 1794 2387 ἀπὸ

1006 2409 1065 2436 τῶν
1082 2408 1251 2443 τριιμαιῑιῶν
1272 2407 1330 2434 τῶν
1353 2406 1480 2441 πετρῶν·
1499 2406 1586 2434 ταῦτα
1605 2406 1660 2441 γὰρ
1683 2406 1718 2432 τὰ
1734 2405 1794 2441 τρία

1006 2454 1132 2480 λέλεκται
1158 2455 1186 2480 ἐν
1204 2453 1242 2488 τῷ
1267 2453 1409 2489 προφήτῃ·
1438 2451 1589 2479 Ἀποστελῶ
1610 2451 1664 2486 γὰρ
1681 2450 1794 2480 πολλοὺς

1009 2499 1153 2536 θηρευτὰς,
1176 2499 1223 2526 καὶ
1250 2499 1427 2534 θηρεύσουσιν
1455 2498 1553 2529 αὐτοὺς
1579 2497 1672 2523 ἐπάνω
1696 2495 1792 2526 παντὸς

1009 2545 1107 2581 ὅρους,
1138 2544 1184 2571 καὶ
1209 2543 1302 2571 ἐπάνω
1327 2544 1381 2570 ἀπὸ
1402 2543 1500 2574 παντὸς
1526 2542 1641 2578 βουνοῦ,
1669 2543 1717 2569 καὶ
1742 2540 1793 2567 ἀπὸ

1009 2590 1064 2617 τῶν
1079 2589 1235 2626 τρυμαλιῶν
1256 2588 1310 2616 τῶν
1331 2589 1446 2625 πετρῶν.
1468 2587 1554 2614 Πόθεν
1575 2585 1621 2615 οὖν
1639 2588 1728 2623 νοήσω
1746 2586 1792 2617 τὰς

207 2678 228 2693 ι’
239 2676 261 2703 ιι
274 2676 338 2704 Cor.
352 2684 392 2708 nl,
405 2675 448 2702 18.
487 2675 510 2692 ¹⁶
520 2674 621 2702 Jerem.
639 2682 694 2707 xvt,
714 2674 758 2702 l6.
782 2674 803 2691 “
820 2673 914 2702 Matth.
931 2683 937 2696 ι

1042 2675 1062 2690 ¹²
1078 2673 1163 2701 Exod.
1180 2680 1278 2705 xxxut,
1291 2672 1336 2705 9.2,
1353 2673 1398 2700 25.

209 2745 230 2778 (ι
238 2751 245 2777 )
265 2744 343 2770 Ὧσεὶ
357 2743 452 2769 ἐδύνω
465 2743 529 2778 καθ’
542 2743 698 2774 ὑπόθεσιν,
714 2747 766 2770 etc.
782 2743 844 2770 Haec
862 2744 897 2771 ita
912 2743 953 2769 in-

173 2779 343 2811 terpunxisse
354 2778 460 2804 videtur
476 2777 656 2812 Hieronymus
678 2787 684 2803 :
704 2778 776 2804 Ὠσει
792 2778 876 2805 ἐδύνω
889 2778 939 2805 καθ
949 2778 955 2788 “

175 2813 299 2839 ὗπόθετιν
318 2813 411 2847 νοῆσαι
425 2811 473 2846 τὴν
491 2812 536 2838 τοῦ
559 2811 649 2846 ἰχθύος
665 2812 754 2848 ψυχὴ-ι
776 2813 958 2848 μεταϐάλλου-

1009 2751 1058 2769 σαν
1076 2742 1144 2777 μετά
1159 2743 1189 2769 τὸ
1206 2741 1321 2774 ἐξελθεῖν
1332 2742 1385 2768 ἀπὸ
1396 2741 1443 2767 τοῦ
1457 2741 1580 2777 σωματος
1591 2738 1642 2768 τοῦ
1657 2739 1790 2777 ἱχθιιῖκοῦ.

1009 2775 1216 2818 καὶηγινομόνην
1231 2786 1256 2803 τι
1271 2778 1402 2818 κρεῖττον.
1426 2776 1493 2811 Παρ’
1519 2776 1594 2810 ἰχθὺν
1620 2775 1790 2811 παράδειγμα

1009 2812 1117 2839 ἔλαϐον·
1135 2813 1170 2846 μὴ
1188 2812 1312 2845 ἀφορμάς
1327 2820 1377 2842 τις,
1393 2816 1443 2838 rte.
