1869 3041
67 104 108 132 ἂ57

99 175 142 201 Ἐν
155 174 250 208 ἡμίσει
265 172 297 200 δὲ
312 173 430 208 ἡμερῶν
448 172 540 199 αὐτοῦ
559 172 830 207 ἐγκαταιείψουσιν
845 166 866 193 Α

66 219 152 248 αὑτὸν.
169 220 258 254 Ἡμεῖς
275 218 390 250 πάντες,
409 218 433 244 oi
453 218 596 253 γενόμενοὶ
621 225 686 244 ποτε
710 218 762 244 ὑπὸ
783 217 829 243 τὸν

66 265 166 300 πέρδικα
180 264 222 291 τὸν
236 265 410 299 φωνήσαντα·
433 262 557 298 ὲφώνησε
570 262 624 298 γὰρ
646 263 677 289 οὐ
694 262 773 297 μόνον
786 261 830 288 διὰ

67 309 110 335 τῶν
125 309 330 344 προειρημένων,
343 307 410 334 ἀλλὰ
423 308 469 334 καὶ
477 307 523 334 διὰ
539 307 647 334 πάντων
663 305 830 340 ἁπαξαπλῶς

67 355 110 381 τῶν
123 354 287 387 ἀπατώντων,
305 355 351 381 καὶ
366 354 404 386 ὡς
420 354 464 380 ἐπὶ
478 352 618 380 εὐσέϐειαν
634 353 684 389 τὴν
697 353 830 387 ἀθεότητα

67 399 271 435 προκαλουμένων
297 399 343 426 ἐπὶ
366 399 488 434 δόγματα
511 399 618 426 ἐναντία
644 400 677 434 τῇ
704 399 829 434 ἀληθείᾳ.

71 444 127 470 Ἀλλ’
152 445 178 470 ὲν
201 444 292 479 ἡμίσει
318 444 430 479 ἡμερῶν
455 443 538 470 αὑτοῦ
562 444 830 479 ἑγκαταλελοίπαμεν

66 489 144 516 αὐτόν·
161 489 240 515 πᾶσαι
258 489 307 523 μὲν
323 488 377 524 γὰρ
401 488 429 515 αι
449 487 549 523 ἡμέραι
573 488 654 515 αὐτοῦ
680 488 708 516 αὶ
730 488 829 524 ἡμέραι

65 533 108 558 εἰσὶ
126 532 165 558 τοῦ
180 532 273 564 αίῶνος
286 532 394 561 τούτου.
417 533 493 559 Ἐπεὶ
514 532 542 559 δὲ
568 532 685 565 ἐξείλετο
707 533 780 567 ἡμᾶς
798 533 830 559 ἐκ

65 576 103 603 τοῦ
114 577 198 608 αἰῶνος
213 577 260 604 τοῦ
281 577 428 609 ἐνεστῶτος
441 577 560 612 πονηροῦ
574 576 690 613 Χριστὸς
708 577 812 612 Ἰησοῦς
821 598 828 607 ,

65 622 100 649 διὰ
112 622 179 650 τοῦτο
191 624 218 650 ὲν
233 623 326 658 ἡμίσει
339 623 451 658 ἡμερῶν
463 623 546 649 αὐτοῦ
562 622 830 658 ὲγκαταλελοίπαμεν

65 668 142 695 αὐτόν.
160 668 210 695 Kal
220 668 265 695 ἐπ’
278 668 416 703 ἐσχάτων
426 668 521 695 αὑτοῦ
532 669 617 695 ἔσται
630 668 743 702 ἄφρων.
761 668 830 695 Πότε

65 714 110 749 γάρ
128 714 247 749 φρόνιμος
269 712 321 750 ἦν,
345 714 378 741 ἵν’
403 715 446 741 ἐπ’
471 715 594 750 taxa-mw
614 713 698 741 αὑτοῦ
717 714 830 749 γένηται

65 759 154 793 iam;
176 758 252 785 Ἀλλὰ
273 759 408 794 φήσομεν,
430 759 470 785 ὅτι
493 758 623 793 φρόνιμος
643 755 678 793 ἢν
691 765 698 772 ·
729 757 756 782 '0
775 757 830 791 γὰρ

64 804 119 838 ὄφις
134 803 169 839 ἦν
184 804 402 839 φρονιμώτατος
425 804 545 831 πάντων
570 803 628 831 τῶν
647 804 756 837 θηρίων
771 802 830 829 τῶν

605 102 636 129 IN
656 101 829 130 JliltEllilAM
850 100 990 128 uotum
1017 101 1095 128 xvn.
1147 86 1149 88 ’

1612 104 1665 132 458

915 161 942 187 5.
967 160 998 187 In
1018 161 1102 188 inrdio
1118 161 1219 188 dierum
1237 162 1294 196 ejus
1311 161 1489 196 derelinquant
1513 170 1583 190 eunt.
1609 162 1666 190 Nos

883 216 978 234 omnes
991 207 1036 242 qui
1051 208 1187 242 quondam
1202 207 1303 235 fuimus
1318 208 1369 235 sub
1379 208 1522 235 clamantis
1535 213 1668 242 potestate

883 253 1017 287 perdicis;
1034 253 1161 279 clamavit
1183 253 1283 287 quippe
1300 261 1354 280 non
1371 252 1458 279 solum
1474 260 1521 288 per
1534 260 1582 280 eos
1597 260 1668 286 quos

883 306 964 332 supra
990 299 1221 330 memormimus,
1242 298 1290 325 sed
1315 305 1361 333 per
1375 305 1471 325 omnes
1497 298 1667 332 generaliter.

883 344 929 378 qui
944 344 1022 378 quasi
1042 344 1074 370 ad
1093 344 1218 377 pietatem
1240 348 1268 370 et
1289 344 1322 370 ad
1345 344 1504 378 religionem
1523 349 1669 373 vocantes.

883 389 935 416 sub
956 389 1093 417 contrario
1111 389 1215 417 veritati
1237 389 1364 424 dogmate
1379 389 1578 417 clamauerunt.
1600 388 1668 422 Nos.

883 434 995 469 inquam
1008 455 1016 467 ,
1033 435 1153 462 universi
1171 435 1198 462 in
1219 435 1333 462 dimidio
1356 436 1461 463 dierum
1485 436 1544 470 ejus
1571 435 1669 463 dereli-

883 481 993 516 quimus
1009 488 1082 508 eum.
1099 480 1132 508 Et
1146 489 1240 509 omnes
1256 482 1366 517 quidem
1385 482 1444 510 dies
1459 482 1541 516 hujus
1555 482 1646 509 saeculi
1660 502 1668 514 ,

883 528 930 556 sed
948 528 1011 562 quia
1026 536 1075 555 nos
1088 536 1121 555 ex
1138 529 1248 556 instanti
1273 529 1372 557 saeculo
1396 537 1512 564 nequam
1528 529 1599 557 eruit
1620 529 1670 555 Ι)..-

883 573 975 601 miuus
989 573 1067 601 Jesus
1077 593 1085 604 ,
1102 574 1205 601 idcirco
1220 574 1247 601 in
1273 575 1363 603 medio
1378 575 1484 602 dierum
1509 575 1569 609 ejus
1591 575 1669 602 derc-

885 620 1016 654 liquimus
1043 628 1116 647 eum.
1139 619 1173 646 Et
1194 620 1365 646 novissimum
1388 621 1445 655 ejus
1466 621 1516 647 erit
1531 621 1668 655 insipiens.

882 665 998 698 Quando
1024 670 1114 693 autem
1141 666 1250 700 sapiens
1275 665 1342 698 fuit,
1367 671 1396 693 ut
1413 666 1592 694 novissimum
1610 667 1670 700 ejus

883 711 979 738 merito
993 711 1125 746 insipiens
1147 712 1214 739 ﬁat?
1228 711 1281 738 Sed
1295 711 1420 738 dicamus
1436 719 1498 739 eum
1517 711 1603 739 fuisse
1622 720 1668 739 sa-

882 757 1000 791 pientem
1009 757 1032 772 ⁵¹⁵
1047 765 1053 783 :
1070 756 1182 792 Serpens
1197 758 1291 793 quippe
1305 757 1450 791 sapientior
1471 763 1529 784 erat
1547 758 1669 785 omnibus

883 803 972 830 bestiis
989 811 1068 838 super
1085 807 1195 835 terram,
1217 811 1284 838 quas
1302 801 1363 836 fecit
1381 802 1510 830 Dominus
1526 802 1605 830 Deus.
1620 802 1654 829 Sa
1666 818 1672 822 -

64 849 102 874 ἐπὶ
117 849 166 883 τῆς
177 869 183 881 ,
199 847 242 876 ὧν
253 851 381 883 ἐποίησε
391 850 497 883 Κύριος
510 850 525 876 ό
542 849 623 881 Θεὸς.
638 848 772 884 Φρὸνιμος
783 845 828 883 ἦν,

915 856 959 876 ens
974 847 1024 875 fuit
1038 848 1115 883 juxta
1133 848 1159 876 id
1173 848 1246 883 quod
1266 847 1398 881 scriptum
1416 852 1458 874 est
1471 848 1493 863 "’
1508 855 1515 873 :
1531 847 1669 874 Adducunt

64 894 120 920 κατὰ
131 895 158 921 τὸ
169 895 311 931 εἰρημένον
335 896 365 922 ἐν
389 895 428 930 τῷ
445 895 545 930 Ἡσαΐᾳ
556 903 563 909 ·
582 893 695 926 Ἐπάξω
711 893 766 928 γὰρ
779 893 828 920 ἐπὶ

63 940 105 965 τὸν
119 940 186 967 γοῦν
199 941 249 967 τὸν
256 941 354 976 μένην
368 940 422 967 τὸν
434 940 565 974 ἄρχοντα
578 939 636 966 τῶν
654 940 827 973 Ἀσσυρίων.

64 984 123 1012 Εἶχε
134 986 199 1020 γάρ·
222 986 261 1021 Τῇ
283 987 369 1021 ἰσχύϊ
381 986 498 1019 ποιήσω
514 985 561 1012 καὶ
580 985 617 1019 τῇ
633 985 728 1020 σοφίᾳ
740 987 749 994 ‘
759 987 767 995 ¹
779 987 786 996 ⁸
800 987 808 995 '
821 987 829 995 '

881 902 960 928 super
975 901 1079 920 sensum
1092 893 1218 928 grandem
1234 893 1378 928 principem
1391 893 1570 928 Assyriorum.
1595 892 1669 920 Dixit

883 944 991 966 autent:
1010 939 1140 966 Violentia
1165 947 1223 966 mea
1249 939 1366 974 faciam,
1389 943 1414 966 et
1435 939 1566 973 sapientia
1593 939 1670 966 intel-

884 984 967 1012 lectus
992 985 1113 1019 auferam
1147 985 1212 1019 ﬁnes
1236 985 1371 1019 gentium,
1395 989 1420 1012 et
1445 986 1554 1012 uirtutes
1580 992 1670 1012 eorum

63 1033 198 1066 depascunt.
220 1038 243 1060 et
265 1033 430 1060 commovebo
447 1032 566 1059 civitates
583 1031 759 1058 inhabitants.
782 1031 812 1058 Si
825 1031 888 1067 quis
905 1035 994 1066 potest
1005 1052 1013 1064 ,
1033 1031 1165 1066 intelligat
1181 1032 1318 1066 quomodo
1332 1032 1512 1060 novissimum
1534 1032 1596 1066 ejus
1619 1033 1672 1058 erit

63 1078 165 1105 stultum.
183 1079 234 1106 Iste
248 1079 283 1106 ab
300 1086 333 1106 eo
349 1078 422 1113 quod
439 1078 490 1105 fuit
503 1080 614 1114 sapiens
629 1079 711 1111 male,
741 1078 890 1112 sapientior
901 1082 961 1105 erat
973 1078 1102 1107 omnibus
1114 1078 1208 1105 bestiis
1224 1086 1306 1113 super
1318 1083 1418 1106 terram
1435 1087 1442 1105 ε
1460 1079 1490 1105 lit
1504 1077 1672 1110 econtrario,

63 1130 90 1150 eo
101 1125 163 1158 quod
185 1126 294 1159 sapiens
312 1126 380 1158 fuit,
409 1126 478 1153 male
500 1126 644 1161 insipiens.
661 1125 798 1160 Intelliges
820 1133 886 1152 vero
899 1125 966 1160 quid
984 1125 1041 1153 sit:
1060 1125 1241 1153 Nouissimam
1256 1126 1313 1160 ejus
1327 1127 1378 1153 erit
1393 1126 1536 1160 insipiens,
1559 1125 1584 1152 si
1599 1124 1672 1152 scias

64 1177 181 1206 quomodo
194 1176 273 1202 etiam
290 1175 339 1202 tibi
353 1182 400 1210 per
415 1175 576 1210 Apostolum
593 1174 779 1210 praecipiatur,
793 1173 876 1209 238
893 1178 924 1201 ut
945 1181 995 1209 pro
1017 1174 1106 1201 salute
1121 1178 1167 1200 tua
1193 1173 1377 1209 insipientiam
1395 1175 1511 1210 recipias
1526 1183 1532 1200 :
1549 1175 1581 1203 Si
1594 1177 1653 1211 quis
1664 1200 1671 1206 ,

63 1224 172 1258 inquit“,
185 1225 285 1251 videtur
296 1223 348 1251 sibi
361 1225 464 1258 sapiens
479 1231 534 1250 esse
549 1223 576 1249 in
593 1222 664 1249 vobis
679 1222 707 1248 in
723 1222 774 1248 isto
788 1221 897 1254 amulo,
909 1221 1008 1248 stultus
1020 1222 1079 1255 ﬁat.
1092 1220 1178 1248 Solvit
1194 1221 1240 1256 qui
1251 1226 1315 1249 ante
1327 1222 1474 1250 clamavit:
1492 1223 1598 1252 Stultus
1611 1232 1672 1253 esto

63 1274 84 1296 et
95 1269 191 1304 fatuus,
204 1276 233 1298 ut
247 1271 358 1306 sapiens
374 1270 433 1297 tias.
457 1269 486 1297 Si
504 1270 597 1305 itaque
611 1273 653 1297 est
675 1269 800 1305 quaedam
816 1267 948 1304 sapientia
963 1268 1124 1303 culpabilis,
1145 1268 1222 1303 juxta
1253 1275 1335 1302 quam
1354 1268 1401 1296 lilii
1419 1271 1511 1297 saeculi
1531 1272 1612 1306 hujus
1627 1280 1671 1299 sa-

62 1317 188 1351 pientiores
204 1324 266 1346 sunt
284 1318 347 1346 ﬁliis
361 1318 430 1346 lucis
444 1318 470 1345 in
486 1317 662 1353 generatione
678 1317 728 1344 ista
741 1338 748 1350 ,
765 1317 856 1345 bonus
869 1320 911 1344 est
930 1315 1002 1343 Deus
1017 1316 1064 1350 qui
1080 1315 1226 1343 contrariis
1242 1315 1350 1343 diversa
1369 1317 1515 1351 subvertit,
1531 1323 1562 1346 ut
1586 1318 1669 1346 faciat

63 1366 171 1400 compleri
185 1367 209 1394 id
224 1368 297 1402 quod
313 1368 415 1395 dictum
432 1372 492 1394 est:
511 1366 696 1394 Novissimum
713 1367 771 1402 ejus
793 1367 844 1394 erit
868 1367 1006 1401 insipiens.
1026 1366 1143 1399 Quando
1165 1367 1345 1395 novissimum
1362 1367 1421 1402 ejus
1444 1367 1496 1394 erit
1515 1367 1647 1402 insipiens
1659 1367 1672 1393 ν

62 1411 155 1446 Oportet
168 1414 307 1441 Christum
325 1422 449 1450 regnare,
465 1422 552 1450 usque
567 1414 633 1442 dum
657 1420 741 1449 ponat
754 1422 850 1442 omnes
867 1415 994 1442 inimicos
1007 1415 1067 1449 ejus
1083 1414 1153 1444 Deus
1175 1415 1226 1442 sub
1239 1415 1353 1450 pedibus
1369 1415 1438 1449 ejus.
1456 1413 1525 1441 Cum
1538 1414 1629 1441 omnia
1645 1415 1670 1441 ei

62 1459 197 1494 subjecerit,
211 1462 380 1490 novissimus
394 1462 523 1491 inimicus
535 1462 693 1490 destruetur
708 1471 783 1491 mors
795 1472 802 1496 ς
813 1470 875 1490 cum
889 1463 1028 1491 destructa
1041 1463 1122 1490 fuerit
1134 1471 1218 1498 mors,
1236 1467 1301 1491 tunc
1316 1467 1438 1490 extrema
1453 1463 1569 1498 perdicis
1579 1467 1670 1495 erunt,

61 1509 83 1531 ct
93 1507 256 1535 novissimum
270 1507 332 1542 ejus
346 1507 391 1534 [iet
409 1507 552 1542 insipiens.
569 1507 631 1535 Ilaec
645 1508 678 1535 de
695 1509 813 1543 perdice.

89 1550 112 1578 4.
130 1551 289 1588 Principium
304 1561 368 1581 vero
381 1554 494 1588 capituli
513 1554 626 1581 secundi
643 1555 715 1582 istud
730 1554 830 1582 lectum
845 1559 885 1582 est
902 1564 909 1581 -.
929 1554 1050 1581 Tltronus
1068 1554 1159 1587 gloria.-
1174 1554 1309 1582 multatus
1326 1555 1360 1581 ab
1374 1554 1451 1581 initio
1468 1554 1552 1586 locus,
1570 1554 1672 1581 sancti-

62 1598 136 1630 ﬁcnti‘o
150 1604 246 1631 nostra,
261 1599 421 1625 sustentatio
434 1599 532 1627 Israel.
550 1599 672 1632 Domine,
689 1608 776 1627 omnes
790 1600 836 1635 qui
852 1604 875 1626 te
889 1599 1084 1634 dereliquerunt
1101 1600 1299 1634 confundantur
1313 1599 1473 1632 decertantes,
1486 1607 1564 1633 super
1576 1603 1673 1625 terram

62 1642 201 1676 scribuntur,
213 1646 275 1679 quia
290 1645 486 1680 dereliquerunt
501 1645 600 1680 fontem
614 1646 674 1672 vita:
691 1645 844 1672 Dominum.
867 1645 940 1672 Dixit
963 1645 1048 1672 Isaias
1065 1645 1162 1671 beatus
1178 1645 1309 1680 propheta
1323 1645 1418 1672 videns
1431 1644 1576 1672 Dominum
1590 1648 1617 1672 et
1630 1652 1672 1672 re-

63 1695 130 1723 gnum
144 1689 200 1724 ejus
214 1690 248 1717 ".
269 1689 330 1716 Vidi
347 1690 487 1717 Dominum
503 1690 621 1718 Sabaoth
636 1690 766 1718 sedentem
782 1699 861 1726 super
872 1691 958 1718 sedem
972 1691 1102 1717 excelsam
1118 1696 1142 1717 et
1165 1691 1304 1718 eleuatum.
1328 1690 1401 1717 Vidit
1420 1696 1446 1718 et
1458 1691 1590 1718 Jeremias
1604 1700 1672 1726 quo-

62 1734 130 1761 modo
143 1735 208 1763 Deus
220 1741 327 1771 regnat,
343 1741 452 1771 propter
467 1737 539 1771 quod
553 1737 709 1771 gloriﬁcaus
723 1745 786 1765 eum
803 1737 859 1764 ait:
874 1737 994 1764 Throuus
1008 1737 1101 1771 gloria:
1116 1736 1250 1763 exaltatus
1265 1736 1297 1763 ab
1310 1737 1385 1763 initio
1397 1736 1470 1763 locus
1494 1734 1673 1772 saizctiﬁcalio

63 1786 145 1808 nostra.
156 1782 215 1809 Sive
229 1783 262 1809 de
276 1783 388 1810 Christo
404 1784 523 1811 volueris
538 1783 588 1811 ista
603 1784 764 1819 intelligere,
781 1793 834 1811 non
851 1785 995 1819 peccabis;
1013 1785 1069 1811 sive
1085 1785 1118 1811 de
1134 1783 1226 1816 Patre,
1243 1792 1297 1811 non
1312 1783 1396 1818 impie
1410 1784 1511 1811 senties
1523 1793 1530 1817 ;
1543 1789 1584 1811 est
1599 1785 1671 1812 enim

64 1827 160 1854 thronus
171 1828 260 1862 gloria:
277 1829 414 1860 excelsus,
437 1834 464 1856 et
489 1837 504 1856 a
527 1830 663 1865 principio
680 1830 809 1858 Salvator
833 1836 886 1858 est.
899 1830 1028 1858 Thronus
1042 1831 1134 1865 gloriae
1148 1834 1189 1857 est
1205 1834 1315 1864 propter
1330 1830 1404 1864 quod
1429 1838 1540 1864 regnum
1555 1831 1632 1865 ejus,
1647 1836 1675 1857 et

64 1871 103 1896 ...ὁ
114 1871 219 1907 Χριστὸς
235 1874 325 1900 ἐστιν·
341 1873 404 1900 "Ore
421 1873 474 1908 γὰρ
489 1875 505 1900 ὀ
519 1874 643 1909 ἁγιάζων
657 1875 706 1902 καὶ
719 1879 745 1903 oi
754 1875 832 1911 atria»

915 1876 1066 1904 .uetilicatio
1088 1880 1179 1903 nostra
1195 1875 1319 1902 Christus
1342 1879 1401 1907 est;
1415 1876 1478 1910 quia
1497 1881 1522 1902 et
1539 1876 1589 1902 iste
1609 1885 1673 1902 san-

63 1913 157 1948 ζέμενοι
170 1917 202 1949 ἐξ
213 1918 281 1951 ἐνὸς
291 1917 413 1951 πάντες.
433 1919 576 1954 Ὑπομονὴ
594 1920 832 1958 Ἰσραήλ.Ὥσπερ

915 1923 1004 1956 iﬁcans
1014 1942 1022 1953 ,
1042 1926 1067 1948 et
1090 1929 1136 1948 nos
1156 1921 1316 1955 sanctiﬁcati
1332 1928 1364 1946 ea:
1375 1929 1426 1947 uno
1436 1929 1524 1947 omnes
1534 1929 1624 1948 sumus
1637 1920 1670 1947 ⁶⁰.

63 1960 262 1999 αὑτοδιχαιοσύνη
284 1964 360 1990 ἐστὶν
376 1964 390 1990 ὁ
408 1964 518 2000 Σωτὴρ,
534 1965 715 2000 αὑτοαλήθεια
726 1986 733 1997 ,
752 1966 832 1993 αὺτο-

915 1968 1049 1995 istentatio
1072 1967 1171 1994 Israel.
1206 1966 1283 1994 Sicut
1317 1967 1374 2002 ipse
1400 1967 1506 2001 justitia
1529 1968 1672 1999 Christus.

63 2008 195 2042 αγιασμὸς,
211 2009 296 2042 οὕτως
316 2010 516 2045 αὑτοῦπομονή.
544 2011 599 2038 Καὶ
615 2011 664 2037 οὐκ
679 2011 751 2038 ἔστιν
771 2011 834 2038 οὔτι

62 2049 148 2078 δίκαιον
163 2051 230 2080 εἶναι
252 2055 338 2090 χωρὶς
358 2055 476 2090 Χριστοῦ
488 2075 495 2087 ,
513 2055 576 2082 οὔτε
593 2056 670 2089 ἅγιον
686 2057 770 2092 χωρὶς
787 2056 834 2082 αὐ-

62 2094 115 2126 τοῦ,
136 2096 192 2123 οὔτε
212 2099 359 2134 ὑπομένειν
375 2100 414 2135 μὴ
437 2099 556 2136 Χριστὸν
573 2100 685 2136 ἔχοντα·
711 2101 833 2136 ὑπομονὴ

64 2140 106 2176 γὰρ
123 2142 222 2179 Ἰσραὴλ
237 2145 318 2176 αὑτός
333 2146 402 2172 ἐστι.
418 2145 478 2172 Κᾶν
493 2146 520 2172 δὲ
534 2147 580 2173 ἐπὶ
594 2146 639 2173 τὸν
652 2146 717 2173 Θεὸν
732 2146 833 2181 ἀναφέ-

65 2193 114 2221 ρῃς,
124 2187 173 2214 οὐδ’
187 2189 272 2222 οὕτως
289 2191 444 2226 ἀσεϐήσεις.
455 2192 554 2226 Κύριε,
572 2191 683 2225 πάντες
698 2194 724 2219 οἱ
742 2201 832 2219 κατα-

64 2231 185 2267 λιπόντες
217 2242 253 2262 σε
284 2237 594 2270 καταισχυνθήτωσαν
618 2237 833 2271 ἀφεστηκότες.

66 2275 179 2311 Ἕκαστος
204 2281 303 2316 ἡμῶν,
330 2282 374 2308 ὅτε
403 2282 571 2317 ἁμαρτάνει,
601 2283 760 2310 καταλείπι
790 2284 835 2310 τὸν

65 2320 118 2349 Θεὸν
128 2344 134 2356 ,
155 2327 198 2352 καὶ
216 2326 329 2361 βέϐηλος
350 2328 492 2363 γινόμενος
507 2330 666 2356 καταλείπει
682 2330 816 2365 ἀγιασμὸν
827 2351 835 2362 ,

66 2369 101 2394 ut
113 2371 229 2406 πολεμῶν
246 2373 407 2400 καταλείπει
424 2374 552 2410 εἰρήνην,
575 2376 620 2402 χα¹ι
635 2375 687 2402 ὑπὸ
704 2375 742 2411 τῷ
758 2376 836 2402 πολε-

68 2412 111 2448 μίῳ
124 2416 256 2451 γινόμενος
272 2417 432 2445 καταλείπει
448 2419 496 2455 τὴν
510 2419 707 2456 ἀπολύτρωσιν,
720 2422 767 2448 καὶ
784 2421 836 2453 ἔξω

67 2458 104 2493 τῆς
119 2463 206 2495 σοφίας
219 2463 255 2490 ὢν
270 2463 318 2490 τοῦ
334 2463 401 2491 Θεοῦ
419 2465 579 2492 καταλείπει
593 2466 641 2502 τὴν
661 2467 764 2501 σοφίαν.
780 2468 836 2494 Πᾶ-

67 2513 100 2550 σιν
105 2505 144 2534 οὖν
152 2511 202 2541 τοῖς
211 2511 403 2538 καταλείπουσι
414 2512 460 2538 τὸν
473 2512 538 2538 Θεὸν
546 2513 646 2548 ἀρᾶται
655 2514 668 2540 ὁ
681 2515 834 2550 προφήτης,

885 2015 942 2049 ipse
958 2014 1068 2046 veritas,
1095 2013 1154 2048 ipse
1182 2013 1361 2040 sanctiﬁcatio
1375 2033 1382 2044 ,
1399 2013 1522 2040 similiter
1536 2017 1578 2040 est
1589 2013 1672 2041 etiam

885 2061 942 2095 ipse
967 2059 1139 2087 sustentatio.
1165 2058 1198 2086 Et
1218 2067 1272 2086 non
1292 2059 1396 2094 aliquid
1418 2058 1522 2093 justum
1539 2060 1600 2087 sine
1621 2068 1673 2093 eo.

885 2113 973 2141 neque
996 2106 1101 2140 patiens
1125 2105 1196 2140 quod
1224 2105 1252 2132 in
1279 2113 1308 2133 se
1332 2113 1386 2132 non
1413 2105 1495 2133 habet
1513 2106 1672 2134 Christum:

886 2151 943 2186 ipse
956 2155 998 2178 est
1019 2150 1092 2177 enim
1113 2150 1277 2178 sustentatio
1293 2151 1386 2178 Israel.
1414 2150 1442 2177 Si
1465 2156 1557 2178 autem
1573 2152 1606 2179 ad
1623 2151 1675 2179 Pa-

885 2200 953 2223 trem
968 2201 994 2222 et
1009 2195 1060 2223 hoc
1073 2195 1206 2227 retuleris,
1223 2204 1276 2223 nou
1293 2196 1376 2230 impie
1394 2196 1534 2231 intelligis.
1550 2196 1672 2229 Domine,

885 2249 973 2269 omnes
988 2241 1032 2277 qui
1047 2246 1070 2267 te
1082 2241 1264 2275 derelinquunt
1280 2241 1478 2276 confundantur
1501 2242 1672 2270 discedentes.

886 2285 1081 2321 Unusquisque
1104 2291 1226 2314 nostrqu
1247 2287 1357 2321 quando
1376 2292 1487 2322 peccat,
1502 2296 1551 2323 per
1566 2296 1597 2315 ea
1614 2296 1675 2323 quae

886 2337 980 2367 peccat
1002 2332 1140 2359 Christum
1171 2333 1300 2367 relinquit
1316 2342 1323 2360 :
1337 2334 1494 2369 relinquens
1516 2339 1606 2361 autem
1631 2333 1675 2360 Fi-

887 2378 964 2411 lium,
979 2378 1110 2412 relinquit
1122 2383 1149 2405 et
1165 2377 1284 2406 Patrem.
1295 2378 1414 2413 Injustus
1438 2387 1453 2406 a
1476 2379 1582 2414 iustitia
1596 2379 1675 2414 longe

886 2428 938 2453 est.
955 2423 1074 2458 pollutus
1088 2431 1104 2450 a
1120 2424 1312 2457 sanctimonia,
1330 2425 1444 2453 bellator
1458 2433 1473 2451 a
1488 2432 1553 2460 pace
1566 2433 1573 2458 ;
1585 2428 1612 2452 et
1627 2425 1674 2460 qui

887 2469 939 2496 sub
957 2473 1090 2504 potestate
1107 2469 1210 2497 inimici
1227 2478 1289 2497 esse
1314 2469 1424 2504 incipit,
1447 2478 1462 2497 a
1488 2470 1675 2505 redemptione

888 2515 916 2540 tit
931 2514 1052 2547 alienus;
1069 2519 1095 2541 et
1109 2515 1155 2550 qui
1171 2520 1246 2542 extra
1263 2516 1423 2550 sapientiam
1440 2515 1485 2543 Dei
1499 2519 1550 2547 est,
1564 2516 1676 2550 sapien-

65 2549 178 2579 διδάσκων
197 2555 269 2589 ἡμᾶς
279 2556 309 2581 τὸ
318 2556 447 2591 ἐσόμενον
459 2557 560 2588 αὐτοῖς,
572 2557 659 2592 λέγων
669 2558 708 2584 τό“
719 2558 832 2592 Πάντες

915 2568 951 2587 ιιιι
971 2559 1015 2587 Dei
1030 2549 1202 2596 derelinquit.
1230 2549 1334 2590 Doceus
1352 2562 1443 2597 itaque
1459 2569 1510 2590 nos
1525 2549 1654 2596 propheta
1664 2583 1674 2596 ,

67 2595 89 2619 οι
108 2600 332 2634 καταλείποντές
351 2609 388 2627 σε
416 2602 733 2636 καταισχυνθήτωσαν.
752 2604 833 2630 Ὅσον

68 2639 235 2678 ἀφεστήκασι,
256 2645 382 2673 τοσοῦτον
403 2647 451 2673 ἐπὶ
471 2646 525 2681 τῆς
548 2647 604 2682 γῆς
625 2647 834 2683 γραφήτωσιιν.

68 2684 155 2720 Πάντες
163 2689 300 2726 ἄνθρωποι
312 2692 473 2728 γράφονται,
489 2694 513 2719 oi
532 2694 579 2728 μὲν
597 2693 668 2728 ἆγιοι
679 2695 707 2721 ὲν
719 2694 836 2731 οὐρανῷ,

98 2781 192 2812 "Gen.
208 2793 250 2817 ιιι,
264 2786 289 2812 I.
327 2787 350 2802 "
366 2787 418 2814 lsa.
433 2787 592 2821 x,12,|3.

192 2834 328 2863 Parnm.
345 2835 403 2864 Gn.
420 2835 504 2865 XIII.

631 2787 675 2814 "I
689 2787 753 2815 Cor.
770 2795 798 2814 ιιι
810 2808 817 2820 ,
835 2787 878 2814 18.

888 2606 952 2641 quid
968 2606 1001 2633 de
1018 2606 1146 2634 omnibus
1160 2606 1206 2641 qui
1226 2605 1372 2634 Dominum
1386 2607 1529 2640 deserunt,
1552 2606 1587 2633 sit
1602 2605 1675 2634 futu-

889 2659 961 2683 rum,
978 2651 1016 2678 ait
1032 2660 1038 2678 :
1056 2650 1174 2678 Universi
1190 2653 1235 2687 qui
1248 2657 1271 2679 te
1282 2652 1466 2687 derelinquunt
1480 2652 1676 2688 confundantur

890 2695 1063 2729 discedentes,
1078 2697 1129 2724 hoe
1146 2701 1199 2730 est,
1215 2702 1348 2732 quantum
1366 2701 1391 2725 te
1405 2698 1547 2729 deserunt.
1561 2697 1678 2726 conluu-

916 2787 938 2802 "
955 2788 1007 2814 lsa.
1027 2794 1062 2819 γι,
1082 2787 1106 2813 I.
1146 2786 1170 2803 “
1186 2787 1267 2815 Hebr.
1283 2795 1313 2821 ιι,
1328 2788 1371 2815 Η.

1495 2823 1509 2832 υ

1479 2825 1510 2852 I5
