1869 3041
212 141 243 168 7|
925 140 1086 168 ORIGENIS

1763 143 1812 170 ΗΞ

191 198 282 226 omnis
300 197 346 225 Dei
362 197 452 233 quoad
470 198 595 226 homines
618 199 644 226 in
660 199 711 227 hoc
725 199 826 227 mundo
839 199 929 235 dispen

1073 201 1142 235 ,ἧσαι
1157 200 1190 228 τὰ
1217 201 1266 236 τῆς
1283 200 1407 236 ἀπειλῆς.
1440 201 1662 236 Ἔπαγγέλλεται,
1688 202 1766 233 ὥστε,
1790 204 1811 228 εί

191 244 232 271 tio
243 249 377 271 versatur.
397 243 476 271 Prior
486 252 553 278 gens
568 243 649 272 Israel
662 249 717 278 est;
729 245 812 273 altera
827 250 887 281 post
901 246 978 273 Chri-

191 290 228 318 sti
240 290 384 317 adventum
397 298 464 324 gens
479 291 535 318 haec
549 294 601 317 est.
622 289 711 318 Priori
730 291 848 318 minatus
864 295 906 318 est
917 298 978 325 quin

194 335 313 362 minatus
336 339 394 367 est,
424 340 452 362 et
473 335 578 370 impleri
594 336 718 363 videmus
741 344 802 370 qua:
816 336 839 363 ei
860 337 978 363 minatus

193 385 244 407 est.
262 379 291 406 In
308 380 492 414 captivitatem
509 380 624 408 abducta
637 385 689 413 est,
713 381 779 408 urbs
791 388 885 408 eorum
898 388 977 407 ever-

193 433 234 458 sa,
248 427 434 453 sanctuarium
445 426 575 458 dirutum,
588 426 674 453 altare
687 426 746 453 solo
761 431 898 461 aequatum
913 436 919 453 :
937 427 977 453 ni-

194 470 231 498 hil
250 472 422 506 antiquarum
447 472 649 499 solemnitatum
675 472 745 506 apud
772 479 819 499 eos
842 476 975 507 superest.

194 516 302 544 Dixerat
317 517 387 544 enim
412 517 456 545 isti
470 517 542 552 genti
559 517 630 545 Deus
647 527 653 544 :
670 517 860 546 Pmiiitentiain
883 518 973 553 agite;

191 567 284 590 etnon
297 568 408 598 egerunt
424 564 621 598 penitentiam.
642 563 790 598 Postquam
805 564 862 592 hac
877 564 915 591 illi
934 564 976 591 di-

191 613 234 635 cta
251 613 325 639 sunt,
339 609 404 636 dicit
419 609 481 637 huic
492 609 617 637 secunda:
631 609 702 644 genti
714 609 786 637 Deus
796 617 857 644 qum
870 610 903 637 ad
916 609 976 644 ejus

190 654 426 682 remdiﬁcatiurem
452 655 599 689 pertinent.
634 655 686 683 Sed
709 655 769 682 vide
794 655 865 682 hanc
892 656 974 682 etiam

189 703 294 734 gentem
312 699 437 727 homines
453 707 514 727 esse
529 700 576 735 qui
588 700 687 727 iterum
703 700 755 728 labi
771 701 874 736 possint
890 710 898 728 :
915 701 976 728 ideo

187 745 269 773 etiam
286 745 349 773 huic
371 745 508 776 minatur,
524 750 550 773 et
571 746 632 772 ait:
657 745 714 773 Etsi
735 746 846 781 praedixi
861 754 922 781 quae
941 746 974 773 ad

189 792 408 825 aediﬁcationem,
424 792 456 819 ad
476 791 670 827 plantationem
683 796 763 827 atque
774 792 855 828 246
865 794 896 819 ad
908 793 975 828 agri-

187 838 323 866 culturam
350 838 502 872 pertinent,
528 838 658 872 quoniam
680 842 769 865 tamen
793 838 851 865 haec
864 846 974 873 quoque

189 890 256 918 gens
278 887 423 917 peccatura
438 887 495 915 est,
519 882 612 909 eadem
639 884 721 910 etiam
736 883 860 910 evenient
873 883 898 910 ei
914 891 974 918 quae

191 927 264 955 dicta
275 931 354 954 erant
374 927 451 954 alteri
467 932 577 962 propter
594 931 712 962 peccata,
730 933 756 955 et
772 928 882 955 easdem
898 929 974 956 subi-

191 973 230 1001 bit
255 980 370 1009 pinnas,
395 972 446 1000 nisi
474 973 558 1006 egerit
580 973 778 1007 pienitentiam.
812 973 972 1002 Universam

191 1022 314 1045 scrutare
339 1017 516 1052 Scripturam,
539 1021 566 1044 et
589 1017 710 1045 invenies
724 1017 757 1044 de
772 1017 877 1046 duabus
899 1019 973 1046 hisee

190 1063 316 1098 gentibus
332 1063 461 1098 pleraque
474 1063 537 1089 dici.
557 1061 644 1097 Elegit
657 1062 727 1090 Deus
739 1067 840 1097 patres,
856 1064 972 1098 promis-

190 1116 220 1136 sa
233 1108 286 1135 illis
300 1108 382 1141 dedit,
401 1108 541 1143 populum,
560 1107 606 1143 qui
621 1115 635 1134 a
650 1108 773 1143 patribus
785 1113 876 1136 ortum
891 1109 971 1136 duce-

189 1154 256 1186 bat,
281 1153 376 1181 eduxit
398 1162 431 1181 ex
452 1153 590 1189 Egypto:
608 1161 655 1181 eos
670 1159 811 1187 pet-cantes
832 1155 971 1188 toleravit;

189 1201 269 1229 veluti
287 1205 362 1236 pater
373 1201 483 1234 erudiit,
496 1201 656 1233 introduxit,
673 1205 773 1227 terram
791 1201 845 1228 illis
856 1201 973 1236 promis~

187 1246 274 1275 sionis
285 1246 412 1279 tradidit;
436 1254 483 1281 per
495 1250 615 1281 tempora
638 1246 785 1281 prophetas
804 1247 837 1273 ad
857 1254 905 1274 eos
921 1247 973 1274 mi-

187 1293 234 1325 sit,
251 1292 312 1319 illos
327 1291 435 1319 edocuit
451 1295 479 1318 et
493 1292 592 1318 avertit
605 1298 620 1318 a
633 1291 768 1325 peccatis;
789 1291 971 1326 longanimem

188 1345 295 1372 semper
309 1344 339 1365 se
356 1336 481 1371 pmbuit,
495 1336 606 1363 mittens
621 1335 752 1366 medicos.
765 1335 853 1362 donec
867 1336 972 1364 veniret

189 1382 356 1410 medicorum
371 1381 508 1416 princeps,
519 1380 658 1415 prophetis
668 1380 842 1407 excellentior
854 1380 972 1414 prophe-

188 1433 227 1460 ta,
244 1426 356 1454 medicis
371 1426 543 1461 praestantior
558 1425 691 1453 medicus.
711 1425 799 1459 Hunc,
813 1433 876 1453 cum
891 1425 972 1452 adve-

189 1472 285 1505 nisset,
302 1471 493 1507 prodiderunt,
515 1476 542 1499 et
555 1471 726 1503 occiderunt,
743 1471 818 1502 tolle,
840 1471 902 1498 tolle
915 1470 971 1498 cla-

189 1519 292 1543 mantes
317 1515 386 1543 [tunc
405 1524 422 1542 α
445 1521 515 1543 terra
529 1524 538 1543 :
552 1515 692 1551 cruci/Ege,
718 1516 841 1551 cruciﬁga
861 1524 920 1543 eum
935 1516 968 1541 ".
981 1530 1006 1564 ο

187 1561 261 1589 illico
272 1562 381 1589 visitata
395 1565 438 1590 est
453 1569 539 1596 gens;
554 1562 587 1589 ad
603 1561 775 1588 solitudinem
791 1562 916 1588 redactus
926 1565 970 1588 est

188 1607 264 1634 locus
282 1607 328 1634 ubi
343 1608 418 1635 cruci
432 1607 528 1634 afﬁxus
541 1611 584 1634 est
597 1606 676 1635 Iesus
691 1614 775 1634 meus.
796 1606 884 1642 Elegit
898 1606 970 1634 Deus

186 1652 266 1679 aliam
281 1656 398 1687 gentem.
420 1651 521 1680 Videtis
535 1659 616 1686 quam
632 1652 720 1686 ampla
737 1653 773 1679 sit
783 1652 891 1686 messis,
907 1652 971 1680 licet

187 1698 305 1732 operarii
321 1698 375 1726 sint
392 1698 470 1733 pauci
485 1698 519 1727 ’°.
532 1698 603 1732 Quin
616 1703 642 1725 et
656 1698 732 1725 aliter
744 1698 883 1733 dispensat
899 1698 970 1726 Deus

187 1751 333 1779 sagenam,
350 1748 381 1771 ut
393 1744 494 1778 juttiter
514 1744 542 1772 in
567 1744 647 1779 hujus
662 1744 723 1772 vitae
736 1752 810 1771 mare
823 1743 944 1772 mittatur
961 1753 968 1771 :

187 1794 385 1825 congregantur
398 1790 487 1818 omnis
503 1790 608 1825 generis
619 1789 807 1824 pisces,mittit
821 1790 970 1824 piscatores

188 1834 299 1868 multos,
317 1835 399 1862 mittit
412 1839 569 1868 venatores;
586 1835 686 1862 multos
701 1841 835 1862 venantur
846 1844 878 1863 ex
892 1835 969 1862 omni

186 1885 290 1913 monte,
301 1886 435 1908 venantur
449 1888 480 1908 ex
495 1881 569 1908 omni
584 1881 660 1908 colle.
684 1881 749 1909 Vide
760 1887 860 1916 quanta
877 1883 903 1909 in
916 1882 970 1910 sal-

185 1925 281 1954 vandis
295 1926 420 1962 gentibus
444 1927 611 1960 providentia
634 1927 678 1954 sit.
715 1927 782 1954 Vide
795 1928 878 1964 igitur
894 1928 970 1956 beni-

183 1972 314 2008 gnitatem
338 1977 365 1999 et
391 1972 564 2000 severitatem
587 1972 643 2000 Dei.
671 1974 700 1999 lu
726 1974 842 2008 priorem
858 1974 969 2009 quidem

184 2023 291 2054 gentem
308 2019 412 2053 lapsam
425 2018 566 2051 severitas,
584 2018 610 2044 in
624 2017 737 2045 alteram
754 2027 818 2046 vero
834 2019 968 2054 promissa

183 2070 210 2092 et
234 2065 395 2100 benignitas,
419 2064 567 2091 dummodo
589 2064 769 2098 permanserit
786 2065 812 2092 in
827 2065 968 2097 bonitate,

184 2109 304 2144 alioquin
318 2110 401 2137 etiam
418 2110 476 2144 ipsa
491 2109 640 2136 excidetur.
661 2109 754 2144 Neque
764 2110 836 2137 enim
849 2115 913 2138 tunc
924 2118 970 2138 so-

186 2156 240 2182 lum
259 2155 362 2182 securis
377 2155 410 2182 ad
425 2154 544 2182 radicem
569 2154 697 2182 arborum
722 2155 809 2189 posita
825 2160 883 2182 erat
900 2165 906 2183 :
922 2163 969 2190 pa-

186 2206 243 2229 rata
257 2201 406 2227 etiamnum
427 2203 470 2227 est
489 2199 581 2226 venire
597 2200 711 2227 securis.
736 2203 802 2226 Nam
822 2201 921 2227 securi:
934 2201 968 2228 ad
984 2210 1009 2240 ι)

189 2246 304 2273 radicem
329 2245 452 2272 arborum
473 2245 559 2280 posita
581 2251 619 2272 est
643 2245 684 2278 ",
701 2245 790 2273 aiebat
811 2250 875 2273 tunc
889 2245 970 2274 Jesus

185 2299 275 2324 tuens,
283 2291 316 2318 de
325 2290 419 2324 lsrael,
427 2291 497 2325 apud
510 2299 589 2325 quem
603 2291 707 2318 securis
721 2295 789 2323 erat,
799 2292 968 2320 vaticinans:

185 2339 209 2366 is
223 2337 281 2372 ipse
292 2337 398 2364 arboris
414 2336 590 2363 infructuosa:
605 2337 710 2364 securis
725 2343 800 2370 erat;
821 2338 882 2365 ideo
895 2338 967 2366 dice-

185 2383 231 2411 bat
247 2391 255 2409 :
271 2382 335 2409 Jam
350 2383 448 2410 securis
468 2382 502 2409 ad
519 2382 634 2409 radicem
658 2383 782 2409 arborum
807 2383 894 2418 posita
917 2389 968 2411 est.

183 2428 359 2463 Quaecunque
375 2428 412 2455 ibi
429 2428 541 2456 arbores
557 2428 662 2456 fructus
675 2436 728 2456 non
743 2428 879 2462 ferebant,
895 2430 969 2456 exci-

184 2481 240 2507 sae,
265 2473 293 2501 in
316 2474 406 2508 ignem
430 2473 535 2506 missae,
562 2478 588 2501 et
602 2473 742 2509 suppliciis
758 2474 872 2502 addicta:
893 2479 967 2502 sunt.

184 2519 263 2548 Nunc
285 2524 374 2547 autem
397 2520 450 2547 alia
465 2524 525 2547 orta
541 2525 583 2547 est
595 2527 673 2555 seges
686 2521 770 2555 priori
786 2529 839 2548 non
854 2521 968 2549 absimi-

184 2568 229 2600 lis,
244 2568 279 2595 de
292 2575 346 2603 qua
362 2567 465 2594 dictum
482 2570 524 2594 est
535 2567 558 2582 "
573 2574 580 2592 :
594 2565 767 2593 Introductis
781 2566 875 2601 planta
885 2574 929 2594 eos
941 2567 970 2593 in

185 2619 297 2641 montem
323 2613 488 2641 lmreditatis
505 2617 574 2644 tuae,
600 2612 627 2639 in
643 2617 766 2647 paratum
789 2612 967 2639 habitaculum

185 2665 268 2687 tuum.
300 2658 453 2686 Introduxit
478 2662 583 2693 gentem
605 2665 683 2685 suam
707 2658 776 2685 Deus
799 2658 826 2686 in
848 2664 966 2686 montem

186 2705 350 2732 hzereditatis
365 2712 431 2732 suae.
450 2703 567 2731 Montem
582 2711 633 2739 ego
646 2711 751 2738 quaero,
766 2711 820 2731 non
839 2709 868 2731 ut
883 2703 968 2731 Judaei

1030 244 1189 278 μεταπέσοι,
1206 245 1251 271 καὶ
1266 243 1340 277 ἄξιον
1370 244 1407 280 μή
1423 245 1527 279 γένοιτο
1549 245 1580 272 τὸ
1603 246 1727 282 δεύτερον
1742 247 1813 278 ἔθνος

1028 288 1082 314 τῶν
1097 289 1277 322 ἐπαγγελιῶν,
1293 289 1330 324 μὴ
1342 289 1483 321 τεύξεσθαι
1498 290 1598 317 αὐτῶν.
1620 291 1689 326 Περὶ
1702 291 1748 317 δύο
1763 291 1812 324 μά-

1028 332 1106 359 λιστα
1119 333 1203 360 ἐθνῶν
1223 333 1365 369 πρόκειται
1381 335 1455 360 πᾶσα
1480 335 1496 369 ή
1520 335 1662 370 οἰκονομία
1680 335 1728 361 τοῦ
1746 335 1810 361 Θεοῦ

1027 379 1083 410 τοῖς
1100 379 1129 405 ὲν
1146 378 1184 413 τῷ
1198 379 1293 414 κόσμῳ
1319 379 1481 414 ἀνθρώποις.
1500 380 1597 414 Γέγονε
1618 380 1726 415 πρῶτον
1741 381 1812 413 ἔθνος

1027 424 1129 456 ἐκεῖνος
1149 425 1265 460 Ἰσραήλ·
1280 425 1402 461 δεύτερον
1412 426 1466 452 ἀπὸ
1477 426 1525 461 τῆς
1535 426 1655 462 Χριστοῦ
1670 427 1812 461 ἐπιδημίας

1027 469 1106 496 τοῦτο
1131 470 1162 496 τὺ
1185 470 1269 503 ἔθνος.
1297 470 1342 506 Τῷ
1367 471 1491 507 προτέρῳ
1505 473 1653 507 ἠπείλησεν
1675 475 1689 500 6
1715 474 1780 505 Θεὸς
1796 474 1812 500 ἂ

1028 515 1168 550 ἠπείλησε,
1187 517 1234 542 καὶ
1260 516 1394 552 βλέπομεν
1425 518 1628 554 πεπληρωμένα
1657 518 1696 553 (Ι)
1715 519 1751 545 τὰ
1767 519 1812 553 τῆς

1027 560 1141 595 ἀπειλῆς
1157 560 1202 588 τοῦ
1217 561 1349 597 προτέρου
1365 562 1466 594 ἔθνους.
1497 563 1541 589 Ἐν
1567 563 1742 599 αἰχμαλωσίᾳ
1769 572 1811 597 γε-

1026 606 1148 640 γένηται,
1173 607 1331 642 κατεσκάφη
1359 607 1447 634 αὐτῶν
1470 609 1486 643 ή
1509 608 1596 640 πόλις,
1618 608 1759 644 καθῃρέθη
1784 609 1812 635 τδ

1027 651 1160 686 ἀγίασμα,
1178 652 1208 678 τὸ
1229 651 1420 688 θυσιαστήριον
1445 653 1655 689 καταϐέϐληταιο
1684 654 1761 681 οὐδὲν
1775 655 1811 681 ἔτι

1027 697 1143 730 σώζεται
1159 697 1212 724 τῶν
1230 698 1312 724 πάλαι
1330 698 1436 734 σεμνῶν
1457 700 1522 734 παρ’
1532 700 1633 731 αὐτοῖς.
1654 700 1751 734 Ἔλεγε
1762 700 1811 735 γὰρ

1025 743 1122 778 ἐκείνῳ
1135 742 1175 778 τῷ
1190 742 1261 769 ἔθνει
1273 744 1288 769 6
1299 744 1374 775 Θεὸς·
1401 745 1606 780 Μετανοήσατε,
1621 745 1670 771 καὶ
1685 745 1716 771 οὐ
1736 754 1811 780 μετε-

1025 789 1136 824 νόησαν.
1164 787 1242 814 Μετὰ
1267 787 1299 814 τὺ
1323 788 1437 821 ἐκείνοις
1462 789 1586 825 εἰρῆσθαι
1616 790 1715 820 ταῦτα,
1742 790 1810 823 λέγει

1024 834 1111 869 τούτῳ
1126 834 1165 869 τῷ
1179 833 1296 869 δευτέρῳ
1310 833 1382 860 ἔθνει
1407 835 1421 860 6
1437 834 1503 866 Θεὸς
1515 835 1548 861 τὰ
1563 836 1629 870 περὶ
1644 835 1691 862 τοῦ
1710 836 1811 861 ἀνοικο-

990 869 1009 896 Β
1023 880 1164 914 δομείσθαι
1177 880 1251 907 αὑτό.
1269 881 1340 916 Ὅρα
1353 880 1392 912 δέ,
1409 880 1450 907 ὅτι
1471 880 1518 907 καὶ
1541 869 1620 907 τοῦτο
1631 880 1662 907 τὸ
1677 881 1753 912 ἐθνος
1767 881 1810 907 ἇν-

1025 927 1128 963 θρωποί
1140 928 1203 959 εἰσι,
1219 927 1362 963 δυνάμενοι
1383 927 1463 954 πάλιν
1480 928 1661 963 παραπεσεῖν·
1679 928 1724 954 διὰ
1736 928 1810 954 τοῦτο

1024 974 1071 1000 καὶ
1081 973 1168 1008 τούτῳ
1181 973 1298 1004 ἀπειλεῖ,
1322 973 1368 1000 καί
1393 981 1483 1009 φησιν·
1508 974 1540 1000 Εἰ
1558 974 1606 1000 καὶ
1628 976 1762 1009 προεῖπον
1779 974 1809 1000 τὰ

1024 1019 1147 1054 περὶτῆς
1160 1019 1315 1054 οἰκοδομῆς,
1324 1020 1371 1046 καὶ
1387 1020 1421 1047 τὰ
1434 1020 1498 1055 περὶ
1511 1020 1560 1054 τῆς
1574 1021 1809 1055 καταφυτεύσεως.

1024 1063 1132 1099 καὶτῆς
1148 1064 1297 1099 γεωργίας,
1319 1064 1410 1099 μέλλει
1438 1064 1466 1091 δὲ
1489 1065 1656 1101 ἁμαρτάνειν
1673 1065 1721 1092 καὶ
1735 1065 1810 1092 τοῦτο

1023 1109 1054 1135 τὸ
1076 1108 1162 1140 ἔθνος,
1174 1110 1221 1136 καὶ
1235 1109 1322 1145 τούτῳ
1334 1110 1523 1146 ἁμαρτήσαντι
1537 1110 1706 1146 συμϐήσεται
1729 1110 1810 1137 ταῦτα

1023 1154 1095 1191 ἆπερ
1111 1156 1218 1192 εἴρηται
1235 1156 1348 1188 ἐκείνοις
1368 1156 1413 1183 διὰ
1429 1156 1462 1183 τὰ
1480 1157 1678 1193 ἁμαρτήματα,
1696 1157 1743 1184 καὶ
1755 1158 1810 1183 πεί-

1024 1209 1126 1232 σονται,
1140 1201 1188 1228 ἐὰν
1202 1201 1239 1236 μὴ
1259 1202 1455 1237 μετανοήσωσι.
1472 1202 1564 1229 Πᾶσαν
1591 1203 1739 1238 ἐρεύνησον
1763 1202 1810 1236 τὴν

1023 1245 1133 1280 Γραφὴν
1144 1265 1151 1277 ,
1169 1246 1216 1272 καὶ
1231 1245 1357 1280 εὑρήσεις
1368 1245 1402 1272 τὰ
1419 1245 1532 1272 πλεῖστα
1547 1247 1612 1281 περὶ
1624 1246 1678 1272 τῶν
1691 1246 1738 1273 δύο
1751 1246 1809 1272 τοὺ-

1023 1300 1076 1317 των
1090 1292 1144 1318 τῶν
1164 1291 1248 1318 ἐθνῶν
1274 1291 1415 1327 λεγόμενα.
1455 1292 1608 1324 Ἐξελέξατο
1622 1293 1636 1319 ὁ
1657 1292 1723 1324 Θεὸς
1750 1293 1808 1323 τοὺς

1023 1335 1154 1371 πατέρας,
1169 1335 1335 1369 ἐπαγγελίαν
1347 1335 1461 1362 δέδωκεν
1478 1336 1579 1367 αὐτοῖς·
1602 1335 1722 1372 ἐξήγαγε
1750 1336 1808 1364 λαὸν

1023 1382 1056 1408 ἐκ
1074 1381 1120 1408 τοῦ
1137 1382 1231 1415 γένους
1243 1381 1297 1408 τῶν
1311 1381 1434 1417 πατέρων
1457 1382 1510 1409 ἀπὸ
1526 1381 1675 1416 Αἰγύπτου·
1694 1383 1808 1418 ἐμακρο-

1023 1425 1143 1462 θύμησεν
1154 1427 1183 1453 ἐν
1206 1427 1297 1457 αὐτοῖς
1312 1426 1523 1462 ἁμαρτάνουσιν,
1537 1427 1698 1454 ἐπαίδευσεν
1712 1428 1807 1458 αὐτοὺς

1022 1471 1060 1504 ὡς
1077 1472 1177 1508 πατὴρ,
1197 1472 1345 1507 εἰσήγαγεν
1375 1472 1483 1504 αὐτοὺς,
1512 1472 1611 1499 ἔδωκεν
1635 1473 1729 1504 αὐτοῖς
1758 1472 1808 1506 γῆν

1022 1515 1196 1550 ἐπαγγελίας·
1216 1515 1336 1550 ἔπεμψεν
1351 1515 1441 1547 αὐτοῖς
1462 1516 1603 1552 προφήτας
1614 1515 1686 1542 κατὰ
1701 1516 1740 1550 (2)
1752 1523 1807 1542 και-

1024 1561 1097 1597 ροὺς,
1119 1561 1259 1588 ἐπαίδευσε
1286 1562 1332 1587 καὶ
1364 1560 1530 1596 ἐπέστρεψεν
1559 1561 1658 1592 αὐτοὺς
1683 1560 1738 1587 ἀπὺ
1756 1559 1808 1586 τῶν

1022 1606 1235 1642 ἁμαρτημάτων·
1254 1607 1483 1643 ὲμακιροθύμησεν
1497 1605 1541 1632 ἀεὶ
1557 1605 1674 1640 πέμπων
1687 1605 1751 1636 τοὺς
1765 1603 1807 1630 θε-

1024 1652 1198 1688 ραπεύοντας,
1218 1653 1312 1688 μέχρις
1328 1650 1359 1680 οὗ
1375 1652 1439 1688 ἔλθῃ
1453 1653 1467 1678 6
1483 1651 1640 1687 ἀρχίατρος.
1651 1650 1808 1685 ὸδιαφέρων

1021 1697 1168 1734 προφητῶν
1194 1699 1345 1734 προφήτης,
1371 1699 1385 1725 6
1415 1697 1549 1732 διαφέρων
1576 1695 1675 1731 ἰατρῶν
1707 1695 1805 1730 ἰατρός.

1026 1744 1189 1780 Ἐληλυθὸτα
1214 1745 1308 1772 τοῦτον
1338 1745 1512 1781 προέδωκαν,
1547 1743 1594 1770 καὶ
1622 1743 1805 1772 ἀπέκτειναν,

1020 1788 1100 1824 AIps,
1114 1788 1189 1824 αἶρε,
1206 1790 1341 1826 λέγοντες,
1369 1791 1427 1818 ἀπὸ
1442 1790 1498 1824 τῆς
1515 1789 1572 1824 τῆς
1591 1789 1645 1815 τόν
1663 1789 1805 1816 τοιοῦτον·

1021 1837 1197 1870 σταύρωσον
1208 1837 1310 1864 αὐτόν.
1338 1836 1446 1868 Εὐθέως
1459 1834 1539 1872 ἦλθεν
1553 1835 1693 1870 ἐπισκοπὴ
1714 1834 1761 1861 ἐπὶ
1780 1833 1808 1859 τὺ

1021 1881 1106 1914 ἔθνος·
1124 1881 1260 1918 ήρημὼθη
1273 1883 1288 1909 6
1303 1882 1385 1914 τόπος
1399 1881 1465 1908 ἔνθα
1482 1881 1653 1917 ἐσταύρωταί
1668 1889 1720 1915 μου
1730 1881 1745 1906 6
1763 1880 1808 1914 Ἰη-

1021 1927 1093 1959 σοῦς.
1117 1927 1271 1960 Ἐξελέξατο
1291 1929 1306 1955 6
1331 1927 1398 1960 Θεὸς
1427 1927 1491 1954 ἄλλο
1521 1926 1605 1957 ἐθνος,
1625 1926 1655 1952 '0
1679 1925 1808 1961 θερισμὸς

1020 1974 1100 2010 ὁρᾶτε
1118 1973 1176 2006 πῶς
1202 1974 1285 2006 πολύς
1309 1975 1393 2006 ἐστιν,
1418 1974 1443 2000 εί
1464 1973 1511 2000 καὶ
1537 1973 1562 1999 ot
1579 1972 1696 2007 ἐργάται
1725 1971 1808 2005 ὀλίγοι

1020 2019 1082 2046 εἰσί.
1099 2020 1154 2047 Καὶ
1169 2019 1255 2052 ἄλλως
1280 2019 1309 2046 δέ
1332 2021 1469 2054 οἰκονομεῖ
1490 2020 1504 2045 6
1519 2018 1584 2050 Θεὸς
1597 2018 1647 2053 τὴν
1675 2018 1806 2052 σαγήνην,

1020 2064 1063 2090 ἀεὶ
1087 2063 1230 2099 βάλλεσθαι
1246 2065 1293 2091 ἐπὶ
1305 2063 1354 2100 τὴν
1365 2064 1501 2091 Θάλασσαν
1515 2063 1561 2090 τοῦ
1576 2063 1634 2098 βίου
1647 2062 1754 2089 τούτου·
1764 2062 1807 2088 καὶ

1021 2110 1179 2144 συνάγονται
1193 2110 1282 2146 ἰχθύες
1295 2109 1468 2137 παντοδαποί·
1478 2108 1636 2137 ἀποστέλλει
1650 2108 1716 2140 τοὺς
1727 2108 1808 2138 ἁλιεῖς

1021 2156 1083 2187 τοὺς
1101 2156 1222 2188 πολλοὺς,
1236 2156 1394 2183 ἀποστέλλει
1414 2156 1477 2188 τοὺς
1500 2155 1644 2191 θηρευτὰς
1667 2155 1733 2186 τοὺς
1744 2153 1806 2180 πολ-

1022 2199 1084 2232 λοὺς
1096 2200 1255 2236 θηρεύουσιν
1271 2201 1325 2227 ἀπὸ
1341 2200 1441 2232 παντὸς
1459 2200 1549 2236 ὅρους,
1577 2199 1741 2235 θηρεύουσιν
1756 2197 1807 2225 ἀπὸ

1023 2245 1122 2277 παντὸς
1134 2245 1239 2280 βουνοῦ.
1259 2247 1330 2281 Ὅρα
1359 2245 1429 2281 πόση
1444 2244 1582 2281 οἰκονομία
1599 2245 1664 2279 περὶ
1685 2244 1734 2279 τῆς
1757 2243 1807 2269 τῶν

1023 2290 1106 2317 ἐθνῶν
1119 2291 1176 2318 ἐστι
1193 2291 1338 2327 σωτηρίας.
1357 2291 1413 2318 ’1δέ
1433 2289 1480 2318 οὖν
1495 2290 1666 2326 χρηστότητα
1680 2290 1727 2316 καὶ
1744 2290 1807 2315 ἁπο-

1023 2336 1118 2372 τομίαν
1136 2336 1214 2363 Θεοῦ’
1230 2337 1276 2363 ἐπὶ
1293 2337 1341 2373 μὲν
1367 2337 1396 2364 τὸ
1413 2336 1544 2373 πρότερον
1570 2335 1646 2367 ἔθνος
1661 2336 1711 2362 καὶ.
1727 2334 1806 2361 πεσὸν

1022 2382 1168 2417 ἀποτομία,
1185 2383 1232 2409 ἐπὶ
1247 2382 1276 2408 δὲ
1298 2382 1329 2408 τὸ
1345 2381 1468 2417 δεύτερον
1483 2382 1557 2413 ἐθνος
1574 2380 1739 2415 ἐπαγγελίαι
1762 2379 1806 2405 καὶ

1022 2427 1183 2463 χρηστότης,
1200 2427 1247 2454 ἐὰν
1264 2427 1390 2463 ὲπιμείνῃ
1418 2429 1451 2462 τῇ
1468 2426 1642 2463 χρηστότητι,
1668 2426 1693 2451 εἰ
1707 2425 1737 2452 δὲ
1760 2424 1804 2459 μὴ.

1022 2474 1068 2500 καὶ
1083 2472 1149 2499 αὐτὸ
1165 2473 1358 2508 ὃκκοπήσεται.
1376 2473 1412 2499 Οὐ
1430 2473 1484 2507 γὰρ
1512 2474 1529 2508 ή
1547 2471 1624 2507 ἀξίνη
1639 2471 1701 2498 τότε
1729 2471 1805 2506 μόνον

1022 2520 1090 2556 πρὸς
1105 2519 1154 2554 τὴν
1171 2518 1248 2554 ῥίζαν
1263 2517 1317 2544 τῶν
1331 2517 1447 2554 δένδρων
1463 2517 1560 2544 ἔκειτο·
1587 2517 1682 2553 ἑτοίμη
1697 2518 1746 2544 καὶ
1761 2517 1806 2543 νῦν

1023 2567 1103 2595 πάλιν
1119 2566 1192 2593 ἐστὶν
1210 2565 1298 2592 ἐλθεῖν
1321 2566 1337 2600 ή
1359 2565 1447 2600 ἀξίνη·
1478 2565 1508 2592 Ἠ
1536 2564 1592 2600 γὰρ
1615 2564 1705 2597 ἀξίνη
1733 2563 1805 2598 πρὸς

1020 2611 1077 2645 τὴν
1088 2610 1173 2644 ῥίζαν
1197 2609 1264 2636 τῶν·
1273 2608 1403 2642 δένδρων
1417 2608 1519 2640 κεῖται,
1535 2608 1612 2642 ἔλεγε
1640 2608 1690 2643 μοῦ
1721 2609 1736 2634 6
1757 2608 1804 2641 Ἰη-

1022 2657 1097 2689 σοῦς,
1111 2655 1170 2682 τότε
1186 2655 1363 2691 προφητεύων
1373 2654 1436 2690 περὶ
1450 2655 1497 2682 τοῦ
1530 2654 1647 2690 Ἰσραήλ,
1663 2653 1730 2689 παρ’
1741 2653 1769 2680 ὃν
1789 2653 1804 2686 ή

1021 2703 1100 2739 ἀξίνη
1115 2700 1158 2738 ἦν.
1178 2701 1262 2733 Αὐτὸς
1288 2699 1322 2736 ἦν
1343 2701 1452 2736 ήὰξίνη
1476 2700 1522 2727 τοῦ
1540 2701 1663 2735 ἀκάρπου
1686 2699 1803 2734 δένδρον,

219 2773 240 2788 θ’
250 2772 328 2800 Joan.
344 2781 400 2806 xu,
415 2773 432 2800 θ
445 2777 472 2800 et
482 2771 524 2799 l5.
561 2772 585 2788 “
596 2771 693 2799 Ma'th.
711 2780 747 2805 Ix,
760 2772 804 2800 37.
842 2774 862 2788 ⁹¹
876 2772 957 2801 Matth

842 2774 862 2788 ⁹¹
876 2772 971 2802 Matth.
985 2781 1025 2807 ιιι,
1040 2771 1090 2805 10;
1120 2770 1186 2798 Luc.
1203 2778 1242 2803 Ill,
1257 2771 1284 2798 9.
1323 2771 1346 2786 θ’
1367 2770 1450 2798 Exod.
1466 2778 1509 2802 xv,
1530 2771 1572 2798 17.

221 2843 258 2876 (1)
273 2844 500 2878 Πεπνινυη-ψέιπιι.
521 2843 599 2872 Deest
627 2843 653 2871 in
669 2843 761 2872 codice
787 2842 928 2872 Vaticano.

1058 2842 1098 2877 (‘2)
1109 2841 1198 2870 Codex
1216 2840 1343 2873 Scorial.,
1357 2840 1442 2874 παρὰ.
