1869 3041
85 157 133 185 677

83 212 143 242 ὅταν
157 213 221 248 ἡμῖν
232 210 389 246 διαλέγηται
406 208 579 246 μετανοοῦσιν
591 209 605 236 ὀ
620 208 685 240 Θεὸς
702 209 786 242 λέγει’
805 211 862 235 Ms.
879 211 901 239 Α

86 258 183 286 τανοιῖν
202 257 249 284 καὶ
260 255 380 283 ἀπειλῶν
406 256 471 291 ἡμῖν
489 255 518 281 οὐ
532 255 718 290 προσποιεῖται
742 253 865 290 προγνώ-

87 312 146 339 στης
156 301 234 334 εἶναι,
251 301 309 328 ἀλλ’
323 301 361 332 ὼς
377 300 489 336 βρέφεσι
497 299 584 327 λαλῶν
601 299 715 326 ἀπειλεῖ·
733 299 762 325 οὺ
780 307 866 334 προσ-

87 351 206 380 ποιεῖται,
229 348 272 373 ὂτι
295 347 419 382 προέγνω
437 345 471 372 τὰ
492 346 580 371 πάντα
596 345 661 380 πρὶν
675 345 806 378 γενέσεως
822 344 866 370 αὐ-

89 396 147 428 τῶν,
174 394 230 421 ἀλλ’
245 393 298 425 ὡς,
323 392 355 419 ἶν’
369 391 453 423 οὕτως
477 390 619 426 ὀνομάσω,
656 390 866 427 ὑποκρινόμενος

87 442 114 468 τὸ
126 440 231 476 βρέφος,
248 439 438 474 προσποιεῖται
460 436 526 472 μηδὲ
554 437 652 463 εἰδέναι
673 436 706 462 τὰ
726 436 865 471 μέλλοντα.

89 486 137 513 Καὶ
146 484 250 513 ἀπειλεῖ
264 483 330 518 γοῦν
342 482 413 509 ἔθνει
424 482 467 509 διὰ
478 482 526 514 τὰς
541 481 676 518 ἁμαρτίας
696 481 778 507 αὑτοῦ
790 501 798 513 ,
821 481 868 507 καὶ

89 530 170 564 λέγει’
187 529 254 555 Ἐὰν
264 526 438 562 μετανοήσῃ
446 527 478 553 τὸ
487 527 581 559 ἔθνος,
592 526 672 561 κάγὼ
679 525 865 561 μετανοήσω.

91 575 119 600 Ὠ
133 574 196 600 Θεέί
214 571 270 608 ἆρα
283 572 327 599 ὅτε
338 571 469 607 ἠπείλεις,
484 571 534 598 οὐκ
554 571 626 607 ᾔδεις
651 571 764 607 πότερον
786 579 868 606 μετα-

91 620 172 654 νοήσει
186 618 215 645 τὸ
233 617 326 649 ἔθνος,
341 617 400 653 ἥού
416 617 575 652 μετανοήσει
589 624 596 649 ;
615 616 646 642 Τί
666 616 704 648 δὲ,
722 617 766 643 ὅτε
779 617 867 651 ὲπηγ-

90 664 179 698 γείλω,
200 663 250 690 οὐκ
271 663 346 698 ᾔδεις
360 663 473 697 πότερον
488 661 562 696 μένει
583 661 657 694 ἄξιος
673 661 727 687 τῶν
751 662 869 696 ἐπαγγε-

91 710 149 736 λιῶν
165 711 178 736 ὁ
197 709 341 744 ἄνθρωπος
354 707 370 743 ἢ
386 708 416 733 τὸ
430 707 505 739 ἔθνος
524 707 592 743 πρὸς
605 707 634 733 ὃν
653 708 668 733 ὁ
687 707 763 741 λόγος
775 727 782 739 ,
804 707 820 742 ἦ
837 707 868 734 οὐ

93 756 178 791 μένει;
201 754 280 780 Ἀλλὰ
294 754 490 789 προσποιεῖται.
514 753 569 779 Καὶ
590 752 700 779 τοιαῦτα
718 752 801 779 πολλὰ
823 752 868 779 εὓ-

93 809 142 836 ροις
155 798 315 835 ἀιῦρωπικὰ
328 800 357 825 ὲν
369 799 402 833 τῇ
416 798 522 834 Γραφῇ,
538 799 576 830 ὡς
587 798 633 824 καὶ
659 797 689 824 τό
699 806 705 813 ’
727 797 870 832 Λάιὶησον

92 845 146 877 τοῖς
160 844 233 877 υίοῖς
252 843 372 878 Ἰσραήλ
383 853 390 859 ·
411 844 484 877 ἴσως
504 844 684 871 ἀκούσονται
695 863 703 876 ,
721 844 767 870 καὶ
781 852 869 878 μετα-

92 888 240 922 νοήσουσι.
268 887 355 915 Τοῦτο
382 889 431 924 οὐχ
452 888 467 914 ὁ
485 889 551 920 Θεὸς
577 888 684 924 εἴρηκε,
712 889 757 915 τό·
787 889 871 921 Ἴσως

92 934 262 961 ἀκούσονται
275 942 281 948 ·
308 933 338 963 οὐ
353 933 406 969 γὰρ
420 932 540 965 διστάζει
555 933 569 959 ὁ
586 933 652 964 Θεὸς
673 933 716 960 ἵνα
738 932 805 968 λέγῃ
824 933 869 959 τό·

94 980 170 1012 Ἴσως
183 979 376 1011 ἀκούσονται,
392 978 440 1005 καὶ
450 977 688 1013 μετανοήσουσι-
700 978 757 1005 ἀλλ’
769 979 812 1005 ἵνα
826 979 872 1005 ἐπὶ

93 1024 153 1051 πολὺ
168 1026 276 1060 ὲμφανῇ
297 1033 343 1051 σου
358 1024 387 1050 τὸ
408 1024 591 1058 αὐτεξούσιον,
607 1025 653 1051 καὶ
669 1024 706 1060 μὴ
723 1025 819 1059 εἴπῃς·
841 1025 872 1051 Εἰ

93 1070 208 1105 προέγνω
220 1079 254 1106 με
264 1069 461 1104 ἀπολλύμενον,
477 1068 625 1096 ἀπολέσθαι
636 1077 668 1104 με
684 1069 738 1095 δεῖ·
757 1070 781 1095 εἰ
793 1068 873 1101 προέ-

92 1123 141 1148 γνω
154 1124 186 1150 με
211 1115 399 1150 σωοησόμενον
410 1134 417 1147 ,
441 1113 609 1150 σωθήσεσθαι
627 1114 736 1146 πάντως
759 1122 792 1149 με
807 1114 870 1149 χρή.

93 1159 125 1186 Uti
138 1161 323 1195 προσποιεῖται
346 1157 391 1186 οὖν
413 1159 443 1186 τὸ
458 1159 521 1194 περὶ
536 1158 583 1185 τοῦ
602 1159 648 1186 ἐπὶ
671 1159 712 1185 σοὶ
734 1159 873 1193 μέλλοντος

93 1204 191 1238 εἰδέναι,
209 1205 252 1231 ἵνα
262 1206 370 1241 τηρήσῃ
385 1213 432 1231 σου
443 1204 474 1230 τὸ
489 1204 717 1240 αὑτεξούσιον,τῷ
729 1205 765 1240 μὴ
782 1213 874 1240 προει-

93 1248 206 1283 ληφέναι,
222 1250 290 1284 μηδὲ
307 1249 509 1285 προεγνωκέναι
522 1249 634 1285 πότερον
651 1251 824 1286 μετανοήσεις
836 1270 843 1282 ,
856 1250 873 1287 ἢ

94 1293 138 1328 μή.
149 1293 202 1319 Καὶ
213 1294 289 1327 λέγει
299 1293 366 1329 πρὸς
380 1293 426 1320 τὸν
443 1293 585 1329 προφήτην
595 1301 601 1307 ·
617 1292 761 1327 Λάλησον
770 1313 777 1325 ,
802 1293 874 1325 ἴσως

91 1338 308 1372 μετανοήσωσιι
334 1338 445 1366 τοιαῦτα
467 1338 520 1374 γὰρ
546 1338 614 1365 ἄλλα
642 1338 726 1374 μυρία
748 1339 874 1374 εὑρήσεις

94 1382 215 1418 λεγόμενα
229 1384 295 1419 περὶ
306 1383 353 1410 τοῦ
369 1384 436 1410 θεοῦ
453 1383 686 1420 τροποφοροῦντος
708 1384 753 1410 τὸν
775 1383 875 1419 ἄνθρω-

94 1437 148 1455 πον.
170 1429 231 1456 Ἐὰν
246 1429 368 1465 ἀκούσῃς
384 1429 468 1465 θυμὸν
483 1429 550 1456 Θεοῦ
563 1429 610 1457 καὶ
623 1430 706 1465 ὀργὴν
723 1428 815 1461 αὑτοῦ,
837 1428 875 1464 μὴ

95 1473 179 1508 νόμιζε
200 1475 249 1511 τήν
275 1475 361 1511 ὀργὴν
384 1475 430 1502 καὶ
448 1475 493 1502 τὸν
515 1475 598 1510 θυμὸν
616 1474 688 1510 πάθη
705 1472 774 1501 εἶναι
796 1474 873 1501 Θεοῦ.

96 1518 240 1554 Οἰκονομίαι
258 1521 383 1556 χρήσεως
392 1519 491 1553 λέξεών
503 1520 555 1547 εἱσι
573 1520 640 1556 πρὸς
653 1520 684 1546 τὸ
695 1519 794 1556 βρέφος
815 1521 875 1547 ἐπι-

97 1564 202 1599 στρέψαι
217 1567 265 1593 καὶ
281 1565 474 1601 βελτιωθῆναι·
492 1566 553 1592 ἐπεὶ
569 1566 616 1592 καὶ
630 1566 710 1600 ἡμεῖς
736 1567 792 1597 τοῖς
814 1574 876 1592 παι-

94 1608 153 1641 δίοις
174 1611 319 1646 πρόσωπον
341 1611 471 1647 ποιοῦμεν
489 1611 538 1638 οὺχ
566 1606 620 1637 ἀπὸ
633 1610 787 1643 διαθέσεως,
809 1610 877 1638 ἀλλὰ

97 1655 150 1682 κατ’
165 1657 332 1692 οίκονομίαν,
347 1656 469 1693 φοϐερόν.
492 1657 555 1683 Ἐὰν
570 1657 733 1692 τηρήσωμεν
749 1657 779 1683 τὸ
799 1657 878 1683 ἵλεων

97 1700 140 1735 τῆς
152 1701 237 1737 ψυχῆς
263 1702 334 1737 πρὸς
357 1702 386 1729 τὸ
410 1702 509 1738 βρέφος
524 1703 552 1729 ὲν
570 1702 610 1738 τῷ
634 1702 772 1738 προσώπῳ
787 1702 877 1738 ἡμῶν,

99 1746 139 1771 καὶ
147 1746 193 1782 τὴν
203 1747 392 1783 φιλοστοργίαν
402 1749 433 1784 ἢν
445 1748 541 1784 ἔχομεν
550 1748 617 1784 πρὸς
625 1748 690 1775 αὐτὸ
699 1749 878 1784 ἑμφαίνομεν.

890 1544 910 1571 C

642 152 674 179 IN
693 151 864 180 JEIIEMIAM
885 150 1026 178 IIOMILIA
1046 150 1137 178 XVIII.

1647 152 1700 179 478

917 207 1010 238 boris,
1041 205 1181 233 nesciebas
1211 210 1302 233 ulrunt
1331 214 1398 241 gens
1430 207 1479 234 ista
1513 208 1698 242 pmnitentiam

916 257 1010 279 actura
1021 256 1103 284 esset,
1116 251 1222 278 necne?
1234 250 1302 284 Quid
1321 259 1413 286 porro,
1433 254 1542 287 quando
1555 255 1700 288 polliceba-

917 298 955 326 ris
968 316 976 330 ,
999 297 1140 324 nesciebas
1156 302 1248 324 utrum
1269 298 1411 332 promissis
1431 298 1530 333 digitus
1552 299 1644 331 homo,
1659 301 1701 327 vel

918 351 983 378 gens
998 343 1042 370 illa
1056 343 1088 370 ad
1103 351 1184 378 quam
1198 351 1352 372 sermonem
1364 344 1508 380 dirigebas,
1520 350 1700 379 permaneret.

918 395 1002 414 necne
1014 388 1025 414 ?
1040 387 1092 414 Sed
1110 388 1192 414 alium
1205 396 1235 415 se
1248 389 1369 419 simulat,
1379 393 1406 415 et
1422 389 1575 416 istiusmodi
1585 390 1701 423 plurim:

918 433 1038 461 Itumano
1061 441 1137 460 more
1159 434 1229 462 dicta
1253 434 1279 461 in
1300 433 1448 468 Scripturis
1472 435 1605 469 reperies,
1622 435 1702 469 quale

917 483 958 506 est
975 483 1001 506 et
1016 479 1082 506 illud
1093 479 1103 494 ¹⁵
1114 487 1120 505 :
1136 478 1250 514 Loquere
1261 479 1326 514 [iliis
1336 478 1439 506 Israel:
1452 481 1573 514 fortassis
1582 481 1701 512 audient,

917 528 941 551 et
957 524 1136 558 paenitentiam
1153 529 1240 559 agent.
1268 524 1340 552 Istud
1363 525 1484 559 fortassis
1499 525 1622 558 audient,
1648 534 1702 553 non

918 576 972 603 qua
988 568 1058 596 Deus
1072 573 1124 602 est,
1141 569 1228 602 dixit;
1245 576 1333 603 neque
1347 569 1419 596 enim
1435 570 1507 604 quod
1523 570 1644 597 incertus
1655 570 1702 602 sit,

918 613 1000 641 dixit:
1019 613 1155 641 Fortassis
1177 615 1282 641 audient
1299 619 1323 641 et
1337 614 1514 648 pamitentiam
1539 619 1633 649 agent;
1656 614 1703 642 sed

919 663 949 686 ut
966 659 1112 686 admodum
1124 660 1277 687 innotescat
1292 665 1368 687 tuum
1381 660 1494 687 liberum
1509 659 1662 691 arbitrium,
1678 663 1705 685 et

920 710 953 730 ne
962 703 1052 730 dicas:
1067 703 1096 730 Si
1120 711 1162 730 me
1182 703 1330 738 periturum
1349 703 1489 738 praenorit,
1506 703 1617 730 omnino
1634 703 1706 737 peri-

920 752 999 776 turus
1014 755 1086 782 sum;
1100 749 1123 776 si
1134 749 1265 784 praenovit
1276 756 1318 775 me
1330 749 1463 775 salvatum
1478 749 1522 782 iri,
1535 749 1628 776 salvus
1646 756 1706 775 om-

919 796 985 823 nino
1000 795 1109 822 futurus
1124 803 1196 822 sum.
1215 794 1272 822 Non
1288 803 1352 830 ergo
1367 802 1422 829 prae
1439 802 1467 822 se
1484 794 1535 821 fert
1547 802 1576 821 se
1594 795 1659 828 quid
1672 794 1707 820 de

922 846 947 868 te
966 841 1087 868 futurum
1100 841 1135 868 sit
1147 840 1228 873 scire,
1242 846 1270 867 ut
1283 840 1397 868 liberum
1410 844 1484 867 tuum
1501 840 1643 867 arbitrium
1663 840 1707 866 itt-

923 891 1027 921 tegrum
1040 890 1139 917 servet,
1157 893 1210 912 non
1223 884 1310 920 posita
1324 884 1490 919 pramotione
1502 889 1529 911 et
1539 884 1706 919 praescientia

923 940 958 972 an
967 930 1155 966 paenitentiam
1165 936 1278 958 acturus
1292 931 1341 963 sis,
1356 938 1451 958 necne.
1459 930 1489 957 Et
1502 930 1540 958 ait
1551 930 1583 957 ad
1593 930 1709 964 prophe-

922 983 976 1005 tam
993 987 1000 1004 :
1018 977 1142 1012 Loquere,
1162 978 1284 1012 fortassis
1304 978 1483 1012 paenitentiam
1504 982 1590 1012 agent.
1614 976 1710 1004 Istius-

922 1023 994 1050 modi
1007 1023 1078 1050 enim
1093 1024 1145 1050 alia
1160 1029 1287 1051 sexcenta
1305 1024 1424 1058 reperies
1436 1024 1469 1050 de
1490 1023 1544 1050 Deo
1569 1023 1640 1050 dicta
1659 1022 1710 1049 ltu-

923 1077 1004 1096 ntano
1019 1077 1094 1096 more
1108 1074 1214 1103 agente.
1232 1070 1260 1096 Si
1276 1069 1345 1096 iram
1366 1068 1423 1101 Dei,
1439 1069 1461 1096 si
1478 1068 1597 1096 furorem
1616 1059 1710 1095 audie-

923 1113 971 1145 ris,
981 1113 1034 1140 noli
1047 1118 1142 1148 putare
1154 1113 1220 1140 iram
1235 1112 1409 1148 furoremque
1417 1121 1478 1140 csse
1487 1113 1533 1139 Dei
1543 1112 1710 1140 aﬂectiones.

922 1158 1096 1186 (Economize
1115 1166 1199 1186 causa
1218 1159 1352 1193 ejusmodi
1383 1166 1463 1186 \occs
1483 1163 1651 1192 uSurpantur
1676 1158 1709 1184 ad

924 1203 1054 1230 infantem
1075 1204 1288 1230 eonvertendnm
1310 1208 1338 1230 et
1359 1203 1569 1230 emendandum.
1591 1201 1659 1229 Nam
1684 1207 1712 1229 et

925 1255 975 1275 nos
989 1248 1080 1283 pueris
1094 1249 1193 1276 iratum
1207 1249 1309 1276 vultum
1324 1249 1505 1281 ostendimus,
1515 1256 1568 1275 non
1578 1256 1611 1275 ex
1626 1247 1710 1274 animi

924 1294 1033 1326 affectu,
1055 1295 1101 1322 sed
1118 1295 1242 1330 prudenti
1266 1295 1383 1323 ratione.
1404 1295 1432 1322 Si
1446 1294 1530 1322 animi
1551 1293 1712 1321 benevolen-

926 1341 991 1367 tiam
1015 1347 1078 1374 erga
1101 1339 1232 1366 infantem
1244 1347 1299 1374 pra:
1315 1340 1390 1367 vultu
1407 1344 1499 1366 nostro
1512 1338 1665 1368 tulerimus,
1684 1341 1712 1364 et

925 1393 986 1413 eum
1001 1395 1056 1421 quo
1071 1386 1146 1413 illum
1159 1386 1350 1420 amplectimur
1361 1393 1480 1412 amorem
1497 1383 1709 1414 ostenderimus,

925 1437 1014 1465 neque
1033 1438 1083 1458 nos
1097 1430 1282 1462 innnutantes,
1296 1437 1383 1464 neque
1400 1428 1601 1464 quodammodo
1623 1432 1711 1455 trans—

926 1475 1076 1502 formantes
1092 1480 1121 1502 ut
1135 1475 1210 1501 illum
1223 1475 1412 1506 emendemns,
1427 1474 1577 1509 perdimus,
1593 1471 1712 1500 deterio-

927 1529 1038 1556 remque
1052 1521 1127 1547 illum
1139 1520 1280 1548 efﬁcimus.
1293 1520 1338 1547 Sic
1354 1519 1437 1554 igitur
1451 1519 1521 1546 Deus
1533 1524 1559 1546 et
1576 1517 1657 1545 irasci
1670 1516 1712 1544 di-

927 1566 998 1594 citur
1012 1585 1020 1597 ,
1036 1570 1063 1592 et
1089 1564 1181 1592 furore
1207 1565 1306 1599 corripi
1323 1572 1352 1592 se
1368 1565 1416 1596 ait,
1439 1567 1468 1590 ut
1493 1562 1662 1591 converteris
1686 1565 1714 1587 et

929 1610 1090 1639 emenderis.
1108 1610 1212 1638 Revera
1227 1618 1280 1637 non
1297 1610 1435 1641 nascitur,
1454 1616 1542 1643 neque
1553 1607 1645 1634 furore
1656 1607 1714 1640 agi-

930 1660 1013 1688 tatur,
1030 1656 1076 1683 sed
1095 1660 1122 1682 tu
1139 1656 1250 1690 patieris
1265 1663 1297 1682 ea
1318 1662 1380 1689 qua;
1398 1658 1462 1681 sunt
1490 1654 1535 1680 ira:
1551 1657 1578 1679 el.
1601 1652 1713 1682 furoris,

930 1702 1123 1730 acerbissimos
1135 1702 1169 1729 ob
1184 1706 1257 1729 luant
1274 1702 1405 1729 malitiam
1422 1701 1529 1728 dolores
1539 1698 1713 1729 sustinendo.

932 1756 994 1776 cum
1007 1748 1051 1775 illa
1065 1756 1125 1782 quae
1141 1749 1181 1775 ira
1194 1748 1239 1774 Dei
1255 1753 1368 1775 vocatur
1382 1752 1406 1775 te
1418 1746 1590 1781 corripuerit.

100 1791 132 1826 μὴ
144 1791 351 1829 διαστρέψαντες
375 1794 495 1826 ἑαυτοὺς,
518 1794 585 1829 μηδὲ
601 1794 680 1820 οἱονεὶ
697 1795 891 1828 μεταϐαλόντες
911 1794 978 1829 πρὸς
1012 1794 1059 1829 τὴν
1077 1793 1180 1820 ἐκείνου
1203 1794 1385 1831 ἐπιστροφὴν,
1407 1793 1559 1827 ἀπόλλυμεν
1575 1791 1651 1824 αὐτὸ,
1669 1790 1720 1817 καὶ

98 1839 179 1873 χεῖρον
200 1839 341 1874 ποιοῦμεν.
356 1838 447 1871 Οὕτως
465 1836 511 1866 οὖν
531 1840 545 1865 ὁ
558 1839 623 1871 Θεὸς
650 1840 696 1866 καὶ
716 1839 873 1875 ὀργίζεσθαι
903 1839 1021 1873 λέγεται,
1044 1839 1091 1866 καὶ
1114 1838 1262 1874 θυμοῦσθαί
1289 1847 1381 1873 φησιν,
1409 1838 1451 1864 ἵνα
1467 1837 1648 1873 ammte“,
1668 1837 1715 1864 καὶ

100 1883 246 1920 βελτιωοῇς.
266 1884 322 1911 Καὶ
338 1884 445 1919 ἀληθῶς
460 1884 510 1911 οὐκ
533 1884 671 1920 ὀργίζεται
700 1885 759 1920 μὲν,
783 1884 842 1911 οὐδὲ
870 1884 1016 1920 θυμοῦται·
1033 1884 1065 1910 σὺ
1082 1883 1110 1910 δὲ
1135 1883 1215 1918 πείσῃ
1232 1883 1266 1909 τὰ
1287 1883 1335 1917 τῆς
1349 1882 1432 1918 ὀργῆς
1458 1882 1504 1908 καὶ
1518 1882 1552 1908 τὰ
1560 1882 1605 1908 τοῦ
1616 1880 1716 1917 θυμοῦ,

99 1930 232 1965 γενόμενος
248 1931 278 1958 ὲν
295 1929 521 1967 δυσυπομονήτοις
539 1930 584 1957 διὰ
603 1930 651 1966 τὴν
666 1930 766 1957 κακίαν
787 1930 965 1965 πόνοις,ὲπὲιν
983 1930 1096 1966 παιδεύη
1112 1932 1145 1966 τῇ
1160 1929 1292 1964 λεγομένῃ
1308 1929 1376 1964 ὀργῇ
1393 1927 1439 1954 τοῦ
1453 1926 1530 1953 Θεοῦ.

136 1975 210 2010 Ἑξῆς
237 1975 308 2011 μετὰ
332 1975 376 2002 τὸν
398 1977 462 2012 περὶ⁴
483 1976 537 2002 τῶν
549 1975 596 2003 δύο
611 1975 695 2003 ὲθνῶν
721 1976 816 2010 λόγον,
830 1975 877 2002 τοῦ

101 2021 224 2056 προτέρου
235 2041 243 2054 ,
261 2018 284 2055 ᾧ
303 2021 399 2057 ἀπειλὴ
421 2021 537 2054 δίδοται,
552 2021 657 2048 καὶτοῦ
678 2021 814 2056 δευτέρου,
826 2018 847 2055 ᾧ
862 2022 879 2056 ἡ

100 2066 240 2101 ἐπαγγελία
253 2067 366 2099 δίδοται,
381 2067 476 2101 φησίν·
496 2065 556 2093 εἶπε
575 2066 695 2103 δηλονότι
713 2068 770 2097 τοῖς
782 2066 880 2102 προτέ-

103 2119 168 2146 ρως’
180 2113 232 2140 Καὶ
248 2113 308 2140 νῦν
324 2113 410 2139 εἰπὸν
423 2111 498 2146 πρὸς
517 2112 629 2146 ἄνδρας
644 2112 681 2148 (1)
709 2111 811 2145 Ἰούδα,
830 2112 879 2138 καί

101 2157 169 2191 πρὸς
180 2158 250 2192 τοὺς
264 2158 478 2191 κατοικοῦντας
500 2158 707 2192 Ἰερουσαλήμ·
725 2158 824 2190 οὕτως
831 2157 880 2184 λέ-

103 2211 141 2236 γει
159 2204 280 2237 Κύριος·
307 2203 379 2230 Ἰδοὺ
393 2203 450 2238 ἐγὼ
472 2204 602 2231 πλάσσω
627 2203 672 2238 ἐφ’
693 2203 771 2238 ὑμᾶς
793 2202 879 2230 κακά.
897 2221 918 2248 D

103 2247 157 2274 Ὅτι
170 2249 197 2275 ὲν
207 2251 240 2285 τῇ
256 2249 329 2285 χειρί
343 2258 392 2285 μου
408 2248 496 2276 ταῦτά
507 2251 580 2276 ἐστιν
589 2249 736 2279 διπλάσσω,
749 2249 792 2282 ἐφ’
807 2249 879 2284 ὑμᾶς

102 2293 204 2321 δύναται
217 2295 368 2323 διαπεσεῖν.
381 2295 515 2331 Ποιήσατε
529 2295 615 2323 ταῦτα
626 2295 822 2324 διαπεσεῖνὰπὸ
830 2295 880 2330 τῆς

103 2340 184 2374 χειρός
200 2349 262 2375 μου,
279 2340 323 2367 ἵνα
338 2339 355 2367 a
368 2340 479 2367 πλάσσω
496 2341 538 2375 ἐφ’
555 2341 626 2376 ὑμᾶς
638 2340 711 2367 κακὰ
726 2339 879 2375 μεταὸἁλω,

104 2384 145 2410 καὶ
165 2387 270 2421 ποιήσω
287 2385 386 2419 ἀγαθά.
410 2387 466 2413 Οὐκ
490 2386 522 2413 ἂν
538 2386 646 2422 εὕροις,
668 2385 739 2412 Ἰδοὺ
753 2384 881 2412 πλάσσω

104 2429 145 2463 ἐφ’
156 2430 230 2464 ὑμᾶς
245 2430 352 2466 ἀγαθὰ,
370 2431 415 2458 καὶ
427 2430 463 2458 τὰ
477 2431 607 2465 ἀνάλογον
624 2431 712 2458 αὐτῶν
726 2429 881 2466 λεγομένοις

105 2475 170 2510 ἑξῆς,
182 2477 225 2503 ἵνα
243 2476 314 2512 μετὰ
327 2476 406 2503 τοῦτο
419 2477 549 2512 ὲμφαίνῃ,
562 2477 602 2504 ὃτι
618 2476 636 2503 ἃ
657 2476 770 2504 πλάσσει
792 2475 882 2510 ἀγαθὰ

104 2520 207 2548 ἀπολύει
229 2522 284 2548 ἀπὸ
308 2521 362 2548 τῶν
381 2522 490 2558 χειρῶν,
515 2522 559 2548 ἴνα
585 2522 685 2558 ποιήσῃ
705 2521 774 2549 αὐτὰ
797 2521 879 2548 κακά.

110 2564 182 2593 ama
196 2567 310 2593 πλάσσει
325 2567 397 2594 κακὰ
411 2567 480 2594 κατὰ
490 2567 521 2593 τὸ
536 2567 677 2603 εἰρημένον
696 2567 880 2602 παράδειγμα,

105 2610 148 2638 καὶ
164 2611 290 2639 πλάσσων
313 2613 385 2640 κακὰ
403 2613 539 2648 οἰκονομεῖ
557 2613 641 2648 χωρὶς
667 2613 716 2648 τῆς
738 2613 882 2648 ἑρμηνείας

105 2655 149 2690 τῆς
163 2657 359 2694 ἀποδεδομένης
371 2659 412 2690 είς
425 2659 471 2685 τό·
486 2659 613 2685 Ἔπεσεν
630 2658 687 2685 ἀπὸ
703 2658 761 2684 τῶν
777 2658 883 2692 χειρῶν

105 2708 167 2734 μου,
180 2702 223 2730 ῐνα
236 2703 282 2731 ἐὰν
298 2704 380 2740 πέσῃ,
401 2703 449 2730 καὶ
471 2703 501 2730 τὸ
517 2704 593 2735 τέλος
616 2703 669 2730 τῶν
690 2703 882 2739 πλασσομένων

107 2748 191 2775 κακῶν
200 2750 249 2776 οὐκ
263 2749 322 2777 οἶδα
335 2750 453 2777 ποταπὸν
465 2750 586 2785 γένηται.

138 2802 252 2833 'Jercm.
270 2814 344 2837 xxvr,
365 2806 392 2832 5.
430 2806 440 2821 ⁶
455 2805 553 2832 Jcrcm.
572 2814 647 2838 xvttt,
670 2806 710 2832 Il.

142 2859 176 2894 (I)
197 2860 286 2890 Codex
305 2861 438 2891 Vatican.,
454 2861 545 2896 ἄνδρα.

969 1976 993 2003 7.
1015 1976 1116 2004 Deinde
1143 1980 1203 2010 post
1222 1981 1375 2002 sermonem
1396 1973 1429 2001 de
1453 1973 1560 1999 duabus
1579 1972 1715 2007 gentibus.

933 2021 1024 2056 priore
1049 2020 1093 2047 cui
1120 2021 1219 2052 mima,
1249 2020 1333 2046 altera
1354 2018 1398 2045 cui
1422 2017 1618 2052 promissiones
1639 2017 1716 2044 factm

933 2072 1006 2099 sunt,
1027 2065 1158 2101 aitpriori
1179 2066 1309 2092 nitttirum
1325 2065 1355 2090 σε
1387 2063 1421 2090 Ει
1443 2071 1512 2091 nunc
1524 2063 1566 2090 dic
1590 2063 1624 2090 ad
1646 2063 1715 2090 τίνοι

932 2113 1014 2145 Juda,
1025 2119 1048 2140 et
1065 2113 1099 2139 ad
1120 2112 1282 2138 habitatores
1298 2110 1458 2141 Jerusalem,
1472 2110 1526 2136 Itwc
1545 2109 1609 2136 dicit
1621 2108 1715 2135 Domi-

933 2167 1004 2186 nus:
1022 2158 1088 2185 Ecce
1107 2166 1152 2193 ego
1169 2158 1238 2193 ﬁngo
1258 2164 1336 2191 super
1360 2164 1403 2183 vos
1426 2155 1506 2182 mala.
1530 2154 1664 2188 Quoniam
1687 2154 1716 2181 in

934 2213 1016 2232 manu
1031 2212 1089 2231 mea
1103 2209 1166 2231 sunt
1178 2204 1236 2231 haec
1259 2211 1319 2238 quia
1332 2202 1415 2238 ﬁngo,
1436 2210 1517 2236 super
1534 2208 1581 2228 vos
1602 2205 1717 2236 possunt

933 2250 1039 2278 cadere.
1052 2249 1118 2277 Date
1133 2257 1243 2284 operam
1259 2253 1287 2276 ut
1309 2256 1325 2276 e
1340 2256 1423 2275 manu
1438 2255 1497 2275 mea
1520 2246 1664 2278 excidant,
1688 2250 1716 2272 ut

933 2304 964 2324 ea
979 2305 1039 2331 qua:
1052 2298 1124 2330 ﬁngo
1136 2303 1216 2330 super
1227 2303 1276 2322 vos
1288 2295 1359 2322 mala
1373 2299 1474 2322 mutem
1486 2297 1513 2320 et
1525 2293 1621 2320 faciam
1634 2293 1716 2319 bona.

934 2341 1010 2369 IIaud
1023 2342 1154 2373 invenies,
1166 2341 1233 2368 Ecce
1245 2341 1315 2376 ﬁngo
1326 2349 1403 2374 super
1417 2348 1460 2366 vos
1471 2338 1550 2370 bona,
1562 2343 1589 2365 et
1602 2345 1663 2371 qua:
1675 2337 1718 2363 bis

934 2392 1114 2415 consentanea
1134 2387 1246 2414 dicenda
1273 2386 1354 2421 250
1370 2386 1469 2417 forent,
1494 2389 1523 2412 ut
1544 2383 1717 2419 postmodum

934 2433 1060 2461 Ostendat
1071 2440 1100 2460 se
1114 2440 1175 2467 quze
1189 2433 1265 2468 ﬁngit
1277 2433 1349 2460 bona
1360 2431 1496 2459 dimittere
1510 2438 1525 2458 c
1537 2430 1672 2461 manibus,
1687 2425 1717 2456 ut

934 2479 1017 2507 faciat
1041 2479 1099 2514 ipsa
1124 2478 1212 2512 mala;
1228 2478 1275 2505 sed
1299 2477 1377 2512 ﬁngit
1400 2477 1472 2504 mala
1489 2477 1567 2511 juxta
1588 2475 1716 2502 traditum

934 2525 1099 2560 exemplum,
1117 2528 1143 2552 et
1163 2524 1234 2551 mala
1249 2524 1354 2559 ﬁngens
1373 2522 1426 2549 al-io
1439 2523 1549 2556 insuper
1566 2521 1646 2548 modo
1657 2519 1713 2546 dis-

935 2576 1040 2608 pensat,
1061 2579 1142 2606 quam
1165 2579 1219 2605 quo
1242 2570 1423 2605 explicuimus
1445 2568 1508 2596 illud
1526 2575 1532 2593 :
1563 2566 1663 2594 Cecidit
1684 2566 1717 2593 de

935 2619 1057 2646 manibus
1072 2618 1148 2650 meis,
1163 2622 1191 2644 ut
1204 2625 1266 2644 cum
1280 2615 1417 2647 ceciderit,
1425 2615 1506 2642 etiam
1521 2614 1644 2641 ﬁctorum
1660 2621 1719 2640 tnu-

937 2665 1024 2692 lorum
1044 2663 1105 2692 linis
1118 2663 1211 2692 nescio
1221 2662 1311 2697 qualis
1324 2661 1460 2690 adveniat.
