1872 3048
157 114 209 142 503

901 109 1063 140 ORIGENIS

1734 109 1784 137 ὕοι

157 172 230 200 ltitia
244 177 291 203 aut
305 180 338 200 ex
355 171 519 200 necessitate
534 171 638 207 agenda
655 171 734 198 nobis
756 170 896 205 imperatq

1046 177 1079 203 ην
1094 168 1220 204 δίδωμεν,
1236 166 1282 195 καὶ
1297 167 1326 201 ἐξ
1339 166 1462 203 ἀνάγκης
1479 165 1672 202 σωφρονῶμεν,
1685 165 1742 192 ἀλλ’
1755 166 1785 192 οὐ

156 217 282 251 facimus;
298 224 326 246 ut
340 219 525 247 voluntarium
551 220 585 248 sit
610 219 682 254 quod
705 218 743 246 ﬁt.
759 218 835 245 Viam
851 217 944 253 igitur,

157 268 187 291 ιιι
200 265 236 292 ita
254 264 353 298 dicam,
371 265 467 299 quzcrit
486 273 539 300 qua
555 264 705 292 voluntarie
726 264 859 291 faciamus
883 271 945 298 qua

156 311 224 338 vult.
239 310 359 338 Addebat
372 311 429 338 btec
443 311 551 338 traditio
567 311 705 346 quidpiam
721 309 855 344 ejusmodi
869 317 875 335 :
898 317 945 336 vo-

157 356 229 383 lebat
240 355 386 384 Jcremiant
400 357 508 384 mittere
519 359 549 383 ut
561 356 688 383 omnibus
700 347 836 390 gentibus,
845 358 870 381 et
883 358 945 381 ante

156 409 251 429 omnes
267 406 362 437 gentes
377 402 476 437 populo
492 409 541 429 suo
556 402 737 436 prophetaret.
752 400 785 427 At
802 407 863 428 eum
880 399 947 426 vati-

156 447 226 474 cinia
249 448 327 475 triste
341 448 468 483 quiddam
485 447 568 482 264
581 447 607 473 in
624 454 653 474 se
668 446 800 474 haberent
814 445 823 481 (
837 445 945 472 nuntia-

157 492 221 519 bant
234 493 335 528 quippe
356 493 487 528 supplicia
504 500 564 528 qua:
578 493 694 528 quisque
712 500 762 527 pro
786 491 883 519 merito
898 499 945 518 su-

155 538 287 574 stinebit)
313 539 448 573 sciretque
471 539 610 573 propheta:
636 539 806 574 propositutn
825 538 944 566 nolentis

156 584 226 611 mala
246 585 372 612 nuntiare
393 585 543 611 Israelitico
565 585 802 620 populo;idcirco
819 593 866 620 per
885 585 943 612 dis-

155 630 339 664 pensationem
356 630 455 657 dixit“
470 640 476 657 :
495 629 574 657 Sume
589 631 697 658 calicem
708 631 787 664 hunc,
802 636 826 658 et
840 632 944 666 potabis

154 683 240 702 omnes
254 680 341 710 gentes
358 677 393 702 ad
404 685 470 712 quas
483 686 530 713 ego
546 678 651 704 mittam
670 682 703 704 te.
718 677 849 712 Praecepit.
865 678 944 712 igitur

154 720 224 748 Deus
237 720 360 749 Jeremiee
375 726 403 749 ut
417 723 528 751 calicem
546 728 678 757 sumeret,
687 731 804 758 cumque
818 723 942 749 hortare-

153 771 198 793 tur
220 774 284 794 eum
302 771 332 794 ut
352 768 466 796 calicem
489 770 546 796 vini
564 770 625 804 puri
640 769 786 804 acciperet,
802 769 871 796 dixit
887 778 893 797 :
912 769 945 797 Et

114 815 123 851 ξ
152 813 258 841 mittam
282 819 308 841 te
330 815 363 841 ad
381 822 477 842 omnes
501 820 605 850 gentes,
629 815 773 842 habentem
793 815 865 842 hunc
882 815 945 843 cali-

997 214 1156 250 βεὸούληται
1165 222 1171 228 ·
1185 213 1226 240 διὸ
1248 213 1285 250 μὴ
1299 213 1330 240 ὲκ
1342 213 1430 249 λύπης
1442 213 1458 249 ἢ
1473 213 1501 247 ἐξ
1514 213 1636 249 ἀνάγκης
1651 212 1787 248 προστάσ-

997 269 1037 287 σει
1054 261 1118 296 ἡμῖν
1132 263 1218 286 ποιεῖν
1233 261 1251 288 ἃ
1262 259 1401 296 ποιοῦμεν,
1419 260 1462 286 ἵνα
1481 259 1602 286 ἑκούσιον
1661 259 1693 285 τὸ
1713 259 1787 292 γινό-

998 314 1087 341 μενον.
1107 305 1180 332 ὐδὸν
1203 304 1260 338 οὖν,
1282 306 1326 332 ἵνα
1349 305 1435 337 οὕτως
1459 305 1539 337 εἴπω,
1561 305 1647 340 ζητεῖ,
1675 305 1734 336 πῶς
1754 304 1787 331 ἂν

996 350 1126 382 ἑκουσίως
1146 359 1188 382 τις
1206 351 1318 385 ποιήσαι
1339 349 1357 376 ἃ.
1368 349 1458 380 ὁΘεὺς
1475 348 1727 384 βούλεται.”Ελεγεν
1741 347 1787 374 οὖν

998 406 1042 433 μοι
1059 398 1105 423 καὶ
1165 396 1312 432 παράδοσις
1326 395 1445 422 τοιοῦτόν
1457 404 1500 421 τι·
1519 394 1662 421 Ἐϐούλετο
1675 394 1722 420 τὸν
1740 393 1788 420 Ἱε-

998 443 1093 478 ρεμίαν
1113 443 1219 477 πέμψαι
1237 441 1458 477 πριφητεὺσοντα
1472 442 1539 467 πᾶσι
1552 442 1609 471 τοῖς
1621 439 1724 472 ἔθνεσι,
1741 439 1789 465 καὶ

997 488 1049 524 πρὸ
1064 488 1172 514 πάντων
1187 488 1241 514 τῶν
1262 486 1346 513 ὲθνῶν
1360 486 1398 522 τῷ
1413 486 1480 521 λαῷ.
1489 486 1566 512 Ἐπεὶ
1580 485 1609 512 δὲ
1631 486 1658 511 αἱ
1685 494 1789 520 προφη-

995 535 1066 560 τεῖαι
1087 533 1311 568 σκυθρωπότερόν
1335 541 1360 558 τι
1383 530 1455 566 εϊχον
1478 531 1659 567 (ἀπήγγελλον
1672 531 1728 565 γὰρ
1743 539 1790 556 κο-

995 579 1096 610 λάσεις,
1104 579 1141 610 ὡς
1152 578 1265 609 ἕκαστος
1278 577 1347 604 κατὰ
1359 576 1408 612 τὴν
1421 576 1498 608 ἀξίαν
1508 575 1731 610 κολασθήσεταιῖ,
1743 575 1790 601 καὶ

996 626 1054 662 ᾔδει
1068 626 1117 661 τὴν
1134 626 1292 661 προαίρεσιν
1304 624 1352 651 τοῦ
1366 624 1506 660 προφήτου
1529 622 1564 658 μὴ
1580 621 1741 657 βουλομένου
1755 621 1788 647 τὰ

996 672 1105 708 χείρονα
1120 670 1356 706 προφητεῦσαιτῷ
1367 669 1423 705 λαῷ
1445 669 1563 704 Ἰσραήλ·
1578 667 1621 694 διὰ
1631 667 1711 694 τοῦτο
1724 666 1790 701 ᾠκο-

996 718 1114 753 νόμησεν
1134 718 1222 743 είπεῐν
1233 725 1240 732 ’
1259 715 1337 744 Λαϐὲ
1350 716 1384 742 τὸ
1398 714 1542 748 ποτήριον
1553 713 1651 745 τοῦτο,
1670 712 1720 739 καὶ
1738 720 1790 738 πο-

996 763 1066 796 τιεῖς
1080 762 1177 790 πάντα
1195 762 1230 789 τὰ
1246 763 1318 795 ἔθνη
1341 761 1415 796 πρὸς
1431 760 1450 787 ᾰ
1464 760 1521 795 ἐγὼ
1538 757 1734 791 ἐξαποστελῶ
1754 766 1791 785 σε

997 808 1071 842 πρὸς
1086 809 1207 843 αὐτούς.
1225 806 1395 843 Προσέταξεν
1416 804 1464 832 οὖν
1487 806 1501 832 ὁ
1523 804 1588 836 Θεὸς
1612 803 1650 839 τῷ
1671 803 1791 839 Ἱερεμίᾳ

152 869 211 888 cem
227 861 288 896 puri
302 861 368 888 vini.
383 860 504 888 Audiens
521 868 611 889 autem
633 861 767 889 Jeremias
784 869 813 889 se
826 862 891 888 mitti

1051 856 1085 881 εῖν
1099 855 1237 890 ποτήριον,
1265 853 1487 889 προτρεπόμενος
1502 851 1529 878 δὲ
1542 850 1622 877 αὐτὸν
1635 850 1685 876 ἐπὶ
1698 849 1728 875 τὸ
1743 849 1790 875 λα-

152 915 249 934 omnes
265 910 369 941 gentes.
386 912 416 934 ut
429 908 551 942 porrigat
564 908 617 934 illis
633 908 746 935 calicem
762 909 819 941 iraa,
833 909 944 936 calicem

153 953 362 987 suppliciorum,
378 953 491 980 minime
515 953 671 988 suspicatus
692 954 819 981 lsraelem
836 961 947 988 quoque

153 999 187 1025 de
200 999 253 1025 hoc
266 999 350 1026 calice
363 1006 505 1033 pwnarum
518 999 680 1032 bibiturum,
693 1000 822 1035 deceptus
830 1000 946 1034 sumpsit

153 1045 265 1072 calicem
284 1049 313 1072 ut.
325 1050 430 1080 potaret
440 1053 536 1073 omnes
551 1051 659 1080 gentes;
674 1051 786 1081 accepto
802 1047 885 1074 calice
896 1055 945 1073 au-

152 1091 220 1118 divit
236 1100 242 1119 :
258 1091 420 1126 Propinabis
432 1092 549 1127 primum
562 1091 724 1120 Jerusalem.
735 1092 870 1126 Quoniam
880 1100 944 1120 vero

152 1137 226 1164 aliud
244 1142 460 1172 exspectaverat,
477 1142 503 1165 et
517 1139 590 1166 aliud
612 1139 712 1171 evenit,
728 1145 869 1175 propterea
883 1140 942 1166 air:

151 1183 284 1218 Decepiin
301 1191 350 1216 me,
369 1183 488 1217 Domine,
502 1189 526 1211 et
549 1185 670 1220 tleccptua
687 1193 756 1212 sum.
773 1185 842 1213 Huic
858 1193 943 1221 expo-

151 1230 244 1258 sitioni
258 1229 373 1257 similem
396 1231 479 1258 trade‘.
491 1236 517 1258 at
529 1235 555 1258 et
572 1231 598 1258 iu
614 1232 696 1259 Isaia:
720 1231 788 1259 Nam
803 1237 829 1260 et
841 1233 885 1260 ille
901 1241 944 1261 nc-

152 1276 226 1304 ecius
241 1276 305 1311 quid
331 1276 383 1303 sibi
409 1277 620 1312 praecipiendum
635 1277 716 1311 foret,
731 1284 761 1305 ut
777 1279 878 1306 diceret
895 1287 942 1314 po-

152 1323 227 1358 pulo,
247 1322 322 1350 audit
340 1322 435 1356 Deum,
451 1327 532 1358 prout
545 1323 677 1358 scriptum
699 1329 751 1356 est,
767 1324 940 1352 dicentem“:

152 1368 235 1401 Quem
250 1369 364 1401 mittant,
377 1373 402 1396 et
417 1370 475 1404 quia
488 1369 535 1396 ibit
544 1369 578 1396 ad
591 1369 715 1404 populum
727 1371 816 1398 hunc?
828 1370 852 1398 ls
867 1379 942 1404 vero,

152 1414 251 1448 inquit,
268 1414 407 1449 respondit
420 1423 426 1440 :
441 1414 508 1441 Ecce
528 1423 574 1449 ego
599 1423 667 1447 sum,
685 1415 760 1442 mitte
773 1423 829 1447 me;
843 1421 871 1443 et
891 1424 941 1443 au-

152 1460 191 1487 dit
203 1460 245 1487 “:
266 1459 347 1492 Vnde,
359 1465 383 1487 et
395 1461 438 1487 die
448 1461 545 1495 populo
559 1461 619 1487 huic
635 1469 644 1487 :
655 1461 757 1488 Auditu
772 1462 896 1494 audietis,
917 1466 941 1488 ct

153 1515 204 1534 non
219 1507 383 1542 intelligetis,
396 1512 421 1534 et
442 1508 558 1535 videntes
573 1508 704 1540 videbitis,
728 1513 752 1535 et
770 1516 821 1535 nan
840 1509 942 1544 perspi-

152 1555 237 1587 cietis,
250 1554 427 1580 incntasatum
443 1560 480 1581 est
496 1555 563 1581 enim
579 1563 624 1581 cor
635 1554 725 1589 populi
740 1554 828 1589 hujus,
842 1559 868 1582 et
882 1563 942 1589 quae

152 1603 314 1632 sequuntur.
331 1598 399 1626 Cum
417 1599 500 1634 igitur
514 1599 632 1627 nesciret
643 1599 707 1634 quid
722 1604 793 1627 esset
806 1600 942 1628 vaticina-

153 1648 242 1677 turus,
253 1649 280 1671 et
290 1651 320 1671 se
332 1644 498 1672 minaturum
512 1645 623 1681 populo,
637 1644 705 1672 dixit
718 1654 724 1671 :
737 1644 801 1671 Ecce
815 1653 860 1680 ego
872 1653 940 1678 sum,

153 1690 228 1716 mitte
240 1697 290 1717 me.
304 1689 450 1724 Propterea
463 1698 524 1718 cum
542 1691 644 1718 diceret
662 1690 688 1718 in
702 1691 880 1726 sequentibus
893 1699 942 1718 vox

153 1735 426 1770 dicentis:Cluma”,
438 1736 482 1764 ille
494 1744 547 1764 non
561 1736 710 1771 respondit,
726 1742 854 1772 tanquam
868 1745 945 1772 para-

154 1788 198 1810 tus
225 1783 301 1817 iussa
317 1783 441 1818 exsequi,
459 1783 505 1811 sed
523 1783 591 1819 dixit
606 1791 614 1810 :
636 1783 707 1815 Quid
735 1783 878 1811 clamabo?
899 1783 941 1811 Et—

153 1827 226 1858 enim
243 1828 356 1855 timebat
371 1836 405 1855 ne
421 1836 517 1856 rursus
533 1829 638 1856 audiret
650 1828 722 1856 sicut
737 1828 764 1855 in
779 1828 862 1863 priori
877 1828 944 1855 vati-

153 1875 228 1903 cinio
245 1884 251 1902 :
272 1874 353 1909 Vade,
369 1880 393 1902 ct
406 1875 449 1902 dic
462 1875 557 1910 populo
568 1874 629 1901 huic
641 1883 650 1901 :
663 1874 763 1901 Auditu
780 1874 904 1906 audietis,
919 1879 943 1901 et

153 1929 205 1948 non
224 1921 386 1957 intelligetis.
406 1921 477 1953 Quid
498 1921 580 1956 igitur
603 1920 743 1948 clamabo?
769 1920 861 1948 Omnis
881 1928 943 1947 caro

153 1968 254 2002 fenum,
266 1973 289 1994 et
301 1968 385 1994 omnis
397 1967 483 2001 gloria
506 1967 563 2002 ejus
579 1967 646 1994 sicut
660 1967 709 2001 ﬂos
726 1967 820 2001 feni",
837 1970 864 1993 et
882 1973 943 2000 quae

153 2017 315 2048 sequuntur.
329 2013 401 2040 Nihil
416 2013 459 2040 hic
475 2012 580 2040 audivit
595 2017 689 2040 contra
707 2013 798 2040 Israel.
818 2011 879 2039 Haec
891 2015 943 2038 tio-9

153 2059 196 2086 bis
209 2059 253 2086 ille
270 2059 377 2087 dicebat
394 2064 523 2095 tanquam
547 2059 646 2086 tradita
662 2059 690 2086 in
705 2059 771 2086 illud
787 2068 794 2086 :
812 2057 943 2093 Decepisti

153 2113 204 2137 me,
219 2105 337 2137 Domine,
351 2110 375 2133 et
389 2105 510 2140 deceptus
525 2113 593 2133 sum.

1000 901 1056 927 δεῖν
1069 901 1099 927 τὸ
1115 901 1242 936 ποτήριον
1264 899 1310 925 τοῦ
1330 898 1401 925 οἴνου
1421 897 1468 924 τοῦ
1488 896 1618 932 ἀκράτου,
1631 895 1700 930 φησί
1710 903 1717 909 “
1734 894 1791 921 Καὶ

999 947 1171 981 ἐξαποστελῶ
1188 955 1218 973 σε
1230 945 1298 982 πρὸς
1312 945 1400 972 πάντα
1416 945 1448 971 τὰ
1467 944 1529 979 ἔθνη
1549 943 1645 978 ἔχοντα
1668 940 1748 967 τοῦτο
1759 939 1790 966 τὸ

999 995 1127 1029 ποτήριον
1146 992 1194 1019 τοῦ
1211 993 1283 1019 οἴνου
1298 991 1344 1018 τοῦ
1357 990 1487 1026 ἀκράτου.
1496 988 1627 1019 Ἀκούσας
1637 987 1666 1013 δὲ
1678 988 1692 1013 ὁ
1711 987 1791 1022 Ἰερε-

1000 1039 1074 1074 μίας,
1090 1039 1131 1065 ὅτι
1148 1037 1340 1065 ἀποστέλλεται
1358 1035 1427 1072 πρὸς
1439 1034 1572 1061 πάντατὰ
1584 1033 1660 1068 ἕονη,
1677 1033 1719 1058 ὅτι
1729 1032 1789 1058 δια-

997 1085 1121 1119 κονήσων
1135 1084 1226 1115 αὐτοῖς
1241 1083 1370 1118 ποτήριον
1384 1082 1479 1117 ὀργῆς,
1500 1081 1626 1116 ποτήριον
1638 1078 1788 1110 κολάσεων,

999 1132 1036 1167 μὴ
1048 1131 1209 1167 ὑπονοήσας,
1221 1130 1262 1156 ὅτι
1278 1129 1386 1165 Ἰσραὴλ
1402 1128 1491 1164 μέλλει
1506 1126 1593 1153 πίνειν
1609 1125 1664 1152 ἀπὺ
1677 1124 1724 1151 τοῦ
1739 1124 1788 1159 τῆς

997 1178 1133 1209 κολάσεως
1147 1176 1286 1212 ποτηρίου,
1299 1175 1447 1210 ἀπατηθεὶς
1463 1173 1541 1200 ἔλαϐε
1553 1173 1583 1199 τὸ
1594 1172 1726 1207 ποτήριον
1741 1168 1788 1196 τοῦ

997 1225 1105 1251 ποτίσαι
1118 1223 1207 1251 πάντα
1226 1222 1260 1248 τὰ
1280 1221 1354 1256 ἔθνη,
1369 1219 1466 1248 Λαϐὼν
1483 1219 1513 1246 τὸ
1525 1218 1656 1253 ποτήριον
1669 1217 1787 1252 ἢκουσε-

996 1270 1050 1296 Καὶ
1064 1270 1167 1301 ποτιεῖς
1190 1268 1298 1303 πρῶτον
1320 1267 1368 1302 τὴν
1391 1260 1664 1302 Ἰερουσαλήμ.Ὲπεὶ
1681 1263 1710 1289 δὲ
1725 1262 1789 1289 ἄλλο

997 1326 1047 1362 μὲν
1061 1325 1272 1361 προσεδόκησεν,
1287 1323 1350 1351 ἄλλο
1360 1323 1388 1349 δὲ
1403 1321 1477 1356 αὐτῷ
1490 1321 1657 1356 ἀπήντησεν,
1672 1319 1720 1345 €12".
1732 1318 1789 1344 τού-

995 1367 1072 1407 τῳ’δέ
1085 1379 1166 1406 φησιν
1177 1378 1184 1385 ·
1205 1368 1371 1402 Ὴπάτησάς
1382 1376 1430 1402 με,
1443 1368 1539 1401 Κύριε,
1553 1366 1600 1392 καὶ
1615 1364 1785 1398 ἠπίιτήθην.

996 1417 1189 1453 Παραπλήσιον
1209 1414 1294 1451 ταύτῃ
1314 1415 1346 1449 τῇ
1371 1413 1495 1448 διηγήσει
1508 1411 1634 1438 ἀπεδίδου
1645 1410 1694 1436 καὶ
1708 1411 1738 1436 ὲν
1750 1409 1788 1444 τῷ

1001 1464 1099 1495 Ἡσαΐᾳ
1109 1471 1117 1478 ·
1133 1463 1258 1492 κάκεῖνος
1278 1460 1333 1495 γὰρ
1349 1459 1399 1485 οὐκ
1412 1458 1489 1490 εἰδὼς
1501 1458 1528 1483 τί
1543 1457 1635 1492 μέλλει
1648 1456 1787 1491 προστάσ-

996 1509 1088 1536 σεσϐαι
1100 1509 1190 1542 λέγειν
1210 1507 1249 1542 τῷ
1268 1506 1334 1541 λαῷ,
1348 1505 1442 1532 ἀκούει
1455 1504 1503 1531 τοῦ
1519 1502 1588 1530 Θεοῦ
1607 1502 1681 1529 κατὰ
1694 1502 1728 1528 τὰ
1740 1510 1788 1535 γε-

993 1555 1141 1592 γραμμένα
1161 1554 1302 1587 λέγοντος·
1319 1552 1388 1579 Τίνα
1405 1550 1585 1580 ἀποστείλω,
1605 1548 1656 1575 καὶ
1673 1548 1721 1580 τίς
1735 1555 1789 1574 πο-

989 1602 1131 1636 ρεύσεται
1157 1599 1232 1627 κατὰ
1254 1598 1309 1625 τὸν
1329 1598 1407 1625 λαὸν
1429 1597 1552 1628 τοῦτον;
1579 1596 1608 1622 '0
1631 1595 1672 1627 δὲ,
1696 1595 1790 1629 φησιν.

993 1646 1160 1683 ἀπεκρίνατο
1168 1654 1174 1659 ·
1188 1644 1260 1672 Ἰδοὺ
1270 1643 1325 1678 ἐγώ
1333 1644 1391 1677 ειμι
1399 1651 1406 1658 ·
1416 1643 1651 1676 ἀπόστειλόνμε.
1669 1640 1788 1667 Ἀκούει·

994 1693 1164 1726 Πορεύθητι,
1181 1690 1231 1718 καὶ
1245 1688 1330 1716 εἷπον
1345 1687 1385 1721 τῷ
1400 1688 1464 1720 λαῷ
1478 1688 1588 1718 τούτῳ·
1603 1686 1691 1720 Ἀκοῇ
1701 1686 1791 1713 ιικού-

994 1747 1074 1769 σετε,
1093 1737 1141 1764 καὶ
1154 1737 1190 1763 οὐ
1202 1735 1245 1770 μὴ
1256 1734 1384 1768 συνῆτε·
1401 1733 1450 1760 καὶ
1460 1733 1631 1766 βλέποντες
1643 1732 1789 1766 βλέψετε,

997 1783 1046 1810 καὶ
1056 1783 1091 1810 οὐ
1101 1781 1144 1816 μὴ
1154 1781 1235 1813 ἴδητε
1244 1789 1251 1796 ·
1263 1780 1417 1814 ἐπαχύνθη
1431 1778 1485 1813 γὰρ
1493 1779 1512 1811 ἡ
1522 1777 1628 1811 καρδία
1643 1777 1699 1804 τοῦ
1712 1777 1793 1804 ,λαοῦ

996 1829 1112 1860 τούτου,
1136 1827 1182 1854 καὶ
1197 1826 1232 1852 τὰ
1251 1825 1409 1860 ἑξῆς,Ὲπεὶ
1423 1822 1479 1856 οὖν,
1504 1824 1541 1859 μὴ
1559 1822 1637 1855 εἰδὼς
1660 1823 1675 1849 ὂ
1699 1822 1792 1858 μέλλει

996 1872 1188 1910 προφητεύειν,
1201 1871 1248 1898 καὶ
1261 1872 1301 1897 ὅτι
1318 1870 1409 1906 μέλλει
1424 1869 1544 1896 ἀπειλεῖν
1562 1868 1600 1904 τῷ
1615 1868 1686 1903 λαῷ,
1700 1868 1792 1894 τοιάδε

995 1919 1071 1948 εἴπεν
1084 1928 1090 1936 ·
1123 1918 1197 1946 Ἰδοὺ
1221 1917 1279 1953 ἑῃώ
1293 1918 1364 1952 εἰμι’
1381 1917 1565 1944 ἀπέστειλέν
1577 1924 1612 1945 με
1623 1923 1630 1929 ·
1646 1915 1693 1941 διὰ
1712 1914 1792 1942 τοῦτο

995 1974 1077 2001 φησιν
1087 1966 1115 1992 ἐν
1122 1965 1177 1995 τοῖς
1185 1963 1249 1998 ἑξῆς
1257 1962 1340 1998 φωνὴ
1347 1961 1489 1997 λέγοι-τος
1497 1968 1506 1978 ”
1516 1961 1648 1993 Βόησον.
1661 1960 1692 1986 ὐ
1703 1960 1733 1986 δὲ
1743 1960 1793 1986 οὐκ

995 2011 1172 2046 ἀπεκρίνατο,
1187 2010 1224 2041 ὡς
1237 2008 1375 2045 πρόθυμος
1391 2007 1502 2042 ποιῆσαι
1515 2006 1546 2032 τὸ
1557 2006 1792 2040 ὑποτασσόμενον,

997 2056 1054 2084 ἀλλ’
1067 2054 1127 2083 εἶπε
1137 2063 1144 2070 ·
1164 2055 1194 2082 Τί
1207 2054 1332 2087 ﬁction);
1346 2051 1495 2079 Εὐλαόεἰτο
1512 2050 1567 2086 γὰρ
1584 2050 1692 2085 μήποτε
1709 2050 1793 2076 πάλιν

997 2102 1103 2138 ἀκούσῃ
1121 2101 1159 2134 ὡς
1172 2101 1218 2128 ἐπὶ
1234 2100 1282 2135 τῆς
1296 2098 1432 2135 προτέρας
1443 2096 1612 2132 προφητείας
1621 2103 1627 2110 ·
1641 2096 1794 2130 Πορεύθη-

152 2162 190 2185 τι,
203 2154 251 2180 καὶ
264 2151 351 2179 εἶπον
362 2153 402 2186 τῷ
419 2153 483 2186 λαῷ
502 2153 609 2186 τούτῳ·
628 2151 712 2186 Ἀκοῇ
723 2152 880 2185 ἀκούσετε,
894 2151 943 2178 καὶ
963 2152 998 2178 οὐ
1010 2150 1053 2186 μὴ
1068 2149 1192 2184 συνῆτε.
1210 2149 1241 2175 Τί
1251 2145 1296 2174 οὖν
1309 2145 1433 2179 ,ϐοήσωξ
1453 2144 1540 2171 Πᾶσα
1567 2142 1645 2177 σὰρξ
1673 2143 1792 2177 χόρτος,

153 2196 205 2225 καὶ
229 2196 313 2224 πᾶσα
337 2197 412 2230 δόξα
436 2198 531 2232 αὐτῆς
551 2198 590 2231 ὡς
609 2196 700 2232 ἄνθος
714 2198 833 2233 χόρτου,
862 2198 908 2224 καὶ
937 2197 970 2224 τὰ
990 2197 1062 2232 ἑξῆς.
1087 2195 1169 2222 Οὐδὲν
1192 2195 1308 2230 ἤκουσεν
1332 2193 1361 2219 ὲν
1384 2190 1488 2222 τούτοις
1509 2188 1578 2215 κατὰ
1605 2187 1651 2214 τοῦ
1671 2188 1792 2224 Ἰσραήλ.

154 2244 238 2272 Ταῦτ’
253 2245 344 2282 ἔλεγεν
362 2246 426 2280 ἡμῖν
444 2246 546 2277 ἐκεῖνος
569 2244 704 2281 παραδοὺς
715 2245 759 2272 τό·
780 2245 948 2279 Ἠπάτησάς
963 2253 1012 2280 με,
1029 2244 1126 2277 Κύριε,
1142 2241 1191 2269 καὶ
1202 2240 1370 2275 ήπατήθην.

190 2290 217 2318 5.
239 2290 294 2326 Ego
316 2298 380 2319 vero
403 2295 468 2326 opto
491 2299 579 2326 neque
595 2299 626 2318 ea
642 2287 703 2326 quae
720 2291 755 2318 ab
767 2291 828 2318 aliis
846 2291 942 2318 tradita
961 2292 984 2321 υ

155 2337 270 2372 accipio,
290 2345 399 2366 servare
426 2337 495 2370 sola,
521 2345 609 2372 neque
630 2338 760 2364 talentum
789 2345 883 2364 eorum
899 2338 945 2372 qui

155 2383 223 2410 mihi
251 2383 354 2419 aliquid
381 2383 484 2416 dicunt,
514 2383 540 2410 in
563 2387 664 2410 terram
693 2383 830 2417 defodere,
859 2391 946 2417 neque

155 2429 257 2456 minam
271 2437 364 2456 eorutn
380 2429 426 2465 qui
441 2429 505 2457 utile
519 2429 657 2466 quidpiam
671 2430 779 2461 docent,
793 2429 819 2457 in
836 2429 947 2457 sudario

154 2475 349 2511 colligare,sed
362 2475 543 2512 multiplicare
552 2481 684 2511 prtecopta
698 2476 875 2511 quze'accipio
889 2481 946 2502 tra-

157 2520 212 2550 dita
227 2523 262 2550 ab
270 2529 302 2550 co
311 2523 358 2558 qui
368 2523 444 2550 utilia
459 2527 548 2558 potest-
556 2523 660 2550 traderc
668 2524 701 2552 ⁷³.
711 2521 833 2558 Optarim
844 2522 945 2550 minam

155 2570 213 2597 sive
221 2568 372 2603 Evangelii,
384 2569 441 2596 sive
453 2568 586 2605 Apostoli,
594 2569 650 2595 sive
659 2569 807 2604 prophetat.
816 2567 873 2596 sive
882 2567 947 2602 legis

156 2623 265 2650 augere.
278 2613 325 2642 llis
336 2614 448 2646 auditis.
458 2622 563 2642 mecum
573 2614 630 2649 ipse
637 2613 788 2649 cogitabant
799 2613 832 2640 de
843 2620 891 2640 eo:
902 2612 948 2639 De-

155 2662 247 2696 cepisti
265 2669 315 2693 me,
335 2660 456 2694 Domine,
474 2667 497 2688 et
518 2661 638 2695 deceptus
655 2668 724 2688 sum.
741 2659 829 2694 Atque
842 2659 945 2687 utinam

157 2707 237 2742 265
249 2707 377 2743 cogitanti
396 2707 497 2742 aliquid
512 2707 568 2735 veri
586 2707 612 2733 in
630 2706 710 2734 istum
726 2705 816 2733 locum
829 2705 949 2739 reperire

193 2804 216 2818 “
235 2803 336 2832 Jerem.
352 2813 414 2839 xxv,
431 2805 473 2833 l5.

157 2846 214 2872 xix,
228 2839 274 2866 '20.

514 2806 534 2822 ⁸⁷
556 2805 605 2833 lsa.
624 2812 661 2838 VI,
677 2803 704 2832 8.
743 2804 765 2820 ⁸⁸
785 2803 849 2831 ibid.
865 2807 903 2837 Ix,
918 2802 960 2829 10.

1039 2288 1110 2323 Ἐγὼ
1127 2288 1156 2315 δὲ
1167 2286 1282 2322 εὔχομαι
1301 2285 1319 2312 ἃ
1334 2283 1466 2319 λαμϐάνω
1480 2282 1534 2310 ἀπὸ
1546 2282 1600 2308 τῶν
1612 2282 1742 2308 διδόντων
1755 2281 1792 2316 μὴ

998 2338 1117 2373 τηρῆσαι
1134 2335 1211 2372 μόνα,
1228 2333 1294 2369 μηδὲ
1307 2329 1453 2367 κατορῦξαι
1475 2330 1506 2356 τὸ
1524 2329 1655 2356 τάλαντον
1677 2329 1734 2355 τῶν
1751 2327 1792 2353 λε-

999 2383 1101 2418 γόντων
1118 2390 1162 2417 μοι
1176 2381 1214 2413 εἰς
1227 2380 1275 2416 τὴν
1286 2379 1348 2414 γῆν,
1365 2377 1431 2413 μηδὲ
1444 2376 1492 2411 τὴν
1505 2376 1573 2411 μνᾶν
1584 2375 1638 2402 τῶν
1654 2373 1795 2401 διδασκόν-

999 2438 1053 2456 των
1072 2437 1099 2454 τι
1118 2428 1250 2464 χρήσιμον
1269 2424 1401 2460 ἁποδῆσαι
1417 2425 1446 2450 ἐν
1462 2421 1604 2458 σουδαρίῳ,
1618 2420 1688 2448 ἀλλὰ
1711 2420 1792 2446 πλεο-

1001 2474 1104 2510 νασμὺν
1128 2474 1239 2508 ποιῆσαι
1259 2468 1516 2506 τῶνλμαθημάτων.
1538 2464 1575 2494 ὧν
1587 2467 1720 2502 λαμϐάνω
1738 2464 1792 2493 ὰτὼ

999 2521 1046 2548 τοῦ
1072 2519 1262 2555 παραδιδόντος
1289 2517 1337 2544 καὶ
1361 2515 1510 2551 δυναμένου
1533 2513 1702 2550 παραδοῦναι
1723 2512 1791 2548 χρή-

1001 2574 1084 2602 σιμα·
1100 2564 1214 2600 εὔχομαι
1231 2563 1280 2598 τὴν
1305 2562 1373 2597 μνᾶν
1393 2559 1448 2587 εἴτε
1462 2559 1642 2593 Εὑαγγελίου,
1659 2558 1714 2583 εἴτε
1727 2557 1793 2602 ἀπο-

1001 2601 1105 2644 στόλου,
1131 2611 1185 2637 εἴτε
1221 2608 1373 2645 προφήτου,
1396 2606 1451 2633 εἴτε
1475 2606 1558 2640 νόμου
1582 2603 1696 2638 ποιῆσαι
1727 2601 1790 2627 πολι

1000 2656 1177 2685 λαπλασίονα.
1205 2653 1288 2683 Ταῦτ’
1312 2651 1358 2679 οὖν
1388 2651 1527 2682 ἀκούσας,
1558 2649 1694 2676 ἐσκόπουν
1730 2647 1791 2673 κατ’

1001 2701 1119 2737 ἐμαυτὸν
1135 2700 1199 2735 περὶ
1211 2699 1258 2726 τοῦ
1269 2707 1275 2714 ·
1297 2697 1465 2732 Ὴπάτησιίς
1475 2705 1524 2731 με,
1539 2696 1639 2729 Κύριε,
1649 2693 1699 2721 καὶ
1715 2693 1790 2727 ﬁxa.

999 2802 1021 2818 δ’
1039 2800 1148 2834 lsa.xt.,
1165 2799 1192 2827 6.
1226 2800 1254 2837 >⁷⁰
1275 2799 1338 2827 ibid.
1378 2799 1398 2813 τ’
1421 2797 1514 2825 Matth.
1542 2803 1606 2829 xxv,
1720 2792 1783 2823 Lut‘,
