1872 3048
190 125 242 153 δῖυ

919 120 1079 150 OlilGENlS

1758 126 1808 153 520

190 180 310 209 Domini.
324 179 377 207 Sed
389 179 526 215 quodnam
540 187 639 207 nomen
653 179 843 208 nominaturus
855 180 907 208 es?
920 180 929 207 ί

1072 179 1183 216 ὀνόματι
1205 180 1273 208 Θεοῦ
1290 181 1434 216 πράττειν·
1452 180 1483 208 σὺ
1506 181 1534 208 δὲ
1555 180 1645 215 λέγεις
1656 189 1663 196 ·
1678 181 1725 215 Μή
1742 181 1806 209 ἐνο-

190 235 253 254 men
265 226 378 253 deorum
391 225 542 253 alienorum
563 234 616 253 non
638 226 848 253 recordabimini
870 227 896 253 in
911 234 972 254 cor-

187 273 270 299 dibus
287 271 385 299 vestris
396 292 403 304 ,
425 275 452 298 et
466 272 534 299 dicis
549 281 556 299 :
575 271 636 298 Non
653 271 791 298 nominabo
808 280 900 299 nomen
919 273 972 299 Do-

182 318 266 351 mini,
280 326 324 345 nec
340 317 433 352 loquar
450 317 522 344 ultra
533 318 560 344 in
579 318 682 344 nomine
697 318 792 352 ipsius.
810 317 867 345 lloc
882 318 972 353 itaque

187 364 255 391 dicit
271 364 381 390 humani
397 363 499 398 aliquid
514 371 622 398 passus,
640 363 713 398 quod
727 363 805 391 nobis
818 364 899 391 etiam
921 372 972 392 usu

190 410 281 437 venire
296 409 373 436 solet.
386 407 502 435 Maxime
519 415 582 435 vero
596 408 619 435 si
635 409 696 443 quis
718 409 770 436 sibi
789 409 917 436 conscius
931 414 974 436 cst

188 463 221 483 se
231 455 266 482 ob
277 455 426 482 doctrinam
438 458 464 481 et
478 461 630 481 sermonem
646 454 792 489 aliquando
805 455 876 481 male
887 454 972 482 fuisse

190 501 313 528 habitum
325 521 332 533 ,
346 505 488 533 vexatum,
512 504 537 526 et
557 499 621 526 odio
638 500 776 533 habitum,
797 508 868 535 saepe
883 500 948 528 dicit
964 509 971 527 :

187 543 269 577 Abeo,
283 544 347 579 quid
368 544 434 579 mihi
456 548 482 570 et
500 544 614 578 negotiis
631 544 653 571 si
672 549 811 579 propterea
832 545 896 571 odio
911 552 971 572 sum

187 591 260 625 quod
275 590 387 618 doceam
402 594 430 616 et
450 589 585 624 proferam
601 590 760 617 sermones?
773 590 829 616 Cur
853 598 907 617 non
925 598 973 625 po-

190 636 245 663 tius
266 636 293 662 in
311 635 484 663 solitudinem
509 639 535 661 ct
550 635 668 669 quietem
688 642 730 662 me
756 635 888 663 confero?
908 635 973 663 Tale

189 682 327 717 quidpiam
344 686 371 708 et
384 681 514 716 propheta
534 689 630 716 passus
653 685 694 708 est
711 688 773 708 cum
791 681 890 708 diceret
905 689 912 707 :
939 681 972 707 Et

187 729 246 755 dixi
256 737 264 755 :
278 727 337 754 Non
354 727 494 754 nominabo
506 734 597 754 nomen
609 727 726 759 Domini,
739 735 785 753 nec
798 726 892 761 loquar
901 726 973 753 ultra

189 775 217 801 in
240 774 343 800 nomine
366 774 459 807 ipsius.
487 772 540 800 Sed
567 773 654 799 bonus
671 771 800 799 Dominus
816 773 863 806 qui
884 773 973 800 hancce

188 824 327 848 tantorum
342 819 483 846 hominum
499 823 609 853 peccata
628 817 763 852 prohibet,
781 824 835 844 non
852 817 973 852 permisit

189 864 348 899 prophetam
366 871 381 890 a
399 871 454 897 quo
468 851 526 890 haec
539 862 611 889 dicta
626 851 700 894 sunt,
715 862 742 888 in
757 862 808 889 hoc
821 851 884 890 esse
893 870 971 890 vera—
987 851 1008 878 Β

190 917 267 941 cem,
288 909 334 936 sed
355 908 440 936 voluit
453 912 481 935 ut
501 907 748 942 praevaricationem
767 907 923 942 invocaret,
945 913 973 936 et

190 956 264 991 quod
277 956 392 987 dixerat,
407 963 437 982 re
450 962 504 981 non
515 958 661 989 praestaret
680 953 789 981 Dixerat
803 954 894 981 enim:
912 953 973 981 Non

189 1002 330 1030 nominabo
357 1009 449 1028 nomen
467 1001 588 1034 Domini,
608 1008 652 1027 nec
676 1000 770 1035 loquar
793 1000 863 1026 ultra
881 1001 908 1027 in
924 1009 973 1027 no-

190 1049 259 1075 mine
271 1048 362 1081 ipsius.
376 1046 474 1073 Factus
489 1051 527 1074 est
544 1051 642 1078 autem,
656 1046 771 1080 inquit“,
789 1047 816 1072 in
828 1046 905 1072 corde
916 1054 972 1073 meo

188 1095 265 1130 quasi
279 1094 346 1128 ignis
360 1093 465 1126 ardent,
480 1101 558 1119 urens
576 1095 604 1118 in
618 1092 719 1118 ossibus
735 1092 808 1125 meis,
820 1096 844 1118 et
857 1091 973 1118 dissolu-

190 1144 232 1166 tus
250 1147 307 1165 sum
329 1139 460 1172 undique,
473 1143 498 1164 et
521 1145 572 1164 non
590 1144 696 1171 possunt
716 1137 793 1172 ferre.
817 1137 916 1165 Factus
930 1142 972 1165 est

189 1191 276 1212 sermo
286 1183 394 1211 Domini
409 1190 490 1210 urens
504 1190 552 1210 cor
564 1183 633 1217 ejus.
646 1181 757 1209 Factum
769 1186 811 1209 est
823 1189 870 1209 cor
880 1190 971 1210 meum

188 1229 264 1264 quasi
282 1229 351 1264 ignis
365 1229 475 1262 ardens,
490 1236 572 1255 urens
586 1228 612 1254 in
630 1228 739 1255 ossibus
753 1228 831 1255 meis.
850 1227 972 1263 Subjecit

188 1278 328 1309 peccatum
343 1272 416 1308 quod
430 1272 546 1305 fecerat,
563 1272 656 1299 dicens
669 1280 676 1299 :
692 1270 753 1298 Non
774 1271 911 1298 nominabo
924 1280 971 1298 no-

187 1328 244 1347 men
262 1319 387 1350 Domini,
406 1326 451 1345 nec
467 1318 561 1353 loquar
576 1317 647 1344 ultra
664 1317 692 1344 in
705 1318 809 1344 nomine
823 1318 925 1351 ipsius;
944 1322 972 1345 et

187 1365 269 1394 simul
284 1372 317 1393 ac
336 1363 480 1392 conicssus
501 1368 543 1391 est
565 1368 706 1398 peccatum
726 1361 876 1395 Jeremias,
904 1363 969 1390 illud

187 1411 296 1445 abiecit.
320 1410 427 1438 Utinam
451 1414 478 1436 et
496 1416 545 1444 ego
567 1409 657 1436 statim
680 1412 762 1442 atque
787 1408 912 1442 peccavi,
939 1415 970 1435 ac

187 1456 300 1484 verbum
315 1455 523 1490 reprehensione
538 1455 648 1490 dignum
665 1454 776 1489 protuli,
795 1455 924 1481 sentirem
943 1455 968 1481 in

188 1502 270 1529 corde
291 1508 351 1528 meo
376 1500 465 1535 ignem
486 1500 644 1532 ardentem,
669 1504 790 1526 urentem
811 1499 838 1526 in
861 1499 969 1527 ossibus

187 1548 271 1580 meis,
290 1547 326 1574 ita
340 1550 369 1573 ut
388 1546 457 1573 ferre
478 1553 532 1573 non
553 1545 669 1580 possim.
682 1545 818 1572 Audacter
831 1545 969 1580 quidpiam

190 1592 382 1620 enuntiaturus
399 1599 459 1618 sum
471 1611 478 1623 ,
491 1591 564 1625 quod
577 1598 611 1617 an
627 1591 669 1617 his
692 1591 862 1618 auditoribus
877 1591 970 1625 profu-

185 1643 276 1666 turum
294 1637 329 1664 sit
344 1638 449 1672 ignoro.
467 1636 539 1663 Dixit
552 1643 612 1664 esse
636 1637 771 1671 quoddam
790 1644 875 1671 genus
889 1637 969 1671 ignis,

187 1685 258 1720 ignis
281 1684 327 1719 qui
340 1691 422 1711 sensu
438 1691 492 1711 non
508 1683 667 1718 percipitur,
685 1683 778 1711 dolore
795 1684 831 1710 ita
845 1691 907 1711 eum
922 1684 969 1718 qui

186 1730 324 1757 cruciatur
347 1729 478 1756 adiciente
506 1732 535 1755 ut
563 1729 588 1756 ei
616 1729 652 1756 sit
679 1729 868 1756 intolerabilis.
898 1729 970 1756 Dixit

185 1776 258 1804 enim
273 1785 279 1802 :
298 1774 397 1802 Factus
415 1779 454 1801 est
469 1775 495 1800 in
514 1774 593 1801 corde
615 1782 669 1800 meo
687 1774 764 1809 quasi
778 1774 846 1809 ignis
863 1775 968 1807 ardens,

185 1823 210 1845 et
220 1826 297 1845 urens
313 1826 365 1845 non
383 1823 488 1845 tantum
504 1818 532 1845 in
543 1818 626 1845 corde
638 1825 708 1850 meo,
722 1819 769 1845 sed
784 1823 810 1845 et
827 1819 854 1845 in
867 1819 970 1846 ossibus

185 1865 250 1892 meis
261 1885 269 1897 ,
290 1869 314 1891 et
337 1864 481 1891 dissolutus
497 1872 572 1896 sum,
590 1868 613 1890 et
630 1863 698 1898 ferre
715 1871 765 1890 non
784 1872 899 1898 pouum.
913 1863 970 1899 Ego

184 1918 281 1938 vereor
300 1918 334 1937 ne
349 1910 411 1937 talis
427 1910 462 1937 sit
475 1910 521 1944 qui
540 1909 619 1936 nobis
638 1913 792 1936 reservatur
806 1909 885 1944 ignis,
899 1917 968 1944 qua-

184 1955 286 1984 lisfuit
305 1955 332 1982 in
357 1955 439 1983 corde
462 1955 596 1982 Jercmiaa.
620 1954 672 1982 Sed
697 1954 772 1982 illum
796 1963 849 1981 non
865 1956 968 1989 experti

184 2010 281 2029 sumus
305 2011 312 2029 :
336 2001 359 2029 si
383 2001 486 2036 experti
511 2008 654 2033 essemus,
679 2001 864 2036 propositique
880 2007 970 2029 essent

185 2048 239 2075 duo
256 2048 332 2082 ignes
342 2067 349 2080 ,
367 2047 412 2074 hic
423 2066 431 2079 ,
447 2051 474 2074 et
489 2051 619 2074 externus
636 2054 692 2081 quo
706 2046 830 2074 videmus
844 2048 968 2074 comburi

183 2101 232 2121 eos
245 2093 292 2128 qui
306 2101 321 2120 a
336 2093 470 2127 praefectis
496 2092 617 2127 gentium
631 2093 804 2125 cruciantur,
820 2093 895 2119 illum
919 2101 968 2127 po-

185 2139 240 2165 tius
254 2138 414 2172 eligeremus
429 2145 511 2172 quam
528 2137 615 2170 hunc;
637 2137 682 2164 ille
702 2137 775 2164 enim
798 2138 967 2172 superﬁciem

1020 224 1108 259 μάσω
1119 225 1151 252 τὸ
1166 225 1259 260 ὄνομα
1275 227 1394 261 Κυρίου.
1419 226 1498 253 Ἀλλὰ
1515 228 1590 253 ποῖον
1605 226 1693 261 δνομα
1707 226 1808 261 μέλλεις

1023 272 1183 307 όνομάζειν;
1204 273 1307 307 Ὄνομα
1329 273 1399 300 θεῶν
1425 273 1524 308 ἑτέρων
1547 273 1598 299 οὐκ
1622 272 1807 308 ἀναμνήσεσθε

1024 317 1052 343 ἐν
1069 319 1128 349 ταῖς
1150 318 1274 354 καρδίαις
1297 318 1373 354 ὑμῶν
1385 327 1391 334 ·
1407 319 1454 346 καὶ
1471 319 1577 353 λέγεις’
1597 320 1659 345 οὐκ
1674 319 1808 353 ὀνομάσω

1024 361 1118 396 ὄνομα
1138 363 1266 397 Κυρίου,
1293 363 1341 390 καὶ
1364 364 1400 390 οὐ
1422 363 1465 398 μὴ
1490 362 1616 396 λαλήσω
1636 363 1682 390 ἔτι
1704 364 1751 390 ἐπὶ
1771 363 1809 397 τῷ

1025 408 1145 442 ὀνόματι
1158 409 1261 436 αὑτοῦ.
1278 409 1359 443 Λέγει
1373 408 1419 436 οὖν
1433 409 1573 441 πεπονθώς
1587 419 1614 436 τι
1630 409 1809 445 ἀνθρώπινον,

1025 452 1038 479 ὃ
1055 454 1101 479 καὶ
1116 454 1196 489 ἡμεῖς
1217 454 1408 490 κινδυνεύομεν
1421 454 1549 486 πολλάκις
1566 454 1740 481 πεπονθέναι.
1756 455 1809 481 Καὶ

1027 498 1143 533 μάλιστα
1163 499 1190 525 εί
1202 507 1245 530 τις
1259 498 1375 525 σύνοιδεν
1394 499 1483 534 ἐαυτῷ
1503 499 1546 526 διὰ
1566 500 1616 534 τὴν
1638 499 1809 526 διδασκαλίαν

1025 542 1090 568 ποτὶ
1105 542 1150 568 καὶ
1166 542 1211 568 τὸν
1224 543 1302 576 λόγον
1325 543 1563 579 ταλαιπωρήσαντι
1575 544 1622 570 καὶ
1636 544 1748 570 παθόντι
1764 545 1808 571 καὶ

1026 587 1184 622 μισηθέντι·
1200 588 1328 620 πολλάκις
1351 588 1442 622 λέγει·
1465 589 1627 624 Ἀναχωρῶ,
1651 589 1679 616 τί
1704 598 1746 625 μοι
1765 590 1808 616 καὶ

1024 633 1202 667 πράγμασιν,
1217 634 1241 659 εί
1262 634 1295 659 ὲκ
1312 633 1406 659 τούτου
1430 634 1541 669 μισητός
1562 634 1618 669 εἰμι
1630 653 1638 665 ,
1662 635 1696 660 ὲκ
1710 635 1755 660 τοῦ
1769 634 1808 660 δι-

1023 678 1146 709 δάσκεινξ
1164 678 1195 704 ὲκ
1211 678 1258 705 τοῦ
1282 678 1424 715 προΐεσθαι
1446 679 1490 706 τὸν
1510 679 1605 713 λόγως
1630 679 1682 705 Διὰ
1703 679 1729 706 τί
1750 679 1807 716 οὐχὶ

1025 722 1123 757 μᾶλλον
1139 722 1273 758 ἀναχωρῶ
1288 723 1335 749 ἐπὶ
1351 723 1398 758 τὴν
1415 723 1530 758 ἐρημίαν
1543 724 1590 750 καὶ
1610 723 1660 759 τὴν
1677 725 1806 759 ἡσυχίαν;

1024 767 1148 794 Τοιοῦτόν
1168 777 1195 794 τι
1217 768 1333 795 πέπονθε
1357 768 1403 795 καὶ
1426 770 1441 795 ὁ
1464 770 1606 805 προφήτης
1630 769 1734 803 λέγων·
1755 770 1806 796 Καὶ

1022 811 1104 840 εἶπα·
1122 813 1162 840 οὐ
1173 813 1216 848 μὴ
1239 813 1376 848 ὀνομάσω
1395 814 1427 841 τὸ
1446 814 1539 849 ὄνομα
1557 815 1668 849 Κυρίου
1681 834 1688 847 ,
1706 815 1755 841 καὶ
1774 817 1807 842 οὐ

1020 859 1063 895 μὴ
1075 859 1202 893 λαλήπω
1215 859 1263 886 ἐπὶ
1278 859 1318 892 τῷ
1331 861 1451 895 ὀνόματι
1463 861 1566 889 αὑτοῦ.
1583 861 1653 888 Ἀλλ’
1665 862 1711 888 ἐπὶ
1724 862 1808 897 τούτῳ

1022 905 1123 940 ἀγαθὸς
1139 905 1241 941 Κύριος
1255 906 1269 931 ὁ
1282 905 1393 932 κωλύων
1408 906 1457 938 τὰς
1469 906 1596 939 τοιαύτας
1607 907 1746 942 ἁμαρτίας
1756 907 1808 935 τῶν

1022 952 1187 988 τηλικούτων
1203 953 1254 979 οὐκ
1270 953 1358 988 ἀφῆκε
1373 953 1419 980 τὸν
1441 954 1582 990 προφήτην
1604 954 1752 990 ἀληθεῦσαι
1773 955 1809 980 εί-

1023 999 1107 1026 πύντσ.
1128 998 1163 1025 τὰ
1183 999 1350 1034 προκείμενα
1362 1020 1370 1032 ,
1394 999 1461 1026 ἀλλὰ
1476 1000 1523 1026 καὶ
1544 1001 1573 1026 ἐν
1592 1000 1680 1035 τούτῳ
1701 1000 1808 1027 ἀθεσίαν

1022 1044 1245 1076 ἐπικαλέσασθαι,
1259 1045 1306 1071 καὶ
1316 1045 1447 1080 ἀθετῆσαι
1461 1045 1492 1071 τὸ
1503 1046 1647 1081 εἰρημένον
1660 1046 1807 1081 πεποίηκεν

1027 1090 1176 1126 Ἰερεμίαν
1208 1088 1268 1116 εἷπε
1301 1090 1351 1125 μὲν
1373 1090 1444 1127 γάρ·
1472 1091 1512 1117 Οὐ
1546 1091 1586 1125 μὴ
1612 1091 1753 1125 ὀνομάσω
1776 1092 1806 1118 τὸ

1022 1136 1115 1171 ὄνομα
1137 1137 1263 1170 Κυρίου,
1287 1137 1336 1163 καί
1360 1138 1396 1163 οὺ
1415 1136 1458 1171 μὴ
1480 1137 1606 1170 λαλήσω
1629 1137 1673 1164 ἐτι
1696 1138 1746 1164 ἐπὶ
1769 1137 1807 1170 τῷ

1022 1182 1144 1217 ὀνόματι
1156 1183 1259 1210 αὑτοῦ.
1279 1182 1409 1217 Ἐγένετο
1425 1182 1475 1214 δὲ,
1490 1183 1571 1218 φησὶν
1582 1203 1589 1215 ,
1604 1184 1640 1209 ὲν
1651 1183 1689 1217 τῇ
1703 1184 1806 1217 καρδίᾳ

1021 1236 1079 1260 μου
1108 1228 1149 1261 ὡς
1174 1227 1234 1261 πῦρ
1259 1227 1418 1262 καιόμενον
1431 1247 1438 1259 ,
1473 1228 1661 1262 φλεγόμενον
1686 1229 1720 1255 ἐν
1748 1229 1806 1262 τοῖς

1022 1272 1138 1306 ὀστέοις
1149 1281 1219 1308 μου,
1240 1272 1291 1299 καὶ
1309 1271 1447 1307 παρεῖμαι
1465 1272 1622 1305 πάντοθεν.
1640 1274 1691 1300 καὶ
1703 1275 1740 1301 οὺ
1755 1274 1804 1301 ΰύ-

1020 1326 1111 1353 ναμαι
1129 1318 1239 1353 φέρειν.
1260 1317 1288 1344 '0
1303 1317 1380 1351 λόγος
1393 1319 1408 1344 ὁ
1422 1317 1468 1344 τοῦ
1488 1318 1591 1354 Κυρίου
1608 1319 1705 1352 γέγονε
1721 1319 1805 1346 καίων

1021 1364 1104 1392 αὑτοῦ
1119 1365 1170 1400 τὴν
1185 1364 1308 1399 καρδίαν.
1330 1365 1386 1391 Καὶ
1411 1364 1519 1398 ἐγένετο
1536 1366 1553 1400 ἡ
1573 1365 1672 1400 καρδία
1695 1375 1747 1401 μου
1770 1367 1805 1398 ὡς

1021 1409 1077 1445 πῦρ
1099 1409 1280 1444 φλεγόμενον,
1302 1409 1446 1443 καιόμενον
1475 1409 1504 1436 ὲν
1528 1409 1585 1440 τοῖς
1615 1409 1719 1441 ὀστέοις
1745 1418 1802 1444 μου.

1026 1454 1160 1481 ’Υπὲὃαλε
1183 1455 1233 1489 τὴν
1256 1454 1393 1489 ἁμαρτίαν
1417 1455 1450 1490 ἢν
1475 1454 1623 1489 πεποίηκεν
1640 1455 1743 1482 εἰπών·
1767 1456 1804 1481 οὐ

983 1513 1004 1541 c
1019 1501 1061 1535 μὴ
1076 1499 1213 1534 ὀνομάσω
1225 1500 1257 1526 τὸ
1272 1500 1365 1534 ὄνομα
1375 1500 1496 1534 Κυρίου,
1510 1500 1558 1526 καί
1575 1501 1612 1526 οὐ
1624 1499 1668 1534 μὴ
1683 1500 1805 1532 λαλήσω

1019 1547 1068 1573 ἐπὶ
1085 1545 1124 1579 τῷ
1141 1547 1261 1580 ὀνόματι
1275 1546 1369 1573 αὑτοῦ
1386 1546 1444 1572 ἐτι·
1461 1546 1507 1572 καὶ
1521 1545 1641 1572 ἀπέϐαλε
1659 1547 1708 1581 τὴν
1720 1547 1806 1581 ἀμαρ-

1019 1591 1080 1618 τίαν
1096 1591 1228 1627 Ἱερεμίας
1250 1591 1309 1626 ἅμα
1326 1590 1365 1626 τῷ
1388 1592 1486 1618 εἰπεῖν.
1510 1591 1573 1618 Εἴθε
1589 1591 1668 1626 κάγὼ
1689 1592 1749 1627 ἅμα
1769 1591 1806 1627 τῷ

1021 1636 1188 1671 ἁμαρτῆσαι,
1196 1637 1242 1663 καὶ
1254 1638 1341 1663 εἰπεῖν
1350 1636 1429 1670 λόγον
1441 1637 1625 1672 ἁμαρτητικὸν
1639 1637 1804 1673 ᾐσθανόμην,

1019 1682 1059 1708 ὅτι
1075 1682 1169 1716 γέγονε
1186 1682 1241 1718 πῦρ
1257 1683 1286 1708 ὲν
1298 1683 1330 1717 τῇ
1349 1682 1447 1718 καρδίᾳ
1466 1690 1515 1717 μου
1528 1683 1566 1714 ὡς
1582 1683 1637 1718 πῦρ
1650 1684 1805 1718 καιόμενον,

1020 1727 1184 1762 φλεγόμενον
1199 1728 1227 1754 ὲν
1241 1728 1297 1758 τοῖς
1320 1727 1423 1758 ὀστέοις
1441 1735 1508 1762 μου,
1524 1727 1595 1752 ὣστε
1617 1735 1650 1762 με
1669 1727 1707 1762 μὴ
1729 1727 1805 1754 δύνα-

1021 1773 1081 1799 σθαι
1104 1773 1213 1807 φέρεινῑ
1230 1772 1329 1798 Μέλλει
1345 1780 1371 1798 τι
1387 1772 1401 1797 ό
1415 1771 1491 1806 λόγος
1503 1771 1620 1806 τολμᾷν,
1638 1772 1689 1798 οὐκ
1709 1771 1766 1799 οἶδα
1778 1773 1805 1798 δὲ

1020 1822 1044 1847 εἰ
1059 1820 1197 1856 συμφέρον
1213 1820 1251 1855 τῷ
1263 1819 1375 1855 τοιούτῳ
1388 1817 1682 1855 ἁκροατηρίῳ.Είρηκέ
1697 1828 1724 1845 τι
1739 1816 1806 1845 εἶναι

1020 1864 1088 1897 εἶδος
1103 1866 1197 1901 πυρὸς,
1213 1866 1298 1901 πυρὸς
1313 1865 1361 1891 οὐκ
1375 1864 1514 1900 αἰσθητοῦ,
1530 1864 1691 1896 κολάζοντος
1703 1864 1749 1889 τὸν
1764 1871 1806 1888 κο-

1019 1911 1164 1946 λαζόμενον
1179 1911 1224 1937 τοῦ
1241 1910 1321 1937 πόνου
1347 1911 1386 1941 εἰς
1408 1910 1438 1936 τὸ
1455 1911 1492 1945 μὴ
1510 1910 1602 1945 φέρειν
1620 1910 1715 1936 αὐτόν.
1739 1906 1805 1934 Eia

1019 1957 1074 1992 γάρ
1085 1965 1093 1971 ·
1115 1956 1245 1991 Ἐγένετο
1265 1956 1300 1982 ἐν
1324 1955 1361 1989 τῇ
1378 1955 1484 1988 καρδίᾳ
1495 1964 1555 1989 μου
1571 1955 1612 1987 ὡς
1627 1955 1688 1988 πῦρ
1704 1954 1805 1988 φλεγύ-

1017 2009 1110 2036 μενον
1126 2001 1174 2028 καὶ
1190 2000 1352 2035 καιόμενον
1367 2001 1417 2027 οὐκ
1433 2001 1461 2027 ὲν
1479 2002 1511 2035 τῇ
1529 2000 1626 2036 καρδίᾳ
1643 2009 1696 2035 μου
1715 2000 1805 2035 μόνον,

1019 2046 1087 2074 ἀλλὰ
1102 2046 1148 2073 καὶ
1164 2047 1199 2073 ἐν
1211 2046 1273 2078 τοῖς
1287 2046 1404 2078 ὀστέοις
1416 2055 1490 2080 μου·
1506 2046 1555 2072 καὶ
1570 2046 1710 2080 παρεῖμαι
1733 2044 1806 2072 πάν-

1019 2094 1121 2125 τοθεν,
1136 2092 1185 2119 καὶ
1202 2093 1237 2119 οὺ
1251 2092 1379 2126 δύναμαι
1398 2091 1509 2126 φέρειν.
1530 2091 1600 2125 Ἐγὼ
1617 2092 1754 2126 φοϐοῦμαι
1770 2091 1805 2126 μὴ

1019 2139 1123 2165 τοιοῦτό
1135 2139 1192 2164 εστι
1210 2138 1240 2164 τὸ
1255 2138 1434 2173 ἀποκείμενον
1448 2138 1512 2172 ἡμῖν
1526 2137 1581 2173 πῦρ
1602 2138 1755 2172 γινόμενον,
1769 2137 1804 2168 ὼς

185 2183 336 2216 comburit,
350 2183 395 2210 hic
411 2187 500 2209 autem
513 2183 569 2209 urit
583 2190 643 2214 cor,
657 2187 684 2209 et
697 2190 712 2209 a
728 2183 810 2210 corde
834 2184 924 2218 incipi:

1064 2185 1095 2218 τῇ
1111 2182 1209 2218 καρδίᾳ
1223 2182 1333 2217 γέγονεν
1353 2183 1493 2218 Ἰερεμίου.
1515 2182 1551 2209 Οὐ
1578 2183 1756 2218 πεπόνθαμεν
1778 2182 1803 2208 δὲ

185 2231 307 2263 permeat
322 2235 369 2261 per
380 2227 470 2254 omnia
485 2234 558 2259 0553,
570 2234 617 2261 per
630 2234 727 2254 omnes
743 2228 866 2262 corporis
877 2233 967 2262 partes

185 2277 334 2308 grassatur,
348 2272 440 2307 sicque
454 2272 567 2306 invadit,
577 2278 607 2299 ut
621 2273 667 2307 qui
683 2273 758 2300 ardet
774 2273 908 2300 sustinere
920 2282 967 2301 ne-

184 2323 273 2353 qucat.
290 2317 356 2351 Quis
372 2317 454 2353 274
466 2318 499 2344 de
513 2317 646 2352 ejusmodi
671 2318 731 2353 igne
750 2318 840 2346 dicere
857 2323 964 2353 potest:

183 2364 217 2392 Et
233 2371 284 2390 non
297 2371 403 2398 possunt
421 2364 508 2397 [‘erre?
521 2362 587 2390 Novi
599 2363 680 2390 etiam
695 2364 813 2391 latrones
828 2365 874 2399 qui
894 2364 966 2392 hunc

182 2411 272 2445 ignem
291 2409 428 2437 sustinere
442 2417 494 2436 non
511 2414 656 2444 potuerunt
672 2415 781 2444 propter
795 2410 848 2438 vim
865 2411 967 2438 doloris

182 2463 263 2491 quem
275 2454 417 2482 inferebat.
427 2455 504 2483 Alius
516 2459 557 2482 est
567 2455 644 2482 dolor
657 2463 737 2489 quem
752 2455 834 2482 infert
851 2456 920 2490 ignis
932 2456 967 2483 ab

180 2499 297 2528 Jeremia
314 2500 466 2534 descriptus
478 2500 604 2527 dicente:
623 2494 654 2525 Εἰ
671 2500 758 2534 [actas
782 2506 820 2527 est
841 2502 868 2527 in
889 2502 966 2527 corde

181 2553 237 2572 meo
249 2546 315 2572 sicut
330 2545 398 2580 ignis
414 2547 519 2576 ardens,
532 2553 607 2571 urens
625 2545 650 2571 in
667 2544 768 2572 ossibus
784 2547 858 2578 nuis,
873 2551 895 2572 et
908 2547 964 2572 dis-

181 2591 284 2618 soiutus
301 2599 359 2618 sum
379 2591 507 2626 undique,
531 2595 556 2617 et
582 2599 632 2616 non
655 2599 760 2625 possum
783 2592 860 2625 [arra
889 2591 966 2618 Iluuc

182 2638 270 2672 ignem
292 2637 415 2664 accendit
436 2636 560 2664 Salvmor
580 2645 641 2664 cum
666 2637 775 2663 dixit“:
796 2636 884 2671 lgncm
909 2637 965 2663 uani

182 2682 284 2710 mittere
297 2683 323 2710 iu
340 2688 448 2710 terram.
459 2683 491 2710 Et
504 2683 632 2718 quoniam
651 2682 725 2709 ὶΙΙιιιιι
739 2683 826 2717 ignem
842 2683 966 2709 arcendit

185 2726 319 2760 Salvator,
348 2729 408 2755 ideo
431 2728 623 2763 incipientibus
642 2728 728 2761 i|t>llln
752 2728 856 2759 audite,
876 2727 964 2761 ignem

226 2814 301 2841 'Jer.
320 2823 368 2847 xx,
385 2816 410 2843 ί).
450 2817 458 2833 ¹
480 2817 544 2843 Luc.
563 2825 610 2850 xu,
633 2818 676 2844 40.

1020 2228 1085 2254 αὺτὸ
1094 2236 1101 2244 ⁸
1115 2229 1138 2254 εί
1158 2227 1352 2262 ὲπεπόνθειμεν
1365 2227 1459 2256 τοῦτο.
1482 2228 1529 2254 καὶ
1552 2227 1698 2263 προέκειτο
1712 2227 1746 2253 τὰ
1761 2227 1806 2253 δύο

1020 2274 1103 2309 πυρὰ,
1119 2273 1196 2300 τοῦτο
1209 2273 1239 2300 τὸ
1255 2272 1320 2309 πῦρ,
1340 2274 1386 2300 καὶ
1403 2273 1434 2299 τὸ
1445 2273 1543 2305 ἔξωθεν
1557 2274 1623 2308 πῦρ,
1642 2273 1656 2299 ὃ
1672 2273 1805 2309 βλέπομεν

1019 2321 1065 2346 ἐπὶ
1085 2320 1139 2346 τῶν
1157 2320 1307 2355 καιομένων
1324 2319 1376 2346 ὑπὸ
1391 2319 1445 2345 τῶν
1469 2319 1625 2354 ἡγουμένων
1641 2319 1697 2345 τῶν
1711 2319 1803 2349 ἐθνῶν,

1019 2364 1147 2399 εἱλόμεθα
1169 2364 1201 2390 ἂν
1218 2365 1305 2390 ἐκεῖνο
1322 2363 1420 2398 μᾶλλον
1441 2363 1471 2389 τὸ
1490 2363 1545 2398 πῦρ
1561 2363 1577 2398 ἢ
1598 2363 1693 2389 τοῦτο·
1719 2364 1803 2389 ἐκεῖνο

1020 2408 1069 2444 μὲν
1086 2407 1141 2443 γὰρ
1157 2408 1230 2434 καίει
1249 2407 1298 2442 τὴν
1320 2407 1496 2442 ἐπιφάνειαν,
1517 2408 1598 2434 τοῦτο
1617 2408 1647 2434 δὲ
1666 2408 1739 2434 καίει
1756 2409 1803 2442 τὴν

1018 2453 1130 2488 καρδίαν
1141 2477 1150 2488 ,
1165 2453 1211 2479 καὶ
1228 2452 1378 2487 ἀρξάμενον
1399 2452 1453 2478 ἀπὸ
1468 2453 1516 2487 τῆς
1531 2452 1644 2487 καρδίας
1665 2452 1803 2479 διικνεῖται

1018 2499 1064 2525 ἐπὶ
1077 2499 1165 2524 πάντα
1177 2498 1209 2524 τὰ
1223 2498 1298 2530 ὀστᾶ,
1317 2498 1363 2524 καὶ
1377 2498 1531 2533 ἱκνούμενον
1544 2498 1590 2524 ἐπὶ
1602 2497 1635 2524 τὰ
1650 2498 1717 2523 ὀστᾶ
1728 2497 1804 2531 ἔρχευ

1019 2553 1062 2570 ται
1081 2543 1127 2569 ἐπὶ
1142 2542 1202 2569 ὅλον
1222 2542 1267 2568 τὸν
1286 2542 1444 2577 καιόμενον,
1462 2543 1509 2568 καὶ
1528 2542 1614 2573 οὕτως
1628 2542 1754 2576 ἔρχεται,
1768 2542 1802 2571 t'u;

1021 2590 1058 2625 μὴ
1074 2588 1202 2615 δύνασθαι
1216 2589 1261 2614 τὸν
1276 2588 1417 2623 καιόμενον
1435 2588 1536 2624 φέρειν.
1559 2588 1605 2619 Τίς
1628 2588 1674 2614 ἐπὶ
1693 2588 1803 2621 τοιούτῳ

1020 2635 1086 2670 πυρὶ
1097 2634 1206 2660 δύναται
1221 2633 1310 2667 λέγειν
1320 2642 1326 2648 ·
1342 2633 1398 2660 Kal
1415 2634 1450 2659 οὺ
1465 2633 1591 2667 δύναμαι
1608 2633 1726 2667 φέρειιτ
1740 2630 1804 2659 Οίία

1019 2680 1066 2708 κα)⁵
1091 2679 1189 2716 λῃστὰς
1209 2678 1288 2704 τοῦτο
1303 2678 1332 2705 τδ
1351 2678 1406 2715 πῦρ
1424 2679 1461 2714 μὴ
1475 2678 1638 2714 δυνηθέντας
1661 2679 1802 2712 ὑπομεῖναι

1019 2725 1062 2752 διὰ
1077 2725 1121 2752 τὸν
1136 2724 1215 2752 πόνον
1235 2724 1288 2751 ἀπὸ
1304 2724 1398 2751 τούτου
1412 2723 1459 2751 τοῦ
1477 2724 1571 2759 πυρός.
1589 2723 1683 2755 ’Ἄλλος
1699 2724 1772 2749 ἐστὶν
1785 2721 1800 2748 ὁ
