1872 3048
53 84 93 114 525'

55 144 160 179 ἒφίττημι
182 142 237 176 γὰρ
256 140 295 176 τῷ
313 137 505 175 σημαινομὲνῳ
521 138 567 164 τοῦ
578 158 584 170 ,
602 137 729 169 ἐτάζειν,
746 139 814 174 ὅπερ
831 143 849 169 Α

52 190 140 223 λέγεται
154 188 181 214 ἐν
193 187 230 222 τῷ
245 185 295 221 βίῳ
309 186 346 221 (Ι)
361 185 448 220 τούτῳ
464 185 510 210 ἐπὶ
528 184 581 210 τῶν
596 184 814 219 βασανιζομένων

52 236 88 263 ἐπὶ
100 234 147 266 τοῖς
158 233 342 268 δικαστηρίοις
352 252 359 264 ,
379 232 445 258 ὅπου
462 231 487 257 oi
509 231 557 266 μὲν
570 229 710 262 ὲτάζουσιν
724 230 772 266 (2),
790 231 814 256 οἰ

52 281 74 308 δὲ
84 280 221 312 ὲτάζονται,
236 277 309 306 οὗτοι
322 279 349 305 δέ
363 280 414 304 εἰσι
431 279 478 304 καὶ
495 279 522 304 ὲν
541 277 631 309 πόνοις
645 277 813 312 βαρυτάτοις.

54 325 78 350 Ol
92 324 133 359 μὲν
147 321 190 350 οὖν
202 323 332 349 κολασταὶ
344 322 469 354 ὲτάζουσι
483 321 612 357 πλευρὰς,
629 321 754 353 ὲτάζουσι
769 321 816 347 σώ-

56 378 126 404 ματα”
137 369 234 403 Κύρνος
247 369 275 395 δὲ
289 369 367 404 μόνος
384 368 475 395 καινὸν
491 368 547 402 ἔχει
565 367 663 403 τρόπον
678 367 814 402 ἐτασμῶψ

55 415 137 446 ὲτάζων
151 414 204 449 γάρ
221 415 278 440 ὲστι
292 414 412 449 καρδίας,
428 413 475 439 καὶ
490 413 563 448 μόνῳ
577 413 616 448 τῷ
628 413 721 448 Κυρίῳ
739 413 818 448 πρόσ-

54 468 97 485 εστι
115 459 141 485 τὸ
155 458 289 490 ἐξετάζειν
305 459 343 494 (5)
365 458 478 494 καρδίας
500 458 547 484 καὶ
571 457 698 493 νεφρούς.
713 458 818 493 Λῃσταὶ

54 505 147 530 luta-30':
156 503 294 536 ὲτάζονται
304 504 374 530 κατὰ
384 503 530 539 πρόσταξιν
540 504 689 539 ἡγουμένου
704 503 816 538 πλευρά*

55 552 100 576 ἐκεῖ
110 551 134 577 δὲ
147 551 192 577 οὐκ
210 552 241 577 ὲκ
258 550 431 586 προστάξεως
447 550 525 582 Θεοῦ,
539 549 595 576 ἀλλ’
612 550 657 576 ὑπ’
672 549 753 576 αὑτοῦ
771 548 818 576 τοῦ

55 597 138 631 Κυρίου
149 595 271 628 ὲτάζεταί
285 605 328 628 τις
342 597 456 631 νεῳροῡς
467 597 513 622 καὶ
530 596 641 631 καρδίας
651 603 658 610 ·
673 596 696 621 εί
715 595 751 631 μὴ
767 596 819 630 ἄρα

55 642 149 668 ἐνταῦθα
172 642 242 676 λέγω
271 642 316 668 τὸν
343 643 390 677 μὲν
412 641 649 677 προστασσόμενον
675 639 744 668 εἶναι
774 641 819 667 τὸν

55 688 114 719 Υίὸν,
129 689 168 715 τὸν
182 689 210 715 δὲ
226 689 430 724 προστάσσοντα
445 686 515 715 εἶναι
527 688 572 714 τὸν
585 687 706 723 Πατέρα,
718 687 820 713 καὶτὸν

56 734 123 767 Λόγον
135 732 199 760 εἶναι
215 734 260 760 τὸν
273 733 403 765 ὲτάζοντα
419 733 534 769 καρδίας
557 732 604 759 καὶ
620 732 736 767 νεφροὺς
746 752 752 764 ,
774 732 821 758 καὶ

56 779 131 806 πασῶν
143 773 172 814 γε
188 779 290 814 νομίζω
314 779 437 815 βασάνων
448 799 454 811 ,
480 779 587 806 πάντων
601 779 654 806 τῶν
672 780 759 805 πόνων
773 778 819 813 βα-

55 826 137 861 ρύτερα
147 826 179 852 τὰ
191 826 246 852 ἀπὸ
260 826 306 852 τοῦ
324 827 421 859 Λόγου,
434 827 498 853 ὃταν
511 826 638 861 ὲτάζηται
656 825 693 861 (4)
707 824 820 860 καρδίας

55 872 91 898 καὶ
104 872 221 907 νεφρούς.
246 873 291 899 Διὸ
311 873 398 899 πάντα
412 873 592 908 πράττωμεν,
609 872 653 898 ἵνα
673 871 709 907 μὴ
733 879 822 906 παρα-

54 917 156 952 ὼθῶμεν
178 919 276 954 ἐκείνῳ
303 918 341 954 τῷ
367 918 493 954 ὲτασμιῖ),
518 916 549 945 οὗ
577 918 696 952 ὲτασμοῦ
730 917 820 952 οἴομαι

54 962 145 988 ἔλαττον
160 962 274 998 πάσχειν
296 964 358 994 τοὺς
380 962 609 998 παραδιδομένους
628 962 684 993 τοῖς
709 961 823 996 λεγομέ-

54 1015 97 1038 νοις
107 1009 132 1034 ὲν
144 1008 347 1043 τῴΕὐαγγελίῳ
358 1009 538 1044 βασανισταῖς.
551 1008 660 1040 Πολλοῖς
671 1008 725 1044 γὰρ
736 1016 822 1042 παρα-

53 1052 159 1085 ίίδονται,
176 1054 246 1089 τάχα
263 1054 366 1080 πλείοσι
382 1054 524 1089 βασανιστο
532 1054 556 1085 ῖς
576 1053 646 1080 κατὰ
660 1052 706 1089 τὴν
722 1053 819 1089 ἀρχὴν,

54 1098 141 1125 eam
158 1099 227 1131 ἄξιοι
246 1100 384 1135 γενόμενοι
407 1100 600 1135 παραδίδοσθαι
621 1099 661 1126 ἑνὶ
682 1099 762 1133 Λόγῳ
781 1096 821 1133 τῷ

55 1143 158 1176 ἐτάζοντι
177 1146 292 1181 καρδίας
307 1146 352 1173 καὶ
367 1147 491 1182 νεφρούς.
519 1147 548 1174 '0
571 1146 697 1176 πλούσιος
718 1146 822 1177 ἐκεῖνος

54 1190 142 1218 οὐδέπω
155 1192 229 1225 ἄξιος
243 1191 277 1228 ἦν
300 1192 485 1228 παραδοθῆναι
508 1191 546 1227 τῷ
563 1191 687 1224 ὲτάζοντι
709 1191 822 1227 καρδίας

54 1237 90 1262 καὶ
103 1238 212 1273 νεφρούς
222 1247 228 1253 ·
244 1239 287 1265 διὰ
299 1239 376 1265 τοῦτο
384 1239 436 1265 ὑπὸ
449 1239 578 1266 πλειόνων
590 1238 627 1274 (5)
638 1238 819 1269 ἐϐασανίζετο.

55 1280 169 1319 Ὕστερον
185 1284 212 1311 δὲ
225 1285 250 1311 εἰ
265 1284 311 1311 καὶ
326 1285 428 1316 ἐκεῖνος
444 1283 523 1310 τοῦτο
545 1284 644 1319 πάσχει
658 1283 674 1318 ἢ
693 1283 740 1318 μὴ,
753 1284 767 1310 ὁ
778 1283 822 1309 δυ-

835 809 856 836 Β

608 77 641 104 IN
659 76 833 105 JEBEMIAM
855 77 994 104 liOMILlA
1027 78 1084 104 ΧΧ.

1596 81 1649 108 526

867 135 910 165 tur
926 146 1058 173 corpora;
1084 137 1217 165 Dominus
1239 141 1328 165 autem
1347 139 1423 166 solus
1446 147 1545 167 novum
1569 140 1650 168 habet

867 185 1006 211 scrutandi
1021 184 1149 216 modum;
1166 187 1305 210 scrutatur
1318 184 1391 210 enim
1409 184 1502 216 corda.
1515 189 1540 212 et
1557 186 1583 212 in
1603 194 1650 214 so-

867 230 919 257 lius
937 229 1042 257 Domini
1058 233 1190 264 potestate
1212 235 1254 257 est
1276 230 1392 257 scrutari
1416 230 1496 258 corda
1512 235 1539 258 et
1561 239 1649 260 renes.

867 273 1033 302 Latronibus
1055 274 1100 302 hic
1122 274 1200 308 jussu
1222 275 1346 309 praesidis
1371 275 1455 303 latera
1479 275 1651 311 fodicantur;

867 321 902 347 ibi
919 324 1008 347 autem
1028 327 1081 348 non
1097 320 1176 355 jussu
1197 320 1258 352 Dei,
1284 320 1331 348 sed
1347 321 1382 347 ab
1396 321 1510 355 ipsemet
1536 322 1653 352 Domino

868 373 947 394 renes
968 370 995 393 et
1019 366 1100 393 corda
1126 366 1342 401 uniuscujusque
1364 372 1572 402 examinantur;
1600 370 1652 397 nisi

869 411 937 438 forte
952 412 995 438 hic
1016 411 1104 439 dicam
1120 411 1218 438 Filium
1232 419 1293 439 esse
1307 412 1350 439 cui
1365 413 1530 448 praecipitur,
1545 414 1651 444 Patrem

869 465 932 485 vero
946 458 991 492 qui
1016 458 1152 493 praecipit,
1167 457 1337 494 Verbumque
1347 466 1407 488 esse
1425 463 1498 494 quod
1516 466 1655 490 scrutatur

871 511 951 531 renes
975 507 1000 530 et
1023 504 1104 531 corda
1118 524 1125 537 ,
1148 511 1180 531 ae
1194 504 1322 531 omnibus
1337 504 1451 531 tortoris
1472 506 1655 542 omnibusque

870 549 1009 576 doloribus
1026 549 1150 583 graviora
1167 556 1227 577 esse
1243 554 1307 584 pulo
1326 555 1461 579 tormenta
1474 560 1489 579 a
1506 553 1592 580 Verbo
1609 561 1654 581 re-

870 601 920 621 nes
934 601 960 621 et
975 594 1057 622 corda
1077 598 1216 622 scrutante
1232 595 1316 622 illata.
1330 595 1501 631 Quapropter
1516 598 1592 625 omni
1605 605 1656 633 ope

871 641 989 667 nitamur
1005 644 1035 667 ut
1055 640 1187 674 ejusmodi
1208 641 1326 668 examini
1350 649 1403 669 nou
1420 643 1576 676 tradamur,
1602 652 1657 679 quo

872 687 980 721 quidem
1004 687 1129 714 examine
1159 687 1261 714 leviora
1295 687 1356 715 illos
1380 688 1507 716 existimo
1529 691 1583 725 pati
1609 692 1657 726 qui

872 733 1034 768 evangelicis
1049 733 1222 760 exactoribus
1234 733 1387 760 traduntur.
1407 734 1498 763 Multis
1511 738 1582 764 enim
1600 742 1660 766 tra-

873 779 990 812 duntur,
1005 783 1031 806 et
1055 779 1168 806 fortasse
1190 779 1314 813 pluribus
1339 781 1513 809 exactoribus
1537 784 1588 810 sub
1606 784 1660 811 ini-

871 823 937 849 tium
950 843 958 856 ,
974 831 1036 850 cum
1059 824 1173 851 necdum
1192 824 1265 858 digni
1279 825 1416 852 evaserint
1437 827 1483 860 qui
1505 828 1551 854 uni
1568 828 1658 857 Verbo

869 869 951 896 corda
969 876 1103 904 rcnesque
1121 870 1254 896 scrutanti
1272 870 1423 898 tradantur.
1441 871 1520 899 Dives
1532 872 1576 900 ille
1587 881 1659 901 non-

871 915 934 942 dum
952 915 1051 950 dignus
1072 920 1130 943 erat
1152 916 1197 950 qui
1217 916 1298 943 corda
1312 920 1339 943 et
1357 924 1436 944 renes
1452 920 1584 946 scrutanti
1602 924 1659 948 tra-

871 962 991 994 deretur,
1009 961 1123 996 ideoque
1147 969 1162 988 a
1184 962 1307 996 pluribus
1324 964 1513 998 torquebatur.
1539 965 1658 994 Tandem

873 1016 938 1036 vero
953 1012 1043 1035 utrum
1059 1008 1141 1035 etiam
1156 1008 1209 1036 hoc
1219 1009 1374 1043 experiatur
1391 1018 1485 1044 necne,
1501 1012 1548 1046 qui
1559 1004 1659 1047 potest,

875 1054 1005 1089 inquirat.
1024 1053 1088 1081 Utut
1099 1059 1150 1087 est,
1165 1062 1226 1089 qure
1253 1063 1302 1083 nos
1318 1060 1440 1089 manent,
1457 1062 1572 1086 tortores
1584 1064 1659 1093 aunt,

873 1103 902 1126 et
916 1104 1052 1127 scrutator
1065 1099 1188 1127 cex-dium
1205 1104 1233 1128 et
1250 1108 1346 1128 renum
1362 1102 1395 1129 de
1409 1103 1526 1136 peccatis
1540 1106 1659 1140 nostris;

874 1145 973 1180 quibus
990 1145 1017 1172 ni
1033 1145 1087 1172 cito
1106 1145 1267 1178 liberentur.
1285 1146 1310 1173 in
1333 1147 1391 1175 istis
1409 1148 1581 1178 haerebimus.
1598 1151 1661 1180 ldco

875 1191 986 1219 excitati
1002 1199 1079 1226 opem
1094 1199 1109 1219 a
1128 1191 1182 1218 Deo
1197 1192 1366 1226 postulamus
1383 1197 1413 1220 ut
1430 1194 1455 1221 in
1472 1194 1582 1224 Christo
1595 1196 1660 1225 Jesu

875 1237 1069 1264 beatitudinem
1080 1244 1292 1272 consequamur,
1307 1239 1350 1266 cui
1366 1244 1408 1267 est
1419 1240 1503 1275 gloria
1522 1241 1548 1268 in
1562 1243 1661 1271 saecula

875 1283 1048 1311 sazeulorum.
1064 1283 1160 1310 Amen.

53 1328 150 1362 νάμενος
170 1329 333 1362 ἐξεταζέτω.
349 1330 421 1366 Πλὴν
442 1329 475 1356 τὰ
492 1330 672 1365 περιμένοντα
689 1328 727 1364 (6)
751 1329 823 1364 ἡμᾶς
843 1329 900 1354 ἐστι
914 1328 1083 1363 βασανισταὶ,
1093 1330 1138 1355 καὶ
1154 1330 1257 1362 ἐτάζων
1276 1330 1324 1362 τὰς
1348 1331 1460 1366 καρδίας
1481 1334 1528 1360 καὶ
1548 1336 1662 1370 νεφροὺς

55 1375 91 1401 ἐπὶ
102 1378 154 1407 τοῖς
166 1377 466 1414 ἁμαρτήμασινὴμῶν·
478 1374 515 1403 ὧν
536 1376 738 1414 ἁμ-νρτημάτων
758 1377 782 1402 εί
799 1375 835 1411 μὴ
854 1375 947 1411 τάχιον
972 1376 1189 1412 ἀπαλλαγῶμεν,
1204 1378 1232 1404 ἐν
1258 1378 1363 1410 τούτοις
1382 1380 1510 1415 ἐσόμεθα.
1534 1382 1578 1408 Διὸ
1598 1384 1664 1410 ἀνα·

56 1421 153 1454 πάντες
176 1424 226 1459 τὴν
252 1423 305 1450 ἀπὺ
325 1423 391 1450 Θεοῦ
414 1422 539 1458 βοήθειαν
560 1425 732 1457 αίτὴσωμεν,
757 1421 798 1448 ἵνα
831 1422 859 1448 ἐν
879 1422 988 1458 Χριστῷ
1013 1422 1099 1458 Ἰησοῦ
1124 1423 1351 1459 μακαρισοῶμεν,
1376 1422 1399 1458 ᾦ
1419 1427 1434 1461 ἡ
1453 1426 1516 1459 δόξα
1537 1429 1576 1461 εἰς
1599 1429 1662 1458 τοὺς

55 1467 140 1499 uidua;
153 1468 206 1495 τῶν
220 1468 329 1496 αἰώνων
345 1468 392 1503 l7).
412 1468 498 1503 ’Λμήν

279 1515 358 1549 277
380 1512 521 1540 IIOMILIA
535 1512 593 1539 ΧΧ.

55 1570 84 1597 De
97 1579 126 1598 eo
137 1572 205 1605 quod
235 1571 365 1605 scriptum
388 1577 447 1598 est:
473 1571 610 1603 Quomodo
627 1570 777 1604 (anfractus
802 1575 827 1598 et

159 1608 289 1634 contrilus
303 1612 340 1633 est
354 1606 464 1633 malleus
478 1607 606 1633 uniuersa:
621 1611 707 1632 ter-rw.

83 1652 221 1686 Quomodo,
235 1653 274 1680 ait
283 1653 315 1684 ¹⁹.
328 1652 479 1687 confractus
489 1656 513 1678 et
523 1653 652 1679 covlritus
665 1658 700 1678 est
716 1651 827 1678 malleus

55 1698 167 1726 universe
187 1699 289 1725 turne?
306 1698 437 1732 quomodo
452 1698 524 1732 facta
541 1702 578 1724 eu
596 1698 622 1724 in
643 1698 828 1724 exterminium

53 1742 157 1778 Babylon
169 1745 182 1771 Γ
200 1744 385 1777 Quaerendum
409 1744 480 1771 inter
498 1744 554 1771 haec
572 1744 634 1779 quis
659 1743 696 1770 sit
713 1743 828 1770 malleus

54 1789 173 1817 universae
187 1795 278 1822 terrae,
292 1797 385 1824 quisve
395 1790 454 1824 ejus
467 1789 594 1816 contritio
607 1798 612 1816 :
628 1789 699 1816 unde
711 1790 748 1816 ait
763 1797 828 1824 pro«

53 1835 133 1868 pheta,
146 1836 210 1870 quia
227 1840 293 1863 ante
308 1835 465 1863 confractus
483 1841 524 1863 est
539 1841 621 1870 quam
635 1835 781 1866 contritus,
799 1839 829 1862 ut

54 1886 239 1916 congregantes
255 1889 285 1908 ea
302 1889 363 1916 qua:
375 1881 475 1908 alicubi
487 1881 520 1908 de
533 1881 630 1908 malleo
641 1881 740 1915 scripta
753 1885 826 1913 sunt,

53 1934 105 1953 cum
122 1927 309 1955 invenerimus
324 1935 422 1954 nomen
444 1927 515 1962 ejus,
539 1926 733 1962 investigemus
745 1926 826 1953 etiam

53 1973 159 2000 nominis
170 1974 341 2000 voluntatem
357 1981 390 2000 ex
407 1973 451 2000 bis
464 1980 524 2008 quae
536 1972 674 2000 aﬂ'erimus
684 1972 826 2007 exemplis.

53 2017 142 2046 Domus
158 2019 300 2053 quondam
322 2018 534 2053 componebatur
549 2017 607 2050 Dei,
619 2017 697 2052 juxta
717 2018 827 2045 tertium

53 2062 195 2095 Regnorum
221 2065 321 2091 librum
333 2085 340 2094 ,
358 2068 384 2091 et
402 2064 531 2091 Salomon
552 2068 610 2091 erat
628 2068 788 2091 construens
801 2068 829 2091 et

52 2110 177 2138 aadilicans
204 2119 279 2138 eam.
297 2109 403 2145 Ubique
422 2109 501 2144 quasi
525 2109 552 2136 in
579 2109 659 2136 laude
677 2101 779 2136 dicitur
793 2109 827 2136 de

52 2153 122 2182 dumo
136 2155 192 2189 Dei,
209 2155 276 2191 quia
295 2155 408 2182 malleus
419 2159 443 2182 cl
460 2155 565 2182 securis
580 2162 634 2181 non
652 2158 716 2181 sunt
744 2154 828 2183 auditi

841 1518 862 1545 c
879 1513 913 1541 ad
930 1518 1055 1541 sanctum
1072 1513 1203 1548 Spiritum
1215 1520 1255 1542 est
1269 1515 1302 1542 de
1315 1516 1436 1544 sensibili
1450 1519 1556 1552 malleo,
1571 1528 1664 1555 quaero

880 1560 1020 1586 materiam
1038 1559 1135 1587 malleo
1157 1559 1307 1593 fortiorem,
1328 1569 1389 1596 quae
1405 1563 1472 1590 nihil
1490 1565 1524 1592 ab
1546 1573 1579 1593 eo
1603 1575 1663 1602 per-

879 1612 958 1632 cussa
977 1605 1106 1639 patiatur.
1120 1605 1206 1639 Quam
1221 1607 1331 1641 quidem
1347 1616 1471 1643 quaerens
1488 1612 1573 1646 reperi
1588 1613 1615 1639 in
1631 1621 1664 1641 eo

879 1651 952 1684 quod
965 1651 1095 1686 scriptum
1108 1656 1147 1678 est
1161 1661 1167 1678 :
1186 1651 1251 1679 Ecce
1268 1653 1307 1679 t-ir
1318 1659 1391 1680 stans
1406 1663 1483 1689 super
1494 1663 1582 1684 muros
1596 1658 1663 1684 ada-

880 1697 1028 1730 mantinos,
1045 1702 1070 1724 et
1086 1698 1112 1724 in
1129 1706 1210 1725 manu
1238 1698 1294 1732 ejus
1311 1701 1432 1727 adamas.
1458 1701 1549 1729 Refert
1572 1710 1663 1731 autem

879 1741 913 1768 de
930 1742 1076 1770 adamante
1087 1743 1212 1776 historia,
1226 1744 1288 1778 quia
1302 1743 1397 1772 fortior
1410 1745 1446 1772 sit
1460 1748 1535 1774 omni
1551 1749 1664 1777 candenti

880 1793 909 1814 se
920 1787 1029 1820 malleo,
1045 1788 1210 1815 incontritus
1221 1793 1247 1815 et
1258 1790 1477 1819 inconvincibilis
1490 1800 1664 1826 permanens.

879 1831 955 1860 l-ieet
969 1839 1050 1867 supra
1069 1837 1122 1860 stet
1136 1833 1251 1860 malleus
1269 1833 1398 1868 Zabulus,
1413 1840 1440 1862 et
1458 1837 1615 1871 suppositus
1631 1840 1664 1866 sit

879 1877 971 1910 draco,
986 1882 1032 1912 qui
1046 1883 1087 1905 est
1104 1879 1182 1913 quasi
1198 1879 1276 1906 incus
1290 1879 1472 1914 indomabilis,
1489 1882 1557 1909 nihil
1573 1887 1664 1911 tamen

880 1924 907 1951 in
924 1932 1005 1951 manu
1020 1923 1077 1957 Dei,
1093 1929 1121 1951 et
1142 1925 1168 1951 in
1192 1930 1338 1960 conspectu
1358 1926 1417 1960 ejus
1431 1928 1583 1956 consistens
1601 1930 1665 1958 ada—

879 1977 938 1997 mas
950 1970 1108 2004 perpetitur.
1122 1969 1181 1996 Duo
1196 1970 1286 2005 itaque
1297 1972 1435 1999 contraria
1448 1977 1513 1999 sunt
1527 1973 1663 2002 adamanti

880 2016 924 2043 isti
944 2016 1058 2043 malleus
1076 2020 1103 2042 et
1118 2016 1196 2043 incus
1215 2017 1439 2051 improducibilis.
1455 2017 1512 2045 Jam
1528 2019 1663 2053 quoddam

879 2067 961 2089 estet
978 2063 1048 2097 apud
1066 2063 1188 2090 nationes
1207 2063 1301 2090 tritum
1317 2063 1389 2099 vulgi
1412 2071 1540 2091 sermone
1556 2073 1666 2099 prover-

878 2107 966 2141 bium,
985 2112 1014 2135 ut
1027 2109 1059 2136 de
1078 2109 1120 2136 his
1134 2109 1179 2144 qui
1198 2109 1381 2137 anxietatibus
1398 2115 1424 2137 et
1438 2110 1593 2145 ingentibus
1608 2118 1667 2138 ma-

880 2152 913 2180 lis
930 2158 1102 2187 premuntur,
1114 2153 1217 2185 dicant,
1231 2154 1301 2181 inter
1322 2155 1449 2182 malleum
1465 2159 1529 2182 sunt
1545 2161 1572 2183 ct
1589 2156 1667 2183 incu-

51 2200 72 2226 in
88 2201 164 2228 domo
180 2201 229 2229 Dei
239 2201 273 2229 ³ο,
286 2202 356 2236 Ergo
370 2201 507 2235 quomodo
526 2201 638 2228 malleus
651 2208 705 2227 non
718 2201 827 2228 auditur
843 2201 865 2228 D
880 2199 952 2226 dem.
965 2198 1004 2225 Tu
1019 2204 1110 2227 autem
1123 2200 1173 2228 hoc
1185 2199 1270 2227 refers
1281 2201 1313 2227 ad
1325 2200 1457 2228 Zabulum
1469 2206 1497 2229 et
1509 2201 1666 2234 draconem,

52 2245 73 2271 in
90 2247 167 2276 domo
194 2248 255 2281 Dei,
273 2248 314 2276 sic
333 2248 398 2283 quia
423 2248 521 2274 domus
549 2246 596 2273 Dei
623 2246 744 2274 Ecclesia
767 2250 827 2280 est,

51 2293 153 2321 malleus
178 2295 207 2321 in
240 2293 363 2321 Ecclesia
390 2301 444 2320 non
470 2293 590 2320 auditur.
619 2291 686 2325 Quis
712 2296 755 2320 est
778 2293 829 2320 iste

52 2339 154 2367 malleus
172 2339 270 2367 volens
284 2344 416 2374 quantum
431 2339 458 2365 in
476 2346 505 2366 se
522 2342 564 2365 est
578 2338 711 2373 impedire
725 2338 829 2372 lapides

50 2385 227 2413 :edillcationis
256 2385 368 2420 templi,
397 2390 427 2412 ut
451 2385 560 2412 contriti
587 2392 642 2412 non
668 2384 831 2412 conveniant

51 2428 223 2460 fundamentis
235 2431 317 2466 ejus?
332 2430 399 2458 Vide
416 2430 482 2458 mibi
508 2430 640 2459 Zabulum
662 2430 684 2457 si
701 2437 754 2457 non
772 2430 830 2464 ipse

50 2483 85 2505 est
98 2480 209 2507 malleus
223 2479 359 2507 universas
374 2483 462 2506 terrae.
475 2477 531 2513 Ego
543 2482 633 2505 autem
646 2477 830 2513 pronuntiabo

49 2527 194 2560 conlidens,
217 2535 281 2556 esse
304 2527 421 2561 aliquem
436 2526 482 2561 qui
500 2533 554 2553 non
577 2532 738 2560 magnopere
753 2528 830 2552 curet

49 2572 77 2600 de
98 2574 194 2602 malleo
220 2573 357 2601 universae
380 2577 468 2600 terra).
482 2571 514 2599 Et
529 2572 659 2606 quoniam
673 2571 828 2605 exemplum

355 2632 377 2647 ¹⁹
394 2630 425 2657 lll
441 2631 508 2665 Reg.
521 2638 558 2662 vl,
573 2630 598 2656 7.

131 2687 317 2729 ’ἔτ-τῷ-βίῳ.
334 2687 362 2714 1η
380 2688 473 2729 codice
481 2686 652 2729 _Scorialensi
671 2687 746 2729 deos!
763 2686 800 2712 ὲν.

88 2722 113 2757 9)
132 2722 224 2750 Codex
235 2722 394 2754 Vaticanus,
406 2725 462 2754 τοῖς
478 2722 662 2759 δικαστηρίοις
679 2721 830 2754 ὲτάζουσιν,

88 2758 105 2784 is
119 2758 275 2790 ἐτάζονται.

79 2793 114 2826 (δι
134 2793 219 2826 Idem,
233 2792 339 2825 ἔξεστιν
355 2792 470 2825 ἐπάξειν.

80 2629 99 2645 ¹¹
108 2629 208 2658 Jerem.
223 2639 251 2664 L,
263 2631 309 2658 25.

48 2757 68 2782 οἱ

881 2245 929 2280 qui
951 2245 1105 2272 istiusmodi
1124 2253 1232 2278 semper
1256 2246 1283 2272 in
1300 2246 1449 2281 Scripturis
1474 2255 1524 2281 pro
1538 2248 1667 2275 varietate

883 2298 1028 2318 causarum
1051 2291 1208 2318 nominibus
1237 2291 1442 2325 insigniuntur;
1465 2297 1491 2319 ct
1512 2292 1580 2320 dicis
1603 2293 1665 2327 quia

883 2342 1004 2364 sanctus.
1016 2337 1154 2371 quiquasi
1166 2345 1261 2364 murus
1275 2337 1477 2371 adamantinus,
1490 2338 1530 2365 vel
1544 2339 1569 2365 in
1584 2346 1666 2365 manu

884 2383 991 2410 Domini
1009 2383 1121 2410 adamas
1139 2387 1196 2416 est,
1222 2390 1276 2409 non
1294 2387 1372 2409 curet
1398 2391 1485 2418 neque
1508 2384 1542 2411 de
1559 2385 1666 2417 malleo.

884 2437 972 2463 neque
990 2429 1024 2456 de
1049 2428 1162 2460 incude,
1187 2428 1233 2455 sed
1259 2432 1361 2462 quanto
1383 2429 1444 2462 plus
1465 2437 1553 2457 caesus
1571 2430 1667 2461 fuerit.

884 2479 959 2502 tanto
983 2475 1043 2510 plus
1067 2474 1127 2509 ejus
1141 2474 1269 2501 virtutem
1297 2474 1495 2508 splendescere.
1513 2475 1596 2502 Aiunt
1620 2483 1669 2503 eos

883 2522 928 2556 qui
947 2520 1153 2548 mercimoniam
1169 2520 1289 2554 lapidum
1303 2524 1439 2551 exercent,
1457 2528 1518 2547 cum
1535 2521 1669 2548 voluerint

883 2568 997 2602 probare
1019 2567 1208 2600 adamantem,
1223 2567 1379 2602 ignorantes
1389 2571 1481 2593 utrum
1494 2566 1530 2594 sit
1546 2567 1668 2600 adamas,

1523 2629 1561 2647 ex,

921 2684 959 2718 (ά)
979 2683 1062 2715 Idem,
1081 2682 1173 2718 ὲτάζῃ.

921 2719 960 2751 l5)
981 2718 1071 2745 Codex
1089 2717 1281 2749 Seerialensis,
1297 2717 1343 2743 ἐπὶ
1359 2717 1502 2745 πλειόνων.

922 2754 960 2788 (6)
981 2753 1063 2785 idem,
1081 2753 1282 2788 παραμένοντα.

923 2786 962 2823 (7)
983 2788 1011 2814 lu
1026 2786 1264 2815 codice'Vaticauo
1277 2786 1353 2814 deest
1368 2786 1423 2814 τῶν
1442 2786 1558 2814 αἰώνων.
