1872 3048
179 61 230 88 527

912 61 930 87 U

1061 60 1074 86 ς
1759 61 1804 88 5S3

178 125 268 145 annon
283 120 327 150 Sit,
346 117 469 152 quandiu
489 118 616 147 malleum
630 124 657 146 et
674 119 798 147 incudem
820 126 873 146 non
895 120 969 146 inve-
985 120 1008 148 Δ
1021 119 1083 147 coeli
1111 120 1249 147 malleum.
1278 119 1372 155 Neque
1399 120 1473 147 enim
1499 119 1619 147 tenuiori
1653 118 1806 146 substantia

178 166 284 198 nerint;
310 171 376 193 tunc
402 171 495 193 autem
520 167 678 202 persuaderi
707 175 768 195 esse
793 167 967 194 vorissimum

179 212 364 245 adamantem,
379 212 403 239 si
419 212 567 252 ipdomitus
580 213 659 248 lapis,
672 213 695 241 si
716 213 786 240 inter
803 213 927 241 incudem
941 216 969 240 et

179 258 307 285 malleum
324 264 492 292 perseverat,
509 258 531 285 si
544 259 713 294 percutiente
725 259 842 293 desuper
859 258 968 291 malleo,

179 309 206 331 et
223 304 321 331 incude
344 304 486 339 supposita
513 305 608 332 durior
628 305 748 340 lapidum
773 310 869 333 natura
893 313 970 333 com-

143 387 146 389 _
180 351 275 386 pingit.
293 350 367 378 Talis
384 351 425 377 vir
445 355 505 378 est:
528 356 593 378 ante
618 352 785 379 tentationes
807 351 842 378 ab
860 351 902 379 his
922 351 969 386 qui

179 398 296 432 probare
322 397 426 432 lapides
454 397 602 430 nesciunt,
633 397 785 432 ignoratur.
811 397 970 425 Certissime

180 446 271 470 autem
282 442 359 468 novit
372 442 610 469 adamantinorum
624 443 744 477 lapidum
756 447 882 470 naturam
894 443 971 470 solus

180 487 253 515 Deus
276 486 400 522 plurimis
424 486 587 522 ignoratum.
608 486 665 522 Ego
689 487 747 521 ipse
769 487 858 514 adhuc
878 487 971 514 nescio

181 538 290 566 utrum,
317 533 444 560 veniente
466 532 566 560 malleo
587 537 615 560 ct
635 533 804 567 percutiente
825 541 886 566 me,
906 541 972 560 con-

181 580 284 615 fringar
292 584 318 607 et
328 584 466 612 conterar,
476 579 620 607 convictus
630 580 694 615 quia
707 587 761 607 non
773 587 833 608 sum
844 580 970 613 adamas;

180 633 214 653 an
225 623 298 652 certe
310 632 391 652 verus
403 624 516 652 adamas
529 625 658 652 ostendar
671 625 693 653 si
706 626 898 660 ingruentibus
912 634 972 661 per-

180 670 378 703 secutionibus,
391 670 531 705 periculis,
546 670 753 702 tentationibus,
771 674 825 697 tam
839 671 973 698 contritus

178 716 258 743 fuero
279 716 313 743 ad
335 716 408 743 ictus
426 716 517 743 mallei
539 723 622 750 quam
645 715 790 750 probatus.
806 715 839 743 Et
863 720 892 743 tu
915 716 973 750 ipse

179 771 309 797 percurre
322 763 489 798 Scripturas,
503 767 529 789 et
549 769 641 796 quaere
657 761 680 789 si
705 761 776 796 quod
799 766 877 797 potes
898 762 973 789 inve-

179 809 240 836 nire
266 809 412 844 vestigium
439 808 536 835 benea
568 807 623 835 Deo
648 808 782 843 promitti,
802 813 833 835 ut
858 809 971 835 malleus

180 854 359 889 percutienda
382 854 527 889 percutiat.
549 853 631 881 Verbi
647 853 733 888 gratia
755 853 858 881 dictum
872 854 916 882 sit.
931 854 970 880 Ad

182 900 388 934 intelligentiam
396 900 469 927 enim
478 899 669 927 obscuriorum
679 902 826 926 sumuntur
835 899 969 934 exempla.

182 946 211 973 Si
229 946 343 974 malleus
355 953 408 973 non
418 951 500 978 esset,
512 953 565 972 non
579 950 652 973 esset
660 946 722 973 tuba
732 946 902 981 productilis,
911 953 972 981 qua;

181 1006 258 1041 juxta
273 1005 358 1041 legem
373 1005 406 1032 ad
419 1005 605 1032 solemnitates
625 1005 672 1033 Dei
691 1005 821 1037 excutiat,
842 1013 904 1040 qua:
922 1013 972 1032 au-

180 1051 314 1079 dientium
325 1051 432 1078 animos
449 1051 577 1086 clangore
595 1059 646 1078 suo
668 1051 790 1079 accendit
801 1051 834 1078 ad
857 1051 969 1078 bellum.

181 1094 358 1124 Necessarius
381 1100 423 1123 est
450 1097 565 1123 malleus
589 1100 618 1124 ut
639 1096 702 1124 tuba
728 1096 892 1132 productilis
914 1096 970 1123 ﬁat.

181 1143 267 1170 Multa
290 1147 454 1178 cooperatus
477 1146 519 1170 est
536 1142 587 1170 iste
606 1143 722 1170 malleus
741 1143 814 1170 lube
826 1143 971 1178 productili

182 1190 277 1223 Paulo,
293 1194 324 1217 ut
338 1197 400 1217 eum
420 1197 468 1224 per
486 1189 563 1216 varia
578 1193 744 1216 tentamcnta
768 1189 932 1224 produceret
946 1194 972 1216 et

181 1236 356 1271 approbaret,
372 1235 438 1270 quia
452 1235 554 1263 illaesus
569 1239 661 1270 posset
678 1235 788 1267 excudi,
803 1235 972 1271 ﬁguramque

182 1289 322 1310 assumere
337 1282 409 1309 tuba:
428 1281 608 1316 magnisoute,
620 1289 673 1307 non
691 1281 823 1308 incertam
839 1281 908 1309 dans
922 1289 972 1309 vo-

182 1335 241 1355 cem
254 1328 281 1355 in
293 1327 445 1358 audientes,
455 1330 486 1353 ut
498 1330 685 1361 prmparentur
697 1326 731 1354 ad
745 1326 850 1353 militia:
861 1326 972 1354 bellum.

176 1374 216 1402 Et
231 1373 362 1409 quoniam
384 1372 499 1400 malleus
518 1371 655 1399 invenitur
675 1372 811 1399 contraria
831 1371 972 1405 fortitudo.

183 1425 211 1448 et
228 1421 312 1448 draco
334 1420 413 1447 incus
431 1418 626 1454 producibilis,
647 1418 802 1446 istiusmodi
819 1426 927 1454 semper
945 1419 973 1446 in

1021 166 1150 194 convenit
1165 166 1291 197 malleus.
1304 167 1351 193 sed
1368 166 1544 194 erassiori.Si
1556 171 1651 201 portas
1666 165 1806 200 imaginem

1021 213 1134 245 terreni,
1158 213 1274 240 malleus
1288 217 1325 246 te,
1349 213 1413 247 quia
1427 217 1553 240 terrenus
1569 219 1610 245 es,
1631 212 1765 247 percutit;
1785 212 1806 239 si

1019 266 1128 293 peceas,
1147 264 1174 286 et
1190 263 1262 286 terra
1284 266 1328 292 es,
1353 263 1381 286 et
1406 258 1433 285 in
1448 263 1548 285 terram
1573 258 1643 291 ibis,
1665 258 1808 292 experieris

1021 305 1149 332 malleum
1167 305 1302 333 universa:
1321 310 1401 332 terra:
1414 309 1442 332 ct
1458 305 1484 331 iu
1502 309 1529 332 te
1543 308 1716 339 operantem.
1734 303 1808 331 Juxta

1021 350 1097 378 illum
1118 351 1283 378 intellectum
1295 371 1303 383 ,
1321 351 1387 378 illud
1411 358 1522 386 quoque
1541 350 1807 378 animadvertendum

1020 401 1072 430 est,
1085 397 1219 425 universa:
1237 402 1316 425 terra:
1329 397 1469 430 malleum,
1478 397 1543 432 quia
1558 396 1706 424 adversum
1720 402 1809 423 cuncta

1022 447 1129 470 terrena
1154 443 1304 477 potentiam
1327 450 1405 471 suam
1424 446 1566 474 exerceat,
1585 441 1719 468 Zabulum
1738 448 1809 474 esse;

1023 495 1102 523 posse
1115 492 1207 515 autem
1221 488 1304 515 etiam
1326 488 1460 516 minorem
1477 487 1608 514 malleum
1626 486 1753 522 intelligi,
1768 487 1809 520 qui

1022 540 1076 560 non
1095 534 1232 561 universae
1253 538 1332 561 terra:
1348 534 1384 561 sit
1404 533 1534 565 malleus,
1553 533 1600 561 sed
1622 532 1708 565 illius,
1728 537 1756 559 ut
1777 532 1810 559 ita

1022 579 1123 612 dicam,
1137 583 1165 606 et
1181 579 1255 606 illius
1269 580 1354 614 partis
1371 583 1461 607 teme.
1475 578 1508 606 Et
1524 579 1548 606 si
1563 578 1676 613 quidem
1695 585 1748 605 una
1767 578 1811 604 ali-

1023 633 1075 659 qua
1092 626 1230 653 contraria
1247 625 1379 653 fortitudo
1394 626 1461 653 mihi
1476 630 1621 660 repugnat,
1639 629 1667 652 et
1684 624 1810 652 collucta-

1024 677 1068 700 tur
1086 681 1205 706 mecum,
1220 681 1276 700 non
1287 673 1381 700 valens
1396 680 1458 700 cum
1472 672 1610 700 universis
1630 672 1715 699 simul
1731 671 1811 698 homi-

1023 719 1104 746 nibus
1115 719 1242 754 congredi
1257 723 1287 746 ut
1300 718 1432 751 Zabulus,
1445 723 1509 746 tunc
1517 723 1560 746 est
1575 718 1687 753 quidem
1705 718 1812 744 malleus

1024 765 1051 791 in
1070 772 1123 797 me,
1137 764 1184 792 sed
1201 771 1255 791 non
1276 764 1412 792 universae
1425 768 1504 792 terrae
1521 764 1649 796 malleus,
1669 771 1774 794 verum,
1787 768 1812 789 ut

1025 811 1061 838 ita
1079 811 1187 842 dicam,
1206 818 1274 838 mea!
1299 815 1405 838 tantum
1430 811 1544 838 malleus
1561 816 1650 838 teme.
1670 809 1812 837 Confracta

1025 861 1116 884 autem
1131 861 1158 884 et
1177 857 1296 884 contrito
1314 857 1414 885 malleo
1432 857 1567 884 universae
1585 861 1676 889 terrm,
1690 856 1755 891 quid
1769 864 1812 883 ne-

1025 910 1102 930 cesse
1117 907 1158 930 est
1180 903 1308 930 arbitrari
1330 903 1364 930 de
1389 903 1487 930 malleo
1510 903 1631 938 partium
1654 903 1753 930 terrae?
1774 902 1813 929 Si-

1025 949 1138 983 mulque
1163 948 1294 976 existimo
1316 949 1497 976 admiratione
1525 949 1660 984 dignum,
1688 948 1813 983 quoniam

1026 994 1161 1022 universae
1174 998 1254 1021 terrae
1267 995 1381 1022 malleus
1394 995 1430 1022 sit
1452 995 1651 1022 comminutus.
1661 995 1732 1028 Quid
1745 995 1813 1022 enim

1026 1049 1154 1076 magnum
1181 1042 1204 1069 si
1231 1041 1335 1075 fractus
1354 1041 1468 1074 fuisset,
1490 1046 1517 1068 ct
1543 1043 1682 1068 contritus
1705 1041 1814 1068 malleus

1026 1088 1145 1122 partium
1171 1087 1268 1115 terrae?
1295 1087 1347 1115 Sed
1372 1095 1436 1115 vere
1450 1094 1524 1114 nunc
1551 1087 1743 1114 admirandum
1765 1091 1813 1118 est.

1026 1135 1089 1168 quia
1104 1133 1240 1162 universa:
1254 1138 1333 1162 term
1348 1134 1463 1162 malleus
1477 1133 1637 1162 confractus
1653 1138 1737 1169 atque
1750 1141 1814 1161 con-

1027 1179 1107 1206 tritus
1121 1184 1173 1206 est.
1212 1193 1216 1196 -

1061 1226 1089 1252 2.
1105 1225 1172 1253 Post
1193 1226 1251 1254 lure
1274 1234 1367 1261 quaero
1395 1227 1458 1261 quis
1485 1226 1521 1254 sit
1546 1226 1598 1253 iste
1614 1226 1662 1261 qui
1687 1226 1815 1253 universa:

1028 1276 1107 1298 terrm
1118 1271 1246 1298 malleum
1258 1271 1434 1306 confregerit,
1449 1276 1477 1299 et
1490 1271 1668 1304 contriverit;
1688 1276 1717 1298 et
1729 1271 1814 1299 dicant

1028 1317 1139 1353 Moysen
1157 1325 1212 1344 non
1241 1318 1365 1352 potuisse
1381 1317 1555 1352 confringere
1576 1322 1660 1352 atque
1680 1322 1816 1345 conterere

1028 1364 1157 1391 malleum
1170 1363 1306 1392 universa:
1318 1369 1407 1396 terrm.
1422 1372 1509 1399 neque
1519 1367 1584 1391 ante
1596 1371 1660 1391 eum
1670 1363 1815 1394 Abraham,

1029 1417 1118 1445 neque
1139 1415 1200 1445 post
1213 1418 1274 1438 eum
1296 1409 1389 1438 Jesum
1414 1409 1497 1443 Nave,
1516 1418 1605 1445 neque
1629 1410 1713 1438 alium
1726 1417 1816 1445 quem-

185 1467 335 1502 Seripturis
351 1466 460 1498 malleo,
475 1465 517 1492 vel
529 1472 693 1500 quacunque
706 1464 760 1492 alia
771 1466 884 1492 materia
897 1473 929 1493 eo

1061 1464 1110 1484 tam
1133 1458 1342 1492 prophetarum.
1357 1456 1426 1490 Quis
1449 1465 1515 1492 ergo
1531 1456 1622 1492 potuit
1640 1457 1735 1489 talem,
1760 1461 1816 1484 tau-

183 1511 303 1546 positum
321 1518 421 1538 nomen
438 1517 595 1541 assumens.
619 1509 728 1536 instabo
747 1517 884 1537 sermone.
907 1509 974 1536 Cain

184 1557 322 1590 generavit
338 1556 419 1589 ﬁlios,
442 1559 469 1582 et
484 1555 518 1582 de
530 1554 602 1582 Cain
622 1559 701 1582 ortus
714 1559 756 1581 est
779 1554 857 1581 faber
872 1553 935 1581 aris
949 1558 976 1581 et

185 1601 250 1629 ferri
262 1603 294 1628 “.
312 1601 385 1637 Ergo
399 1605 427 1628 ut
443 1600 568 1628 'Zabulus
587 1601 635 1634 qui
650 1601 772 1628 monium
795 1600 975 1627 tentationum

184 1652 312 1683 operator
340 1652 398 1680 est,
423 1647 538 1674 malleus
559 1647 676 1678 dicitur.
692 1647 729 1673 ita
756 1646 803 1682 qui
826 1647 975 1679 ministrat,

184 1693 328 1721 malleator
348 1698 391 1721 est
414 1693 485 1720 ﬁlius
510 1692 588 1720 Cain.
616 1691 840 1727 Quotiescunque
858 1692 931 1720 enim
948 1694 975 1720 in

186 1739 363 1767 tentationem
377 1739 518 1772 incideris,
528 1738 598 1766 scito
613 1738 743 1765 malleum
753 1738 890 1766 diabolum
903 1746 974 1772 esse,

186 1791 214 1813 et
229 1786 414 1813 malleatorem
432 1793 494 1812 eum
506 1792 555 1820 per
569 1792 650 1819 quem
673 1788 698 1811 te.
718 1783 837 1811 Zabulus
855 1784 976 1819 insequi-

188 1837 242 1860 tur.
255 1831 334 1859 Velut
348 1832 373 1858 in
388 1831 540 1866 proditione
552 1830 701 1857 Salvatoris
714 1829 828 1857 malleus
841 1829 974 1863 Zabulus,

185 1879 328 1907 malleator
352 1877 436 1904 Judas
456 1876 517 1904 fuit.
531 1876 563 1903 Et
573 1876 652 1904 multi
672 1881 750 1904 erant
765 1876 936 1904 malleatorcs
948 1877 975 1903 in

184 1930 307 1960 tempore
328 1924 374 1951 illo
390 1931 445 1958 quo
458 1922 589 1950 Dominus
604 1930 702 1957 passus
712 1926 763 1955 est,
778 1922 928 1950 clamantes
936 1923 974 1949 ":

186 1971 258 1998 Tolle
271 1971 302 1997 de
317 1976 388 1997 terra
401 1969 492 2002 talem,
505 1969 639 2004 cruci/iga,
653 1969 778 2004 cruci/Ege
794 1977 864 1996 eum.
878 1969 976 1995 Omnia

183 2017 390 2045 mallv-atoribus
399 2016 478 2050 plena
492 2014 794 2050 sunt.Quotquotenim
811 2014 838 2041 in
852 2018 914 2042 actu
925 2023 976 2043 suo

185 2063 318 2089 Zabulum
333 2062 486 2096 suscipiunt
497 2065 523 2087 et
539 2061 697 2087 ministrant
712 2061 736 2087 ei
751 2060 784 2087 ad
806 2060 976 2095 probandum

183 2109 308 2143 justum,
334 2110 361 2134 et
383 2107 516 2141 iniustum
540 2105 761 2141 coarguendum,
783 2113 879 2133 omnes
894 2107 978 2142 278

186 2153 361 2181 malleatorcs
381 2157 455 2180 sunt.
475 2152 579 2180 Idcirco
597 2153 619 2180 si
632 2152 692 2180 heri
706 2153 847 2180 malleator
862 2161 934 2186 eras,
948 2159 975 2181 et

186 2198 214 2225 in
227 2205 308 2225 manu
325 2197 453 2224 malleum
464 2197 648 2231 -eontinebas,
661 2205 734 2225 nunc
755 2197 864 2226 discens
878 2199 942 2233 quia
959 2208 974 2227 a

185 2243 253 2271 Cain
273 2242 416 2270 fratricida
436 2243 563 2270 oriuntur
584 2243 766 2277 malleatorcs,
787 2244 890 2279 projice
904 2246 974 2272 mal-

186 2291 257 2317 leum
279 2289 312 2316 de
332 2296 416 2316 manu
432 2294 489 2320 tua,
507 2293 533 2316 et
552 2289 715 2324 lransmigra
729 2290 763 2317 ad
786 2290 973 2318 malleator-um

184 2344 246 2372 quae
259 2335 390 2370 spiritalis
403 2339 445 2362 est
456 2335 671 2370 generationem,
687 2336 757 2363 sicut
769 2335 854 2369 Enos,
868 2341 895 2364 et
911 2337 975 2364 reli-

183 2389 302 2418 quorum
335 2381 383 2416 qui
424 2380 629 2415 Seripturarum
659 2382 786 2409 laudibus
814 2383 973 2411 efferuntur.

186 2427 380 2456 Verumtamen
406 2427 469 2455 ﬁnis
495 2426 646 2455 confractio
668 2433 710 2456 est
733 2435 816 2464 atque
833 2432 973 2458 contritio.

185 2473 218 2501 Et
239 2474 380 2501 sciendum
397 2474 525 2509 quidem,
551 2475 681 2508 quoniam
699 2476 876 2510 proplietatus
904 2485 976 2505 nunc

184 2519 300 2547 malleus
324 2518 446 2546 Zabulus
469 2519 516 2552 sit,
532 2519 647 2547 malleus
670 2528 725 2548 non
746 2522 834 2556 partis
858 2522 975 2557 alicujus

185 2569 274 2597 terra,
289 2565 337 2593 sed
362 2565 498 2593 universa:
515 2571 611 2597 terrae.
629 2573 678 2601 pro
706 2574 739 2594 eo
754 2567 827 2601 quod
850 2567 877 2594 in
901 2569 976 2595 otnui

184 2615 256 2639 terra
279 2611 382 2639 malitia
405 2612 465 2647 ejus
485 2611 610 2646 dispersa
627 2613 672 2644 sit,
697 2612 838 2648 etubiquc
861 2614 976 2642 malleus

185 2657 236 2685 iste
252 2657 353 2685 malum
374 2662 512 2693 operatur.
528 2656 576 2685 Est
597 2662 688 2685 autem
710 2658 791 2686 etiam
814 2659 865 2687 hoc
883 2659 975 2687 dieen~

185 2703 262 2735 dum,
279 2703 412 2731 Zabulum
432 2704 567 2732 universa:
584 2708 663 2732 terra):
680 2705 807 2732 malleum
831 2713 901 2738 esse,
921 2714 974 2733 non

221 2781 244 2796 "
257 2781 325 2808 Gen.
339 2789 375 2808 tv.
413 2782 435 2797 ²¹
451 2781 529 2810 Joan.
547 2791 604 2816 tua,
616 2783 661 2810 15.
699 2784 722 2799 “
742 2783 837 2811 Matth.
853 2792 889 2819 rv,
903 2785 930 2812 9.

1029 1507 1142 1537 tumque
1158 1503 1266 1536 virum,
1291 1507 1318 1530 et
1342 1503 1477 1530 universa:
1497 1507 1577 1530 terra:
1603 1503 1732 1530 malleum
1756 1510 1817 1530 eon-

1028 1548 1146 1584 fringere
1157 1553 1185 1576 et
1200 1549 1360 1576 conterere?
1372 1549 1441 1582 Quis
1454 1553 1495 1576 est
1512 1549 1580 1576 iste?
1598 1547 1680 1576 Iesus
1694 1548 1818 1576 Christus

1027 1595 1163 1631 confregit
1177 1601 1260 1631 atque
1277 1596 1408 1623 contrivit
1429 1595 1556 1622 malleum
1576 1595 1713 1622 universa
1729 1600 1817 1623 terrae.

1028 1641 1060 1669 Et
1076 1641 1129 1669 ltoc
1140 1650 1214 1670 nunc
1226 1642 1365 1670 admirans
1383 1642 1410 1669 in
1429 1641 1531 1676 Spiritu
1547 1646 1645 1669 sancto
1662 1642 1818 1676 prophetes,

1028 1687 1085 1715 ait:
1102 1687 1241 1720 Quomodo
1267 1689 1420 1723 confractus
1443 1693 1467 1715 et
1494 1689 1624 1714 contritus
1647 1692 1686 1715 est
1709 1688 1819 1714 malleus

1029 1734 1158 1762 universa:
1174 1739 1252 1761 terra:
1263 1735 1276 1762 .9
1297 1734 1390 1762 Primo
1405 1733 1574 1764 confractus.
1587 1738 1615 1762 et
1628 1735 1769 1762 contritus
1783 1739 1822 1761 est

1028 1780 1136 1808 deinde.
1165 1779 1198 1807 Et
1224 1780 1353 1815 quoniam
1378 1781 1467 1815 reperi
1492 1780 1663 1808 Salvatoretn
1687 1789 1752 1809 esse
1776 1781 1819 1816 qui

1030 1825 1196 1862 confregerit
1213 1826 1342 1854 malleum
1361 1826 1496 1854 universae
1509 1831 1598 1858 terrae,
1616 1831 1644 1854 et
1662 1826 1821 1854 contriverit

1030 1880 1105 1903 eum,
1129 1873 1237 1900 veniam
1262 1872 1296 1899 ad
1319 1871 1506 1908 Evangelium,
1520 1877 1551 1900 ut
1572 1873 1680 1900 videam
1707 1873 1820 1908 primam

1031 1918 1219 1952 tentationem,
1243 1918 1352 1953 quando
1367 1919 1436 1946 dixit
1451 1919 1476 1946 ei
1491 1917 1614 1946 labulus
1624 1918 1648 1934 "
1662 1928 1669 1946 :
1695 1917 1756 1945 Ista
1769 1926 1822 1945 om-

1028 1963 1074 1989 nia
1083 1962 1130 1990 tibi
1141 1963 1243 1998 dabo,si
1251 1964 1388 1998 precidem
1402 1965 1554 1991 adoraturi:
1563 1972 1615 1996 me,
1623 1969 1651 1991 et
1661 1965 1786 1999 reliqua;
1798 1968 1822 1990 et

1028 2010 1117 2037 dicam
1137 2010 1200 2045 quia
1221 2011 1248 2037 in
1265 2011 1311 2037 illo
1334 2015 1456 2046 tempore
1477 2018 1532 2038 non
1558 2011 1724 2038 contriverit
1745 2010 1822 2038 Iesus

1029 2057 1157 2084 malleum
1188 2057 1323 2085 universa:
1349 2062 1448 2089 terra,
1479 2057 1526 2085 sed
1553 2061 1662 2084 tantum
1690 2056 1823 2091 confregit

1029 2111 1103 2131 cum.
1118 2103 1188 2130 Cum
1206 2110 1270 2130 vero
1290 2103 1403 2131 recessit
1418 2103 1452 2130 ab
1469 2111 1502 2130 eo
1530 2111 1616 2137 usque
1640 2103 1677 2130 ad
1706 2108 1822 2138 tempus.

992 2155 1013 2182 ο
1028 2154 1055 2177 et
1071 2154 1193 2184 tempore
1204 2153 1297 2184 postea
1314 2149 1388 2176 venit
1403 2149 1531 2181 instante,
1546 2153 1612 2176 tum:
1623 2150 1766 2176 contuitus
1776 2155 1821 2178 est.

1031 2203 1085 2222 non
1111 2195 1199 2222 solum
1229 2194 1387 2223 confractus
1409 2200 1439 2222 ut
1464 2195 1602 2230 primum,
1622 2195 1743 2222 malleus
1766 2194 1823 2222 nni-

1029 2247 1116 2268 versae
1132 2245 1221 2268 terrae.
1239 2240 1272 2267 Et
1296 2241 1360 2275 quia
1375 2241 1510 2269 contritus
1526 2240 1629 2275 estqui
1649 2240 1742 2268 fuerat
1765 2245 1824 2267 ante

1030 2287 1188 2314 confractus
1213 2287 1329 2314 malleus
1354 2287 1488 2314 universa:
1517 2291 1614 2319 terra},
1646 2286 1754 2314 idcirco
1781 2293 1825 2321 per

1031 2341 1254 2368 utntmqucmque
1271 2338 1394 2361 nostrum
1413 2333 1597 2369 confringitur
1609 2333 1725 2368 quidem
1740 2341 1825 2368 quan-

1030 2379 1065 2405 do
1089 2379 1289 2406 iutrodueimur
1311 2378 1339 2405 in
1363 2378 1531 2410 Ecclesium,
1553 2382 1579 2405 et
1605 2379 1770 2413 proﬁcimus
1794 2378 1825 2405 ad

1031 2425 1130 2459 ﬁdem;
1149 2425 1302 2452 conteritur
1327 2429 1418 2452 autem
1440 2430 1465 2452 ct
1489 2425 1700 2458 comminuitur,
1715 2424 1824 2460 quando

1031 2473 1063 2500 ad
1092 2471 1244 2507 profectum
1272 2471 1410 2498 venimus.
1433 2470 1514 2503 Quod
1537 2471 1558 2498 si
1585 2470 1697 2498 dubites
1721 2469 1824 2498 conteri

1031 2518 1163 2546 Zabulum
1187 2518 1220 2545 ad
1253 2517 1405 2552 profectum
1443 2516 1613 2543 venientibus
1638 2517 1739 2548 nobis,
1764 2515 1824 2543 audi

1029 2566 1192 2601 Apostolum
1232 2564 1423 2592 benedictione
1459 2563 1577 2598 quadam
1616 2563 1825 2590 benediccntem

1028 2613 1133 2647 justum
1159 2616 1241 2646 atque
1275 2609 1465 2638 dicentem“:
1491 2608 1566 2641 Deus,
1592 2614 1682 2636 autent
1707 2613 1823 2636 conterat

1031 2659 1161 2686 Satanam
1191 2656 1238 2684 sub
1267 2656 1377 2691 ραι-(ηις
1403 2655 1494 2683 vestris
1528 2655 1661 2683 velociter.
1690 2653 1826 2684 Animalis

1030 2709 1072 2732 est
1098 2704 1148 2731 iste
1174 2703 1307 2735 malleus,
1337 2702 1452 2730 fortasse
1487 2709 1560 2729 nunc
1587 2701 1657 2731 furit
1677 2704 1823 2729 adversum

970 2786 992 2800 “
1004 2785 1080 2812 nutu.
1098 2792 1153 2817 va,
1167 2783 1213 2810 9.0.
