1872 3048
74 134 120 162 5‘29

657 139 690 167 IN
710 136 886 168 JEREMIAM
907 136 1046 165 liOMlLlA
1066 136 1125 164 XX.

1644 137 1696 167 530

71 200 133 226 n05.
161 198 187 220 et
212 195 332 230 quat-it,
357 196 424 232 quia
447 197 500 227 ista
530 199 565 226 de
591 207 625 227 eo
651 201 797 235 pandimus
822 203 849 226 et
863 201 887 229 A
901 198 1032 234 Babylon,
1043 202 1071 225 et
1090 205 1144 225 non
1159 197 1309 232 cogitescit.
1329 195 1447 232 Babylon
1461 196 1561 232 quippe
1575 196 1625 231 legi
1641 204 1695 223 non

70 240 211 267 conteritur
227 251 242 268 a
257 242 337 272 nobis
358 243 465 280 (neque
486 246 559 273 enim
584 247 767 283 confrinng
793 252 853 274 tan-

70 290 132 319 tum,
147 290 173 313 et
188 295 243 314 non
256 288 338 316 etiam
349 292 501 320 conteritur
519 300 566 327 per
583 294 663 329 nos),
680 293 854 328 confringere

69 339 116 360 nos
125 334 280 362 econtrario
297 340 324 362 et
333 340 486 366 conterere.
503 337 536 364 Et
553 339 655 367 multos
665 339 775 374 quidem
789 347 854 366 con-

69 379 146 412 trivit,
163 388 213 408 eos
231 381 278 416 qui
299 389 353 409 non
367 383 511 411 attendunt
528 384 593 418 sibi,
612 393 701 420 neque
728 386 852 414 custodia

69 431 238 454 servaverunt
262 434 310 454 cor
326 435 418 455 suum.
434 427 535 456 Verum
563 437 614 458 nos
636 430 804 460 confidentes
825 431 852 457 in

68 469 135 504 Deo,
156 472 300 500 credentes
327 472 355 500 in
380 474 521 502 Christum
536 474 583 503 Dei
595 495 607 508 ,_
626 484 680 504 non
707 477 852 504 timeamus

68 515 202 544 Zabulum.
218 518 313 550 Timor
330 519 381 549 Dei
395 519 461 549 facit
478 529 534 549 nos.
547 530 602 550 non
620 522 747 550 timentes
762 522 852 550 labu-

67 563 127 596 lnm,
150 564 276 599 nihilque
299 565 333 593 ab
361 574 394 594 eo
417 568 536 602 perpeti,
560 569 606 596 sed
629 573 656 596 et
679 568 769 597 dicere
793 577 847 596 non

67 612 163 635 tantum
176 610 352 644 generaliter,
366 620 460 640 verum
473 613 507 641 de
520 613 601 642 nobis
616 613 697 649 ipsis:
710 614 847 647 Quomodo

64 653 208 687 confractus
225 659 264 682 est
279 660 304 682 et
324 658 456 685 contritus
479 658 589 686 malleus
610 660 738 687 universm
751 662 851 688 terrae?

67 695 110 724 Illo
125 703 214 725 autent
237 699 379 728 confracto
394 706 421 728 et
436 703 606 732 comminuto
616 724 624 737 ,
639 699 759 740 Babylon
775 705 805 732 iit
822 705 849 732 in

65 745 273 780 exterminium;
294 755 344 775 nec
359 747 436 782 prius
456 749 628 778 confusionis
650 750 747 778 civitas
768 751 850 779 dissi-

66 794 147 823 patur,
162 799 247 825 quam
271 793 386 821 malleus
409 794 544 822 universa:
563 799 642 824 terra:
660 796 850 833 confringatur

64 839 87 862 et
97 840 262 865 conteratur.
271 837 349 867 Unde
359 845 385 867 et
394 840 555 869 mirabiliter
569 846 596 870 et
606 843 738 877 praeclaro
750 843 848 871 ordine

63 883 187 917 propheta
201 892 270 912 usus
292 889 333 913 est
347 885 441 914 dicens
455 895 461 914 :
482 876 620 919 Quomodo
636 889 788 923 confractus
805 894 844 917 est
863 876 885 904 Β

62 932 84 954 et
96 930 225 956 contritus
239 931 349 958 malleus
363 932 492 959 uniuersa:
504 938 582 963 terra
594 935 606 964 ?
623 933 761 966 Quomodo
773 935 847 969 facta

61 979 95 1000 est
115 975 142 1002 in
158 977 348 1005 exterminium
368 977 514 1012 Babylon?
535 979 613 1013 Quod
634 980 722 1015 primo
743 980 845 1009 factum

61 1025 106 1054 est,
119 1022 240 1056 primum
256 1024 412 1057 enarravit;
431 1024 505 1059 quod
525 1026 658 1058 secundo,
675 1034 847 1062 consequen-

62 1072 97 1093 ter
111 1069 249 1102 exposuit.
266 1068 300 1096 Et
317 1070 369 1097 hoc
395 1075 502 1106 oportet
517 1079 565 1108 per
584 1073 708 1108 singulos
723 1073 847 1109 Scriptu-

60 1118 146 1139 rarum
173 1113 323 1142 observare
347 1123 498 1144 sermones.
520 1116 635 1150 Quando
661 1118 753 1153 itaque
773 1119 845 1146 litin

59 1158 250 1186 exterminium
262 1158 402 1195 Babylon?
415 1160 532 1194 Quando
549 1163 767 1195 cxterminantur
787 1172 846 1192 om-

60 1210 104 1230 nes
119 1204 299 1232 confusiones
309 1206 343 1234 de
357 1207 448 1234 anima
464 1215 524 1236 mea
534 1228 542 1240 ,
562 1217 651 1244 neque
667 1210 781 1238 ulterius
803 1219 847 1239 me

58 1248 197 1277 confundit
212 1258 289 1278 mors
306 1251 365 1286 filii,
381 1257 428 1280 ant
449 1254 562 1287 uxoris;
576 1262 639 1282 cum
659 1263 713 1283 non
734 1261 775 1283 est
798 1257 846 1292 qui

58 1301 96 1321 me
117 1295 206 1323 irritet
227 1300 255 1323 ct
275 1303 405 1332 provocet
427 1299 459 1327 ad
480 1300 643 1334 tristitiam,
662 1302 695 1329 ad
716 1302 796 1335 iram,
811 1303 845 1331 ad

56 1341 320 1376 concupiscentiam,
344 1343 379 1371 ad
404 1340 593 1380 voluptatem,
614 1347 725 1381 quando
747 1355 845 1376 maneo

56 1385 226 1420 inconfusus,
250 1396 396 1418 assumens
415 1392 550 1420 rationem
562 1401 623 1427 qua:
638 1401 682 1420 me
702 1393 846 1422 conﬁrmet

53 1435 77 1458 et
86 1433 207 1467 roboret,
223 1438 288 1462 tunc
299 1436 364 1463 mihi
377 1437 475 1465 aceidit
485 1439 558 1473 quod
570 1438 673 1466 dictum
684 1443 742 1467 est:
760 1439 845 1467 Facta

53 1482 89 1503 est
106 1478 133 1504 in
148 1480 341 1508 exterminium
353 1481 483 1516 Babylon,
499 1483 552 1510 hoc
569 1488 610 1512 est
631 1484 760 1511 universa
779 1492 845 1512 con-

54 1523 132 1553 fusio.
145 1525 231 1554 Fiunt
246 1531 337 1555 autem
356 1528 418 1561 ista,
432 1529 459 1557 id
471 1534 524 1562 est,
542 1531 687 1567 confringi,
701 1537 728 1560 et
740 1533 843 1561 conteri
858 1544 880 1573 α

52 1571 177 1599 malleum
195 1573 287 1600 omnis
301 1578 388 1606 terrae,
406 1579 433 1602 et
446 1575 572 1603 demoliri
588 1576 765 1613 Babylonem,
781 1587 844 1607 cum

52 1623 143 1651 gentes
157 1624 385 1654 superponuntur
397 1620 505 1654 malleo,
515 1625 542 1648 et
556 1621 695 1657 Babyloni.
707 1622 843 1659 Scriptum

53 1666 91 1689 est
106 1663 204 1690 enim:
230 1663 260 1691 In
272 1665 393 1699 gentibus
413 1672 621 1701 superponentur
641 1668 700 1702 tibi,
719 1670 771 1697 hoc
791 1675 843 1704 est,

52 1705 68 1733 ii
79 1708 125 1742 qui
139 1709 175 1736 de
192 1709 321 1745 gentibus
336 1715 400 1738 sunt
421 1714 706 1747 superponenturtibi,
724 1722 740 1741 ο
756 1714 842 1751 Baby-

52 1752 104 1785 lon,
120 1759 346 1790 superponentur
366 1757 425 1790 tibi,
443 1765 460 1785 ο
476 1758 583 1791 mallcc,
601 1764 630 1787 ut
648 1761 842 1796 confringaris,

50 1803 75 1826 ct
93 1801 259 1829 conterat-is.
282 1801 396 1840 Quando
412 1804 463 1831 ista
485 1804 556 1833 facta
574 1807 657 1834 sunt?
676 1806 703 1834 ln
725 1808 842 1836 adventu

51 1844 156 1873 Domini
172 1846 228 1873 mei
249 1846 313 1874 Jcsu
332 1848 445 1881 Christi,
459 1858 522 1877 cum
539 1850 715 1887 Erangeliunt
737 1855 843 1884 cunctis

50 1891 176 1924 gentibus
207 1892 382 1926 praedicatum
407 1895 490 1930 279
512 1901 571 1930 est,
591 1902 656 1926 tunc
678 1902 842 1935 superpositi

50 1942 111 1964 sunt
123 1938 210 1966 Pater
231 1943 260 1966 et
274 1939 360 1967 Filius
380 1945 406 1968 et
421 1940 539 1976 Spiritus
560 1949 674 1972 sanctus
698 1946 840 1983 Babyloni,

47 1986 74 2009 et
97 1983 202 2011 malleo
228 1984 362 2013 universae
379 1990 478 2020 terrae,
498 1992 525 2015 et
550 1988 691 2024 impletum
716 1996 758 2019 est
791 1992 842 2020 hoc

48 2030 118 2064 quod
143 2031 281 2066 scriptum
299 2036 341 2059 est
357 2034 405 2061 “z
431 2033 465 2061 In
490 2036 609 2070 gentibus
634 2045 842 2074 superponentur

49 2074 104 2107 tibi,
116 2081 142 2103 et
167 2077 293 2111 capieris,
311 2077 442 2113 Babylon,
462 2085 486 2106 et
501 2089 553 2108 non
573 2084 716 2117 cognoscis.
732 2083 840 2112 Utinam

49 2126 194 2155 caperetur
223 2121 342 2158 Babylon
368 2128 395 2151 et
420 2132 468 2160 per
493 2125 617 2162 singulos
641 2133 776 2157 nostrum.
802 2130 841 2158 Ex

47 2167 235 2195 amarioribus
251 2174 341 2196 autem
362 2175 449 2204 potest
467 2171 579 2208 intelligi
594 2174 737 2208 captivitas
755 2175 841 2212 Baby—

904 244 1068 279 subjicitur;
1076 250 1164 278 neque
1181 243 1254 271 enittt
1270 246 1359 277 potest
1374 249 1428 270 non
1450 242 1559 270 inventa
1575 241 1695 277 Babylon

905 289 1102 324 comprehensa
1115 296 1194 321 esse;
1211 289 1258 319 sed
1277 288 1313 315 ob
1323 287 1349 314 id
1366 287 1563 322 comprehensa
1577 292 1620 315 est
1632 295 1695 315 cum

904 335 1013 366 inventa
1027 339 1078 368 est,
1092 334 1157 369 quia
1173 333 1289 372 Domipo
1303 333 1414 361 restitit.

939 380 964 409 5.
981 380 1082 408 Deinde
1095 380 1237 408 exordium
1253 379 1363 407 alterius
1377 379 1498 414 capituli.
1517 379 1626 414 Aperuit
1644 378 1696 406 Do-

904 426 991 453 minus
1010 426 1163 453 thesaurum
1189 433 1277 457 tuum,
1301 431 1325 452 et
1351 425 1463 460 protulit
1479 433 1543 453 vasa
1563 425 1611 452 irtc
1627 432 1693 457 sua,

902 473 965 507 quia
980 481 1045 508 opus
1067 472 1181 500 Domino
1202 472 1329 500 uirtutum
1355 472 1383 500 in
1406 477 1477 499 terra
1494 471 1692 499 Cltaldttorum.

903 518 1037 551 Quoniam
1062 523 1184 546 venerunt
1211 523 1329 554 tempora
1348 519 1405 553 ejus
1428 519 1532 552 aperire
1553 519 1693 553 apothecas

902 564 970 599 ejus,
983 556 1142 592 scrutamini
1155 573 1213 592 eam
1227 565 1305 599 quasi
1320 564 1483 599 speluncam,
1503 569 1528 592 et
1551 564 1694 599 disperdite

902 618 959 636 eam
982 619 1013 637 ne
1029 611 1082 637 sint
1103 610 1159 644 ejus
1180 611 1310 645 reliquiaz.
1326 609 1467 637 Exsiccata
1486 618 1574 637 omnes
1590 611 1692 645 [ructus

901 655 969 690 ejus,
984 661 1009 682 et
1033 656 1172 683 descendat
1191 657 1218 682 in
1243 656 1408 683 occisionem.
1438 655 1483 683 Va:
1505 657 1543 683 eis
1566 657 1692 691 quoniam

901 702 969 728 venit
984 701 1040 728 dies
1064 710 1166 734 eorum,
1184 707 1284 736 tempus
1301 701 1424 729 vindicta:
1439 709 1530 728 eorum
1543 702 1575 728 "’.
1593 701 1692 729 Valens

902 747 1051 782 intelligere
1064 747 1116 774 hoc
1129 747 1202 782 quod
1216 747 1318 774 dictum
1334 751 1395 775 est:
1413 747 1522 782 Aperuit
1541 747 1692 774 thesaurum

901 801 988 826 suum,
1001 798 1026 820 et
1040 794 1152 829 protulit
1169 801 1232 821 vasa
1246 794 1295 820 ira:
1308 801 1373 827 sum,
1388 801 1483 829 quacro
1497 794 1530 821 de
1546 793 1599 820 alia
1616 793 1691 820 Scri-

901 844 981 875 ptura
996 847 1059 868 vasa
1078 840 1126 867 irm
1146 839 1212 874 Dei,
1234 843 1261 867 et
1275 839 1384 867 invenio
1400 840 1434 867 ad
1453 839 1601 874 pleniorem
1615 847 1689 866 com-

899 885 1068 920 perationem
1093 884 1172 913 istius
1199 883 1347 920 Scripturae
1367 883 1536 919 Scripturam
1560 884 1692 919 apostoli.

898 937 970 962 eam,
986 930 1079 966 ibique
1102 929 1212 958 invenio
1232 929 1393 965 Apostolum
1412 929 1480 959 mihi
1500 930 1691 965 subjicientem

898 984 959 1011 qua:
972 975 1028 1002 sint
1043 983 1108 1007 vasa
1122 976 1169 1003 ine
1183 975 1242 1003 Dei.
1260 975 1306 1003 Ait
1323 975 1395 1003 enim
1407 976 1446 1002 "z
1459 975 1488 1003 Si
1502 980 1590 1003 autem
1602 976 1690 1004 colens

898 1020 970 1047 Deus
989 1021 1124 1049 ostendere
1139 1022 1208 1048 iram
1231 1029 1317 1055 suam,
1343 1027 1367 1048 et
1392 1027 1480 1051 notant
1496 1022 1583 1056 facere
1598 1027 1691 1057 poten-

899 1068 963 1094 tium
990 1076 1082 1101 suam,
1108 1068 1218 1102 pertulit
1241 1068 1267 1094 in
1294 1068 1378 1095 multa
1402 1069 1532 1103 patientia
1555 1077 1617 1096 vasa
1642 1070 1690 1096 ira:

897 1118 1050 1147 praparata
1077 1113 1112 1140 ad
1140 1114 1329 1148 perditionem,
1349 1118 1376 1146 ut
1405 1115 1551 1141 ostenderet
1581 1114 1691 1142 divitias

897 1159 990 1194 gloria:
1005 1167 1061 1186 sua:
1078 1159 1105 1186 in
1126 1167 1188 1186 vasa
1209 1159 1397 1193 misericordia;
1412 1168 1470 1197 qtae
1488 1163 1650 1195 praeparavit
1662 1161 1689 1188 in

897 1204 1021 1239 gloriam,
1036 1212 1100 1240 quos
1122 1209 1147 1236 et
1168 1206 1267 1235 vocavit
1292 1213 1344 1232 non
1366 1206 1451 1232 solum
1466 1214 1498 1233 ea:
1515 1206 1630 1241 ludatis,
1649 1215 1689 1234 ve-

899 1258 958 1277 rnm
973 1251 1052 1277 etiam
1079 1259 1111 1277 ea;
1131 1250 1262 1285 gentibus.
1281 1251 1449 1279 Generaliter
1464 1251 1612 1287 Apostolus
1630 1261 1690 1281 om»-

897 1304 946 1324 nes
963 1296 1090 1324 homines
1104 1296 1197 1324 divisit
1214 1296 1352 1331 bifariam,
1371 1298 1465 1326 dicens
1478 1299 1612 1333 quosdam
1628 1307 1689 1327 esse

897 1349 962 1370 vasa
975 1342 1181 1376 misericordiae,
1195 1343 1328 1378 quosdam
1343 1351 1408 1372 vasa
1424 1344 1479 1372 ira).
1493 1344 1574 1373 Verbi
1590 1346 1688 1381 gratia,

896 1387 1067 1416 Pharaonem
1083 1393 1109 1416 et
1126 1388 1272 1425 Egyptios
1289 1397 1354 1417 vasa
1373 1390 1434 1424 iraa;
1456 1399 1552 1419 rursus
1572 1392 1619 1427 qui
1633 1392 1688 1427 pri-

896 1442 958 1462 mus
981 1434 1199 1462 misericordiam
1226 1440 1390 1464 consecutus
1408 1441 1460 1469 est,
1478 1441 1505 1464 et
1527 1444 1575 1465 eos
1599 1438 1645 1472 qui
1659 1438 1686 1466 in

898 1483 1020 1515 tempore
1037 1479 1070 1507 de
1087 1479 1190 1508 Judaeis
1213 1485 1240 1508 et
1263 1481 1388 1516 gentibus
1411 1482 1602 1516 crediderunt,
1621 1491 1687 1512 vasa

897 1525 1094 1555 misericordia:
1115 1527 1293 1562 nuncupavit.
1320 1527 1391 1555 Sunt
1411 1535 1476 1563 ergo
1500 1528 1527 1555 in
1557 1529 1688 1557 thesauro

897 1571 945 1599 Dei
959 1579 1024 1603 vasa
1038 1572 1095 1600 irae.
1115 1572 1253 1608 Scriptum
1268 1577 1309 1600 est
1321 1574 1392 1601 enim
1407 1584 1414 1601 :
1430 1574 1540 1609 Aperuit
1563 1573 1692 1602 Dominus

898 1617 1050 1651 thesaurum
1069 1627 1158 1651 suum,
1173 1624 1198 1646 et
1214 1619 1326 1654 protulit
1341 1629 1405 1648 vasa
1424 1621 1472 1648 ira:
1487 1629 1551 1648 sum.
1568 1621 1634 1654 Quis
1647 1626 1689 1649 est

897 1663 948 1692 iste
970 1665 1116 1697 thesaurus
1135 1666 1242 1693 Domini
1262 1666 1288 1696 in
1309 1674 1365 1702 quo
1388 1675 1451 1694 vasa
1477 1667 1524 1695 ira:
1546 1668 1689 1696 inveniun-

897 1710 1082 1746 tur?Aliqnis
1109 1711 1204 1739 forsan
1228 1718 1348 1747 quaret,
1380 1718 1470 1741 utrum
1498 1714 1525 1741 in
1559 1715 1687 1742 thesauro

896 1756 1005 1790 Domini
1019 1761 1124 1790 tantum
1139 1766 1205 1786 vasa
1220 1758 1268 1789 ira:
1281 1760 1346 1792 sint,
1366 1766 1393 1787 ct
1417 1759 1563 1787 thesaurus
1579 1760 1626 1788 Dei
1640 1762 1686 1795 qui

895 1807 938 1832 cst
954 1803 1101 1835 thesaurus
1117 1805 1252 1835 omnium,
1266 1812 1319 1832 non
1334 1805 1433 1833 habeat
1448 1814 1513 1834 vasa
1530 1807 1688 1834 misericor-

895 1849 964 1883 diae;
988 1857 1024 1876 an
1048 1850 1121 1877 aliud
1143 1850 1207 1885 quid
1228 1850 1341 1886 intelligi
1365 1856 1490 1886 oporteat
1510 1851 1544 1879 de
1558 1853 1687 1880 thesauro

896 1893 961 1926 Dei,
987 1894 1059 1925 unde
1084 1894 1232 1922 ellerantur
1257 1903 1322 1923 vasa
1346 1896 1394 1923 irae
1416 1896 1492 1932 ejus?
1516 1896 1685 1924 Thesaurum

897 1938 1003 1968 Domini
1025 1947 1075 1974 ego
1098 1940 1349 1974 conlidensdicam
1371 1949 1432 1969 esse
1450 1941 1598 1970 Ecelcsiam
1614 1942 1685 1977 ejus,

894 1988 922 2012 ct
937 1984 963 2012 in
984 1985 1036 2012 isto
1059 1986 1189 2012 thesauro
1201 2007 1216 2022 ,η
1227 1985 1252 2012 id
1268 1989 1320 2019 est,
1341 1985 1462 2014 Ecclesia
1478 1995 1549 2022 sa‘pe
1561 1987 1686 2016 homines

895 2030 1003 2058 latitare
1026 2031 1073 2066 qui
1100 2035 1165 2058 sunt
1184 2039 1250 2058 vasa
1275 2031 1333 2059 iras.
1357 2031 1453 2061 Veniet
1475 2033 1557 2068 igitur
1579 2037 1686 2069 tempus

895 2076 1005 2111 quando
1037 2077 1142 2112 aperiat
1169 2077 1303 2110 Dominus
1336 2079 1494 2106 thesaurum
1524 2078 1653 2107 Ecclesia:
1677 2090 1684 2108 ;

894 2130 968 2150 nunc
992 2123 1065 2150 enim
1082 2123 1174 2151 clausa
1200 2128 1243 2151 cst
1266 2124 1399 2158 Ecclesia,
1417 2129 1445 2152 et
1467 2133 1530 2153 vasa
1556 2126 1602 2153 ira:
1622 2135 1685 2154 cutn

896 2168 970 2196 vasis
987 2167 1182 2196 misericordia:
1203 2169 1367 2203 inhabitant,
1384 2175 1411 2198 et
1436 2171 1519 2206 palea:
1543 2180 1606 2199 cum
1627 2171 1685 2199 fru-

47 2211 127 2245 lonis,
148 2214 264 2248 quando
288 2220 367 2249 capta
391 2215 545 2250 suffoditur,
564 2219 742 2254 subvertitur,
765 2211 839 2249 deso-

942 2218 989 2241 nto
1001 2219 1075 2247 sunt,
1090 2219 1117 2241 ct
1134 2214 1223 2249 pisces
1237 2216 1367 2250 perdendi
1386 2224 1418 2244 ac
1437 2217 1609 2252 projiciendi,
1622 2226 1684 2247 Cum

48 2256 135 2290 latur,
162 2263 195 2285 ut
219 2258 287 2285 nihil
315 2259 343 2286 in
372 2261 452 2288 nobis
469 2262 586 2290 resideat
610 2264 791 2294 confusionis.
809 2267 843 2294 Et

47 2304 173 2337 capieris,
196 2304 328 2340 Babylon,
344 2312 368 2334 et
391 2316 442 2334 non
463 2310 614 2344 cognoscis;
633 2310 737 2339 inventa
758 2321 797 2346 es,
817 2319 843 2341 et

47 2351 247 2384 comprehensa,
261 2353 323 2386 quia
344 2353 455 2380 Domino
477 2356 639 2384 restitisti".
660 2356 768 2393 Ergone
784 2360 841 2387 sola

46 2393 167 2431 Babylon
185 2395 302 2424 Domino
315 2399 424 2431 restitit,
439 2404 466 2427 et
483 2409 537 2427 non
554 2403 644 2436 potius
662 2411 758 2432 omnes
775 2414 840 2440 gutt-

47 2444 102 2474 tes,
120 2442 202 2476 dum,
218 2443 348 2471 Creatore
366 2444 484 2480 deserto,
509 2447 579 2475 idola
596 2454 730 2477 veneratae
755 2457 834 2485 sunt,

45 2486 163 2515 Domino
192 2489 368 2517 restiterunt?
391 2490 431 2518 An
464 2493 611 2527 liguraliter
639 2495 707 2523 dicit
729 2505 837 2524 omnem

45 2535 168 2562 animam
187 2536 355 2563 contrariam
373 2536 524 2566 Jerusalem
540 2540 636 2568 visioni
652 2543 737 2577 pacis,
750 2544 839 2581 Baby—

44 2580 134 2608 lenem
151 2582 234 2608 esse?
246 2581 323 2609 Unde
333 2588 359 2610 et
373 2583 460 2611 sancti
474 2585 499 2611 in
509 2584 670 2620 Jerusalem,
683 2580 838 2623 peccatores

45 2626 70 2653 in
94 2626 240 2662 Babylone
260 2634 348 2656 erant.
369 2629 401 2657 Et
424 2630 445 2657 si
462 2631 609 2665 peccabant
631 2632 837 2671 Jerosolymitm,

43 2674 228 2702 mittebantur
251 2675 278 2702 in
295 2675 479 2711 Babylonem,
500 2682 527 2705 et
549 2678 590 2706 sic
612 2682 841 2712 convertebantur

42 2720 74 2747 ad
98 2722 295 2756 pamitentiam
321 2721 347 2749 in
368 2721 504 2759 Babylone
527 2725 719 2757 consistentes.
747 2727 840 2758 Sancti

41 2772 106 2795 Vero
134 2768 364 2802 regrediebantur
389 2770 416 2796 in
441 2769 604 2799 Jerusalctn.
631 2772 745 2808 Capitur
774 2783 840 2811 ergo

356 2859 378 2875 "
392 2859 457 2887 ibid.

73 2859 93 2873 "
109 2858 217 2887 Jcrcm.
231 2867 257 2892 ι..
270 2859 315 2887 Si.
356 2859 378 2875 ἐ
392 2859 457 2887 ibid.
496 2861 517 2877 "
527 2860 627 2890 Jerem.
641 2870 667 2896 ι,
679 2863 724 2897 25,
738 2864 782 2897 26,
795 2863 839 2892 27.

897 2260 977 2288 bonis
989 2260 1111 2295 piscibus
1130 2260 1176 2295 qni
1195 2260 1221 2287 in
1239 2262 1306 2289 retia
1319 2262 1484 2296 inciderunt,
1500 2264 1683 2292 continentur.

896 2305 983 2339 Quam
998 2314 1059 2334 cum
1076 2306 1214 2342 aperuerit
1234 2306 1330 2342 iudicii
1350 2311 1483 2343 tempore.
1499 2313 1525 2335 et
1540 2308 1685 2343 protulerit

895 2353 994 2382 exinde
1013 2360 1076 2380 vasa
1096 2353 1142 2380 ira:
1158 2360 1230 2385 sua),
1246 2353 1317 2386 dicet
1333 2353 1447 2381 forsitan
1472 2354 1495 2383 is
1511 2354 1557 2389 qui
1578 2360 1619 2382 est
1634 2364 1682 2384 vas

894 2399 1101 2432 misericordias,
1125 2398 1158 2426 de
1180 2399 1383 2435 egredientibus
1404 2401 1475 2428 rasis
1498 2401 1545 2428 ira:
1567 2409 1624 2429 sua:
1638 2403 1682 2427 ”:

897 2444 1028 2472 Exierunt
1044 2453 1076 2472 ex
1091 2445 1175 2479 nobis,
1191 2453 1241 2472 non
1255 2446 1324 2473 enim
1337 2450 1456 2472 erantex
1470 2447 1554 2474 nobis.
1569 2446 1599 2474 Si
1614 2447 1684 2474 enim

895 2493 1008 2528 fuissent
1035 2501 1067 2520 ea:
1092 2493 1178 2526 nobis,
1196 2494 1401 2529 permansisscnt
1428 2494 1516 2528 utique
1537 2494 1682 2522 nobiscum.

897 2539 948 2567 Sed
963 2540 1022 2566 ideo
1039 2540 1135 2575 egressi
1152 2544 1213 2571 sunt
1230 2548 1245 2566 a
1261 2540 1357 2573 nobis,
1375 2544 1402 2568 ιιι
1427 2543 1606 2567 ostenderetur
1620 2541 1683 2575 quia

894 2595 943 2614 non
968 2592 1044 2614 erant
1065 2595 1154 2614 omnes
1169 2595 1200 2614 ea:
1217 2586 1301 2615 nobis.
1323 2588 1350 2614 ln
1371 2586 1444 2618 aliud
1462 2587 1590 2622 quiddam
1607 2589 1682 2624 cupit

893 2641 985 2661 sermo
1009 2641 1203 2670 prorumpere;
1222 2633 1295 2668 quod
1319 2639 1409 2662 autem
1434 2635 1566 2663 audemus
1581 2635 1681 2667 dicere.

892 2679 1047 2708 istiusmodi
1059 2684 1111 2708 est.
1128 2679 1157 2705 ln
1171 2680 1297 2707 thesauro
1309 2679 1356 2708 Dei
1369 2688 1434 2708 vasa
1447 2681 1494 2708 ira:
1508 2687 1589 2714 sunt;
1606 2686 1682 2710 extra

891 2726 1051 2754 thesaurum
1069 2733 1133 2755 vasa
1153 2726 1293 2761 peccanlia
1318 2734 1373 2753 non
1393 2732 1458 2755 sunt
1481 2735 1546 2755 vasa
1561 2728 1619 2762 irw,
1634 2729 1682 2757 sed

892 2772 966 2801 vasis
979 2771 1025 2798 ira:
1038 2770 1144 2798 minora
1159 2774 1233 2798 sunt.
1252 2770 1328 2799 Servi
1351 2772 1424 2799 enim
1443 2777 1507 2800 sunt
1525 2774 1682 2809 ignorante:

880 2867 902 2883 "
915 2864 994 2892 Rom.
1007 2863 1103 2896 11,22,
1120 2863 1165 2896 “t5,
1180 2862 1226 2889 2i.
1265 2865 1287 2880 "
1301 2862 1398 2890 lJoan.
1417 2870 1446 2890 ιι.
1463 2863 1504 2891 19.
