1872 3048
187 130 239 159 529

916 126 1076 156 OlilGENlS

1756 131 1806 159 520
1823 153 1825 156 ι

187 186 307 216 Domini.
321 185 374 213 Sed
385 186 522 221 quodnam
537 192 636 213 nomen
650 185 840 213 nominaturus
852 186 904 214 es?
917 186 926 212 l

1069 185 1180 222 ὀνόματι
1203 186 1270 214 Θεοῦ
1287 187 1431 222 πράττειν’
1449 186 1480 214 σὺ
1503 186 1531 214 δὲ
1552 186 1640 221 λέγεις
1652 195 1660 202 ·
1674 186 1723 221 Μὴ
1740 188 1803 215 Cro-

188 241 251 261 men
263 232 375 260 deorum
388 232 540 259 alienorum
560 240 613 259 non
635 231 845 259 recordabimini
867 232 892 259 iii
908 240 969 259 cor-

186 279 268 306 dibus
286 277 383 306 vestris
394 298 401 310 ,
422 281 449 304 et
464 277 532 305 dicis
547 287 553 304 :
572 276 633 304 Non
650 277 789 304 nominabo
805 286 897 305 nomen
916 278 970 305 Do-

180 325 264 357 mini,
278 332 323 351 nec
338 323 432 358 loquar
448 323 519 350 ultra
531 324 557 350 in
577 324 679 350 nomine
694 323 789 357 ipsius.
807 323 864 351 Hoc
878 323 970 359 itaque

187 370 254 397 dicit
270 370 380 397 humani
396 369 497 404 aliquid
512 376 619 404 passus,
637 369 710 403 quod
725 368 802 397 nobis
814 369 896 396 etiam
918 377 968 397 usu

188 416 280 444 venire
295 415 372 442 solet.
385 414 500 441 Maxime
516 421 579 442 vero
593 414 616 441 si
631 414 694 448 quis
715 415 768 441 sibi
786 415 913 442 conscius
928 419 970 441 est

186 469 218 489 se
228 461 264 488 ob
275 461 424 489 doctrinam
436 464 462 487 et
476 467 627 487 sermonem
643 460 789 494 aliquando
802 460 873 487 male
884 460 970 487 fuisse

188 507 310 534 habitum
322 527 329 539 ,
345 511 485 538 vexatum,
509 509 534 532 et
555 505 618 532 odio
635 505 773 538 habitum,
794 514 865 540 saepe
880 506 945 533 dicit
960 515 967 533 :

184 549 266 583 Abeo,
280 550 345 585 quid
366 550 430 586 milii
453 554 479 576 ct
497 549 610 584 negotiis
628 549 649 576 si
669 554 808 584 propterea
829 550 892 577 odio
908 558 968 578 sum

185 597 257 631 quod
272 596 384 623 doceam
399 599 426 622 et
447 594 582 629 proferam
597 595 757 622 sermones?
770 595 826 622 Cur
850 603 904 622 non
922 603 970 630 po-

187 642 241 669 tius
263 641 289 668 in
308 641 481 668 solitudinem
505 645 532 667 et
547 640 665 674 quietem
684 648 727 668 me
753 640 885 668 confero?
905 641 969 668 Tale

186 687 323 722 quidpiam
341 691 367 714 et
381 687 510 722 propheta
530 694 627 721 passus
650 691 691 713 est
708 694 769 713 cum
788 686 887 713 diceret
902 695 908 712 :
935 687 969 712 Et

184 734 242 760 dixi
252 743 261 760 :
274 732 334 760 Non
351 733 491 760 nominabo
502 739 594 759 nomen
607 732 723 764 Domini,
736 740 782 758 nec
795 732 889 767 loquar
899 732 969 759 ultra

185 780 214 806 in
236 779 340 806 nomine
362 779 456 813 ipsius.
484 778 537 806 Sed
564 778 651 805 bonus
667 777 797 804 Dominus
813 778 859 812 qui
880 778 970 806 limcce

185 829 324 854 tantorum
339 824 480 852 hominum
496 828 606 858 peccata
625 823 760 858 prohibet,
777 829 831 850 non
849 823 969 858 permisit

185 870 346 905 prophetam
363 876 378 895 a
396 876 450 903 quo
465 868 523 895 haec
536 868 608 895 dicta
623 871 696 900 sunt,
712 867 738 894 in
754 867 805 894 lioc
818 875 880 895 esse
890 875 968 895 vera-
983 856 1004 884 Β

187 923 263 947 cem,
284 915 330 942 sed
351 914 437 942 voluit
450 918 478 941 ut
497 913 745 948 praevaricationem
763 913 920 947 invocaret,
941 919 969 941 et

187 961 260 997 quod
274 961 388 993 dixerat,
404 968 434 988 re
447 968 500 987 non
512 964 657 994 praestaret.
677 959 786 986 Dixerat
800 959 890 986 enim:
908 959 969 986 Non

186 1007 326 1036 nominabo
354 1015 446 1034 nomen
464 1006 585 1039 Domini,
604 1013 649 1032 nec
672 1005 766 1040 loquar
789 1005 860 1032 ultra
877 1006 905 1032 in
921 1014 969 1032 no-

187 1054 255 1081 mine
267 1053 359 1087 ipsius.
373 1051 471 1078 Factus
486 1057 524 1079 est
541 1056 639 1084 autem,
653 1051 740 1086 inquit
748 1051 768 1084 ',
786 1052 812 1078 in
825 1052 901 1078 corde
913 1060 969 1078 meo

185 1100 262 1135 quasi
275 1099 343 1134 ignis
356 1099 462 1131 ardens,
477 1106 554 1125 urens
573 1100 601 1124 in
615 1097 716 1124 ossibus
731 1097 804 1130 meis,
816 1101 842 1124 et
854 1097 969 1124 dissolu-

187 1150 229 1172 tus
247 1152 304 1171 sum
326 1144 457 1177 undique,
470 1149 495 1170 et
517 1151 569 1170 non
587 1149 692 1177 possunt
712 1143 790 1177 ferre.
814 1141 913 1170 Factus
927 1147 969 1170 est

186 1197 273 1217 sermo
283 1189 390 1216 Domini
405 1196 487 1216 urens
501 1196 549 1216 cor
561 1188 630 1223 ejus.
643 1187 754 1215 Factum
765 1191 808 1215 est
819 1195 866 1215 cor
877 1195 967 1215 meum

185 1235 262 1270 quasi
279 1234 348 1270 ignis
362 1234 472 1268 ardens,
486 1241 569 1261 urens
582 1234 609 1260 ili
627 1233 736 1261 ossibus
749 1233 828 1260 meis.
847 1233 968 1268 Subjeeit

184 1284 326 1314 peccatum
340 1278 413 1314 quod
427 1278 542 1310 fecerat,
559 1278 652 1305 dicens
666 1286 673 1304 :
688 1276 750 1304 Non
770 1277 907 1304 nominabo
920 1285 968 1304 no-

184 1333 242 1353 men
259 1324 364 1352 Domini
378 1344 385 1355 ,
403 1331 449 1350 nec
464 1323 558 1358 loquar
572 1323 644 1349 ultra
661 1323 688 1350 in
702 1323 806 1350 nomine
820 1323 922 1357 iusius;
940 1327 968 1350 ct

185 1370 266 1399 simul
281 1378 315 1398 ac
333 1369 477 1397 confessus
498 1373 540 1396 est
561 1373 703 1403 peccatum
723 1367 873 1401 Jeremias,
900 1369 966 1396 illud

184 1417 293 1451 abiecit.
316 1415 425 1443 Utinam
449 1419 476 1442 et
493 1421 542 1449 ego
563 1415 654 1441 statim
677 1417 758 1448 atque
784 1414 908 1448 peccavi,
935 1421 967 1441 ac

184 1462 297 1489 verbum
312 1460 520 1496 reprehensione
535 1460 645 1495 ilignum
662 1459 773 1494 protuli,
792 1460 920 1486 sentirem
939 1460 965 1486 in

185 1507 266 1535 corde
288 1514 348 1533 meo
373 1505 461 1541 ignem
483 1505 641 1537 ardentem,
665 1509 787 1532 urentem
808 1505 834 1532 in
858 1505 966 1532 ossibus

183 1553 267 1586 meis,
286 1552 323 1579 ita
336 1556 365 1578 ut
384 1551 454 1579 ferre
475 1558 529 1578 non
550 1550 666 1586 possim.
679 1551 814 1577 Audacter
828 1550 965 1585 quidpiam

187 1598 379 1626 enuntiaturus
395 1604 455 1624 sum
467 1616 475 1629 ,
488 1597 561 1630 quod
574 1603 608 1622 an
624 1596 666 1623 liis
689 1596 858 1623 auditoribus
874 1596 966 1631 profu-

181 1648 273 1671 turum
291 1643 326 1670 sit
340 1643 445 1678 ignoro.
463 1641 536 1668 Dixit
549 1649 609 1669 esse
633 1642 768 1676 quoddam
787 1650 871 1677 genus
885 1643 965 1677 ignis,

184 1690 255 1724 ignis
278 1690 324 1724 qui
337 1696 419 1717 sensu
435 1696 488 1716 non
505 1688 664 1723 percipitur,
681 1688 775 1716 dolore
792 1689 827 1716 ita
842 1697 903 1716 eum
919 1690 966 1724 qui

183 1735 320 1762 cruciatur
344 1734 475 1762 allicieiite
502 1738 532 1761 ut
559 1734 584 1761 ei
613 1734 648 1761 sit
676 1734 864 1762 intolerabilis.
893 1735 966 1762 Dixit

182 1781 255 1808 enim
270 1790 276 1808 :
295 1779 394 1806 Factus
412 1785 450 1806 est
465 1780 491 1806 in
511 1779 590 1806 corde
611 1787 666 1806 meo
683 1780 760 1814 quasi
775 1780 842 1814 ignis
858 1781 964 1812 ardens,

182 1829 207 1850 et
217 1832 294 1850 urens
309 1831 361 1850 non
380 1827 484 1850 tantum
500 1823 528 1850 iii
540 1823 622 1851 corde
634 1831 704 1855 nico,
718 1824 764 1851 sed
780 1828 806 1851 et
823 1825 850 1850 in
864 1825 965 1851 ossibus

183 1870 247 1896 meis
258 1890 266 1902 ,
286 1874 311 1896 et
333 1869 478 1896 dissolutus
494 1877 568 1902 sum,
586 1874 609 1895 et
626 1869 695 1903 ferre
711 1877 761 1896 non
780 1877 894 1904 possunt.
909 1869 965 1905 Ego

181 1923 278 1943 vereor
297 1923 330 1942 ne
346 1915 408 1942 talis
423 1914 458 1942 sit
471 1914 518 1949 qui
536 1915 615 1941 nobis
634 1919 788 1942 reservatur
802 1915 881 1950 ignis,
895 1923 964 1950 qlia-

182 1960 283 1988 lisfuit
302 1960 328 1988 in
354 1960 436 1987 corde
459 1959 593 1987 Ieremia.
617 1959 668 1987 Sed
693 1960 768 1987 illiilli
792 1968 845 1987 lion
862 1961 964 1995 experti

181 2014 278 2034 sumus
301 2016 309 2034 :
333 2006 356 2033 si
379 2006 483 2041 experti
508 2013 650 2039 essemus,
675 2007 861 2041 propesiiiqiie
875 2013 966 2034 essent

182 2053 236 2080 duo
253 2053 346 2087 ignes,
364 2052 428 2084 hic,
444 2056 470 2079 et
485 2056 616 2079 externus
632 2059 688 2086 quo
702 2052 826 2080 videmus
840 2053 964 2080 comburi

180 2106 228 2126 eos
242 2098 289 2133 qui
303 2106 318 2125 a
332 2097 467 2132 praefectis
492 2097 614 2132 gentium
628 2098 800 2131 cruciantur,
816 2098 891 2125 illum
915 2106 964 2133 po-

181 2144 236 2171 tius
251 2144 411 2177 eligeremus
426 2150 507 2177 quam
524 2143 612 2174 hunc;
633 2142 677 2170 ille
698 2143 772 2170 enim
794 2144 963 2178 superﬁciem

181 2189 333 2221 comburit,
348 2188 391 2215 hic
407 2192 496 2214 autem
511 2188 565 2214 urit
579 2195 639 2219 cor.
653 2192 680 2215 et
693 2195 708 2214 a
723 2188 806 2216 corde
830 2189 963 2224 incipiens

181 2237 303 2268 permeat
318 2240 365 2266 per
376 2233 466 2259 omnia
481 2239 554 2264 ossa,
566 2239 613 2266 per
627 2239 723 2259 omnes
739 2233 862 2268 corporis
873 2239 963 2268 partes

181 2283 330 2314 grassatur,
344 2277 436 2312 sicque
451 2278 563 2311 invadit,
573 2283 604 2304 ut
618 2279 663 2313 qui
679 2279 755 2306 ardet
770 2279 904 2306 sustinere
915 2288 963 2308 lle-

180 2328 270 2358 queat.
287 2323 353 2356 Quis
369 2322 451 2358 274
462 2323 495 2350 de
508 2322 643 2357 ejusmodi
667 2324 727 2358 igne
746 2324 835 2351 dicere
853 2329 960 2359 potest:

180 2369 214 2396 Et
230 2377 280 2396 non
293 2377 399 2404 possum
418 2369 504 2402 ferre?
517 2367 583 2395 Novi
596 2368 676 2396 etiam
691 2369 810 2397 latrones
825 2371 870 2404 qui
889 2370 962 2398 hunc

180 2416 268 2450 ignem
288 2415 425 2442 sustinere
438 2422 490 2441 non
507 2419 653 2450 potuerunt
669 2420 777 2450 propter
791 2415 844 2444 vim
860 2417 963 2444 doloris

179 2468 260 2496 quem
272 2459 413 2488 inferebat.
423 2461 500 2488 Alius
512 2465 553 2487 est
563 2460 640 2488 dolor
653 2469 733 2495 quem
749 2461 830 2488 infert
846 2462 916 2496 ignis
928 2462 963 2488 ab

177 2504 294 2533 Jeremia
311 2505 462 2540 descriptus
474 2506 600 2533 dicente:
619 2499 650 2531 Ei
668 2506 755 2539 [actus
779 2511 816 2532 es!
838 2507 864 2532 in
885 2507 962 2533 corde

178 2559 234 2578 meo
246 2551 312 2578 sicut
327 2551 394 2585 ignis
409 2553 514 2583 ardens,
527 2559 604 2577 urens
621 2551 646 2576 in
664 2549 765 2577 ossibus
781 2552 854 2584 miris,
869 2557 892 2578 et
905 2553 961 2578 dis-

177 2597 280 2624 solutus
297 2605 356 2623 sum
376 2597 503 2631 undique,
527 2601 551 2623 et
578 2604 628 2622 non
652 2604 757 2630 possunt
779 2597 857 2630 ferre.
885 2596 961 2624 lluiic

178 2643 266 2678 ignem
288 2643 411 2670 accendit
432 2642 556 2670 Salvalor
576 2651 638 2669 cuin
663 2642 728 2668 dixit
741 2644 750 2658 ⁵
767 2651 772 2667 :
792 2641 881 2676 Ignem
905 2643 961 2669 veni

179 2688 280 2716 mittere
293 2690 319 2716 in
336 2694 444 2716 terram.
455 2689 487 2715 Et
500 2688 629 2723 quoniam
647 2687 721 2714 illiilii
736 2687 823 2722 igni-in
838 2689 962 2716 accendit

181 2733 315 2766 Salvator,
343 2734 404 2761 ideo
427 2733 620 2768 incipientibus
639 2733 725 2766 ipsum
749 2733 852 2764 audire,
872 2733 960 2767 ignem

221 2820 296 2847 'Jer.
314 2829 363 2853 xx,
380 2822 406 2849 9.
445 2823 455 2838 '
476 2822 540 2849 Luc.
559 2831 606 2855 xu,
629 2823 671 2849 ΑΟ.

1017 229 1105 265 μάσω
1115 231 1148 257 τὸ
1163 231 1257 266 ὄνομα
1272 233 1391 266 Κυρίου.
1416 232 1495 259 Ἀλλὰ
1512 233 1587 259 ποῖον
1601 232 1688 268 δνομα
1703 231 1806 268 μέλλεις

1020 277 1180 312 όνομάζειν;
1201 279 1304 313 Ὄνομα
1326 278 1395 305 θεῶν
1421 279 1521 314 ἑτέρων
1544 279 1595 305 οὐκ
1618 278 1804 314 ἀναμνήσεσθε

1021 323 1049 349 ὲν
1065 324 1124 354 ταῖς
1147 324 1271 360 καρδίαις
1294 324 1370 360 ὑμῶν
1382 333 1388 339 ·
1403 325 1451 351 καὶ
1469 324 1557 359 λέγεις
1568 332 1575 340 ⁸
1594 325 1655 352 οὐκ
1670 325 1806 359 ὀνομάσω

1021 367 1115 402 ὄνομα
1135 368 1263 402 Κυρίου,
1289 369 1337 396 καὶ
1360 370 1397 396 οὐ
1419 369 1461 404 μὴ
1487 369 1612 402 λαλήσω
1632 369 1677 396 ἔτι
1700 370 1750 396 ἐπὶ
1768 369 1806 403 τῷ

1022 414 1141 448 ὀνόματι
1155 414 1258 442 αὑτοῦ.
1275 415 1356 449 Λέγει
1370 413 1416 442 οὖν
1429 415 1571 447 πεπονθώς
1584 424 1611 442 τι
1626 415 1806 451 ἀνθριὶιπινον,

1021 458 1035 484 δ
1052 459 1098 485 καὶ
1112 460 1193 494 ἡμεῖς
1214 460 1404 496 κινδυνεύομεν
1417 460 1547 492 πολλάκις
1564 460 1739 488 πεπονθέναι.
1754 461 1807 487 Καὶ

1023 504 1140 539 μάλιστα
1160 505 1186 531 εί
1199 513 1241 536 τις
1256 504 1372 531 σύνοιδεν
1391 505 1480 540 ἐαυτῷ
1500 505 1543 532 διὰ
1563 506 1612 540 τὴν
1635 504 1807 532 διδασκαλίαν

1022 548 1087 574 ποτὶ
1102 548 1146 574 καὶ
1163 548 1207 574 τὸν
1221 548 1299 582 λόγον
1322 548 1560 584 ταλαιπωρήσαντι
1572 550 1618 576 καὶ
1632 550 1746 577 παθόντι
1762 551 1807 577 καὶ

1023 593 1181 628 μισηθέντι·
1196 594 1325 626 πολλάκις
1348 594 1438 628 λέγει·
1463 595 1623 631 ’Δναχωρῶ,
1647 595 1674 622 τί
1699 604 1744 631 μοι
1762 597 1806 622 καὶ

1021 638 1198 673 πράγμασιν,
1214 640 1238 664 εί
1259 640 1291 665 ὲκ
1308 639 1402 665 τούτου
1427 639 1538 675 μισητός
1558 641 1634 674 εἰμι,
1658 641 1691 666 ὲκ
1706 641 1753 666 τοῦ
1766 641 1805 666 δι-

1020 683 1143 715 δάσκεινζ
1160 684 1192 710 ὲκ
1209 684 1255 710 τοῦ
1279 684 1420 720 προΐεσθαι
1443 685 1487 712 τὸν
1507 685 1602 719 λόγον;
1626 685 1678 711 Διὰ
1698 686 1726 712 τί
1747 685 1805 722 οὐχὶ

1022 728 1120 764 μᾶλλον
1136 728 1270 764 ἀναχωρῶ
1285 729 1332 755 ἐπὶ
1347 728 1395 764 τὴν
1411 729 1527 764 ἐρημίαν
1540 729 1586 756 καὶ
1607 729 1656 765 τὴν
1673 730 1804 765 ἠσυχίανς

1020 773 1145 800 Τοιοῦτόν
1165 782 1191 800 τι
1213 773 1330 801 πέπονθε
1353 774 1400 800 καὶ
1423 775 1437 801 ό
1460 775 1603 810 προφήτης
1627 775 1731 809 λέγων·
1751 777 1804 802 Kal

1019 817 1101 846 εἴπω
1118 819 1158 845 οὐ
1170 819 1213 854 μὴ
1235 818 1373 854 ὀνομάσω
1392 820 1423 847 τὸ
1443 821 1536 855 ὄνομα
1553 821 1664 854 Κυρίου
1677 841 1684 853 ,
1702 821 1752 848 καί
1771 823 1805 848 οὐ

1017 865 1060 900 μὴ
1072 865 1198 898 mulan
1212 865 1260 892 ἐπὶ
1275 865 1314 898 τῷ
1327 867 1448 901 ὀνόματι
1459 868 1562 896 αὑτοῦ.
1580 867 1649 894 Ἀλλ’
1661 868 1707 894 ἐπὶ
1721 867 1805 903 τούτῳ

1018 910 1120 945 ἀγαθὸς
1136 911 1237 946 Κύριος
1251 912 1265 937 ό
1279 911 1390 938 κωλύων
1404 912 1454 944 τὰς
1466 912 1592 945 τοιαύτας
1604 913 1742 948 ἁμαρτίας
1753 914 1806 941 τῶν

1018 957 1184 994 τηλικούτων
1200 959 1250 985 οὐκ
1266 959 1354 994 ἀφῆκε
1369 959 1416 985 τὸν
1437 960 1579 995 προφήτην
1600 960 1749 996 ἀληθεῦσαι
1770 961 1807 987 εί-

1019 1004 1104 1032 πόντα
1125 1004 1160 1030 τὰ
1179 1004 1347 1040 προκείμενα
1359 1025 1366 1038 ,
1390 1004 1458 1032 ἀλλὰ
1473 1006 1520 1032 καὶ
1540 1006 1569 1032 ὲν
1588 1006 1677 1041 τούτῳ
1698 1006 1806 1033 ἀθεσίαν

1019 1049 1242 1082 ἐπικαλέσασθαι,
1255 1050 1303 1077 καὶ
1313 1050 1444 1086 ἀθετῆσαι
1458 1051 1489 1077 τὸ
1499 1052 1642 1087 εἰρημένον
1655 1052 1804 1088 πεποίηκεν

1023 1095 1173 1132 Ἰερεμίαν·
1204 1093 1264 1122 εἷπε
1298 1095 1348 1131 μὲν
1370 1096 1441 1132 γάρ·
1468 1098 1508 1123 οὐ
1543 1096 1583 1131 μὴ
1608 1097 1749 1132 ὀνομάσω
1773 1098 1803 1124 τὸ

1018 1141 1112 1177 ὄνομα
1133 1142 1260 1176 Κυρίου,
1284 1143 1333 1169 καὶ
1356 1143 1392 1169 οὐ
1412 1142 1454 1177 μὴ
1476 1143 1602 1176 λαλήσω
1625 1143 1669 1170 ἔτι
1693 1144 1743 1170 ἐπὶ
1766 1144 1804 1176 τῷ

1019 1188 1140 1222 ὀνόματι
1153 1188 1256 1216 αὐτοῦ.
1276 1188 1406 1223 Ἐγένετο
1421 1188 1455 1215 δὲ
1465 1208 1472 1220 ,
1486 1189 1568 1224 φησὶν
1578 1209 1585 1221 ,
1600 1190 1635 1215 ὲν
1647 1189 1685 1223 τῇ
1700 1191 1803 1224 καρδίᾳ

1018 1241 1075 1266 μου
1104 1233 1146 1267 ὡς
1170 1233 1230 1267 πῦρ
1256 1233 1414 1267 καιόμενον
1427 1252 1435 1265 ,
1469 1234 1657 1268 φλεγόμενον
1682 1235 1718 1261 ἐν
1744 1235 1804 1268 τοῖς

1018 1277 1135 1312 ὀστέοις
1145 1287 1216 1313 μου,
1237 1277 1287 1305 καὶ
1306 1277 1443 1313 παρεῖμαι
1460 1278 1618 1310 πάντοθεν,
1636 1279 1687 1306 καὶ
1700 1281 1738 1307 οὐ
1752 1280 1801 1307 δύ-

1016 1332 1107 1359 ναμαι
1125 1324 1236 1358 φέρειν.
1256 1323 1285 1350 '0
1300 1323 1377 1357 λόγος
1390 1324 1404 1350 ό
1419 1323 1465 1350 τοῦ
1484 1324 1587 1360 Κυρίου
1604 1325 1702 1358 γέγονε
1719 1325 1801 1352 καίων

1017 1370 1100 1398 αὐτοῦ
1116 1370 1166 1406 τὴν
1182 1370 1304 1406 καρδίαν.
1327 1371 1382 1397 Καὶ
1408 1370 1515 1404 ἐγένετο
1532 1372 1549 1406 ἡ
1569 1371 1668 1406 καρδία
1692 1381 1743 1407 μου
1766 1373 1801 1404 ὡς

1017 1415 1073 1451 πῦρ
1096 1414 1276 1450 φλεγόμενον,
1299 1415 1442 1449 καιόμενον
1471 1415 1500 1442 ἐν
1524 1415 1581 1446 τοῖς
1610 1415 1715 1447 ὀστέοις
1742 1425 1800 1450 μου.

1023 1460 1156 1487 ’Υπέϐαλε
1179 1460 1229 1495 τὴν
1252 1460 1390 1495 ἁμαρτίαν
1414 1461 1446 1496 ἢν
1471 1459 1618 1495 πεποίηκεν
1635 1461 1740 1487 εἰπών·
1763 1462 1802 1488 οὺ

980 1518 1000 1546 C
1015 1506 1057 1541 μὴ
1072 1505 1209 1541 ὀνομάσω
1221 1505 1253 1532 τὸ
1268 1506 1361 1540 ὄνομα
1371 1506 1493 1540 Κυρίου,
1506 1505 1554 1532 καὶ
1572 1507 1607 1532 οὐ
1619 1505 1663 1540 μὴ
1678 1506 1802 1539 λαλήσω

1015 1553 1065 1579 ἐπὶ
1081 1551 1121 1584 τῷ
1137 1552 1257 1586 ὀνόματι
1272 1552 1366 1579 αὑτοῦ
1382 1551 1424 1578 ἐτι
1434 1560 1440 1567 ·
1457 1552 1503 1578 καὶ
1517 1551 1637 1578 ἀπέϐαλε
1653 1553 1704 1588 τὴν
1716 1554 1803 1588 ἁμαρ-

1015 1597 1076 1624 τίαν
1093 1597 1225 1633 Ἱερεμίας
1247 1597 1305 1632 ἅμα
1322 1596 1361 1632 τῷ
1385 1598 1483 1624 εἰπεῖν.
1506 1597 1569 1624 Εἴθε
1585 1597 1662 1632 κάγὼ
1686 1599 1746 1633 ἅμα
1765 1598 1802 1634 τῷ

1017 1642 1184 1678 ἁμαρτῆσαι,
1192 1643 1238 1669 καὶ
1250 1643 1336 1669 εἰπεῖν
1347 1642 1425 1676 λόγον
1437 1643 1622 1678 ἁμαρτητικὸν
1635 1644 1801 1679 ᾐσθανόμην.

1015 1688 1055 1714 ὅτι
1071 1687 1165 1722 γέγονε
1182 1688 1237 1724 πῦρ
1253 1688 1282 1715 ὲν
1294 1690 1326 1724 τῇ
1345 1688 1444 1724 καρδίᾳ
1462 1697 1511 1724 μου
1524 1689 1562 1720 ὡς
1579 1688 1633 1724 πῦρ
1645 1690 1801 1724 καιόμενον,

1017 1732 1180 1768 φλεγόμενον
1195 1734 1223 1760 ἐν
1238 1734 1293 1764 τοῖς
1316 1733 1419 1764 ὀστέοις
1437 1741 1504 1768 μου,
1520 1733 1591 1759 ὥστε
1613 1741 1646 1768 με
1664 1733 1702 1769 μὴ
1725 1733 1802 1761 δύναι-

1017 1778 1077 1805 σθαι
1101 1779 1210 1814 φέρεινῑ
1227 1777 1325 1804 Μέλλει
1341 1786 1367 1804 τι
1384 1778 1398 1803 ό
1411 1777 1487 1812 λόγος
1499 1777 1615 1813 τολμᾷν,
1633 1778 1685 1804 οὐκ
1704 1777 1763 1805 οἶδα
1774 1779 1802 1805 δὲ

1016 1827 1040 1853 εἰ
1056 1826 1193 1862 συμφέρον
1209 1826 1248 1861 τῷ
1260 1825 1371 1861 τοιούτῳ
1384 1823 1678 1861 ἀκροατηρίῳ.Είρηκέ
1693 1834 1720 1851 τι
1735 1823 1802 1852 εἶναι

1016 1870 1084 1903 εἶδος
1099 1872 1194 1907 πυρὸς,
1209 1871 1294 1907 πυρὸς
1309 1871 1357 1897 οὐκ
1371 1870 1510 1906 αἰσθητοῦ,
1526 1870 1686 1901 κολάζοντος
1698 1870 1746 1896 τὸν
1760 1878 1802 1895 κο-

1015 1916 1160 1952 λαζόμενον
1175 1916 1220 1943 τοῦ
1238 1916 1317 1943 πόνου
1343 1917 1382 1948 εὶς
1404 1916 1434 1942 τὸ
1451 1917 1488 1951 μὴ
1506 1916 1598 1951 φέρειν
1615 1916 1709 1942 αὐτόν.
1736 1913 1801 1941 Εἶτα

1015 1963 1089 1998 γάρ·
1110 1962 1241 1996 Ἐγένετο
1262 1962 1296 1988 ἑν
1320 1961 1357 1995 τῇ
1374 1961 1479 1994 καρδίᾳ
1491 1970 1551 1995 μου
1567 1961 1607 1993 ὡς
1622 1961 1682 1994 πῦρ
1699 1961 1802 1994 gurd-

1013 2015 1106 2042 μενον
1121 2007 1171 2034 καὶ
1187 2006 1348 2041 καιόμενον
1363 2007 1412 2033 οὐκ
1429 2007 1457 2033 ἐν
1475 2008 1507 2042 τῇ
1525 2007 1622 2042 καρδίᾳ
1639 2015 1691 2041 μου
1710 2006 1800 2041 μόνον,

1015 2052 1083 2080 ἀλλὰ
1098 2052 1145 2079 καὶ
1160 2052 1195 2079 ἐν
1208 2052 1269 2085 τοῖς
1283 2051 1400 2084 ὀστέοις
1412 2060 1486 2086 μου*
1501 2052 1551 2078 καὶ
1566 2052 1705 2086 παρεῖμαι
1729 2051 1802 2078 πάι*

1015 2100 1117 2130 τοθεν,
1132 2097 1182 2125 καὶ
1198 2099 1233 2124 οὐ
1247 2097 1375 2132 δύναμαι
1395 2097 1505 2132 φέρειν.
1526 2097 1596 2131 Ἐγὼ
1613 2098 1750 2133 φοϐοῦμαι
1767 2098 1801 2133 μὴ

1015 2144 1119 2171 τοιοῦτό
1131 2145 1188 2170 ἐστι
1206 2144 1236 2170 τὸ
1252 2143 1430 2179 ἀποκείμενον
1443 2144 1508 2179 ἡμῖν
1522 2143 1577 2179 πῦρ
1597 2144 1752 2178 γινόμενον,
1766 2144 1801 2174 ὡς

981 2182 1001 2209 D
1015 2190 1045 2216 ὲν
1058 2191 1092 2225 τῇ
1107 2189 1205 2224 καρδίᾳ.
1220 2189 1329 2223 γέγονεν
1348 2189 1489 2224 Ἰερεμίου.
1511 2189 1547 2215 Οὐ
1573 2189 1753 2225 πεπόνθαμεν
1774 2189 1800 2214 δὲ

1016 2234 1081 2261 αὑτό
1090 2241 1097 2249 ·
1111 2234 1134 2259 εί
1154 2233 1349 2268 ὲπεπόνθειμεν
1361 2233 1455 2262 τοῦτο.
1478 2234 1525 2260 καὶ
1549 2234 1693 2269 προέκειτο
1707 2233 1744 2260 τὰ
1758 2233 1802 2260 δύο

1016 2280 1099 2315 πυρὰ,
1114 2279 1192 2306 τοῦτο
1205 2279 1235 2306 τὸ
1251 2279 1316 2315 πῦρ,
1336 2280 1382 2306 καὶ
1399 2280 1430 2306 τὸ
1441 2279 1539 2311 ἔξωθεν
1554 2280 1618 2314 πῦρ,
1637 2280 1651 2306 ὃ
1666 2279 1800 2316 βλέπομεν

1015 2326 1061 2353 ἐπὶ
1081 2326 1135 2352 τῶν
1153 2326 1303 2361 καιομένων
1320 2325 1372 2351 ὑπὸ
1388 2325 1441 2351 τῶν
1465 2325 1621 2361 ἡγουμένων
1636 2325 1692 2352 τῶν
1707 2325 1799 2356 ἐθνῶν,

1015 2369 1142 2405 είλόμεθα
1165 2370 1197 2396 ἂν
1214 2371 1301 2396 ἐκεῖνο
1318 2369 1416 2404 μᾶλλον
1437 2369 1467 2395 τὺ
1485 2369 1572 2404 πῦρῆ
1594 2369 1689 2396 τοῦτο·
1716 2371 1800 2396 ἐκεῖνο

1015 2415 1064 2450 μὲν
1082 2414 1136 2449 γὰρ
1153 2414 1226 2440 καίει
1245 2413 1294 2448 τὴν
1316 2413 1491 2447 ἐπιφάνειαν,
1513 2414 1594 2440 ¹ιοῦτο
1613 2415 1642 2441 δὲ
1662 2415 1736 2441 καίει
1754 2415 1800 2449 τὴν

1013 2459 1126 2494 καρδίαν
1137 2483 1146 2494 ,
1161 2459 1207 2485 καὶ
1223 2458 1374 2494 ἀρξάμενον
1395 2458 1449 2484 ἀπὸ
1464 2459 1512 2494 τῆς
1527 2459 1640 2494 καρδίας
1661 2459 1799 2486 διικνεῖται

1014 2506 1059 2531 ἐπὶ
1073 2505 1161 2531 πάντα
1173 2505 1206 2530 τὰ
1219 2504 1294 2536 ὀστᾶ,
1313 2504 1359 2530 καὶ
1373 2503 1527 2539 ἱκνούμενον
1539 2504 1586 2530 ἐπὶ
1598 2503 1632 2530 τὰ
1646 2505 1714 2530 ὀστᾶ
1726 2504 1800 2538 ἔρχε-

1014 2559 1058 2576 ται
1077 2549 1123 2576 ἐπὶ
1138 2549 1197 2575 ὅλον
1217 2548 1262 2574 τὸν
1282 2548 1440 2583 καιόμενον,
1457 2549 1505 2575 καὶ
1524 2548 1610 2580 οὕτως
1624 2548 1751 2584 ἔρχεται,
1764 2548 1798 2578 ὡς

1017 2596 1054 2631 μὴ
1070 2595 1198 2622 δύνασθαι
1211 2595 1257 2620 τὸν
1271 2594 1413 2629 καιόμενον
1430 2595 1532 2630 φέρειν.
1554 2594 1602 2626 Τίς
1624 2595 1672 2621 ἐπὶ
1691 2595 1799 2628 τοιούτῳ

1016 2641 1082 2676 πυρὶ
1093 2640 1202 2666 δύναται
1217 2639 1306 2673 λέγειν
1315 2647 1322 2654 ο
1338 2639 1393 2666 Καὶ
1410 2641 1446 2666 οὺ
1460 2640 1586 2674 δύναμαι
1604 2639 1724 2674 φέρειν;
1737 2637 1800 2666 Dial

1015 2686 1061 2714 καὶ
1086 2685 1185 2722 λῃστὰς
1204 2684 1283 2711 τοῦτο
1298 2685 1327 2711 τὸ
1347 2685 1402 2721 πῦρ
1420 2685 1456 2721 μὴ
1471 2685 1634 2720 δυνηθέντας
1658 2686 1798 2720 ὑπομεῖναι

1014 2732 1058 2759 διὰ
1073 2732 1117 2759 τὸν
1131 2731 1210 2758 πόνον
1230 2730 1283 2757 ἀπὸ
1299 2730 1393 2758 τούτου
1407 2729 1455 2757 τοῦ
1473 2730 1567 2765 πυρός.
1585 2730 1681 2762 ’Ἄλλος
1699 2731 1769 2756 isti.»
1781 2727 1796 2755 6
