1872 3048
58 85 98 114 595

60 143 166 178 ὲφίετημι
188 141 242 176 γὰρ
260 139 299 175 τῷ
317 136 509 174 σημαινομένῳ
525 137 570 164 τοῦ
581 158 588 169 ,
606 137 733 168 ἐτάζειν,
750 138 817 173 ὅπερ
835 143 853 168 Α

57 189 146 223 λέγεται
160 187 186 213 ὲν
197 187 235 222 τῷ
250 185 299 221 βίῳ
313 185 350 220 (l)
365 184 451 219 τούτῳ
468 184 513 210 ἐπὶ
532 183 584 210 τῶν
599 183 817 218 βασανιζομένων

57 235 93 262 ἐπὶ
105 233 153 265 τοῖς
164 232 345 268 δικαστηρίοις
355 251 362 263 ,
382 231 449 257 ὃπου
466 231 490 256 οἱ
512 231 560 265 μὲν
573 228 713 262 ὲτάζουσιν
728 229 776 264 (2),
793 230 818 255 οἱ

57 281 79 307 δὲ
89 280 224 311 ὲτάζονται,
240 277 313 306 οὗτοι
326 278 352 304 δέ
367 279 418 304 εἱσι
435 278 482 304 καὶ
498 278 526 304 ἐν
544 276 634 308 πόνοις
648 276 816 311 βαρυτάτοις.

59 325 83 349 Ut
97 324 138 358 μὲν
153 321 194 349 οὖν
206 323 336 348 κολασταὶ
348 321 472 353 ὲτάζουσι
487 320 616 356 πλευρὰς,
632 320 757 353 ὲτάζουσι
773 320 819 346 σώ-

60 377 131 403 ματα·
142 368 238 403 Κύρνος
251 369 279 394 δὲ
293 368 370 403 μόνος
387 367 479 394 καινὸν
494 367 550 402 ἔχει
568 367 667 403 τρόπον
682 366 817 402 ἐτασμῶν·

60 415 142 446 ὲτὰζων
156 413 208 448 γάρ
224 415 282 439 ἐστι
296 413 415 448 καρδίας,
432 412 479 439 καὶ
494 412 567 448 μόνῳ
581 412 620 447 τῷ
631 413 725 448 Κυρίῳ
742 412 822 448 πρόσ-

58 467 102 484 εστι
120 458 146 484 τὸ
160 458 293 490 ἐξετάζειν
309 458 346 493 (5)
368 457 481 493 καρδίας
503 457 551 484 καὶ
575 457 702 493 νεφρούς.
717 457 821 492 Λῃσταὶ

58 504 152 530 ἐπ’ταῦοο
161 503 298 535 ὲτάζονται
307 503 378 530 κατὰ
388 503 533 539 πρόσταξιν
543 503 693 539 ἡγουμένου
707 502 820 537 πλευρά·

58 551 104 576 ἐκεῖ
114 550 138 576 δὲ
151 550 197 576 οὐκ
213 551 245 576 ἐκ
262 550 435 585 προστάξεως
451 549 529 582 Θεοῦ,
543 549 599 576 ἀλλ’
616 549 661 575 ὑπ’
676 548 757 575 αὐτοῦ
774 548 821 575 τοῦ

59 596 142 630 Κυρίου
154 595 274 627 ὲτάζεται
288 604 331 627 τις
345 597 459 630 νεφροὺς
470 596 517 622 καὶ
534 595 661 630 καρδίας·
676 596 700 621 εἰ
718 595 754 630 μὴ
770 595 822 630 ἄρα

58 641 153 667 ἐνταῦθα
176 641 245 675 λέγω
275 641 320 667 τὸν
346 642 394 676 μὲν
416 641 652 676 προσ-τασσόμενον
678 638 747 667 εἶναι
778 641 823 666 τὸν

58 687 118 718 Υἰὸν,
133 688 172 714 τὸν
186 688 213 713 δὲ
230 688 433 723 προστάσσοντα
448 685 519 714 εἷναι
531 687 576 714 τὸν
590 686 709 722 Πατέρα,
721 687 823 713 καὶτὸν

58 733 127 765 Λόγον
139 730 202 759 εἶναι
219 733 264 759 τὸν
277 731 406 764 ὲτάζοντα
423 732 537 768 καρδίας
560 732 608 759 καὶ
624 732 739 767 νεφροὺς
749 751 756 763 ,
778 731 825 757 καὶ

60 778 135 804 πασῶν
147 772 175 812 γε
192 778 294 814 νομίζω
317 778 440 814 βασάνων
451 799 458 810 ,
483 779 590 805 πάντων
604 779 658 805 τῶν
675 779 762 804 πόνων
776 777 822 812 βα-

58 824 141 860 ρύτερα
152 825 183 850 τὰ
196 825 249 851 ἀπὸ
264 825 309 851 τοῦ
327 826 425 860 Λόγου,
437 826 501 852 ὅταν
514 825 642 860 ὲτάζηται
660 824 696 860 (4)
711 823 824 859 καρδίας

58 871 95 897 καὶ
108 871 225 906 νεφρούς.
250 872 295 898 Διὸ
314 872 401 898 πάντα
416 872 595 907 πράττωμεν,
613 871 656 898 ἵνα
676 870 713 906 μὴ
736 878 825 905 παρα-

57 915 160 951 ὼθὼμεν
183 918 279 952 ἐκείνῳ
306 918 345 952 τῷ
370 918 496 953 ὲτασμῷ,
522 915 552 944 οὗ
581 917 699 952 ὲτασμοῦ
733 915 824 951 οἴομαι

57 960 148 987 ἔλαττον
164 961 277 996 πάσχειν
300 963 362 994 τοὺς
384 961 612 998 παραδιδομένους
632 962 687 992 τοῖς
712 961 826 996 λεγομέ-

57 1015 100 1037 νοις
110 1007 136 1033 ἐν
148 1007 185 1042 τῷ
192 1007 350 1043 Εὐαγγελίῳ
361 1008 534 1043 βασανισταῖς
553 1007 664 1039 Πολλοῖς
675 1008 729 1043 γὰρ
739 1015 826 1042 παρα-

56 1051 162 1084 ῑίόονται,
180 1053 250 1088 τάχα
267 1053 370 1080 πλείοσι
385 1053 527 1088 βασανιστο
535 1054 560 1084 τ;
579 1053 649 1080 κατὰ
663 1052 709 1088 τὴν
725 1053 822 1088 ἀρχὴν,

56 1097 145 1124 οὒὲἐπω
161 1099 232 1130 ἄξιοι
250 1099 388 1134 γενόμενοι
411 1099 603 1134 παραδίδοσθαι
625 1099 665 1125 ἐνὶ
685 1098 765 1132 Λόγῳ
785 1096 825 1132 τῷ

57 1142 161 1175 ὲτάζοντι
180 1145 295 1180 καρδίας
310 1146 356 1172 καὶ
370 1146 495 1181 νεφρούς.
522 1145 551 1173 ’0
574 1145 700 1176 πλούσιος
721 1145 825 1176 ἐκεῖνος

56 1189 145 1217 οὐδέπω
159 1191 233 1224 ἄξιος
247 1190 280 1227 ἦν
304 1191 488 1227 παραδοθῆναι
511 1191 549 1226 τῷ
566 1190 691 1223 ὲτάζοντι
713 1190 825 1226 καρδίας

56 1237 93 1262 καὶ
106 1237 216 1273 νεςρρούς
226 1246 232 1252 ·
247 1238 291 1264 διὰ
301 1238 379 1264 τοῦτο
388 1238 439 1264 ὑπὸ
452 1238 581 1265 πλειόνων
593 1238 630 1273 (5)
641 1237 823 1269 ἐϐασανίζετο.

57 1280 173 1318 Ὕστερον
188 1283 215 1310 δὲ
229 1284 253 1310 εὶ
268 1283 314 1310 καὶ
329 1284 432 1316 ἐκεῖνος
447 1283 526 1310 τοῦτο
549 1283 647 1318 πάσχει
661 1283 677 1318 ἢ
696 1283 744 1318 μὴ,
756 1283 770 1309 ό
781 1282 825 1309 δυ-

839 808 859 836 Β

612 76 644 104 IN
663 76 836 104 JEBEMIAll
859 77 997 104 thItllLlA
1030 77 1088 103 XX.

1600 80 1652 107 526

871 140 914 165 trrr
929 145 1062 172 corpora;
1088 137 1220 164 Dominus
1243 141 1332 164 autem
1351 138 1426 165 solus
1450 146 1548 166 novum
1573 140 1654 168 habet

870 184 1009 210 scrutandi
1025 183 1153 216 modum;
1170 186 1308 210 scrutatur
1322 183 1394 210 enirn
1412 184 1505 216 corda,
1518 189 1543 212 et
1560 185 1586 212 in
1606 193 1653 213 so-

871 229 923 256 lius
940 228 1045 257 Domini
1062 233 1194 263 potestate
1216 233 1258 256 est
1280 229 1395 256 scrutari
1419 230 1500 257 corda
1515 234 1543 257 et
1563 239 1653 260 renes.

871 273 1037 301 Latronibus
1059 274 1103 301 hic
1126 273 1203 307 jussu
1226 274 1349 308 przcsidis
1375 274 1458 302 latera
1483 275 1654 310 fodieantrrr;

871 320 906 347 ibi
922 324 1012 347 autem
1032 327 1085 347 non
1100 320 1180 354 jussu
1200 320 1261 352 Dei,
1288 320 1334 347 sed
1351 320 1385 347 ab
1399 321 1514 355 ipsomet
1539 321 1656 352 Domino

871 373 950 393 renes
971 370 998 392 et
1023 365 1104 393 corda
1130 365 1346 401 uniuscujusque
1367 372 1575 401 examinantur;
1603 369 1656 396 nisi

872 411 940 438 forte
955 411 998 438 hic
1019 411 1107 438 dicam
1123 410 1221 438 Filium
1236 419 1296 439 esse
1311 411 1354 439 cui
1369 413 1534 448 przecipitur,
1548 413 1655 443 Patrem

872 465 936 484 vero
949 457 995 492 qui
1019 458 1156 492 praecipit,
1170 457 1341 493 Verbumque
1351 466 1410 487 esse
1429 462 1501 493 quod
1519 465 1658 489 scrutatur

874 510 954 530 renes
978 507 1003 529 et
1026 503 1128 536 corda,
1151 510 1183 530 ac
1197 504 1326 530 omnibus
1341 503 1454 530 tortoris
1476 505 1659 541 omnibusque

873 548 1013 576 doloribus
1030 549 1153 583 graviora
1170 556 1230 576 esse
1247 554 1311 583 puto
1329 554 1464 578 tormenta
1477 559 1492 578 a
1509 552 1595 579 Ver-bo
1612 561 1657 580 re-

874 601 923 621 ncs
937 601 964 621 et
978 593 1060 621 corda
1080 597 1220 622 scrutante
1236 594 1320 621 illata.
1333 594 1504 630 Quapropter
1519 597 1594 624 omni
1608 605 1660 632 ope

874 640 993 667 nitamur
1009 644 1038 667 ut
1058 639 1191 674 ejusmodi
1211 640 1329 667 examini
1354 646 1406 668 non
1423 642 1579 675 tradarnur,
1605 651 1660 678 quo

875 687 984 721 quidem
1008 687 1132 713 examine
1163 686 1265 713 leviora
1298 687 1359 715 illos
1383 688 1510 716 existimo
1532 690 1586 724 pati
1612 691 1660 726 qui

875 732 1038 767 evangelicis
1052 732 1225 760 exactoribus
1237 733 1390 760 traduntur.
1410 734 1501 762 Multis
1514 737 1585 763 enim
1604 741 1663 765 tra-

876 778 993 811 duntur,
1008 783 1035 805 et
1058 778 1172 805 fortasse
1194 779 1318 813 pluribus
1342 781 1516 808 exactoribus
1540 783 1591 809 sub
1609 784 1663 810 irri-

874 822 961 855 tium,
977 830 1040 849 cum
1062 824 1176 850 necdum
1195 823 1268 858 digni
1283 825 1419 851 evaserint
1441 826 1486 860 qui
1508 827 1554 854 uni
1571 827 1661 856 Verbo

873 869 954 895 corda
972 875 1106 903 rent-sque
1125 869 1258 896 scrutanti
1275 870 1427 898 tradantur.
1444 870 1523 898 Dives
1535 872 1578 899 ille
1591 881 1662 900 non-

874 914 938 941 dum
956 914 1054 949 dignus
1075 919 1134 942 erat
1155 915 1200 949 qui
1220 915 1302 942 corda
1316 920 1342 942 et
1360 923 1439 943 renes
1456 919 1587 946 scrutanti
1605 924 1662 947 tra-

874 961 994 993 deretur,
1012 961 1126 996 ideoque
1150 969 1165 988 a
1187 961 1311 996 pluribus
1327 963 1515 997 torquebatur.
1542 964 1661 994 Tandem

877 1015 941 1035 vero
957 1012 1046 1034 urrurn
1063 1007 1144 1034 etiam
1159 1007 1212 1035 hoc
1222 1008 1377 1042 experiatur
1394 1017 1489 1044 necne,
1505 1011 1550 1046 qui
1562 1003 1662 1047 potest,

878 1053 1008 1088 inqrrirat.
1027 1051 1091 1080 Utut
1102 1058 1154 1087 est,
1168 1061 1229 1089 quas
1256 1062 1306 1082 nos
1321 1059 1443 1088 manent,
1460 1061 1575 1086 tortores
1587 1063 1662 1092 sunt,

876 1102 905 1125 et
920 1103 1056 1126 scrutator
1069 1099 1191 1126 cordium
1209 1103 1236 1127 et
1254 1108 1349 1128 renum
1365 1101 1399 1129 de
1412 1103 1529 1136 peccatis
1543 1105 1662 1140 nostris;

877 1144 977 1180 quibus
994 1145 1020 1171 rri
1037 1145 1091 1172 cito
1110 1145 1270 1178 liberemur,
1287 1146 1313 1172 in
1336 1147 1395 1175 istis
1413 1147 1584 1177 haerebimus.
1602 1150 1664 1180 ideo

878 1190 990 1218 excitati
1006 1198 1082 1225 opem
1097 1199 1113 1218 a
1131 1190 1185 1218 Deo
1201 1191 1370 1226 postulamus
1386 1197 1417 1220 ut
1434 1194 1458 1220 in
1475 1193 1585 1223 Christo
1598 1196 1664 1225 Iesu

879 1236 1073 1264 beatitudinem
1084 1244 1296 1272 conseqrramur,
1310 1238 1354 1266 cui
1369 1244 1411 1266 est
1422 1239 1506 1274 gloria
1525 1241 1551 1268 in
1565 1243 1664 1270 sacula

878 1283 1051 1311 szeculorum.
1067 1282 1164 1310 Arnen.

55 1327 154 1361 νάμενος
173 1329 336 1361 ἐξεταζέτω.
352 1329 424 1365 Πλὴν
445 1329 479 1355 si
495 1329 674 1364 περιμένοντα
693 1328 731 1363 (6)
754 1328 827 1363 ἡμᾶς
846 1328 904 1354 ἐστι
917 1327 1086 1363 βασανισταὶ,
1096 1330 1141 1355 καὶ
1157 1329 1260 1361 ὲτάζων
1279 1329 1328 1361 τὰς
1351 1331 1464 1366 καρδίας
1484 1334 1531 1359 καὶ
1551 1336 1665 1370 νεφροὺς

57 1374 94 1400 ἐπὶ
105 1378 157 1407 τοῖς
169 1376 469 1413 ἁμαρτήμασινήμῶν·
481 1373 519 1403 ὧν
539 1375 741 1413 ἁμαρτημάτων
761 1375 785 1401 ει
802 1374 839 1410 μὴ
857 1375 950 1410 τάχιον
975 1376 1193 1411 ἀπαλλαγῶμεν,
1207 1377 1236 1403 ἐν
1261 1377 1366 1410 τούτοις
1385 1379 1513 1414 ἐσόμεθα.
1537 1382 1581 1408 Διὸ
1601 1383 1667 1409 ἀνα-

57 1420 156 1454 πάντες
179 1423 229 1458 τὴν
255 1423 309 1449 ἀπὸ
328 1422 394 1449 Θεοῦ
417 1422 542 1458 βοήθειαν
563 1423 735 1457 αἰτήσωμεν,
760 1421 802 1447 ἴνα
834 1422 863 1448 ἐν
883 1421 991 1457 Χριστῷ
1017 1421 1102 1458 Ἰησοῦ
1127 1423 1354 1459 μακαρισοῶμεν,
1379 1421 1402 1458 ᾧ
1422 1426 1438 1460 ἡ
1457 1426 1519 1458 δόξα
1541 1428 1580 1460 εις
1602 1429 1665 1458 τοὺς

56 1466 143 1499 ιιῶνας
156 1468 209 1494 τῶν
224 1468 332 1495 αἰώνων
348 1468 396 1502 (7)-
416 1467 502 1503 Ἀμήν

282 1514 362 1549 277
383 1512 524 1539 llOMlLlA
538 1511 596 1539 xx.

56 1569 86 1596 De
99 1578 128 1597 eo
139 1571 209 1604 quod
239 1571 368 1605 scripturn
391 1577 450 1597 est:
476 1570 613 1602 Quomodo
630 1569 780 1604 (anfractus
805 1575 830 1597 τε

163 1607 293 1633 contritus
307 1611 343 1633 est
358 1606 466 1633 malleus
482 1606 609 1632 rmioersa:
624 1611 710 1632 terra’.

85 1651 225 1685 Quomodo,
238 1652 277 1679 ait
287 1652 318 1683 ",
332 1652 483 1686 confractus
491 1656 516 1678 et
526 1653 655 1679 covtritrrs
668 1658 703 1678 est
719 1651 831 1677 malleus

55 1697 171 1725 universa
190 1699 292 1725 terra?
309 1698 440 1732 quomodo
455 1697 527 1731 facta
544 1701 581 1724 est
599 1697 625 1723 in
645 1697 831 1724 exterminium

54 1742 186 1778 Babylon!
204 1743 389 1777 Quaerendum
413 1743 483 1770 inter
501 1744 557 1770 haec
575 1743 637 1778 quis
662 1743 699 1770 sit
716 1743 831 1770 malleus

55 1789 176 1817 universa:
190 1794 280 1822 terras,
295 1796 389 1824 quaeve
399 1789 457 1823 ejus
470 1789 597 1816 contritio
609 1798 616 1815 :
631 1788 702 1815 unde
714 1790 751 1815 ait
767 1795 831 1823 pro-

54 1835 136 1868 pheta,
149 1836 214 1869 quia
232 1839 296 1862 ante
311 1835 468 1862 confractus
485 1840 527 1862 est
541 1840 624 1869 quam
639 1835 783 1865 contritrrs,
802 1839 832 1862 ut

54 1885 243 1915 congregantes
258 1888 288 1908 ea
305 1889 366 1915 qua:
379 1880 478 1908 alicubi
489 1880 523 1907 de
536 1880 633 1907 malleo
644 1880 744 1914 scripta
757 1884 830 1913 sunt,

54 1934 108 1952 cum
124 1927 312 1954 invenerimus
327 1934 425 1953 nomen
448 1926 518 1961 ejus,
541 1926 736 1961 investigemus
748 1926 830 1953 etiam

54 1972 162 2000 nominis
174 1973 344 2000 voluntatem
360 1980 392 2000 ex
410 1972 454 1999 his
467 1980 527 2007 quas
539 1972 678 2000 ati'erimus
687 1972 830 2006 exemplis.

54 2016 146 2045 Domus
161 2018 303 2053 quondam
325 2017 537 2052 componebatur
552 2017 610 2049 Dei,
622 2016 700 2051 juxta
720 2017 829 2044 tertium

54 2061 199 2095 Regnorum
226 2064 324 2090 librum
336 2084 343 2094 ,
361 2067 388 2090 et
405 2063 534 2090 Salomon
555 2067 613 2090 erat
631 2068 792 2090 construens
805 2068 832 2091 et

52 2110 181 2137 :ediﬂcaus
209 2118 282 2136 eam.
300 2108 406 2144 Ubique
425 2109 503 2143 quasi
527 2109 555 2135 in
582 2108 662 2136 laude
680 2100 782 2136 dicitur
796 2108 831 2135 de

52 2152 125 2181 domo
139 2154 197 2188 Dei,
214 2155 280 2189 quia
298 2155 411 2182 malleus
422 2159 446 2181 et
463 2154 568 2181 securis
583 2161 637 2180 non
655 2157 719 2181 sunt
747 2153 831 2182 auditi

845 1518 865 1544 (ζ
882 1513 916 1540 ad
934 1517 1058 1540 sanctum
1075 1513 1206 1548 Spiritum
1218 1520 1258 1542 est
1272 1515 1305 1542 de
1319 1516 1439 1543 sensibili
1453 1518 1559 1551 malleo,
1575 1528 1667 1554 quaero

884 1559 1023 1586 materiam
1041 1559 1138 1587 malleo
1160 1559 1310 1592 fortiorem,
1331 1568 1392 1595 quae
1408 1562 1475 1589 nihil
1493 1564 1527 1591 ab
1549 1573 1582 1592 eo
1606 1575 1667 1601 per-

882 1612 961 1631 crrssa
980 1605 1109 1639 patiatur.
1123 1605 1210 1638 Quam
1225 1606 1334 1640 quidem
1350 1616 1474 1642 quaerens
1491 1611 1576 1645 reperi
1591 1612 1618 1639 in
1633 1621 1667 1640 eo

883 1650 955 1684 quod
968 1650 1099 1685 scriptum
1111 1655 1150 1678 est
1164 1660 1170 1678 :
1189 1650 1254 1679 Ecce
1271 1653 1310 1678 vir
1320 1658 1394 1680 stans
1409 1662 1486 1688 super
1497 1663 1584 1683 muros
1599 1658 1666 1684 ada-

883 1697 1031 1729 mantinos,
1048 1701 1072 1723 et
1089 1698 1115 1724 iu
1133 1705 1213 1724 manu
1241 1698 1297 1731 ejus
1314 1701 1434 1726 adamas.
1461 1700 1552 1729 Refert
1575 1709 1666 1731 autem

883 1741 916 1768 de
933 1742 1079 1769 adamante
1090 1742 1215 1775 historia,
1229 1743 1292 1777 quia
1304 1743 1400 1771 fortior
1414 1745 1448 1772 sit
1463 1747 1537 1774 omni
1555 1748 1667 1777 credenti

883 1793 912 1813 se
923 1787 1032 1819 malleo,
1048 1787 1213 1814 incontritus
1224 1793 1250 1814 et
1261 1790 1480 1818 inconvincihilis
1493 1799 1667 1826 permanens.

882 1831 959 1859 licet
972 1839 1052 1866 supra
1072 1836 1125 1859 stet
1139 1833 1254 1860 malleus
1272 1831 1402 1867 Zabulus,
1417 1839 1443 1861 et
1462 1837 1619 1870 suppositus
1634 1839 1667 1865 sit

882 1877 975 1909 draco,
989 1881 1035 1912 qui
1049 1882 1090 1905 est
1107 1878 1185 1912 quasi
1201 1878 1279 1906 incus
1293 1878 1476 1914 indomabilis,
1493 1882 1560 1909 nihil
1576 1887 1666 1911 tamen

882 1924 909 1951 in
927 1932 1007 1950 manu
1023 1923 1080 1956 Dei,
1097 1928 1124 1950 et
1145 1924 1172 1950 in
1195 1930 1342 1959 conspectu
1361 1925 1421 1959 ejus
1434 1927 1587 1955 consistens
1605 1930 1668 1957 ada—

882 1977 941 1997 mas
953 1970 1111 2004 perpetitur.
1126 1969 1184 1996 Duo
1199 1969 1289 2004 itaque
1301 1972 1438 1998 contraria
1451 1976 1516 1999 sunt
1530 1973 1666 2002 adamanti

883 2015 927 2043 isti
947 2015 1061 2043 malleus
1079 2020 1106 2042 et
1121 2016 1199 2043 incus
1218 2016 1442 2051 inrproducibilis.
1458 2017 1516 2044 Jam
1531 2019 1666 2053 quoddam

882 2066 964 2089 estet
981 2063 1051 2097 apud
1069 2062 1191 2090 nationes
1210 2063 1305 2090 tritrrm
1320 2063 1392 2098 vulgi
1415 2071 1543 2091 sermorre
1559 2072 1669 2099 prover-

881 2107 968 2141 bium,
988 2112 1017 2135 ut
1030 2108 1063 2135 de
1082 2108 1124 2136 his
1136 2109 1182 2143 qui
1201 2109 1385 2137 anxietatibus
1400 2113 1427 2136 et
1441 2109 1596 2145 ingentibus
1611 2118 1670 2138 nta—

883 2151 916 2179 lis
933 2157 1104 2186 premuntrrr,
1117 2153 1220 2184 dicant,
1234 2154 1304 2181 inter
1325 2154 1452 2182 malleum
1468 2159 1532 2182 sunt
1549 2160 1575 2183 et
1592 2156 1670 2183 incu-

52 2199 74 2226 irr
89 2200 168 2227 domo
184 2201 233 2228 Dei
243 2201 276 2228 ²⁰.
290 2201 359 2235 Ergo
373 2201 510 2234 quomodo
528 2200 641 2227 malleus
654 2207 708 2227 non
721 2200 831 2227 auditur
846 2200 868 2227 D
883 2198 954 2225 dem.
968 2197 1008 2225 Tu
1022 2203 1113 2227 autem
1127 2200 1176 2227 hoc
1189 2199 1273 2227 refers
1284 2201 1316 2226 ad
1328 2200 1460 2228 Zabulum
1473 2205 1500 2228 et
1512 2201 1669 2233 draconem,

52 2245 74 2271 iu
92 2246 171 2275 domo
198 2247 259 2280 Dei,
277 2247 317 2274 sic
337 2247 401 2281 quia
426 2247 524 2274 domus
551 2245 599 2273 Dei
626 2245 748 2274 Ecclesia
771 2250 830 2279 est,

51 2292 157 2320 malleus
182 2293 211 2320 in
245 2292 367 2320 Ecclesia
393 2299 447 2319 non
473 2292 593 2319 auditur.
622 2291 690 2324 Quis
715 2296 758 2319 est
781 2292 832 2319 iste

51 2338 157 2365 malleus
176 2338 273 2366 volens
288 2342 419 2373 quantum
434 2337 461 2364 in
479 2345 508 2365 se
525 2342 567 2364 est
581 2337 714 2372 impedire
728 2337 832 2371 lapides

50 2384 232 2412 arditleatiOnis
260 2384 371 2419 templi,
401 2389 430 2411 ut
454 2384 564 2411 contriti
590 2391 645 2411 non
671 2383 834 2411 conveniant

50 2428 228 2458 fundamentis
239 2430 320 2465 ejus?
335 2429 403 2457 Vide
419 2429 485 2457 mihi
511 2429 644 2458 Zabulum
666 2429 688 2456 si
704 2437 758 2456 non
775 2429 833 2464 ipse

49 2482 85 2504 est
99 2479 214 2506 malleus
228 2478 363 2505 universae
377 2482 465 2505 terrae.
479 2476 534 2513 Ego
546 2481 636 2504 autem
649 2477 832 2512 pronuntiabo

49 2526 199 2559 conﬁdens,
222 2534 285 2554 esse
307 2526 424 2560 aliquem
439 2526 485 2560 qui
504 2532 557 2552 non
580 2531 742 2559 magnopere
756 2527 834 2551 curet

47 2571 77 2599 de
99 2573 199 2600 malleo
225 2572 360 2599 universae
384 2576 471 2599 terrm.
485 2571 517 2597 Et
533 2571 662 2606 quoniam
677 2569 831 2604 exemplum

358 2631 380 2646 “
397 2629 428 2656 Ill
444 2630 511 2664 Reg.
525 2637 562 2661 vr,
577 2629 601 2655 7.

91 2687 113 2719 l)
133 2687 183 2713 Ἐν
199 2686 242 2719 τῷ
251 2686 320 2719 βίῳ.
337 2686 365 2713 ln
383 2687 476 2714 codice
491 2686 655 2714 Scorialensi
674 2685 749 2712 deest
766 2685 804 2711 ὲν.

88 2721 115 2758 2)
133 2721 230 2758 Codex
241 2721 397 2753 Vaticanus,
410 2723 465 2753 τοῖς
481 2721 665 2758 δικαστηρίοις
682 2720 834 2753 ὲτάζουσιν,

46 2756 67 2781 οἱ
78 2756 105 2783 δὲ
121 2756 278 2788 ὲτάζονται.

78 2792 115 2824 (3i
137 2791 225 2824 Idem,
239 2791 342 2824 ἔξεστιν
358 2791 473 2824 ὲτάζειν.

80 2629 100 2644 ¹⁹
109 2628 213 2657 Jerem.
228 2638 255 2662 ι,
267 2630 312 2657 25.

885 2244 932 2279 qui
954 2245 1108 2272 istiusmodi
1127 2253 1235 2278 semper
1259 2246 1286 2272 in
1303 2245 1452 2281 Scripturis
1477 2254 1527 2281 pro
1540 2248 1670 2275 varietate

885 2297 1031 2317 causarum
1054 2290 1211 2318 nominibus
1240 2290 1445 2325 insigniuntur;
1468 2296 1494 2319 et
1515 2292 1584 2320 dicis
1605 2293 1668 2327 quia

887 2342 1007 2364 sanctus.
1019 2337 1070 2370 qui
1079 2337 1157 2370 quasi
1169 2344 1264 2364 murus
1278 2337 1480 2370 adamantinus,
1493 2337 1533 2365 vel
1547 2338 1572 2364 in
1588 2346 1669 2365 nranu

887 2382 994 2409 Domini
1013 2383 1124 2409 adamas
1142 2386 1198 2415 est,
1226 2389 1279 2409 non
1297 2387 1375 2409 curet
1401 2390 1489 2417 neque
1512 2383 1545 2411 de
1562 2384 1669 2416 malleo,

887 2436 975 2463 neque
993 2428 1027 2455 de
1052 2428 1165 2460 incude,
1189 2428 1236 2454 sed
1262 2432 1364 2462 quanto
1386 2428 1447 2462 plus
1469 2436 1556 2456 caesus
1574 2429 1669 2461 fuerit,

887 2479 962 2502 tanto
986 2474 1047 2509 plus
1070 2474 1129 2508 ejus
1144 2474 1272 2500 virtutem
1299 2474 1498 2508 splendescere.
1516 2475 1599 2502 Aiunt
1622 2482 1671 2503 eos

886 2521 931 2556 qui
950 2520 1156 2547 mercimonium
1172 2519 1293 2554 lapidum
1306 2524 1442 2552 exercent,
1459 2527 1521 2547 cum
1538 2520 1672 2547 voluerint

886 2567 1000 2602 probare
1023 2566 1211 2600 adamantem,
1226 2565 1382 2601 ignorantes
1393 2571 1484 2593 utrum
1497 2566 1533 2594 sit
1549 2566 1672 2600 adamas,

1526 2629 1564 2646 ,χ

924 2683 962 2716 (4)
982 2682 1065 2714 idem,
1084 2682 1176 2717 ὲτάζῃ.

925 2718 964 2750 t5)
984 2717 1074 2744 Codex
1092 2716 1284 2747 Scorialensis,
1300 2716 1345 2742 ἐπὶ
1362 2716 1504 2744 πλειόνων.

925 2753 963 2787 (6)
984 2752 1066 2784 idem,
1084 2752 1285 2787 παραμένοντα.

927 2785 965 2823 (7)
986 2787 1014 2814 In
1029 2785 1267 2814 codiee'Vaticauo
1280 2786 1356 2813 deest
1371 2785 1425 2813 τῶν
1444 2785 1561 2813 αἰώνων.
