1872 3048
176 69 226 97 5Ξῖ

909 68 1071 97 ORIGENIS

1759 71 1804 98 533

174 133 265 153 annon
279 128 323 159 sit,
342 126 466 161 quaiiiliu
487 127 612 156 malleum
626 133 654 156 et
670 129 795 156 incudem
817 136 870 156 non
892 130 966 156 iiivc-
982 129 1079 158 Acoeli
1109 130 1246 158 malleum.
1275 129 1369 165 Neque
1396 130 1469 157 enim
1495 129 1614 157 tenuiori
1648 128 1806 157 substantia

174 174 280 207 nerint;
307 179 372 202 litiic
399 180 492 202 autem
516 176 675 211 persuaderi
704 184 765 204 esse
791 176 964 204 verissimum

175 221 361 254 adamantcm,
376 221 400 248 si
416 222 564 261 indomitus
577 223 655 258 lapis,
669 223 691 250 si
713 223 782 250 inter
799 222 924 250 incudem
938 226 966 249 et

175 267 303 294 malleum
320 272 488 301 perseverat,
506 267 528 295 si
541 269 709 303 percutiente
721 268 838 303 desuper
856 268 964 301 malleo,

175 317 202 340 et
220 313 317 340 incude
341 313 482 348 supposita
509 314 604 341 durior
625 314 744 349 lapidum
769 319 865 342 natura
889 323 966 342 coni-

139 395 141 398 .
175 360 271 395 pingit.
289 359 364 387 Talis
380 359 422 386 vir
442 364 501 387 est:
525 366 589 387 ante
614 361 781 388 tentationes
803 361 838 388 ab
856 361 899 388 his
919 361 966 396 qui

175 406 292 441 probare
318 405 423 441 lapides
451 405 598 439 nesciunt,
629 406 781 441 ignoratur.
808 406 967 435 Cet-tissime

176 455 267 478 autem
279 451 355 477 novit
368 450 606 478 adamantinorum
621 451 740 486 lapidum
753 456 878 480 naturam
891 453 968 480 solus

177 496 250 524 Deus
272 495 397 530 plurimis
421 495 583 531 ignoratam.
604 495 661 530 Ego
685 496 743 531 ipse
765 496 854 524 adhuc
875 497 968 524 nescio

177 546 286 575 utrum,
313 542 440 569 veniente
463 541 562 569 malleo
583 545 611 569 et
632 543 800 577 perentiente
822 550 883 575 me,
902 550 968 570 con-

176 588 280 624 fringar
288 593 314 616 et
324 593 462 620 conterar,
473 588 615 616 convictus
626 589 690 624 quia
703 597 757 616 non
769 597 830 617 sum
840 590 966 623 adamas;

175 642 210 661 an
221 632 293 660 certe
307 640 387 661 verus
398 633 512 661 adamas
525 634 655 662 ostendar
667 634 690 662 si
702 635 895 669 ingruentibus
908 643 969 670 per-

175 678 374 712 seeutionibiis,
387 678 527 714 periculis,
542 679 749 711 tentationibus,
767 683 821 706 tam
835 680 969 707 contritus

174 724 254 752 fuero
275 724 309 751 ad
331 725 404 752 ictus
422 724 513 752 mallei
535 732 618 759 quam
641 724 786 759 probatus.
802 724 835 752 Et
859 729 887 752 tit
911 725 970 760 ipse

175 779 304 806 percurre
318 771 485 806 Seripturas,
498 776 525 798 et
545 778 636 806 qurere
653 771 675 798 si
701 771 773 806 quod
795 775 873 806 potes
894 771 970 799 inve-

175 817 235 844 nire
262 817 408 853 vestigium
435 817 532 844 benea
564 817 619 844 Deo
644 817 778 852 promitti,
798 823 828 844 ut
854 818 968 845 malleus

176 863 355 897 percutienda
379 863 523 898 percutiat.
545 862 626 890 Verbi
643 862 729 897 gratia
751 863 854 890 dictum
868 863 912 891 sit.
927 863 966 890 Ad

177 909 384 943 intelligentiam
392 909 465 936 enim
474 909 665 936 obscuriorum
675 911 823 936 suntuntur
831 909 965 943 exempla.

177 954 207 982 Si
224 955 339 982 malleus
350 962 404 982 non
414 960 496 987 esset,
508 961 561 981 non
575 955 718 983 essettnba
728 955 898 990 productilis,
907 963 968 990 quae

176 1014 254 1049 juxta
269 1014 353 1049 legem
369 1014 402 1041 ad
415 1014 601 1041 soleninitatcs
621 1014 667 1042 Dei
687 1014 817 1046 excutiat,
838 1022 899 1049 qua:
918 1022 968 1042 au-

176 1060 309 1088 dientium
321 1059 428 1087 animos
445 1060 572 1095 clangore
591 1067 642 1087 suo
663 1060 786 1088 accendit
797 1060 830 1087 ad
853 1060 965 1088 bellum.

176 1102 354 1133 Necessarius
376 1109 419 1132 est
446 1105 560 1132 malleus
584 1109 614 1133 ut
634 1105 698 1133 tuba
724 1105 888 1141 productilis
910 1105 965 1133 ﬁat.

176 1151 261 1179 Multa
284 1156 449 1186 eooperatus
472 1156 514 1179 est
532 1151 583 1179 iste
602 1151 717 1180 malleus
737 1152 809 1180 tuba:
822 1152 966 1187 productili

177 1199 272 1232 Paulo,
288 1203 319 1226 ut
333 1206 396 1225 eum
415 1205 463 1233 per
482 1198 558 1225 varia
574 1202 740 1225 tentamenta
763 1198 927 1234 produceret
942 1203 968 1226 et

176 1244 350 1280 approbaret,
367 1244 433 1279 quia
447 1244 549 1272 illaesus
564 1249 657 1278 posset
674 1244 783 1276 excudi,
799 1244 968 1280 ligurainque

177 1298 318 1318 assumere
332 1291 404 1318 tubae
423 1289 602 1324 magnisonae,
615 1297 669 1317 non
687 1290 818 1317 incertam
834 1290 903 1318 dans
917 1298 968 1318 vo-

177 1344 236 1364 cem
249 1337 276 1363 in
288 1335 440 1367 audientes,
451 1339 481 1362 ut
494 1339 680 1370 praeparentur
692 1335 726 1362 ad
741 1335 846 1363 militia:
856 1335 967 1363 bellum.

171 1382 211 1410 -Ἐι
226 1381 356 1417 quoniam
379 1381 494 1408 malleus
513 1380 650 1408 invenitur
670 1381 807 1408 contraria
826 1381 968 1414 fortitudo,

177 1433 206 1456 et
222 1429 307 1457 draco
329 1429 408 1456 incus
426 1427 621 1462 producibilis,
642 1426 796 1455 istiusmodi
815 1435 922 1463 semper
941 1428 968 1455 in

179 1475 330 1510 Scripturis
346 1475 455 1506 malleo,
471 1473 512 1501 vel
524 1481 688 1509 quacunque
701 1473 755 1501 alia
767 1475 879 1501 materia
892 1482 968 1502 com-
985 1486 1006 1514 ε

178 1520 297 1554 positum
315 1527 415 1547 nomen
428 1526 589 1550 assumens,
614 1518 724 1546 iiistabo
742 1525 879 1546 sermone.
902 1519 969 1546 Cain

178 1565 316 1598 generavit
333 1565 413 1597 ﬁlios,
436 1569 464 1591 et
479 1563 513 1591 de
524 1563 597 1590 Cain
617 1568 696 1590 ortus
710 1567 751 1590 est
775 1563 852 1590 faber
868 1563 930 1590 aris
944 1568 971 1590 et

179 1610 244 1638 ferri
256 1611 289 1637 ἰ.
306 1610 379 1645 Ergo
393 1614 422 1637 iit
437 1609 562 1637 ‘Zabulus
582 1609 630 1643 qui
645 1609 768 1636 omnium
790 1610 970 1637 tentationum

178 1661 306 1692 operator
334 1660 392 1689 est,
418 1655 532 1683 malleus
554 1655 670 1686 dicitur,
687 1656 724 1682 ita
751 1655 799 1690 qui
821 1656 970 1689 ministrat,

178 1702 322 1729 malleator
343 1706 386 1730 est
408 1702 480 1729 filius
504 1701 582 1729 Cain.
611 1701 835 1736 Quotiescunque
853 1701 927 1729 enim
943 1703 970 1729 in

180 1748 358 1775 tentationem
371 1747 513 1780 incideris,
523 1747 593 1774 scito
608 1747 737 1774 malleum
747 1747 885 1775 diabolum
898 1756 970 1781 esse,

180 1799 208 1822 et
223 1794 408 1822 malleatorent
426 1801 488 1821 eum
501 1801 550 1828 per
564 1801 645 1828 quem
667 1797 692 1820 te
712 1792 832 1820 Zabulus
850 1793 971 1828 insequi-

181 1846 236 1869 tur.
250 1840 329 1867 Velut
342 1841 368 1867 iii
382 1839 534 1875 proditione
546 1839 696 1866 Salvatoris
709 1839 824 1866 malleus
836 1838 969 1872 Zabulus,

179 1887 322 1915 malleator
346 1886 431 1913 Jiidas
450 1884 511 1912 fuit.
525 1884 557 1911 Et
568 1885 646 1912 multi
667 1889 745 1912 erant
760 1885 931 1913 malleatorcs
943 1886 971 1912 in

178 1938 301 1968 tempore
321 1932 369 1959 illo
385 1940 439 1967 quo
453 1931 584 1958 Dominus
598 1939 696 1966 passus
707 1935 758 1963 est,
772 1932 969 1959 clamantes":

180 1979 252 2007 Tolle
264 1979 296 2006 de
311 1984 383 2006 terra
396 1978 487 2010 talem,
500 1978 634 2012 cruci/ige,
648 1978 773 2013 cruci/iga
789 1985 859 2004 eum.
873 1978 971 2004 Omnia

177 2025 384 2053 malli-alaribus
394 2025 472 2059 plena
486 2023 788 2058 siiiit.Quotquotenim
806 2023 832 2050 in
847 2026 908 2051 actu
920 2031 971 2052 suo

179 2071 312 2098 Zabulum
327 2070 480 2105 suscipiunt
491 2074 517 2096 et
534 2069 691 2096 ministrant
706 2069 730 2096 ei
746 2069 779 2096 ad
800 2069 970 2103 probandum

177 2117 282 2152 justum
295 2136 302 2148 ,
328 2119 356 2143 et
377 2115 510 2150 injustam
534 2114 756 2150 coarguendum,
777 2122 873 2142 omnes
889 2116 973 2151 278

180 2162 354 2190 malleatorcs
375 2165 449 2188 sunt.
469 2160 573 2188 Idcirco
591 2161 613 2189 si
627 2161 686 2188 heri
700 2161 842 2188 malleator
857 2169 928 2194 eras,
942 2167 969 2190 et
987 2164 1008 2191 ι)

180 2207 207 2234 in
219 2214 302 2234 manu
319 2206 447 2233 malleum
458 2205 643 2239 continebas,
655 2214 728 2233 nunc
750 2206 859 2234 discens
873 2208 936 2242 quia
953 2216 968 2235 a

179 2252 247 2279 Cain
266 2250 410 2279 fratricida
430 2251 557 2279 oriuntur
578 2251 761 2285 malleatores,
782 2252 884 2287 projice
899 2255 969 2280 mal-

180 2299 251 2326 lcum
272 2298 306 2325 de
325 2304 409 2325 manu
426 2303 482 2329 tua.
501 2302 527 2324 et
547 2297 710 2332 lransmigra
723 2298 757 2325 ad
781 2299 967 2326 malleatorum

178 2352 239 2380 qua:
253 2343 383 2379 spiritalis
397 2348 439 2371 est
450 2343 665 2378 generationem,
682 2344 752 2371 sicut
763 2343 848 2377 Enos,
863 2350 890 2372 et
906 2346 970 2373 reli—

177 2397 295 2426 quorum
329 2390 376 2424 qui
418 2389 623 2424 Scripturarum
652 2390 781 2418 laudibus
809 2391 968 2419 efferuntur.

179 2435 374 2464 Verumtamen
400 2435 462 2464 ﬁnis
488 2435 640 2464 confractio
662 2441 703 2465 est
727 2443 810 2473 atque
827 2440 968 2466 contritio.

178 2481 211 2509 Et
233 2482 374 2510 sciendum
390 2482 518 2517 quidem,
542 2483 675 2517 quoniam
692 2484 871 2518 prophetatus
898 2494 970 2513 nunc

177 2527 294 2555 malleus
318 2526 439 2555 Zabulus
462 2528 509 2560 sit,
525 2528 641 2556 malleus
663 2537 718 2556 non
740 2530 828 2564 partis
852 2531 969 2566 alicujus

178 2577 267 2605 terrae,
282 2573 330 2601 sed
355 2573 492 2601 universa:
508 2579 604 2606 terrm,
622 2582 671 2609 pro
699 2582 732 2602 eo
748 2575 821 2610 quod
844 2575 870 2603 in
895 2576 970 2603 omni

178 2623 249 2646 terra
273 2619 375 2647 malitia
399 2620 459 2655 ejus
479 2620 603 2655 dispersa
620 2622 665 2653 sit,
690 2625 717 2648 et
731 2621 832 2656 ubique
855 2622 971 2650 malleus

178 2665 229 2693 istc
246 2665 347 2692 malum
368 2670 505 2701 operatur.
521 2665 569 2693 Est
590 2670 681 2694 autem
703 2667 785 2694 etiam
807 2667 859 2695 hoc
876 2668 969 2695 dicen-

180 2711 256 2742 dum,
273 2711 406 2739 Zabuluiii
425 2712 560 2740 universae
578 2717 656 2740 terra:
675 2713 802 2740 malleum
825 2721 896 2747 esse,
915 2721 968 2741 non

214 2788 239 2803 “
251 2788 318 2815 Gen.
333 2796 369 2815 tv.
406 2790 429 2805 ¹¹
445 2789 523 2817 Joan.
540 2791 655 2823 “1,15.
694 2791 716 2806 ’³
736 2790 831 2818 Matth.
847 2799 883 2826 iv,
898 2793 924 2820 9.

986 805 1006 834 Β

1018 176 1147 203 convenit
1161 176 1287 207 malleus.
1301 176 1347 203 sed
1364 176 1541 204 crassiori.Si
1552 181 1647 211 portas
1661 175 1805 210 imaginem

1018 223 1130 255 terreni,
1155 223 1271 250 malleus
1285 227 1321 255 te,
1346 223 1409 257 quia
1424 227 1550 250 terrenus
1565 230 1606 255 es,
1626 222 1763 257 percutit;
1784 222 1806 250 si

1016 275 1125 302 peccas,
1143 273 1171 296 et
1187 273 1259 296 terra
1281 276 1325 302 es,
1350 273 1377 296 et
1403 268 1429 296 in
1445 273 1544 295 terram
1569 268 1639 301 ibis,
1661 268 1808 302 experieris

1018 314 1146 341 malleum
1164 315 1299 343 universa:
1318 320 1398 342 terra:
1411 319 1438 342 et
1455 315 1480 341 in
1498 319 1525 342 te
1539 318 1712 349 operantem.
1729 313 1807 341 Juxta

1018 360 1094 387 illum
1115 361 1299 393 intellectum,
1318 361 1383 388 illud
1408 368 1518 396 quoque
1538 360 1806 387 animadvertendum

1017 411 1069 439 est,
1082 407 1216 434 universa.-
1234 411 1313 434 terra:
1325 407 1465 440 malleum,
1475 406 1539 442 quia
1554 406 1701 434 adversum
1715 412 1808 433 cuncta

1019 456 1125 479 terrena
1150 452 1301 487 potentiam
1324 459 1401 480 suam
1420 455 1562 485 exerceat,
1581 451 1715 478 Zabulum
1733 458 1808 484 esse;

1018 504 1098 532 posse
1111 503 1204 524 autern
1217 498 1300 525 etiam
1322 498 1456 525 minorem
1474 497 1604 525 malleum
1622 497 1749 531 intelligi,
1765 497 1808 531 qui

1019 550 1073 569 non
1092 543 1228 570 universa:
1250 547 1328 570 terra!
1344 543 1380 571 sit
1401 543 1531 574 malleus,
1549 543 1595 571 sed
1618 542 1704 575 illius,
1723 547 1752 569 ut
1775 543 1809 570 ita

1018 588 1119 622 dicam,
1134 593 1161 616 et
1177 589 1251 616 illius
1265 589 1351 624 partis
1368 593 1457 616 terrae.
1471 588 1505 616 Et
1521 589 1544 616 si
1560 588 1671 623 quidem
1690 596 1744 615 una
1764 588 1810 614 ali—

1019 642 1072 669 qua
1088 635 1226 662 contraria
1243 635 1375 663 fortitudo
1390 635 1457 662 mihi
1473 640 1616 670 repugnat,
1634 639 1663 662 et
1680 634 1809 662 collucta-

1020 686 1064 709 tur
1082 690 1201 716 meeum,
1216 690 1272 710 non
1284 682 1377 710 valens
1392 690 1455 710 cum
1468 682 1605 710 universis
1625 682 1711 709 simul
1727 681 1810 708 homi—

1019 728 1100 756 nibus
1111 728 1238 763 congredi
1253 733 1283 755 nt
1296 727 1428 761 Zabulus,
1441 733 1505 756 tunc
1514 733 1556 756 est
1571 728 1682 763 quidem
1700 728 1810 755 malleus

1021 774 1047 801 in
1066 782 1119 807 me,
1133 774 1180 802 sed
1196 781 1251 801 non
1273 774 1408 802 universae
1421 778 1501 801 terra:
1517 774 1644 806 malleus,
1664 781 1773 804 verum,
1786 778 1811 800 ut

1021 821 1058 847 ita
1075 820 1183 852 dicant,
1203 828 1270 848 mea:
1296 825 1401 848 tantum
1426 821 1540 848 malleus
1557 826 1644 847 terrze.
1666 820 1811 847 Confraelo

1021 871 1111 894 autem
1127 871 1155 893 et
1173 867 1292 894 contrito
1310 867 1410 894 malleo
1429 867 1563 894 universae
1580 871 1671 899 terrae,
1685 866 1752 901 quid
1767 874 1811 893 ne-

1021 920 1098 940 cesse
1113 917 1155 940 est
1176 912 1304 940 arbitrari
1326 912 1360 940 de
1385 913 1484 940 malleo
1507 913 1626 947 partium
1649 913 1750 940 terrae?
1773 912 1812 939 Si-

1021 958 1133 992 mulque
1159 957 1289 985 existimo
1313 958 1494 986 admiratione
1521 959 1656 994 dignum,
1684 958 1811 993 quoniam

1022 1004 1157 1031 universae
1170 1007 1250 1031 terra:
1263 1005 1377 1032 malleus
1390 1005 1426 1032 sit
1448 1005 1646 1032 comininutus.
1656 1005 1729 1038 Quid
1743 1005 1811 1032 enim

1022 1058 1150 1086 magnum
1177 1051 1200 1079 si
1227 1051 1331 1085 fractus
1350 1052 1464 1084 fuisset,
1486 1055 1513 1078 et
1539 1052 1678 1078 contritus
1701 1051 1812 1078 malleus

1022 1097 1140 1131 partium
1167 1097 1264 1125 teme?
1291 1096 1342 1125 Sed
1368 1105 1431 1125 vere
1446 1104 1520 1125 nunc
1547 1097 1741 1124 admirandum
1764 1102 1812 1128 est,

1021 1144 1085 1178 quia
1100 1143 1235 1171 universa:
1250 1147 1329 1172 terra“.
1344 1144 1459 1172 malleus
1473 1143 1633 1172 confractus
1649 1148 1735 1178 atque
1748 1151 1813 1171 eon—

1023 1189 1103 1216 tritus
1117 1193 1168 1216 est.
1208 1202 1212 1206 ~

1057 1236 1084 1262 2.
1101 1234 1168 1263 Post
1188 1235 1246 1264 haec
1270 1243 1363 1271 quaero
1391 1236 1454 1271 quis
1481 1236 1517 1264 sit
1541 1236 1594 1263 iste
1609 1236 1658 1271 qi'ii
1683 1236 1815 1263 universa:

1024 1285 1102 1308 teme
1113 1280 1241 1308 malleum
1253 1281 1430 1316 confregerit,
1445 1286 1473 1309 et
1486 1281 1664 1314 conti-iverit;
1684 1285 1714 1308 et
1727 1282 1813 1309 dicant

1023 1326 1134 1363 Moysen
1153 1334 1207 1354 non
1236 1327 1360 1362 potuisse
1377 1327 1550 1362 confringere
1571 1332 1655 1362 atque
1676 1332 1815 1355 conterere

1024 1373 1152 1400 malleum
1166 1373 1302 1401 universae
1313 1378 1403 1406 terrae,
1417 1382 1505 1409 neque
1515 1377 1580 1401 ante
1592 1381 1655 1401 eum
1666 1373 1814 1405 Abraham,

1024 1427 1114 1454 neque
1135 1425 1195 1455 post
1208 1427 1270 1447 eum
1292 1419 1385 1447 Jesnm
1410 1419 1493 1453 Nave,
1513 1427 1601 1455 neque
1624 1420 1710 1447 alium
1724 1427 1816 1455 quem-

1024 1473 1106 1500 quam
1129 1467 1337 1502 prophetarnm.
1353 1466 1421 1500 Quis
1445 1474 1511 1502 ergo
1527 1466 1617 1501 potuit
1635 1467 1732 1499 talem,
1757 1471 1816 1494 tan-

1024 1516 1137 1547 tumque
1153 1512 1262 1545 virum,
1286 1516 1313 1540 et
1338 1513 1472 1540 universa:
1493 1517 1572 1540 terrae
1598 1513 1730 1540 malleum
1753 1521 1816 1540 con-

1023 1558 1142 1593 fringere
1153 1562 1180 1586 et
1195 1559 1356 1586 conterere?
1368 1558 1437 1592 Quis
1450 1563 1491 1585 est
1508 1558 1575 1586 iste?
1593 1557 1676 1586 Jesns
1690 1558 1818 1586 Christus

1023 1604 1158 1640 confregit
1173 1610 1256 1640 atque
1273 1605 1403 1633 contrivit
1424 1605 1552 1632 malleum
1572 1605 1709 1632 universa:
1727 1610 1816 1633 teme.

1023 1650 1056 1678 Et
1071 1651 1124 1678 hoc
1136 1659 1209 1679 nunc
1221 1652 1360 1679 admirans
1378 1652 1405 1678 in
1424 1651 1527 1686 Spiritu
1543 1656 1640 1679 sancto
1657 1652 1817 1686 prophetes,

1024 1697 1080 1724 ait:
1097 1697 1236 1730 Quomodo
1262 1698 1415 1733 confractus
1438 1703 1463 1724 et
1490 1698 1619 1724 contritus
1642 1702 1681 1724 est
1705 1697 1818 1724 malleus

1024 1743 1153 1770 univcrm
1169 1748 1247 1771 terra:
1258 1745 1271 1771 1'
1292 1743 1386 1771 Primo
1400 1743 1570 1775 confractus.
1583 1747 1610 1771 et
1624 1745 1766 1772 contritus
1780 1749 1821 1771 est

1023 1789 1132 1817 deinde.
1160 1789 1193 1817 Et
1219 1789 1348 1824 quoniam
1373 1790 1463 1824 reperi
1488 1790 1658 1818 Salvatorem
1683 1798 1748 1819 csse
1774 1791 1819 1826 qui

1025 1835 1191 1871 confregerit
1209 1835 1337 1863 malleum
1356 1835 1491 1863 universae
1505 1843 1594 1869 terrm,
1611 1841 1639 1863 et
1656 1837 1822 1864 contriverit

1025 1889 1099 1912 eum,
1124 1882 1232 1909 veniam
1257 1881 1291 1908 ad
1313 1881 1502 1917 Evangelium,
1516 1887 1546 1909 ut
1568 1882 1675 1909 videam
1701 1883 1820 1917 primam

1026 1927 1214 1961 tentationem,
1237 1927 1346 1962 quando
1362 1928 1431 1955 dixit
1446 1928 1471 1956 ei
1487 1927 1609 1956 Zabulus
1620 1928 1664 1955 υτ
1689 1927 1753 1955 Ista
1767 1936 1823 1955 om-

1023 1972 1069 1998 nia
1078 1971 1125 1998 tibi
1136 1972 1238 2007 dabo,“
1246 1973 1383 2007 procidem
1397 1974 1550 2000 adoraceri’:
1559 1982 1610 2006 me,
1619 1978 1646 2001 et
1655 1974 1785 2010 reliqua;
1797 1977 1823 2000 et

1023 2019 1112 2046 dicam
1132 2020 1195 2054 quia
1216 2020 1243 2046 in
1260 2019 1305 2047 illo
1329 2024 1452 2055 tempore
1473 2028 1527 2047 non
1554 2020 1718 2048 contriverit
1742 2020 1824 2048 Jesus

1024 2066 1152 2093 malleum
1183 2066 1318 2094 universa:
1344 2071 1443 2098 terra,
1473 2066 1521 2094 sed
1550 2071 1656 2093 tantum
1685 2066 1824 2101 confregit

1024 2120 1098 2139 eum.
1113 2111 1183 2139 Cum
1201 2119 1264 2139 vero
1285 2112 1398 2140 recessit
1412 2113 1447 2139 ab
1464 2120 1498 2139 eo
1526 2120 1612 2147 usque
1636 2112 1672 2139 ad
1701 2117 1823 2148 tempus,

1023 2163 1049 2185 et
1065 2163 1187 2192 tempore
1196 2162 1292 2193 postea
1309 2159 1383 2186 venit
1398 2159 1527 2191 instante,
1542 2163 1607 2186 tunc
1618 2159 1764 2186 contiitus
1774 2165 1823 2189 est.

1026 2211 1080 2230 non
1105 2203 1193 2230 solum
1223 2203 1381 2232 confractus
1404 2209 1434 2231 ut
1459 2204 1597 2239 primum,
1618 2204 1741 2232 malleus
1765 2205 1825 2232 uni-

1024 2256 1111 2277 versae
1127 2254 1215 2277 terrm.
1234 2249 1267 2276 Et
1290 2250 1354 2284 quia
1370 2250 1505 2278 contritus
1520 2254 1564 2277 est
1578 2249 1625 2284 qui
1644 2249 1740 2278 fuerat
1763 2255 1825 2277 ante

1025 2295 1183 2322 confractus
1208 2296 1323 2323 malleus
1349 2296 1483 2324 universa:
1511 2300 1609 2328 terrae,
1641 2296 1752 2324 idcirco
1780 2303 1826 2331 per

1026 2349 1248 2377 unumquemque
1266 2347 1388 2370 nostrum
1407 2342 1592 2378 confringitur
1605 2342 1722 2377 quidem
1738 2351 1826 2378 quan-

1024 2387 1060 2414 do
1084 2387 1284 2414 introducitnur
1305 2387 1333 2414 in
1358 2387 1526 2420 Ecclesiain,
1548 2392 1575 2415 et
1600 2388 1768 2423 proficimus
1794 2388 1827 2415 ad

1025 2433 1124 2467 fidem;
1143 2434 1296 2461 conteritur
1321 2439 1413 2461 autem
1434 2439 1459 2461 et
1484 2435 1695 2467 comminuitur,
1710 2434 1826 2469 quando

1025 2481 1058 2508 ail
1087 2480 1238 2515 profectum
1266 2480 1404 2507 venimus.
1428 2479 1508 2513 Quod
1531 2480 1554 2507 si
1581 2480 1692 2508 dubites
1718 2480 1827 2508 conteri

1025 2526 1157 2553 Zabulum
1182 2526 1214 2553 ad
1247 2525 1399 2561 profectum
1437 2525 1609 2553 venientibus
1634 2527 1737 2557 nobis,
1763 2526 1827 2553 audi

1024 2574 1186 2609 Apostolum
1226 2573 1417 2600 benedictione
1453 2572 1572 2607 quadam
1612 2572 1828 2600 benedicentem

1023 2621 1128 2655 justum
1153 2624 1235 2654 atque
1269 2619 1403 2646 dicentem
1416 2618 1460 2646 3":
1484 2618 1561 2651 Dens,
1588 2623 1678 2646 autem
1702 2623 1826 2646 conterat

1025 2667 1156 2694 Satanam
1185 2665 1232 2692 sub
1261 2664 1371 2700 pedibus
1396 2665 1489 2692 vestris
1523 2664 1658 2692 velociter.
1685 2664 1829 2694 Ani-nalis

1024 2717 1067 2740 est
1092 2713 1142 2739 iste
1168 2711 1301 2743 malleus,
1330 2710 1446 2739 fortasse
1482 2719 1555 2738 nunc
1582 2711 1654 2741 furi“.
1673 2712 1826 2738 advorsum

964 2793 986 2808 "
998 2792 1075 2820 Rom.
1092 2800 1147 2826 xvi,
1161 2791 1207 2818 20.
