1872 3048
72 142 119 171 δι’-9
664 149 696 177 IN
716 146 892 176 JEREMIAM

913 145 1053 174 IIOMILIA
1073 145 1131 173 XX.
1651 146 1703 176 550

70 209 135 236 nos|
165 207 192 230 et
217 205 338 239 quierit,
363 205 430 241 quia
454 207 509 238 ista.
537 208 572 236 de
598 216 631 237 eo
657 209 803 244 pandimus
829 207 1038 243 etABabylon,
1050 211 1077 234 et
1096 214 1150 234 non
1166 205 1316 240 cognoscit.
1335 204 1454 240 Babylon
1468 204 1568 240 quippe
1581 204 1631 239 legi
1648 213 1702 232 non

68 250 217 277 conteritur
233 260 247 278 a
262 252 343 281 nobis
364 253 472 289 (neque
493 255 566 282 enim
591 256 773 292 confringitur
799 261 860 283 tan-

67 299 135 329 tum,
151 300 179 322 et
195 305 249 324 non
261 298 345 326 etiam
355 301 508 329 conteritur
526 309 573 336 per
590 303 670 338 nos),
686 302 860 338 confringere

66 349 117 370 nos
127 343 286 371 econtrario
303 349 330 371 et
339 350 492 375 conterere.
509 346 544 373 Et
559 348 661 376 multos
671 349 781 384 quidem
795 356 860 376 con-

65 388 151 422 trivit,
170 397 220 418 eos
237 390 285 425 qui
305 399 359 419 non
374 392 518 420 attendunt
535 393 600 427 sibi,
619 402 707 429 neque
735 395 858 424 custodia

65 440 244 464 servaverunt
269 443 317 464 cor
332 445 424 465 suum.
441 437 542 465 Verum
569 446 620 467 nos
643 440 811 469 confidentes
832 440 858 467 in

65 478 139 513 Deo,
163 481 306 510 credentes
333 482 361 509 in
386 483 528 511 Christum
543 484 590 513 Dei
601 505 614 517 ,,
633 493 687 513 non
713 486 859 514 timeamus

64 525 210 556 Zabulum.
225 527 320 559 Timor
336 529 386 559 Dei
402 529 468 558 facit
485 538 540 559 nos
554 539 609 560 non
627 531 754 560 timentes
769 531 859 559 Zabu-

64 572 131 606 lum,
157 573 283 608 nihilque
306 575 340 602 ab
368 583 401 603 eo
424 578 543 612 perpeti,
567 578 613 606 sed
636 583 663 606 et
685 578 776 606 dicere
799 586 854 606 non

63 621 170 645 tantum
184 620 359 653 generaliter,
373 629 467 649 verum
480 623 513 650 de
527 623 608 651 nobis
623 623 703 658 ipsis:
717 623 854 657 Quomodo

61 662 216 697 confractus
232 669 271 691 est
286 670 311 692 et
331 667 463 694 contritus
485 668 596 695 malleus
617 669 745 696 universw
757 674 834 696 terra:
845 671 858 697 Ζ)

64 705 112 733 lllo
130 713 222 735 autem
244 709 386 738 confracto
401 715 428 738 et
443 712 613 740 comminuto
623 734 631 747 ,
646 709 766 750 Babylon
781 715 811 741 fit
829 715 855 742 in

63 754 279 790 exterminium;
301 764 351 784 nec
366 757 443 792 prius
463 758 634 787 confusionis
656 759 754 787 civitas
775 760 857 788 dissi-

63 804 154 833 patur,
170 808 254 835 quam
278 802 393 831 malleus
416 803 551 832 universae
570 809 648 833 terra:
667 805 857 842 confringatur

61 849 88 872 et
99 850 269 874 conteratur.
278 847 356 876 Unde
366 854 392 876 et
401 850 562 878 mirabiliter
576 856 603 879 et
613 852 744 887 praeclaro
757 852 855 881 ordine

60 892 194 927 propheta
209 901 277 922 usus
298 899 341 922 est
354 895 448 923 dicens
462 905 467 923 :
489 885 627 929 Quomodo
643 898 795 933 confractus
812 903 851 926 est
870 885 892 913 Β

60 942 84 964 et
99 939 233 966 contritus
246 940 356 967 malleus
371 942 498 969 uniuersa
512 947 589 970 terra:
601 944 613 972 2’
629 943 767 976 Quomodo
780 945 854 978 facta

59 989 98 1010 est
120 985 149 1012 in
167 986 355 1015 exterminium
376 986 521 1022 Babylon?
542 988 619 1022 Quod
641 989 729 1024 primo
750 989 852 1018 factum

59 1035 111 1064 est,
126 1032 246 1066 primum
263 1033 419 1067 enarravit;
438 1034 512 1069 quod
533 1035 665 1067 secundo,
682 1044 854 1071 consequen-

61 1082 102 1104 tcr
116 1078 257 1112 exposuit.
274 1078 307 1106 Et
324 1079 376 1107 hoc
403 1085 511 1116 oportet
525 1089 572 1118 per
591 1082 714 1118 singulos
730 1082 854 1118 Scriptu-

59 1129 155 1149 rarum
183 1123 331 1152 observare
354 1132 506 1153 sermones.
527 1126 642 1159 Quando
668 1127 760 1162 itaque
779 1128 853 1156 litin

57 1167 257 1195 exterminium
269 1168 410 1205 Babylon?
423 1169 539 1204 Quando.
557 1173 774 1205 exterminantur
794 1182 854 1201 om-

58 1221 109 1241 nes
125 1213 306 1242 confusiones
317 1215 350 1243 de
364 1217 455 1244 anima
472 1225 549 1250 mea,
569 1226 658 1254 neque
674 1220 788 1248 ulterius
809 1228 854 1248 me

57 1258 206 1286 confundit
220 1268 296 1288 mors
314 1260 373 1295 ﬁlii,
389 1266 436 1289 aut
457 1263 569 1296 uxoris;
583 1272 646 1291 cum
667 1273 721 1292 non
741 1271 782 1293 est
805 1266 853 1301 qui

56 1311 102 1331 me
124 1304 213 1332 irritet
235 1310 262 1333 et
282 1313 413 1341 provocet
434 1309 467 1336 ad
488 1310 651 1343 tristitiam,,_
670 1311 702 1339 ad
723 1311 803 1344 iram,
818 1312 852 1340 ad

55 1351 328 1386 concupiscentiam,
352 1353 387 1380 ad
412 1349 600 1390 voluptatein,
621 1356 732 1391 quando
754 1364 852 1385 maneo

54 1395 233 1430 inconfusus,
257 1406 404 1428 assumens
423 1401 556 1429 rationem
570 1410 630 1437 quae
646 1410 690 1430 me
709 1403 854 1431 confirmet

52 1446 80 1468 es
91 1442 215 1477 roboret,
230 1448 296 1472 tunc
306 1445 371 1473 mihi
385 1446 482 1476 accidit
493 1448 565 1482 quod
577 1448 680 1476 dictum
692 1453 749 1476 est:
768 1448 852 1476 Facta

52 1492 94 1513 ut
113 1488 143 1514 in
159 1490 349 1518 exterminium
361 1490 490 1526 Babylon,
506 1492 560 1520 hoc
576 1498 618 1521 est
639 1493 767 1521 universa
786 1501 852 1521 con—

53 1533 142 1563 fusio.
156 1534 238 1564 Fiunt
254 1540 344 1564 autem
364 1537 426 1570 ista,
440 1538 466 1566 id
479 1543 532 1572 est,
549 1540 695 1576 confringi,
709 1547 736 1570 et
747 1543 850 1570 conteri
865 1553 887 1582 α

51 1581 187 1609 malleum
204 1583 294 1610 omnis
308 1587 396 1615 terrai,
414 1588 440 1611 et
453 1584 579 1612 demoliri
596 1585 773 1622 Babylonem,
788 1595 852 1616 cum

51 1632 153 1662 gentes
167 1633 392 1663 superponuntur
404 1630 512 1664 malleo,
523 1635 550 1658 et
563 1631 703 1667 Babyloni.
715 1632 850 1668 Scriptum

52 1676 98 1700 est
115 1672 190 1699 enim
205 1682 212 1700 :
237 1673 267 1700 In
280 1674 400 1709 gentibus
421 1681 629 1711 superponentur
649 1678 708 1712 tibi,
726 1679 778 1706 hoc
798 1684 850 1713 est,

51 1716 70 1743 ii
84 1718 135 1752 qui
149 1718 184 1746 de
201 1719 328 1754 gentibus
344 1724 408 1747 sunt
429 1723 714 1757 superponenturtibi,
731 1732 747 1750 ο
763 1723 849 1761 Baby-

50 1763 114 1795 lon,
130 1769 354 1799 superponentur
373 1766 433 1799 tibi,
451 1775 467 1794 ο
483 1768 590 1800 mallcc,
608 1773 638 1796 ut
656 1770 849 1805 coufringaris,

49 1814 80 1837 et
101 1811 267 1839 conteraris.
289 1811 404 1849 Quando
420 1813 470 1841 ista
493 1813 564 1842 facta
581 1816 665 1843 sunt?
683 1815 711 1844 lu
732 1818 849 1846 adventu

50 1855 167 1883 Domini
182 1856 235 1883 mei
257 1855 321 1884 Jesu
339 1857 452 1890 Christi,
466 1867 530 1887 cum
548 1859 723 1896 Evangelium
744 1864 850 1892 cunctis

49 1901 186 1935 gentibus
214 1902 390 1936 praedicatum
415 1904 497 1940 279
520 1911 579 1939 est,
599 1911 663 1935 tunc
686 1911 849 1944 superpositi

49 1951 122 1974 sunt
133 1947 218 1975 Pater
239 1953 267 1975 et
281 1948 368 1977 Filius
388 1955 414 1977 et
428 1950 547 1986 Spiritus
568 1958 681 1981 sanctus
706 1955 848 1992 Babyloni,

47 1996 78 2020 et
106 1993 210 2020 malleo
235 1994 370 2022 universae
387 2000 485 2029 terras,
506 2001 533 2024 et
558 1997 699 2032 impletum
724 2004 766 2029 est
798 2001 850 2029 hoc

47 2040 129 2075 quod
154 2041 288 2075 scriptum
307 2046 349 2069 est
364 2043 412 2070 "z
438 2042 472 2070 In
498 2045 616 2079 gentibus
642 2054 850 2083 superponentur

48 2085 115 2116 tibi,
127 2090 153 2112 et
178 2086 301 2120 capieris,
319 2086 450 2122 Babylon,
470 2094 494 2115 et
509 2098 560 2117 non
581 2093 724 2126 cognoscis.
739 2092 848 2121 Utinam

47 2135 203 2165 caperetur
230 2130 349 2166 Babylon
376 2137 403 2160 et
427 2142 476 2169 per
501 2135 625 2170 singulos
649 2141 784 2166 nostrum.
809 2139 848 2167 Ex

47 2176 242 2204 amarioribus
259 2183 349 2206 autem
369 2184 457 2214 potest
475 2181 587 2217 intelligi
602 2183 745 2217 captivitas
762 2184 849 2221 Baby-

910 253 1171 288 subjicituruieque
1188 252 1260 279 enim
1276 255 1365 286 potest
1380 258 1434 278 non
1457 250 1565 279 inventa
1582 249 1701 286 Babylon

911 298 1108 333 comprehensa
1121 305 1201 330 esse;
1218 298 1265 328 sed
1284 297 1319 324 ob
1330 296 1356 323 id
1373 296 1569 331 comprehensa
1584 300 1626 324 est
1639 303 1702 323 cum

911 345 1019 375 inventa
1034 348 1085 377 est,
1098 343 1169 378 quia
1180 342 1296 381 Domino
1310 342 1421 369 restitit.

945 389 971 418 5.
988 389 1089 417 Deinde
1102 389 1243 416 exordium
1259 388 1370 416 alterius
1384 387 1505 423 capituli.
1524 387 1632 422 Aperuit
1651 386 1702 414 Do-

910 435 998 462 minus
1016 435 1169 462 thesaurum
1195 442 1283 466 suum,
1308 439 1332 461 et
1358 434 1470 469 protulit
1486 441 1550 461 uasa
1569 434 1617 460 ira:
1634 440 1700 465 ευρ,

909 482 972 517 quia
987 490 1052 517 opus
1073 481 1187 508 Domino
1209 481 1336 509 virtutum
1362 481 1389 509 in
1413 485 1484 508 terra
1500 480 1698 508 Chaldteorttnt.

910 528 1043 560 Quoniam
1069 532 1191 555 venerunt
1218 532 1336 562 tempora
1355 528 1412 562 ejus
1435 527 1538 560 aperire
1560 527 1700 562 apothecas

908 574 976 608 ejus,
990 565 1149 601 scrutamini
1162 582 1220 600 eam
1233 574 1312 608 quasi
1327 573 1490 608 speluncam,
1509 578 1534 600 et
1557 573 1701 608 disperdite

908 627 966 645 eam
988 628 1020 646 ne
1035 620 1089 646 sint
1110 619 1166 654 ejus
1187 620 1317 654 reliquiae.
1333 618 1474 646 Exsiccate
1492 627 1581 646 omnes
1597 619 1698 654 fructus

907 665 975 699 ejus,
991 670 1015 692 et
1040 665 1179 692 descendat
1198 666 1225 691 in
1249 665 1415 692 occisionem.
1446 663 1490 692 γω
1513 666 1550 692 eis
1574 665 1699 700 quoniam

907 711 975 738 venit
991 711 1046 737 dies
1071 719 1173 743 eorum,
1191 715 1290 745 tempus
1307 711 1432 738 vindiclw
1446 719 1537 737 eorum
1549 711 1582 737 ¹⁷.
1601 709 1699 738 Volens

909 756 1058 791 intelligere
1071 756 1122 783 hoc
1135 756 1208 791 quod
1223 756 1325 784 dictum
1341 760 1402 784 est:
1419 756 1529 791 Aperuit
1548 755 1699 782 thesaurum

907 811 995 835 suum,
1008 807 1032 830 et
1047 803 1158 838 protulit
1176 811 1239 830 vasa
1253 803 1302 829 irte
1314 811 1380 836 sum,
1395 809 1490 838 quacro
1504 802 1537 830 de
1553 802 1606 829 alia
1623 802 1698 829 Scri-

908 853 988 884 ptura
1003 857 1066 877 vasa
1085 849 1133 876 irae
1153 849 1219 883 Dei,
1240 853 1267 876 ct
1282 849 1391 876 invenio
1408 849 1440 876 ad
1460 848 1608 884 pleniorem
1622 855 1696 876 com-

906 894 1075 930 parationem
1100 893 1179 922 istius
1206 893 1355 929 Scriptura:
1373 892 1543 929 Scripturam
1567 893 1698 928 apostoli--

905 946 977 972 cam,
993 939 1085 975 ibique
1109 939 1219 966 invenio
1239 938 1400 974 Apostolum
1419 938 1486 969 mihi
1507 939 1698 974 subjicicntem

905 993 966 1020 qua:
979 984 1036 1017 sint
1050 992 1115 1015 vasa
1130 984 1176 1012 irae
1191 984 1249 1012 Dei.
1267 984 1313 1012 Ait
1330 984 1402 1012 enim
1414 985 1453 1011 "2
1466 984 1495 1012 Si
1509 989 1597 1012 autem
1609 985 1697 1013 volens

905 1029 977 1057 Deus
996 1030 1132 1059 ostendere
1146 1030 1215 1057 iram
1238 1039 1324 1064 suam,
1350 1035 1374 1057 et
1399 1036 1487 1058 nolunt
1504 1031 1590 1065 facere
1605 1036 1698 1065 poten-

905 1077 970 1103 tiam
997 1085 1089 1110 suout,
1115 1077 1224 1111 pertulit
1248 1077 1274 1103 in
1301 1077 1385 1104 multa
1410 1078 1539 1112 patientia
1562 1086 1624 1105 vasa
1650 1079 1697 1104 irtu

904 1127 1057 1157 prtzparuta
1085 1122 1119 1149 ad
1147 1123 1336 1157 perditionem,
1356 1127 1384 1154 ut
1412 1123 1559 1150 ostenderet
1589 1123 1698 1151 divitias

904 1168 997 1204 gloria:
1013 1176 1068 1195 sua:
1085 1169 1112 1195 in
1133 1177 1196 1195 vasa
1216 1169 1405 1201 ntisericordite
1419 1177 1477 1207 queo
1496 1171 1657 1204 preparavit
1669 1170 1697 1197 in

904 1213 1028 1248 gloriam,
1043 1221 1108 1249 quos
1130 1219 1154 1246 et
1175 1215 1275 1244 vocavit
1299 1222 1352 1241 non
1374 1215 1459 1241 solum
1473 1223 1506 1242 es;
1523 1214 1638 1250 Iudicis,
1656 1224 1697 1243 ue-

905 1267 965 1286 rum
980 1259 1059 1287 etiam
1086 1267 1118 1287 ea:
1139 1260 1269 1295 gentibus.
1289 1260 1456 1288 Generaliter
1471 1260 1620 1297 Apostolus
1637 1270 1697 1289 ont-

904 1313 953 1334 nes
970 1306 1097 1333 homines
1111 1306 1204 1333 divisit
1221 1305 1359 1340 bifariam,
1378 1307 1473 1335 dicens
1486 1308 1620 1342 quosdam
1635 1316 1696 1336 esse

904 1359 969 1379 vasa
982 1351 1189 1385 misericordiae,
1202 1352 1335 1387 quosdam
1350 1361 1415 1381 vasa
1431 1353 1487 1381 irai.
1501 1353 1582 1381 Verbi
1597 1354 1696 1390 gratia,

903 1397 1075 1425 Pharaonem
1090 1402 1117 1425 et
1134 1397 1280 1434 Egyptios
1296 1406 1362 1426 vasa
1381 1399 1442 1433 ine;
1463 1407 1560 1428 rursus
1580 1400 1626 1435 qui
1641 1401 1696 1436 pri-

904 1451 966 1471 mus
988 1443 1206 1471 misericordiam
1233 1449 1397 1472 consecutus
1415 1450 1467 1478 est,
1485 1450 1512 1473 et
1534 1453 1583 1474 eos
1606 1447 1694 1481 quiin

905 1492 1027 1524 tempore
1044 1488 1078 1516 de
1095 1488 1197 1517 Iudaeis
1220 1494 1248 1517 et
1270 1490 1396 1525 gentibus
1419 1491 1610 1524 crediderunt,
1629 1500 1695 1520 vasa

904 1534 1100 1565 misericordia:
1123 1536 1300 1570 nuncupavit.
1328 1535 1398 1564 Sunt
1419 1544 1483 1572 ergo
1507 1537 1534 1564 in
1564 1538 1696 1566 thesauro

905 1580 952 1608 Dei
966 1589 1031 1611 vasa
1045 1581 1102 1609 irae.
1122 1581 1261 1617 Scriptum
1275 1585 1318 1609 est
1329 1583 1400 1610 enim
1415 1593 1421 1610 :
1438 1583 1548 1618 Aperuit
1571 1582 1699 1610 Dominus

905 1627 1058 1657 thesaurum
1077 1636 1166 1660 suum,
1181 1633 1206 1655 et
1221 1629 1334 1663 protulit
1349 1638 1412 1656 vasa
1431 1630 1479 1657 irae
1494 1638 1559 1657 suae.
1575 1630 1642 1663 Quis
1655 1635 1697 1658 est

904 1673 955 1701 iste
977 1674 1124 1702 thesaurus
1142 1675 1250 1702 Domini
1269 1675 1295 1705 in
1317 1683 1372 1710 quo
1394 1684 1459 1703 vasa
1485 1676 1532 1703 irae
1553 1677 1696 1704 inveniun-

904 1720 1090 1755 tur?Aliqnis
1117 1719 1211 1748 forsan
1236 1727 1356 1756 quieret,
1387 1727 1477 1750 utrum
1506 1723 1533 1750 in
1567 1723 1695 1751 thesauro

903 1765 1012 1799 Domini
1027 1771 1132 1800 tantum
1147 1775 1212 1794 vasa
1228 1767 1275 1799 irae
1289 1768 1353 1801 sint,
1374 1775 1401 1796 et
1424 1769 1570 1796 thesaurus
1586 1769 1634 1797 Dei
1647 1771 1694 1804 qui

903 1816 945 1841 est
962 1813 1109 1844 thesaurus
1124 1813 1260 1845 omnium,
1273 1821 1327 1841 non
1342 1814 1441 1841 habeat
1456 1823 1520 1842 vasa
1538 1815 1696 1843 misericor-

903 1858 972 1892 diae;
996 1866 1031 1885 an
1055 1858 1129 1885 aliud
1150 1859 1215 1894 quid
1235 1859 1348 1895 intelligi
1372 1865 1498 1895 oporteat
1518 1860 1552 1888 dc
1565 1861 1694 1889 thesauro

903 1902 968 1935 Dei,
995 1903 1066 1931 unde
1092 1903 1240 1931 elIerantur
1266 1912 1330 1931 vasa
1354 1905 1401 1932 ira:
1424 1905 1500 1940 ejus?
1524 1904 1693 1933 Thcsaurum

904 1947 1011 1980 Domini
1032 1957 1083 1984 ego
1106 1949 1356 1981 conlideusdicam
1378 1958 1440 1978 esse
1458 1950 1606 1978 Ecclesiam
1622 1951 1693 1986 ejus,

902 1997 929 2020 ct
944 1993 971 2020 in
991 1993 1044 2022 islo
1067 1995 1196 2022 thesauro
1209 2016 1223 2031 ,ν
1234 1994 1260 2021 id
1276 1998 1327 2028 est,
1349 1994 1469 2027 Ecclesia
1486 2004 1556 2031 sape
1568 1996 1694 2025 homines

903 2040 1011 2067 latitare
1034 2040 1081 2075 qui
1108 2044 1173 2067 sunt
1192 2048 1257 2067 vasa
1283 2040 1340 2068 iraa.
1364 2040 1460 2070 Veniet
1482 2041 1565 2077 igitur
1587 2045 1694 2077 tempus

903 2085 1013 2120 quando
1045 2086 1149 2121 aperiat
1177 2085 1310 2116 Dominus
1343 2087 1502 2115 thesaurum
1532 2087 1660 2116 Ecclesia:
1685 2099 1692 2117 :

902 2139 976 2159 uunc
999 2132 1073 2159 enim
1090 2132 1182 2160 clausa
1208 2137 1251 2159 est
1275 2132 1407 2167 Ecclesia,
1425 2138 1452 2161 ct
1474 2142 1538 2162 vasa
1563 2135 1611 2162 ira:
1630 2144 1692 2163 cum

904 2177 978 2204 vasis
995 2177 1190 2205 misericordia:
1211 2177 1375 2212 inhabitant,
1392 2184 1419 2207 et
1443 2180 1528 2215 palea:
1551 2189 1613 2208 cum
1634 2180 1694 2208 fiu-

46 2222 138 2254 lonis,
159 2222 271 2256 quando
295 2229 374 2258 capta
398 2225 553 2259 suffoditur,
572 2228 750 2263 subvertitur,
773 2231 850 2258 deso—
867 2228 888 2255 D
905 2227 997 2250 ῐηθηιο
1009 2227 1083 2256 sum,
1098 2227 1126 2250 ει
1142 2223 1231 2258 Pisces
1245 2225 1375 2259 Ρεῖάθηάί
1393 2233 1425 2253 ac
1445 2226 1617 2261 Ρνοὶίεῖυηάίν
1630 2235 1692 2256 CUI"

47 2267 145 2299 latur,
173 2271 203 2294 ut
227 2267 294 2294 nihil
323 2268 350 2295 in
380 2270 460 2297 nobis
476 2272 594 2299 resideat
618 2273 799 2303 confusionis.
818 2276 851 2303 Et

46 2313 183 2347 capieris,
205 2313 336 2349 Babylon,
351 2321 376 2342 et
398 2325 450 2343 non
471 2319 623 2353 cognoscis;
642 2320 745 2348 inventa
766 2331 805 2355 es,
826 2328 851 2350 et

45 2359 255 2393 comprehensa,
269 2362 331 2395 quia
350 2362 463 2390 Domino
485 2365 604 2392 restitiin
615 2365 647 2393 “.
668 2365 776 2402 Ergone
792 2369 849 2396 sola

45 2404 177 2440 Babylon
194 2404 310 2434 Domino
323 2408 432 2440 restitit,
447 2413 473 2436 ct
492 2418 545 2436 non
562 2411 652 2445 potius
670 2420 766 2441 onmes
783 2424 848 2449 grn—

45 2455 111 2484 tm,
130 2451 210 2485 dum,
226 2451 356 2480 Creatore
374 2453 492 2488 deserto,
517 2456 587 2484 idola
605 2463 738 2486 venerata:
763 2466 842 2494 sunt,

42 2497 173 2525 Domino
199 2497 377 2526 restiterunt?
399 2499 439 2527 Au
472 2502 620 2536 figuraliter
648 2504 715 2531 dicit
738 2514 845 2533 onmem

43 2545 177 2572 animum
195 2546 363 2572 contrariam
381 2545 532 2575 Jerusalem
548 2549 645 2577 visioni
660 2552 746 2586 pacis,
759 2553 848 2590 Baby-

41 2593 144 2619 lonem
160 2591 242 2618 esse?
254 2590 331 2618 Unde
341 2597 367 2619 et
381 2593 468 2620 sancti
482 2594 507 2620 in
517 2593 678 2629 Jerusalem,
692 2604 847 2632 peccatores

42 2638 73 2665 in
102 2637 249 2672 Babylone
268 2643 356 2665 erant.
377 2638 409 2666 Et
432 2639 454 2666 si
470 2640 618 2674 peccabant
640 2641 846 2679 Jerosolymitzc,

40 2685 236 2713 mittebantur
260 2685 286 2711 in
303 2685 487 2721 Babylonem,
509 2691 535 2713 et
558 2687 599 2715 sic
621 2691 849 2721 convertebantur

39 2731 78 2759 ad
107 2731 303 2766 pccnitentlam
329 2731 355 2758 in
375 2731 512 2768 Babylone
536 2734 728 2764 consistentes.
756 2737 848 2766 Sancti

39 2785 117 2806 Vero
143 2777 372 2812 regrediebantur
397 2779 424 2806 in
449 2779 612 2808 Jerusalem.
641 2781 753 2817 Capitur
783 2792 848 2820 ergo

365 2868 386 2884 "
400 2869 465 2897 ibid.

76 2869 101 2885 "
119 2868 225 2897 Jerem.
240 2876 266 2901 ι,
279 2868 323 2896 2t.
365 2868 386 2884 ἐ
400 2869 465 2897 ibid.
505 2870 636 2899 "Jercm.
650 2879 676 2905 L,
687 2872 733 2906 25,
746 2873 791 2906 ’26,
803 2873 848 2901 27.

904 2269 985 2297 bonis
996 2269 1119 2304 piscibus
1138 2269 1184 2304 qni
1203 2269 1228 2296 in
1247 2271 1314 2298 retia
1327 2271 1491 2305 inciderunt,
1508 2273 1691 2301 continentur.

904 2315 991 2348 Quam
1006 2323 1067 2343 cum
1084 2315 1222 2351 aperuerit
1242 2315 1337 2351 judicii
1358 2320 1490 2352 tempore.
1507 2322 1533 2344 et
1548 2317 1693 2352 protulerit

903 2362 1002 2391 exinde
1021 2369 1084 2390 vasa
1104 2362 1150 2389 ira:
1166 2369 1239 2394 suae,
1254 2362 1325 2390 dicet
1341 2362 1455 2390 forsitan
1479 2364 1502 2392 is
1519 2364 1565 2399 qui
1586 2369 1627 2392 est
1642 2373 1690 2393 vas

902 2408 1109 2442 misericordiae,
1133 2408 1166 2435 de
1188 2409 1390 2447 egredientibus
1411 2409 1483 2437 vasis
1506 2410 1553 2437 ira,
1575 2419 1632 2438 sua.
1646 2413 1690 2437 υτ

906 2453 1036 2482 Exierunt
1051 2463 1083 2482 ex
1099 2454 1183 2488 nobis,
1199 2463 1248 2482 non
1263 2456 1332 2483 enim
1345 2460 1419 2482 erant
1432 2463 1464 2482 ex
1477 2456 1562 2483 nobis.
1577 2455 1607 2483 Si
1623 2457 1691 2483 enim

904 2503 1016 2537 fuissent
1043 2510 1075 2530 ex
1101 2503 1186 2536 nobis,
1204 2504 1408 2538 permansissent
1436 2503 1524 2538 utique
1545 2503 1689 2531 nobiscum.

905 2549 957 2576 Sed
972 2549 1030 2576 ideo
1048 2549 1143 2587 egressi
1160 2554 1220 2580 sunt
1238 2557 1253 2575 ιι
1269 2549 1365 2582 nobis,
1382 2554 1410 2578 ut
1434 2552 1613 2576 ostenderetur
1628 2550 1691 2584 quia

902 2604 952 2623 non
976 2601 1052 2623 erant
1074 2605 1162 2623 omnes
1178 2604 1209 2623 ea:
1225 2595 1309 2623 nobis.
1331 2597 1358 2623 lu
1379 2596 1451 2627 aliud
1470 2597 1597 2632 quiddam
1615 2598 1690 2632 cupit

902 2650 994 2670 sermo
1018 2650 1211 2679 prorumpere;
1230 2643 1303 2678 quod
1327 2647 1417 2670 autem
1441 2644 1574 2672 audemus
1589 2644 1689 2675 dicere.

901 2688 1055 2717 istiusmodi
1068 2693 1119 2716 est.
1136 2688 1165 2719 In
1179 2689 1305 2716 thesauro
1317 2689 1364 2716 Dci
1377 2697 1442 2716 vasa
1455 2690 1501 2717 ira:
1515 2696 1597 2724 sunt;
1614 2695 1690 2719 extra

900 2734 1060 2763 thesaurum
1078 2742 1142 2763 vasa
1161 2734 1301 2770 peccantia
1327 2743 1381 2762 non
1400 2740 1465 2763 sunt
1488 2744 1553 2764 vasa
1569 2737 1627 2771 irm,
1642 2738 1690 2766 scd

901 2781 974 2810 vasis
987 2780 1034 2807 ira:
1047 2779 1153 2807 minora
1168 2783 1241 2807 sunt.
1260 2779 1336 2807 Servi
1359 2781 1432 2808 cnim
1451 2786 1515 2809 sunt
1533 2782 1689 2818 ignorantes

889 2876 911 2891 ³⁸
924 2873 1003 2901 lieni.
1016 2872 1112 2904 utﬁt),
1129 2872 1173 2905 25,
1189 2871 1234 2898 Ἡ.
1274 2873 1295 2888 ’⁸
1309 2871 1406 2899 lloau.
1425 2879 1454 2899 ιι.
1471 2872 1512 2900 19.
