1872 3048
182 137 229 166 551

924 133 1086 162 OllIGENIS

1767 135 1817 165 533

181 196 348 223 voluntatem
371 193 471 221 domini
489 194 542 230 sui,
553 198 579 221 ct
593 202 646 221 non
663 194 792 221 facientes
807 193 971 221 \oluutatem
987 195 1010 223 Α
1024 193 1126 221 dictum
1144 197 1194 221 est.
1217 194 1261 220 Ait
1275 197 1365 220 autem
1381 193 1431 228 ipsi
1456 192 1582 220 Salvator
1596 202 1601 219 :
1618 191 1672 225 Qui
1685 192 1766 228 juxta
1781 201 1816 219 me

182 241 253 277 ejus.
274 240 325 275 Qui
344 246 436 268 autem
458 240 608 276 ingreditur
625 239 785 271 Ecclesiam,
802 245 848 267 aut
859 248 907 267 vas
925 241 972 267 ira:

183 293 231 315 aut
245 296 292 315 vas
313 286 517 315 miset'icordite.
534 286 584 319 Qui
599 290 673 313 extra
690 285 836 313 Ecelesiam
853 290 904 317 est,
927 293 973 313 ne-

183 341 237 369 que
255 341 303 361 vas
324 333 520 361 misericordia:
541 336 594 364 est,
615 339 703 367 neque
719 332 776 359 irae.
793 331 873 359 Aliud
886 332 973 366 quod-

182 380 244 407 dam
261 387 362 407 nomen
388 379 506 414 inquiro,
528 379 575 413 qui
590 383 666 406 extra
684 377 833 406 Eeclesiam
850 386 972 405 commo-

181 430 258 453 ratur
270 435 277 460 ;
294 430 321 453 et
335 426 472 461 quomodo
482 426 599 453 decerno
612 424 751 452 conﬁdens
768 432 821 451 non
836 432 895 452 esse
909 432 972 451 eum

180 479 230 499 vas
243 472 448 503 misericordias,
464 472 503 499 sic
515 470 670 498 econtrario
683 478 716 497 ex
732 470 846 498 rationis
859 470 973 498 veritate

181 517 367 544 communitus
391 521 482 552 aperte
505 524 602 551 promo
627 515 801 549 sententiam,
821 523 910 550 neque
924 523 972 543 vas

180 563 229 590 ira:
241 571 322 598 posse
340 571 401 590 eum
418 562 482 595 diei,
498 563 545 590 sed
567 571 615 590 vas
635 562 662 590 in
687 562 761 590 aliud
783 562 911 598 quiddam
928 570 972 589 rc-

179 614 328 637 servatum.
352 608 459 644 Ergone
474 614 571 644 potero
594 609 628 636 de
647 608 798 644 Scripturis
820 609 972 644 approbare

177 662 228 681 nec
245 654 441 681 misericordia:
455 661 517 681 eum
537 661 599 681 esse
614 662 672 687 vas,
690 661 741 681 nec
757 654 822 686 irm;
838 658 868 681 ut
884 658 911 682 et
930 661 972 682 se-

177 700 266 727 cunda
279 701 416 735 expositio
432 700 535 735 aliquid
548 701 628 728 nobis
643 701 709 728 utile
727 701 753 727 in
769 701 896 735 prtcsmti
910 701 972 728 loco

176 746 342 781 interponat,
357 752 383 774 et
397 755 463 775 sane
483 755 580 775 rursus
599 748 698 774 audeat
718 747 745 774 in
771 747 797 774 id
814 747 886 782 quod
900 747 972 782 jam-

175 792 280 820 dudum
306 798 423 823 couatur
448 801 541 821 sermo
567 794 763 829 prorumpere?
787 794 831 820 Ait
856 794 971 827 Aposto-

176 838 221 866 lus
237 839 259 854 ³⁸
274 847 280 864 :
296 838 330 865 In
352 839 430 866 domo
457 844 545 866 autent
569 847 667 875 magna
697 847 747 866 non
780 844 840 866 sunt
869 844 971 866 (autaut

175 894 241 914 vasa
256 894 337 913 aurea
351 891 376 912 et
392 891 525 922 argentea,
541 886 586 913 sed
601 890 624 912 et
645 885 742 922 lignea,
757 891 780 912 et
796 886 901 920 ﬁctilia,
917 885 972 912 alia

177 932 284 967 quidem
307 933 334 959 in
350 933 486 964 honorem,
505 932 559 961 alia
576 941 654 966 porro
679 933 706 958 in
728 932 924 958 contumeliam.
942 931 981 966 Si,

177 978 263 1012 igitur
279 978 338 1012 quis
352 978 517 1004 mandaverit
533 986 559 1005 se
580 979 666 1012 ipsum
691 978 723 1004 ab
745 978 801 1010 liis,
818 978 867 1004 erit
885 986 928 1004 ras
945 978 970 1004 ἤια

177 1024 311 1057 honorem,
334 1029 358 1050 et
381 1024 587 1058 sanctiﬁcatum,
606 1024 670 1050 utile
693 1023 825 1055 Domino,
848 1024 882 1050 ad
897 1031 971 1051 omne

178 1068 275 1095 bonum
291 1077 355 1104 opus
368 1076 559 1105 prwparatum.
575 1068 695 1096 Putasne
714 1077 813 1104 magna
828 1069 927 1096 domus
943 1069 969 1096 in

178 1116 305 1150 praesenti
329 1120 381 1148 est,
405 1120 431 1143 et
450 1116 477 1142 in
502 1123 534 1143 ea
554 1120 618 1143 sunt
639 1124 703 1142 vasa
726 1116 752 1142 in
777 1116 921 1148 honorem,
944 1120 972 1142 et

177 1161 231 1188 alia
251 1161 277 1188 in
300 1162 514 1189 contumeliam?
537 1162 578 1190 An
604 1162 629 1189 in
655 1162 700 1188 illa
726 1170 787 1198 qua:
815 1162 906 1189 futura
930 1167 971 1190 cst

176 1206 275 1241 domo,
296 1215 361 1235 vasa
387 1208 496 1243 quidem
520 1216 620 1241 aurea,
639 1213 665 1235 et
681 1213 809 1243 argentea
829 1217 890 1243 qtne
906 1213 971 1237 sunt

175 1251 203 1279 in
227 1253 369 1286 honorem,
392 1253 567 1281 invenientur
590 1262 655 1281 vasa
678 1262 739 1282 esse
756 1255 969 1288 misericordize;

175 1298 280 1333 reliqua
299 1304 401 1333 autem,
416 1299 441 1326 id
455 1305 506 1333 cst,
520 1300 672 1328 mediocres
686 1301 821 1332 homines,
838 1301 883 1335 qui
895 1307 971 1328 extra

176 1345 337 1375 thesaurum
351 1350 427 1377 sunt,
442 1354 475 1373 ne
486 1346 540 1373 sint
552 1354 616 1373 vasa
633 1346 689 1378 irae,
704 1355 750 1374 seu
765 1347 970 1381 misericordia;

177 1391 203 1417 hi
232 1396 361 1426 poterunt
380 1391 457 1426 juxta
485 1391 716 1426 dispensationem
737 1392 885 1427 quamdam
906 1401 970 1427 pro-

176 1435 290 1463 fundam
304 1435 350 1462 Dei
368 1443 433 1463 vasa
455 1444 516 1464 esse
535 1437 562 1462 in
587 1444 685 1470 magna
708 1437 800 1469 domo,
813 1445 873 1472 qua:
891 1445 971 1464 Inun-

175 1482 239 1509 data
264 1489 317 1509 non
336 1486 409 1514 sunt,
431 1482 478 1509 sed
503 1486 568 1510 sunt
590 1490 652 1510 vasa
676 1487 759 1510 testea
778 1483 805 1510 in
827 1487 969 1510 contume-

988 869 1010 898 Β

1024 245 1073 271 est,
1085 239 1166 274 juxta
1181 240 1267 275 ignem
1280 244 1338 271 est;
1354 240 1398 274 qui
1415 239 1491 274 longe
1505 243 1543 266 est
1558 247 1574 266 a
1594 247 1645 271 me,
1662 238 1740 274 longe
1749 244 1786 266 est
1800 247 1816 266 α

1025 294 1115 321 regno.
1133 285 1169 313 Ut.
1180 285 1252 312 enim
1269 286 1315 320 qui
1327 284 1405 320 juxta
1420 293 1463 312 me
1479 290 1531 316 est,
1547 285 1625 320 juxta
1640 284 1756 312 salutem
1768 289 1815 318 est,

1025 332 1061 360 ita
1076 337 1102 359 et
1115 332 1192 367 juxta
1206 332 1294 366 ignem
1311 336 1361 358 est.
1378 330 1411 358 Et
1430 331 1476 366 qui
1492 331 1607 359 audiens
1621 339 1675 363 me,
1689 336 1716 358 et
1727 331 1816 359 audita

1025 378 1208 413 prazvaricans
1222 377 1311 405 iactus
1323 381 1365 404 est
1380 385 1427 405 vas
1445 371 1492 404 ἰτὼ
1508 381 1692 412 prmparatum
1715 377 1742 403 in
1759 385 1816 412 per-

1025 425 1168 458 ditionem,
1193 432 1255 452 cum
1278 424 1357 459 juxta
1383 431 1428 451 me
1449 428 1501 455 est,
1521 424 1599 458 juxta
1621 423 1712 458 ignem
1727 427 1777 450 est.
1791 423 1816 449 Si

1025 479 1091 498 vero
1107 471 1171 506 quis
1183 478 1294 504 cavens,
1311 470 1440 505 quoniam
1459 470 1504 504 qui
1518 470 1594 504 juxta
1618 477 1661 497 me
1679 475 1732 502 cst,
1744 469 1817 503 juxta

1026 516 1117 551 ignem
1131 521 1184 549 est,
1199 516 1278 550 longe
1297 515 1385 544 factus
1402 515 1484 543 fuerit
1499 523 1515 542 a
1529 523 1572 543 me
1589 523 1623 542 ne
1635 515 1715 550 juxta
1732 516 1817 550 ignem

1024 561 1070 594 sit,
1095 562 1156 589 talis
1177 561 1287 595 quidem
1303 562 1382 596 longe
1403 561 1512 588 futurus
1526 567 1569 588 est
1585 566 1612 588 et
1633 569 1648 588 a
1672 569 1769 595 regno.
1788 561 1818 588 Et

1024 607 1162 643 quomodo
1178 608 1279 635 athleta
1293 607 1340 643 qui
1356 615 1409 634 non
1427 612 1468 635 est
1488 607 1514 634 in
1535 615 1622 643 agone
1635 608 1817 642 conseriptus,

1025 662 1114 689 neque
1135 654 1240 690 ﬂagella
1267 654 1373 687 metuit,
1392 661 1482 689 neque
1505 659 1646 689 exspectat
1671 662 1817 685 coronam;

1024 700 1071 735 qui
1091 704 1181 730 autem
1206 700 1290 727 semel
1315 707 1413 727 nomen
1438 700 1580 735 professus
1603 705 1660 732 est,
1684 701 1707 727 si
1734 701 1818 727 victus

1024 746 1124 780 fuerit,
1144 747 1303 774 verberatur
1321 751 1402 782 atque
1423 746 1577 781 projicitur,
1601 746 1624 774 si
1642 755 1708 774 vero
1728 747 1819 773 vicerit

1024 797 1188 826 eoi-enatur;
1209 792 1305 820 eodem
1330 792 1411 820 modo
1435 793 1482 828 qui
1504 793 1645 829 ingressus
1668 797 1711 820 est
1729 792 1819 820 Eccle-

1024 838 1104 871 siam,
1119 846 1135 865 ο
1152 838 1358 873 catechumenc,
1372 838 1509 871 ausculta,
1524 839 1569 873 qui
1583 838 1701 866 accessit
1715 838 1748 865 ad
1764 846 1818 866 ser-

1024 893 1133 912 monem
1158 885 1222 916 Dei.
1249 886 1316 912 nihil
1337 885 1409 913 aliud
1433 893 1516 921 quam
1541 885 1717 922 conscriptus
1734 891 1777 914 est
1793 887 1817 914 in

1024 931 1173 959 certamine
1187 931 1312 966 pietatis;
1327 935 1354 958 et
1367 932 1541 967 conscriptus
1551 952 1558 965 ,
1575 932 1598 960 si
1624 940 1680 959 non
1703 933 1818 966 legitime

1023 977 1179 1011 certaverit,
1203 977 1317 1004 cmditur
1334 977 1457 1013 ﬂagellis,
1482 978 1583 1012 quibus
1601 986 1656 1005 non
1674 979 1819 1005 verberan-

1024 1029 1068 1051 tur
1085 1024 1103 1051 ii
1120 1025 1166 1058 qui
1184 1032 1239 1051 non
1258 1024 1283 1051 iu
1301 1024 1436 1059 principio
1458 1024 1606 1059 conscripti
1628 1029 1704 1052 sunt.
1727 1024 1754 1052 Si
1773 1033 1818 1053 au-

1023 1075 1077 1098 tem
1104 1070 1276 1098 contenderit
1303 1069 1409 1098 fortiter
1435 1070 1467 1097 ad
1496 1069 1623 1105 lugienda
1652 1071 1765 1098 verbera
1794 1076 1818 1098 ct

1023 1116 1214 1149 contumelias,
1230 1124 1284 1144 non
1300 1117 1388 1145 solum
1408 1116 1507 1151 injuria
1521 1116 1692 1150 liherabitttr,
1711 1117 1758 1145 sed
1779 1118 1818 1144 in-

1023 1168 1179 1198 corruptam
1194 1164 1287 1198 glorize
1300 1163 1414 1198 accipiet
1429 1171 1571 1190 coronam.

1059 1209 1085 1236 ri.
1101 1209 1173 1244 Opus
1189 1208 1303 1236 Domino
1326 1211 1454 1236 virtutum
1479 1209 1506 1235 in
1527 1214 1598 1236 terra
1617 1209 1816 1237 Chaldaeorum.

1022 1253 1104 1282 Juxta
1117 1255 1239 1282 diversos
1262 1254 1415 1282 intellectus
1438 1259 1564 1282 terrenus
1585 1254 1664 1282 locus
1690 1255 1817 1289 multipli-

1023 1301 1090 1329 citer
1106 1301 1274 1332 nominatur,
1289 1305 1316 1328 et
1332 1300 1470 1335 quomodo
1487 1299 1621 1327 diﬂ'erenti
1645 1300 1719 1326 inter
1732 1307 1761 1327 se
1777 1307 1817 1326 ra-

1024 1347 1098 1374 tione
1113 1347 1191 1382 plura
1213 1345 1340 1373 Salvator
1362 1346 1444 1373 habet
1457 1345 1602 1378 vocabula,
1620 1353 1684 1372 eum
1703 1353 1776 1372 unus
1791 1345 1816 1372 in

1024 1392 1177 1427 subjacenti
1195 1392 1240 1423 sit,
1259 1392 1352 1419 varius
1374 1395 1466 1419 autem
1495 1391 1521 1418 in
1549 1391 1717 1424 virtutibus;
1740 1391 1779 1418 sic
1793 1396 1818 1417 et

1024 1443 1133 1474 propter
1159 1438 1291 1465 malitiam
1316 1437 1423 1473 generis
1445 1437 1557 1464 humani
1584 1441 1695 1465 terrena
1713 1437 1816 1472 negotia

1023 1493 1083 1512 cum
1104 1492 1187 1511 unum
1204 1484 1260 1511 sint
1283 1483 1310 1510 itt
1339 1482 1503 1518 subjacenti,
1523 1483 1680 1509 intellectus
1705 1482 1817 1509 diversi-

175 1527 252 1559 liam,
279 1532 399 1555 attamen
424 1528 580 1555 necessaria
607 1528 721 1555 domui?
741 1528 806 1556 Vide
831 1533 921 1556 autem
947 1530 969 1557 si
984 1540 1004 1567 (ς
1023 1535 1076 1557 tate
1090 1535 1153 1557 sunt
1167 1529 1296 1564 plurima.
1316 1528 1394 1562 Quod
1411 1533 1502 1556 autem
1516 1529 1588 1560 dico,
1609 1528 1650 1556 sic
1668 1529 1716 1555 tict
1730 1528 1816 1555 maui-

174 1574 287 1601 valucro
301 1578 327 1601 et
342 1574 395 1601 hoc
408 1573 497 1608 ipsum
519 1574 673 1608 exemplum
692 1582 725 1601 ex
747 1575 801 1602 alio
822 1574 970 1610 Scriptura:

174 1620 332 1647 testimonio
354 1620 541 1654 comprobare.
564 1620 742 1648 Inltonoratus
756 1621 839 1657 280
854 1628 909 1653 est,
928 1623 970 1649 in-

174 1665 236 1700 quit
247 1665 281 1696 “,
299 1664 441 1691 Jecltom'as
458 1664 534 1699 quasi
549 1673 594 1692 vas
615 1665 691 1700 cujus
708 1665 783 1693 nulla
799 1671 837 1693 est
853 1666 968 1693 utilitas.

174 1704 235 1738 Non
251 1711 299 1743 ait,
315 1715 356 1738 est
373 1711 483 1746 quidem
507 1711 567 1746 ejus
592 1712 706 1745 utilitas,
725 1712 752 1738 in
773 1713 968 1740 contumeliam

179 1762 267 1786 autem
284 1757 343 1792 ejus
356 1763 397 1786 est
410 1758 528 1791 utilitas;
545 1758 592 1785 sed
614 1758 679 1794 quia
696 1763 755 1789 erat
768 1766 802 1786 ex
819 1759 901 1786 domo
921 1759 969 1786 Dei

177 1809 204 1832 et
219 1804 350 1839 peccavit,
373 1805 400 1832 in
420 1808 506 1832 totum
528 1812 580 1831 non
603 1809 643 1831 est
666 1804 726 1839 ejus
744 1805 858 1832 utilitas.
876 1805 969 1832 Habeo

174 1855 203 1880 et
216 1851 296 1878 aliam
313 1850 483 1886 Seripturam
503 1851 530 1878 in
544 1858 596 1886 qua
613 1851 713 1884 dicitur
733 1851 766 1878 de
779 1851 833 1879 alio
849 1852 968 1887 quodam

175 1899 354 1934 peccatore"
372 1908 378 1926 :
396 1897 430 1931 Et
453 1899 503 1925 erit
529 1899 606 1933 quasi
632 1903 699 1925 testa
726 1898 755 1925 in
777 1907 829 1933 qua
852 1898 969 1925 attrahe:

175 1952 251 1980 aquw
276 1944 415 1979 pusillum,
438 1948 463 1971 et
485 1945 513 1971 in
536 1953 589 1979 qun
611 1944 750 1971 carbonem
771 1944 915 1979 bajulabis.
937 1944 970 1972 Et

156 1998 283 2021 .rursum
309 1991 426 2018 afﬁrmat
450 1999 505 2018 non
528 1991 712 2018 necessarium
734 1991 860 2025 penitus,
885 1996 911 2018 et
936 1999 970 2018 ex

174 2037 251 2065 omni
276 2042 352 2072 parte
368 2045 429 2066 esse
454 2046 503 2065 vas
529 2038 634 2065 inutile.
651 2037 779 2071 Nunquid
806 2046 859 2064 non
888 2037 970 2072 igitur

175 2089 227 2109 nos
239 2082 286 2116 qui
308 2082 334 2108 in
358 2082 441 2110 domo
467 2083 520 2109 ista
542 2082 590 2109 Dei
612 2091 718 2114 sumus,
735 2082 846 2117 quando
862 2084 970 2117 aperire

173 2127 286 2162 coeperit
320 2128 455 2156 Dominus
487 2129 646 2156 thesaurum
678 2136 774 2160 suurn,
805 2127 970 2162 incipiemus

173 2173 301 2200 mundari
324 2173 347 2200 si
375 2178 482 2202 tantum
509 2174 642 2202 fuerimus
666 2182 730 2201 vasa
755 2174 966 2208 misericordiin,

1023 1576 1130 1608 l'cstius,
1144 1583 1205 1603 cum
1219 1575 1373 1610 exemplum
1396 1575 1468 1610 quod
1487 1582 1501 1601 a
1521 1573 1664 1601 Salratorc
1682 1574 1817 1608 assumpsi

1022 1622 1193 1655 edissercns,
1218 1621 1250 1648 ad
1267 1629 1298 1648 ea
1320 1629 1381 1656 qua:
1406 1625 1471 1648 sunt
1495 1621 1618 1656 subjecta
1645 1621 1817 1655 explananda

1022 1667 1226 1695 transeendero.
1254 1666 1342 1694 Unum
1367 1666 1512 1701 subjaccns
1539 1671 1580 1693 est
1607 1665 1729 1693 Domino
1760 1671 1819 1692 meo

1021 1714 1084 1742 Jesu
1104 1714 1249 1741 Salvatori.
1267 1713 1325 1741 lloc
1345 1722 1399 1740 uno
1416 1713 1586 1747 subjaccnte,
1604 1713 1659 1739 alio
1679 1712 1817 1739 intellectu

1023 1761 1145 1788 medicus
1157 1764 1209 1793 est,
1226 1760 1305 1794 juxta
1323 1759 1395 1794 quod
1413 1759 1545 1793 scripturn
1569 1763 1609 1786 est
1628 1758 1670 1783 “z
1692 1757 1756 1784 Non
1773 1766 1817 1784 ne-

1022 1815 1090 1834 cesse
1102 1806 1196 1833 habent
1213 1806 1272 1832 sani
1288 1806 1434 1837 medicum,
1449 1805 1492 1832 sed
1516 1805 1584 1831 male
1602 1804 1742 1832 habentes.
1760 1805 1817 1831 Alio

1022 1852 1161 1880 intellectu
1185 1857 1292 1887 pastor.
1312 1851 1464 1880 secundum
1481 1851 1554 1886 quod
1581 1850 1817 1879 irrationabilihus

1022 1902 1130 1934 przecst.
1148 1897 1210 1925 Allo
1225 1898 1362 1925 intellectu
1380 1905 1443 1930 rex,
1466 1897 1617 1924 scentulum
1642 1897 1717 1932 quod
1737 1897 1817 1924 ratio-

1023 1945 1161 1972 nabilibus
1183 1944 1361 1979 principatur.
1389 1943 1451 1970 Alio
1480 1943 1620 1970 intellectu
1645 1943 1711 1970 vitis
1735 1950 1816 1973 vera,

1022 1991 1172 2019 secundum
1189 1990 1262 2025 quod
1277 1990 1372 2017 inserti
1389 1989 1415 2016 in
1431 1997 1491 2016 eam
1513 1989 1640 2016 homines
1661 1989 1818 2016 uberrimos

1021 2038 1137 2067 aﬂ'erunt
1151 2037 1268 2068 fructus,
1281 2041 1307 2064 et
1323 2036 1424 2063 exculti
1439 2043 1455 2063 a
1469 2035 1548 2062 Patre
1563 2035 1686 2070 agricola
1702 2035 1816 2070 pingue-

1021 2084 1113 2111 dinem
1126 2083 1189 2111 vitis
1207 2091 1277 2110 verm
1295 2091 1328 2110 ex
1351 2082 1432 2109 tmius
1456 2081 1557 2109 radicis
1578 2082 1724 2109 consortio
1741 2090 1817 2109 assu-

1021 2134 1108 2158 tuuut.
1120 2129 1200 2156 Juxta
1213 2129 1294 2156 alium
1309 2128 1472 2157 intellectum
1486 2128 1631 2162 sapientia,
1642 2128 1723 2162 juxta
1736 2128 1816 2155 alium

1021 2177 1133 2208 Veritas,
1157 2176 1235 2210 juxta
1260 2175 1343 2202 alium
1364 2174 1482 2209 justitia.
1508 2173 1708 2201 Verumtamen
1722 2173 1815 2207 subju-

173 2219 304 2254 projectis
316 2220 390 2248 vasis
405 2228 421 2248 a
437 2220 516 2247 nobis
530 2221 596 2247 irae?
610 2221 650 2246 An
666 2225 739 2247 certe
752 2220 808 2255 jam
825 2218 968 2248 exordium
985 2218 1006 2244 Ι)
1022 2231 1087 2250 cens
1111 2230 1195 2249 unum
1219 2226 1270 2248 est.
1287 2221 1431 2259 Quomodo
1448 2227 1513 2256 ergo
1538 2221 1563 2247 in
1595 2219 1740 2246 Salvatore
1763 2224 1816 2246 uno

173 2269 216 2294 est
232 2270 358 2300 oportere
374 2273 425 2293 nos
442 2271 566 2301 satagere
587 2273 640 2293 non
656 2266 745 2293 solum
761 2270 790 2292 ut
811 2274 864 2292 non
881 2267 969 2294 simus

173 2319 238 2339 vasa
253 2312 310 2344 iraa,
326 2312 374 2341 sed
390 2316 419 2340 ut
443 2312 461 2345 ii
482 2312 528 2346 qui
552 2317 616 2340 sunt
638 2312 815 2347 projiciantur
838 2320 853 2339 a
870 2313 969 2339 nobis?

173 2358 239 2386 Tale
256 2359 327 2386 enim
343 2358 472 2394 quiddam
489 2363 530 2386 est
550 2359 600 2386 hoc
616 2359 688 2394 quod
707 2360 847 2394 apostolus
869 2359 968 2387 Paulus

173 2405 325 2432 Corinthiis
339 2405 377 2431 ait
389 2405 411 2420 ⁸³
427 2413 432 2430 :
448 2404 480 2431 In
494 2409 596 2431 tantunt
612 2405 722 2431 auditur
736 2405 805 2432 inter
822 2414 865 2432 υοι
879 2405 968 2440 [orni-

171 2452 254 2484 catio,
268 2459 327 2486 qua:
342 2459 387 2478 nec
403 2451 429 2478 in
446 2451 576 2486 gentibus,
590 2457 618 2478 ut
634 2459 741 2479 uxorem
755 2452 860 2487 quidem
880 2452 966 2486 patris

172 2497 270 2533 aliquis
284 2497 389 2530 ltabeat,
406 2502 431 2524 et
450 2505 500 2524 non
516 2498 600 2532 magis
622 2497 764 2532 planxistis
781 2503 809 2524 ut
826 2498 967 2532 auferatur

173 2545 204 2572 de
220 2545 306 2571 medio
327 2548 441 2571 vestrum
459 2544 504 2579 qui
524 2544 572 2572 Itoc
592 2552 656 2579 opus
680 2545 780 2581 gessit,
795 2544 874 2579 quasi
891 2544 966 2572 diee-

173 2595 224 2622 ret,
243 2595 337 2626 aperto
353 2590 482 2623 thesauro
499 2589 545 2618 Dei
565 2590 741 2625 egrediantur
755 2598 820 2617 vasa
838 2591 885 2617 irae
897 2599 963 2618 suae.

173 2637 288 2672 Aperuit
310 2637 444 2672 siquidem
472 2637 605 2665 Dominus
622 2637 794 2670 thesaurum,
812 2641 839 2664 et
853 2638 966 2672 protulit

174 2691 240 2711 vasa
255 2685 302 2711 irre
316 2692 382 2712 suae.
397 2684 461 2720 Legi
479 2684 579 2712 alicubi
594 2684 673 2719 quasi
690 2684 832 2719 Salvatore
846 2684 964 2716 dicente,

176 2732 202 2755 rt
215 2736 307 2763 quaero
324 2730 382 2757 sive
404 2731 466 2764 quis
491 2738 636 2764 personam
657 2730 783 2764 ﬁguravit
804 2728 963 2762 Salvatoris,

177 2773 233 2801 sive
248 2774 275 2801 in
293 2776 451 2809 memoriam
468 2776 592 2809 adduxit,
607 2784 641 2803 an
663 2783 756 2803 verum
773 2776 808 2803 sit
827 2777 878 2803 hoc
891 2776 964 2812 quod

212 2865 234 2887 θ’
249 2865 268 2896 ll
285 2865 356 2892 Tim.
373 2867 457 2900 n,‘20,
470 2869 514 2902 ‘21.
555 2870 574 2885 ³⁸
589 2869 688 2897 Jerem.
705 2878 773 2903 xxtt,
785 2869 828 2896 ‘18.
867 2869 889 2886 3'
907 2869 959 2902 lsa.
974 2878 1039 2905 xxx,
1057 2870 1095 2902 li.
1135 2871 1156 2886 ³³
1169 2871 1176 2897 l
1190 2870 1252 2898 Cor.
1268 2879 1294 2903 γ,
1314 2871 1336 2903 I,
1350 2871 1376 2897 2.

1020 2269 1179 2303 subjacente
1193 2267 1304 2302 plurimi
1317 2266 1471 2298 intellectus
1488 2270 1552 2293 sunt
1568 2265 1746 2293 diversorum
1758 2265 1815 2300 ejus

1021 2314 1178 2346 nominum;
1196 2314 1236 2341 sic
1258 2318 1285 2342 ct
1306 2317 1413 2339 terrena
1434 2312 1552 2347 negotia,
1566 2312 1646 2346 juxta
1669 2312 1815 2347 aubjacens

1019 2361 1130 2395 quidem
1152 2367 1237 2387 unum
1261 2365 1334 2390 sunt,
1350 2359 1427 2394 juxta
1451 2363 1540 2385 autem
1563 2357 1734 2389 intellectum
1758 2358 1815 2392 plu—

1020 2409 1099 2433 rima.
1113 2405 1282 2441 Frequenter
1296 2405 1504 2439 allegorizantes
1515 2403 1682 2439 Babylonem
1695 2404 1815 2431 diximus

1020 2453 1129 2488 negotia
1143 2461 1204 2480 esse
1220 2457 1339 2485 terrena,
1354 2459 1415 2486 qua:
1431 2458 1539 2485 semper
1559 2450 1678 2478 confusa
1693 2456 1760 2478 sunt
1775 2450 1814 2476 vi-
1836 2479 1837 2483 η

1021 2500 1082 2531 liis,
1107 2499 1254 2534 Egyptum
1285 2498 1410 2525 similiter
1433 2497 1588 2532 allligentia.
1619 2496 1813 2524 Chaldaeorum

1020 2553 1084 2572 vero
1108 2550 1207 2572 terram
1229 2543 1265 2570 ob
1289 2543 1314 2570 id
1331 2543 1396 2578 quia
1416 2542 1533 2576 plurima
1554 2548 1617 2576 qua:
1635 2546 1771 2576 geruntur
1789 2540 1813 2566 in

1020 2591 1111 2622 ter-ris,
1125 2590 1213 2618 stellis
1231 2593 1402 2620 consecrent,
1417 2592 1444 2616 et
1459 2592 1634 2623 peccatoruru
1653 2592 1812 2615 uostrorutn

1020 2646 1130 2669 causas,
1146 2637 1203 2664 sive
1224 2637 1349 2663 virtutem
1365 2644 1460 2663 eorum
1486 2643 1547 2670 quae
1572 2635 1702 2663 accidunt
1724 2635 1812 2666 nobis,

1019 2692 1052 2712 ex
1070 2692 1163 2711 earum
1179 2683 1299 2710 motibus
1315 2689 1441 2715 asscrant
1461 2682 1529 2714 ﬁeri,
1548 2690 1596 2709 eos
1613 2690 1675 2710 csse
1693 2682 1812 2709 diximus

1020 2731 1067 2766 qui
1083 2732 1182 2758 talibus
1196 2739 1224 2758 se
1238 2730 1479 2766 superstitionibus
1493 2729 1699 2762 dedicaverunt.
1716 2728 1810 2756 Omnis

1021 2777 1103 2812 igitur
1119 2777 1165 2811 qui
1184 2776 1227 2803 his
1241 2776 1336 2808 credit,
1357 2776 1383 2802 in
1399 2780 1470 2803 terra
1494 2774 1688 2803 Chaldaeorum
1709 2780 1760 2803 est.
1782 2773 1809 2801 Si

1432 2869 1560 2897 “Matth.
1584 2877 1622 2900 Ix,
1643 2870 1687 2904 li,
