1872 3048
69 132 116 160 535

646 132 679 161 IN
695 112 868 161 ,ΙΕΒΕΜΙᾸΜ
888 132 1033 160 HOMILIA
1054 130 1124 158 XXI.

1641 130 1696 157 536

68 189 126 225 quis
149 192 270 217 vestrum
295 188 549 218 mathematicorum
568 190 748 219 deliramenta
767 195 856 219 secta-
869 194 892 222 Α
907 190 1019 218 veniunt
1035 190 1067 218 ad
1085 194 1239 217 sermonem
1259 186 1316 214 Dei.
1335 186 1401 215 Tale
1415 187 1487 214 enim
1503 187 1632 222 quiddam
1655 188 1695 216 si-

67 240 117 267 tur,
133 235 159 262 iu
178 239 248 262 terra
273 235 464 264 Chaldaeorum
488 242 540 264 est.
566 236 594 264 Si
612 238 676 272 quis
700 237 851 265 nativitatis

67 280 132 308 diem
147 285 286 317 supputat,
302 286 330 308 et
346 282 430 310 variis
443 282 574 310 horarum
592 287 851 318 momentorumque

67 327 212 355 rationibus
229 328 344 356 credens
360 328 412 356 hoc
431 329 529 364 dogma
546 329 671 364 suscipit,
689 330 753 364 quia
766 329 851 357 stella:

67 373 148 400 taliter
160 378 186 400 et
200 374 291 402 taliter
306 374 429 409 ﬁguratae
452 375 555 402 faciunt
576 376 702 404 homines
727 376 851 404 luxurio-

65 424 118 450 sos,
135 418 283 450 adulteros,
294 423 386 447 castos
397 424 445 447 aut
457 425 530 448 certe
545 422 729 457 quodcunque
742 429 849 456 eorum,

65 462 111 492 iste
126 463 151 490 in
169 468 241 491 terra
257 464 448 493 Chaldaeorum
470 470 521 493 est.
541 465 601 494 Jam
621 467 733 502 quidatn
753 467 849 495 existi-

66 514 134 536 mant
147 517 178 536 es
195 515 333 538 astrorum
354 511 482 540 cursibus
496 512 667 541 Christianos
679 513 746 541 tleri.
764 513 850 547 Quot-

64 559 126 589 quot
146 560 238 583 autem
261 557 314 585 ista
337 557 443 592 sapitis,
460 563 595 594 quotquot
612 559 693 587 dictis
712 560 773 588 istis
788 567 848 587 cre-

68 601 135 634 ditis,
150 602 176 628 in
194 606 267 629 terra
284 603 474 631 Chaldaeorum
497 604 572 632 estis.
591 604 769 633 Comminans
784 613 849 641 ergo

64 645 128 674 Deus
143 646 184 673 his
200 648 248 681 qui
273 648 300 675 in
321 653 392 676 terra
407 648 598 677 Chaldteorum
620 655 695 683 sunt,
711 651 754 678 his
768 651 850 686 spiri-

64 691 166 719 tualiter
179 693 366 722 comminatur
386 695 432 730 qui
448 695 553 730 seipsos
571 697 736 731 genealogiis
750 701 778 724 et
794 697 849 724 lato

63 741 289 773 consecraverint,
314 746 466 770 asserentes
488 747 587 770 cuncta
604 750 665 778 qua
689 743 759 770 inter
775 751 850 770 mor-

65 786 126 812 tales
140 784 218 817 ﬁunt,
237 790 286 814 attt
308 794 341 814 ex
364 791 502 815 astrorttm
525 788 655 821 motibus,
678 792 726 816 aut
743 796 775 816 ex
799 789 848 817 fati

64 831 217 858 necessitate
233 832 361 866 pendere.
382 831 435 860 Sed
450 833 521 861 Deus
535 834 672 862 Abraham
685 842 848 870 promovens

62 875 92 901 ad
113 876 234 910 meliora,
257 876 327 903 dixit
348 877 372 904 ei
388 877 410 893 ³⁵
424 886 431 904 :
447 877 504 913 Ego
528 886 586 905 sum
608 880 653 914 qui
676 884 699 905 te
718 879 799 906 educo
815 879 847 906 de

62 926 127 948 terra
143 921 343 950 Chaldaeorum.
367 923 467 952 Potens
492 929 535 952 est
555 924 627 952 enim
650 924 722 953 Deus
746 927 794 960 qui
819 930 847 953 et

62 966 133 994 nobis
145 967 246 994 tribuat
260 969 293 996 de
309 973 381 996 terra
397 969 586 997 Chaldmorutn
603 971 687 1003 exire,
702 976 730 998 ut
741 971 846 998 nullttm

61 1012 136 1039 alium
162 1013 269 1049 absque
292 1022 325 1042 eo
351 1023 412 1042 esse
439 1016 594 1049 credamus,
614 1017 661 1051 qui
684 1017 846 1051 dispensans

62 1057 191 1091 universa,
208 1064 236 1086 et
254 1067 351 1094 regens
367 1060 450 1088 vitam
467 1065 588 1088 nostram
605 1068 653 1095 pro
669 1061 846 1096 qualitatibus

61 1104 223 1138 meritorum,
237 1105 421 1133 accidentium
438 1106 545 1134 diversa
569 1106 735 1134 moderetur.
752 1106 846 1142 Neque

62 1150 127 1178 enim
153 1151 259 1179 micans
286 1152 396 1187 aliquod
423 1153 518 1186 sidus,
542 1153 583 1180 vel
608 1152 794 1187 Phaéthontis,
817 1158 846 1180 ut

61 1196 140 1230 aiunt,
155 1197 196 1224 vel
211 1198 338 1232 corrupti
358 1198 481 1226 catamiti
500 1198 577 1226 stella
603 1203 758 1226 uestrorum
781 1207 846 1227 catt-

63 1248 112 1269 sam
127 1243 248 1271 continet
272 1245 456 1279 negotiorum.
482 1244 515 1271 Et
537 1245 616 1280 juxta
634 1253 718 1272 unum
735 1245 845 1281 quidem

60 1293 241 1322 argumentum
269 1289 296 1317 in
322 1293 392 1317 terra
415 1289 604 1318 Chaldaeorum
627 1291 732 1326 estqui
750 1298 847 1326 supra-

59 1332 130 1361 dictis
151 1336 410 1364 ratiocinationibus
433 1337 513 1372 23]
531 1337 663 1371 credidit;
677 1337 755 1373 juxta
772 1337 846 1365 aliud

61 1387 118 1407 vero
136 1383 261 1410 ascendit
284 1383 346 1418 quis
373 1390 455 1418 super
477 1388 558 1417 tecta,
573 1388 601 1411 et
613 1389 760 1412 veneratur
775 1383 846 1410 mili-

58 1424 116 1452 tiam
132 1427 203 1455 caeli.
222 1428 383 1457 Invenimus
396 1432 486 1456 autem
507 1429 535 1457 in
559 1428 678 1457 Ieremia
693 1429 716 1445 “
731 1429 845 1456 multam

56 1474 79 1496 el
96 1471 135 1500 his
151 1473 207 1500 ﬁeri
225 1475 481 1507 comminationem,
497 1475 545 1510 qui
564 1475 653 1502 libant
668 1474 772 1502 militiae
788 1473 844 1501 Dei.

59 1514 125 1567 Opus
137 1525 200 1553 ergo
218 1519 338 1548 Domino
352 1521 483 1548 virtutum
507 1521 534 1548 in
555 1525 627 1548 terra
641 1519 844 1555 Chaldteorum,
859 1544 880 1573 ϐ

61 1563 117 1596 quia
133 1569 267 1592 venerunt
280 1569 401 1600 tempora
419 1566 489 1602 ejus.

130 1609 233 1643 Aperite
246 1611 389 1645 apothecas
407 1612 463 1647 ejus
476 1612 509 1639 ⁸⁷.
527 1611 701 1640 Manifestum
716 1616 758 1640 est
780 1613 845 1647 quia

60 1657 129 1681 terra:
143 1655 345 1684 Chaldzeorum.
362 1657 431 1684 Sunt
442 1663 532 1685 autem
548 1659 687 1693 apothecae
701 1658 844 1686 Chaldteo-

61 1707 124 1734 runt,
148 1701 283 1730 doctrinm
296 1704 480 1732 nativitatum.
496 1704 660 1732 Scrutamini
690 1713 746 1731 eam
768 1705 845 1740 quasi

60 1746 209 1782 speluncam,
221 1754 247 1776 et
263 1749 409 1785 disperdite
424 1751 457 1778 ³⁸.
474 1750 526 1784 Qui
544 1751 648 1785 respuit
674 1752 845 1786 supputatio-

62 1798 114 1818 Item
131 1793 276 1826 natalium,
290 1795 338 1829 qui
356 1796 479 1823 veritatis
497 1803 624 1824 sermone
645 1796 730 1823 utitur
746 1796 844 1823 advcr‘

61 1843 112 1864 sum
126 1846 195 1873 eam,
205 1840 252 1875 qui
275 1842 396 1868 ostendit
412 1841 480 1869 nihil
500 1849 595 1869 eorum
614 1849 675 1877 quae
691 1843 842 1870 mathema-

61 1882 99 1909 tici
114 1884 205 1912 dicunt
221 1893 402 1920 verumesse,
422 1888 468 1922 qui
482 1888 562 1915 docet
586 1888 774 1915 inscrutabilia
796 1888 842 1922 jn—

60 1928 121 1956 dicia
135 1929 193 1964 Dei,
209 1939 260 1959 nec
273 1939 305 1958 ea
316 1939 398 1967 posse
413 1932 447 1960 ab
466 1933 623 1960 hominibus
637 1933 842 1968 comprehendi,

59 1974 98 2008 qui
112 1976 206 2004 asserit
217 1978 286 2012 quia
303 1977 391 2006 sidera
404 1986 459 2005 non
476 1983 541 2006 sunt
556 1986 646 2006 causa:
664 1987 758 2006 eorum
783 1986 844 2013 quae

60 2019 119 2047 ﬁunt
135 2029 216 2056 super
230 2027 347 2056 terram,
360 2024 452 2051 minus
467 2028 558 2050 autent
571 2031 666 2051 eorunt
686 2032 747 2059 quae
765 2024 842 2051 nobis

59 2065 209 2095 Christianis
221 2069 364 2103 accidunt,
381 2070 432 2097 iste
444 2070 605 2105 exsequitur
613 2075 776 2105 prazceptum
790 2070 843 2098 Do-

59 2111 117 2139 mini
131 2113 246 2142 dicentis
261 2115 308 2142 ⁸⁹ε
326 2115 476 2150 Disperdite
502 2123 571 2142 eam.
593 2115 662 2149 Quid
689 2123 780 2143 autem
807 2117 843 2144 sit

59 2155 103 2184 hoc
113 2159 181 2192 quod
193 2160 321 2195 sequitur
337 2169 344 2187 :
362 2161 423 2188 Non
439 2162 504 2196 [iant
516 2162 540 2188 ei
557 2161 690 2197 reliquiw,
714 2169 841 2196 quaeren-

902 237 1048 272 gniticatur
1061 235 1090 262 in
1104 241 1137 261 eo
1152 232 1226 268 quod
1251 231 1318 260 dicit
1333 240 1339 258 :
1361 231 1417 258 Vos:
1437 231 1595 267 fugientium
1610 237 1635 258 et
1650 240 1694 259 re-

902 281 1066 308 saluatorum
1083 279 1116 306 de
1128 283 1199 305 terra
1213 277 1370 313 Babylonis.
1396 277 1505 304 Utinam
1529 281 1556 304 et
1581 281 1671 305 vestra
1684 298 1694 312 ,

902 326 1103 358 catechumeni,
1119 333 1173 353 vox
1193 325 1356 361 fugientium
1381 329 1455 352 esset
1481 324 1515 351 de
1542 323 1695 360 Babylone,

902 373 1067 409 fugientium
1081 372 1158 406 vitia,
1172 371 1334 408 fugientium
1348 375 1469 406 peccata.
1488 370 1544 398 Vox
1559 370 1632 398 enim
1649 369 1695 397 fu-

902 418 1032 454 gientium
1042 423 1084 446 est
1102 417 1312 446 resalvatorum.
1340 415 1400 444 Non
1426 416 1523 444 sullicit
1544 416 1638 451 fugere
1660 414 1696 444 de

901 467 973 491 terra
985 463 1142 499 Babylonis,
1161 463 1207 490 sed
1225 466 1252 489 et
1266 462 1396 489 resalvari
1414 470 1446 489 ex
1461 467 1531 489 terra
1545 461 1693 496 Babylonis

901 510 935 537 ad
949 509 1168 536 annuntiandum
1191 509 1218 535 in
1238 508 1304 535 Sion
1329 507 1478 535 vindictam
1504 508 1618 536 Domino
1635 507 1692 535 Deo

900 560 1009 588 nostro,
1024 559 1054 582 ut
1068 554 1202 590 fugientes
1217 553 1251 581 de
1268 560 1339 582 terra
1354 554 1501 589 Babylonis
1525 553 1641 581 veniat-is
1657 554 1691 581 ad

901 601 966 629 Sion
979 600 1202 636 speculatorium,
1220 599 1368 628 Eeclesiam
1388 599 1446 627 Dei.
1461 599 1501 626 Ad
1523 599 1692 627 annuntian-

900 646 965 673 dunt
981 645 1007 672 in
1027 646 1103 677 Sion,
1118 644 1145 671 id
1168 649 1226 677 est,
1249 643 1412 677 Ecclesiam,
1425 643 1573 671 vindictam
1602 651 1617 670 a
1638 644 1692 671 Do-

900 693 976 719 mino
992 691 1046 719 Deo
1063 695 1168 718 nostro.
1187 689 1341 717 Vindictam
1356 690 1447 725 populi
1458 689 1517 723 ejus
1532 689 1692 717 denuntiato

900 739 928 765 in
941 737 1079 773 Babylone
1096 737 1201 770 multis,
1219 736 1294 763 omni
1306 735 1457 763 intendenti
1476 743 1583 763 arcum.
1597 734 1690 770 Signi-

900 783 1015 811 ﬁcanter
1028 783 1148 818 positum
1166 787 1208 810 est
1218 781 1319 810 multis.
1337 781 1413 809 Multi
1430 782 1503 809 enim
1522 787 1587 808 sttnt
1602 781 1649 816 qui
1664 781 1691 807 in

899 830 1038 866 Babylone
1051 833 1126 862 sunt,
1142 829 1168 856 in
1181 828 1332 856 Jerusalem
1346 835 1411 855 vero
1429 829 1520 863 pauci.
1539 827 1599 854 Non
1617 827 1690 855 enim

863 873 884 900 Β
898 875 1011 908 idcirco,
1026 875 1075 907 ait,
1090 875 1186 902 dilexit
1200 881 1249 901 vos
1265 874 1397 902 Dominus
1418 873 1490 900 Deus
1515 877 1603 900 vester
1627 871 1691 906 quia

897 921 976 948 multi
1003 921 1088 948 eratis
1103 929 1110 947 :
1128 928 1177 947 vos
1189 919 1290 955 quippe
1303 919 1372 947 estis
1386 919 1465 954 pauci
1493 918 1526 945 ab
1551 918 1690 944 omnibus.

897 966 930 994 Et
945 967 1014 994 bene
1040 966 1084 993 ltis
1101 965 1147 1000 qui
1172 973 1205 992 ex
1222 970 1299 1000 parte
1318 965 1364 992 Dei
1394 969 1491 996 erant,
1509 963 1612 990 dictutn
1630 967 1691 994 cst,

897 1012 979 1040 Pauci
995 1012 1062 1039 estis
1077 1019 1110 1038 ex
1130 1011 1259 1038 omnibus
1273 1011 1411 1045 gentibus.
1428 1009 1550 1044 lntellige
1564 1017 1646 1044 porro
1660 1013 1688 1036 et

898 1058 959 1084 ltoc.
975 1056 1059 1084 Pauci
1075 1060 1141 1083 sunt
1155 1055 1202 1090 qui
1215 1055 1365 1082 salvantur.
1380 1054 1433 1081 Sed
1447 1058 1473 1081 et
1487 1054 1553 1080 illud
1570 1054 1609 1080 ηε
1622 1053 1692 1081 Con-

898 1102 1112 1136 tenditejntraro
1123 1108 1170 1135 per
1184 1105 1327 1134 angustam
1343 1103 1457 1134 portam.
1475 1098 1503 1125 in
1518 1099 1571 1126 lata
1600 1103 1691 1126 autem

897 1153 924 1175 et
938 1146 1041 1182 patenti
1055 1146 1211 1173 annuntiate
1225 1145 1252 1171 in
1272 1144 1409 1179 Babylone
1419 1144 1510 1170 multis
1524 1164 1532 1175 ,
1546 1143 1618 1170 omni
1647 1143 1690 1169 ενι-

899 1193 1015 1220 tendenti
1030 1200 1133 1219 arcum.
1152 1190 1215 1217 Non
1231 1191 1266 1217 sit
1277 1198 1309 1217 cz
1324 1198 1356 1217 ea
1375 1190 1420 1225 qui
1435 1191 1552 1216 salvetur
1563 1209 1570 1222 ,
1587 1189 1690 1223 dispar--

897 1240 961 1272 dite,
975 1238 1117 1273 interﬁcite
1137 1237 1227 1264 omnia
1242 1235 1386 1270 Babylonis
1408 1235 1441 1262 ⁸⁵.
1465 1234 1557 1269 Nuper
1570 1233 1690 1261 diximus

897 1285 931 1313 de
946 1284 1085 1320 parabolis
1098 1282 1257 1318 Babylonis,
1272 1281 1307 1309 de
1320 1281 1388 1308 viris
1408 1279 1568 1315 Babylonis,
1583 1279 1617 1306 de
1644 1285 1689 1305 se-

897 1331 971 1358 mine
982 1328 1143 1365 Babylonio.
1158 1327 1220 1354 Non
1232 1327 1266 1354 sit
1283 1330 1308 1353 et
1325 1326 1370 1361 qui
1383 1325 1527 1352 restituetur
1543 1325 1575 1350 de
1591 1323 1690 1350 semine

898 1374 1054 1410 Babylonis,
1067 1372 1204 1401 retribuitc
1218 1373 1242 1399 ei
1255 1372 1337 1406 juxta
1349 1379 1428 1405 opera
1441 1370 1498 1404 ejus
1511 1390 1519 1402 ,
1545 1368 1690 1396 secundum

898 1419 1056 1454 omniaque:
1070 1419 1130 1453 fecit
1150 1422 1175 1445 ct
1190 1417 1270 1452 facite
1284 1417 1309 1443 ei
1324 1436 1331 1448 ,
1351 1416 1414 1450 quia
1430 1414 1541 1441 Domino
1566 1415 1663 1440 restitit
1680 1433 1689 1446 ,

897 1469 922 1492 et
935 1465 1074 1492 adversum
1093 1463 1235 1491 Dominum
1246 1462 1330 1489 Deum
1344 1465 1466 1488 sanctum
1480 1459 1576 1486 Israel.
1596 1459 1690 1492 Quan-

898 1511 943 1538 diu
962 1510 1047 1538 habes
1074 1509 1101 1536 in
1120 1515 1146 1537 te
1175 1508 1356 1544 cogitationes
1389 1513 1507 1542 nequam
1530 1505 1690 1533 resistentes

898 1556 989 1592 pietati
1005 1561 1032 1583 et
1047 1555 1109 1582 ﬁdei
1122 1562 1202 1586 veras,
1225 1553 1309 1580 habes
1334 1553 1360 1580 itt
1383 1557 1409 1580 te
1434 1552 1608 1587 Babylonios.
1635 1549 1688 1578 Sed

897 1602 940 1630 l'ac
954 1601 1109 1633 vindictam,
1123 1605 1150 1628 et
1173 1600 1298 1628 interﬁce
1315 1606 1410 1626 omnes
1427 1603 1585 1633 peccatores
1610 1603 1689 1624 terras

896 1656 957 1684 quae
967 1648 995 1675 in
1009 1652 1035 1675 te
1044 1651 1086 1675 est
1098 1669 1105 1680 ,
1122 1646 1148 1674 id
1167 1650 1219 1679 est,
1236 1652 1332 1672 ontnes
1355 1643 1530 1679 Babylonios,
1546 1647 1576 1670 ut
1599 1642 1689 1678 possis

896 1693 1044 1721 mundatus
1060 1693 1088 1719 in
1106 1691 1258 1720 Jerusalem
1277 1690 1431 1725 transgredi
1445 1690 1583 1717 civit-atem
1599 1688 1645 1716 Dei
1660 1688 1688 1715 in

896 1739 1006 1767 Christo
1016 1738 1091 1771 Jesu,
1109 1738 1152 1765 cui
1168 1741 1210 1765 est
1220 1736 1306 1771 gloria
1326 1740 1353 1763 et
1368 1736 1514 1771 imperium
1535 1736 1563 1762 in
1589 1734 1689 1762 sarcula

897 1785 1070 1813 saeculorum.
1087 1784 1183 1811 Amen.

1172 1837 1315 1865 llOMlLlA
1329 1837 1400 1864 XXI.

1056 1884 1158 1920 (Juxta
1178 1884 1368 1918 Hieronymum
1379 1883 1502 1910 secunda.
1517 1884 1527 1918 )

947 1943 982 1970 Dc
994 1950 1026 1969 eo
1045 1942 1117 1977 quod
1131 1941 1263 1977 scriptum
1278 1944 1319 1977 est
1336 1939 1358 1977 _“
1372 1950 1377 1966 :
1397 1940 1493 1975 Fugite
1508 1939 1539 1966 de
1556 1939 1640 1966 medio

1212 1974 1367 2010 Babylonis.

934 2025 957 2051 l.
975 2022 1118 2056 Quomodo
1133 2029 1232 2056 corpus
1249 2026 1373 2048 ttostrum
1387 2021 1412 2047 in
1426 2020 1518 2055 aliquo
1533 2026 1611 2047 terrae
1625 2020 1687 2048 loco

895 2069 1021 2098 consistit
1034 2089 1041 2102 ,
1057 2068 1151 2095 eodem
1168 2067 1248 2094 modo
1258 2072 1286 2094 et
1304 2066 1395 2093 anima
1414 2065 1563 2094 secundum
1584 2069 1686 2093 statum

896 2126 977 2145 suum
995 2117 1027 2145 de
1042 2117 1134 2152 aliquo
1154 2115 1339 2150 nuncupativo
1363 2118 1443 2141 terrae
1462 2113 1523 2141 loco
1538 2116 1589 2140 est.
1607 2112 1687 2146 Quod

895 2165 967 2197 dico,
984 2164 1025 2192 sic
1050 2165 1096 2191 llet
1113 2161 1297 2190 manifestius.
1322 2161 1429 2195 Corpus
1453 2164 1578 2187 nostrum
1593 2164 1640 2187 aut
1658 2159 1685 2186 in

59 2201 114 2230 dum
128 2211 176 2232 est.
188 2204 226 2233 Ne
238 2206 345 2241 aliqua,
359 2207 458 2242 inquit,
467 2207 626 2235 rescindalis
638 2207 840 2239 Chaldaeorum,
859 2215 880 2242 ί)
897 2210 1014 2245 Egypto
1027 2213 1078 2242 cst,
1095 2213 1141 2235 aut
1157 2208 1183 2234 in
1200 2207 1349 2242 Babylone,
1362 2211 1409 2233 aut
1424 2207 1451 2232 in
1468 2205 1622 2237 Palmstina,
1639 2208 1686 2230 nul-

59 2248 138 2284 aliqua
152 2252 313 2280 reservatis.
331 2252 371 2280 0b
384 2253 421 2280 ‘id
432 2253 511 2288 jubet
526 2261 558 2281 ne
573 2253 703 2288 pnsillutn
731 2253 841 2288 quidem

59 2294 215 2329 relinquatur
239 2297 267 2324 in
291 2304 333 2324 ea.
352 2297 492 2325 Exsiccata
506 2307 594 2326 omnes
609 2299 712 2334 fructus
736 2299 793 2334 ejus
807 2299 841 2327 η.

59 2338 116 2371 Quis
130 2342 163 2369 ita
177 2343 277 2372 beatus
290 2348 332 2371 est
348 2349 377 2371 ut
388 2345 473 2380 possit
484 2345 622 2373 exsiccare
630 2353 725 2373 omnes
738 2345 843 2373 fructus

32 2404 39 2413 ,,
60 2390 127 2415 terra:
138 2388 342 2423 Chaldmorunt,
371 2394 398 2418 et
421 2390 589 2418 descendant
605 2391 632 2417 in
652 2392 843 2419 occisionem?

65 2429 101 2458 Va:
114 2433 147 2460 eis
161 2435 223 2469 quia
237 2435 308 2462 vertit
320 2435 376 2463 dies
390 2444 480 2462 eorum
497 2441 521 2463 et
535 2440 574 2463 est
597 2441 698 2470 tempus
715 2437 840 2464 vindicta:

58 2484 137 2505 carum
150 2479 182 2506 ".

88 2522 111 2550 6.
128 2525 192 2554 Pest
204 2527 263 2556 haec
272 2535 370 2556 rursus
379 2528 492 2556 alterius
501 2528 612 2563 capituli
623 2529 789 2556 continentia
799 2531 819 2546 δ’
831 2539 837 2557 :

63 2568 111 2597 Vox
120 2572 288 2608 fugientium,
307 2580 332 2602 et
345 2576 536 2602 rcsulvatorum
549 2575 581 2602 de
595 2580 665 2602 terra
682 2575 838 2610 Babylonis,

59 2616 88 2641 ad
98 2620 308 2647 annuntiandum
325 2620 437 2648 Domino
455 2626 544 2648 nostro
560 2622 586 2648 in
601 2621 665 2648 Sion
684 2621 834 2648 uindictam.

58 2660 90 2688 De
103 2663 142 2691 his
155 2673 228 2694 nunc
242 2667 400 2702 prophetat,
415 2667 462 2702 qui
475 2674 566 2694 mores
575 2667 677 2702 patrios
687 2667 840 2702 relinquen-

58 2710 102 2741 tes,
116 2714 142 2737 et
154 2710 226 2746 leges
238 2714 363 2748 gentium
373 2733 381 2745 ,
412 2716 440 2740 et
464 2712 681 2740 incredulitatem
695 2717 813 2740 veterem
830 2733 837 2746 ,

87 2789 108 2806 ³⁵
123 2791 218 2821 Cenes.
238 2802 283 2825 xv,
300 2794 325 2820 7.
355 2794 376 2809 ³⁵
386 2793 485 2821 Jcrem.
500 2802 546 2826 vn,
561 2799 584 2821 ct
601 2803 672 2822 κων.
711 2793 838 2822 "Jercm.

934 2795 946 2819 ἱΔ
987 2793 1007 2808 3‘
1033 2791 1088 2819 ibid

398 2829 421 2845 ”
433 2828 532 2857 Jcrem.
546 2837 570 2864 ι,
580 2830 624 2857 29.
665 2830 685 2845 ⁵³
701 2829 800 2857 .lcrem.
810 2837 848 2863 LI,
860 2830 886 2856 6.

57 2823 95 2851 Ψό-
125 2827 146 2843 ⁸³
156 2827 222 2856 Luc.
243 2823 303 2863 xttt,
312 2830 357 2857 25.

896 2257 923 2284 itt
938 2256 1028 2292 Syria,
1054 2260 1101 2282 aut
1117 2257 1190 2281 certe
1206 2253 1373 2286 ubicunque.
1397 2251 1528 2279 Similiter
1551 2256 1578 2278 et
1593 2251 1685 2277 anima

895 2302 922 2329 itt
937 2301 1029 2336 aliquo
1042 2299 1164 2335 ejusdem
1181 2302 1260 2325 terra:
1275 2297 1393 2324 nominis
1408 2297 1469 2324 ιορο
1489 2301 1541 2330 est,
1575 2296 1628 2323 alia
1657 2296 1685 2322 in

895 2345 1041 2381 Babylone,
1058 2343 1110 2370 alia
1127 2342 1154 2369 iu
1170 2341 1289 2377 Egypto
1301 2362 1308 2375 ,
1325 2341 1378 2368 alia
1408 2341 1434 2368 in
1464 2341 1684 2368 Ammanitarum

894 2390 1023 2425 regione:
1041 2395 1068 2417 et
1087 2389 1128 2416 sic
1152 2387 1317 2423 segregatim
1342 2386 1493 2414 secundum
1520 2387 1694 2414 sententiatn‘

896 2436 1114 2470 Scripturarum,
1129 2441 1177 2469 pro
1195 2432 1326 2468 qualitate
1343 2432 1405 2459 vitae
1428 2432 1550 2459 locorum
1569 2431 1685 2460 diversi—

895 2487 963 2511 tates
985 2482 1201 2517 distinguuntur.
1225 2478 1253 2506 ln
1278 2478 1415 2514 Babylone
1431 2483 1472 2506 est
1489 2478 1598 2513 quando
1618 2487 1680 2506 con-

893 2528 1018 2557 funditur
1031 2548 1038 2561 ,
1058 2526 1167 2560 quando
1184 2525 1319 2557 turbatur,
1343 2523 1464 2560 quando,
1481 2531 1547 2558 pace
1563 2524 1682 2557 deserta,

893 2575 963 2602 bella
979 2574 1094 2602 sustinet
1112 2571 1284 2607 passionum,
1300 2569 1410 2605 quando
1428 2569 1562 2596 tumultus
1579 2569 1683 2597 militi-tu

892 2622 964 2650 circa
978 2629 1038 2648 cam
1054 2619 1159 2651 fremit;
1177 2622 1251 2650 tunc,
1265 2622 1294 2644 ttt
1305 2617 1469 2650 diximus,in
1480 2615 1618 2652 Babylone
1628 2621 1681 2649 cst,

892 2672 919 2696 ct
930 2667 962 2695 ad
975 2667 1055 2695 istam
1070 2666 1188 2693 animam
1208 2663 1375 2699 prophetalis
1389 2669 1481 2690 sernto
1497 2662 1623 2698 dirigitur
1641 2663 1682 2689 dl-

892 2721 956 2741 cens
972 2713 993 2729 δ’
1012 2721 1019 2740 :
1037 2712 1132 2747 Fugite
1150 2710 1184 2746 Ide
1210 2709 1294 2736 medio
1315 2708 1460 2743 Babylonis
1473 2728 1481 2742 ,
1504 2714 1528 2735 et
1555 2707 1683 2736 resalt'ate

1139 2791 1234 2818 "ibid.
1273 2789 1298 2805 “
1311 2789 1432 2816 ibidﬂi.
1468 2789 1489 2806 "
1506 2789 1572 2817 ibid.
1584 2789 1606 2806 “
1617 2790 1682 2820 ibid.

1040 2924 1048 2937 ‘
