1872 3048
129 1289 132 1292 .
175 1269 226 1297 bus
241 1269 350 1304 Judaaa,
367 1270 424 1298 sive
437 1271 511 1298 circa
530 1270 681 1300 Jerusalem
701 1281 706 1299 :

124 1334 139 1337 μ
175 1315 343 1349 beatissima,
361 1323 422 1350 quae
437 1315 465 1343 in
483 1316 571 1343 media
582 1315 733 1345 Jerusalem
746 1318 814 1345 urbe
828 1318 963 1347 consistit.

185 118 237 148 556

920 115 1081 144 ORIGENIS

1127 69 1164 78 ιο.

1756 120 1808 149 536

185 173 361 209 unusquisque
377 174 496 201 animum
508 181 595 206 suam.
611 172 702 201 Donec
718 173 790 201 enim
801 172 863 208 quis
874 173 901 200 in
914 173 966 201 Ba-
980 175 1003 205 Α
1018 173 1145 208 passione
1159 173 1300 208 vitiorum,
1315 173 1348 201 ad
1361 181 1410 202 vos
1426 173 1555 208 dirigitur
1571 182 1675 203 sermo.
1697 175 1729 204 Et
1742 177 1807 206 mihi

182 220 282 254 bylone
296 225 348 253 est,
364 220 463 247 salvari
482 227 535 246 non
552 223 647 253 potest.
663 218 742 252 Quod
756 224 783 246 et
801 219 824 246 si
844 219 971 247 recorda-

183 270 228 293 tus
240 266 277 293 ibi
294 265 376 296 fuerit
387 265 549 299 Jerusalem,
564 265 716 301 ingemiscit
730 270 752 292 et
763 265 830 293 dicit
841 265 880 292 “:
896 265 969 298 Quo-

183 313 261 340 modo
273 313 440 340 cantabimus
452 313 583 339 canticum
599 311 705 338 Domini
720 312 747 340 in
764 317 834 338 terra
854 311 941 339 aliena
958 313 971 339 ζ’

183 357 292 393 thuia
314 358 483 393 impossibile
511 362 552 384 est
580 357 606 383 in
625 356 761 392 Babylone
789 357 967 386 constitutum

182 403 239 437 Deo
250 402 360 438 organis
376 410 483 435 canere,
500 403 586 429 otiosa
599 401 699 436 quippe
714 401 759 430 ibi
776 405 840 429 sunt
865 408 967 437 organa

181 449 347 483 hymnorum
364 448 422 479 Dei.
438 452 578 482 propterea
591 447 691 474 dicitur
702 455 750 482 per
757 448 916 482 prophetam
926 447 946 463 ⁸⁷
959 456 966 474 :

182 492 267 528 Super
281 494 393 528 ﬂumina
408 492 562 526 Babylonis,
575 491 633 518 illic
647 492 762 519 sedimus
779 497 803 519 et
826 492 945 526 ﬂeuimus
958 512 967 525 ,

181 538 245 566 dum
257 539 455 567 recordaremur
469 539 520 571 tui,
537 538 601 566 Sion
617 546 625 565 :
641 538 668 565 in
688 538 815 565 salicibus
833 539 860 565 in
883 538 967 565 medio

181 585 238 619 ejus
253 585 435 620 suspendium:
447 593 547 620 organa
563 591 665 612 nostra.
683 584 822 620 Suspensa
839 589 904 612 sunt
922 592 967 612 or-

180 639 249 666 gana
263 636 354 663 nostra
370 631 490 666 quandiu
506 632 532 658 in
551 631 688 667 Babylone
701 639 797 660 sumus
811 652 819 664 ,
844 631 871 659 in
900 631 966 658 sali-

179 675 256 711 pibus
274 675 417 703 ﬂuminum
433 676 614 712 Babylonum.
634 675 663 703 Si
690 680 781 703 autem
809 677 966 705 venerimus

177 721 206 752 in
217 719 379 754 Jerusalem,
389 721 416 748 in
427 722 518 750 locum
532 722 647 750 visionis
661 726 688 749 et
698 722 784 757 pacis.
797 729 898 757 organa
906 730 967 757 qum

177 771 240 801 ante
252 767 340 797 otiosa
357 768 521 803 pendebant,
541 772 606 796 tunc
623 772 802 796 assumuntur
829 768 857 795 in
877 768 967 795 mani-

175 811 240 845 bus,
258 813 437 848 tuncjugiter
451 813 666 847 citharizamus,
684 818 711 841 et
724 821 777 841 non
795 817 836 841 est
860 817 967 848 tempus

1023 227 1132 255 quoque
1148 220 1175 247 id
1188 220 1276 255 ipsum
1293 220 1405 255 jubetur
1419 230 1426 248 :
1446 221 1581 256 siquidem
1594 222 1687 250 adhuc
1705 231 1765 250 sum
1781 225 1807 250 in

1021 265 1181 298 confusione
1194 266 1376 300 inveteratus,
1400 271 1429 294 et
1451 267 1512 294 ideo
1529 267 1557 294 in
1573 267 1713 303 Babylone
1737 276 1806 296 sum.

1021 309 1091 343 Quid
1103 317 1168 346 ergo
1179 310 1301 346 praecipit
1316 310 1410 339 Deus?
1422 309 1481 339 Non
1496 311 1572 345 dicit,
1590 313 1663 340 exite
1674 313 1709 340 de
1722 314 1808 341 medio

1021 355 1177 392 Babylonis;
1195 356 1247 383 hoc
1257 355 1329 383 enim
1342 361 1430 391 potest
1444 356 1500 384 ﬁeri
1519 361 1546 384 et
1571 358 1707 393 gradatim
1721 378 1729 390 .
1751 359 1807 392 sed.

1021 401 1116 436 Fugite
1126 402 1158 429 de
1169 402 1254 430 medio
1264 401 1420 437 Babylonis.
1433 402 1489 438 Ego
1499 403 1607 438 quidem
1615 408 1644 431 et
1655 404 1682 431 in
1691 412 1726 432 eo
1738 405 1808 439 quod

1019 447 1118 475 dicitur
1129 447 1161 475 de
1176 447 1273 481 media,
1286 447 1419 476 rationem
1435 456 1529 483 quaaro
1545 450 1692 477 sermOnis.
1719 450 1808 478 Potest

1018 493 1119 528 quippe
1132 493 1241 520 evenire
1257 498 1288 521 ut
1304 494 1403 528 aliquis
1415 494 1441 521 in
1461 494 1598 530 Babylone
1611 495 1648 522 sit
1663 515 1670 525 .
1687 496 1735 523 sed
1748 504 1807 523 cum

1016 537 1043 566 in
1061 538 1191 566 extremis
1203 537 1264 573 ejus
1278 538 1379 566 ﬁnibus
1392 544 1590 572 commoretur,
1606 540 1809 574 quodammodo

1017 588 1095 611 extra
1110 583 1276 619 Babylonem
1292 592 1354 612 esse
1368 585 1502 612 videatur.
1520 585 1600 613 Aliud
1618 591 1710 613 autem
1726 590 1769 614 est
1783 586 1807 613 in

1017 630 1161 657 medietate
1180 630 1328 666 Babylonis
1347 631 1499 658 consistere
1512 651 1520 663 ,
1541 635 1571 658 ut
1585 638 1620 658 ex
1635 632 1712 659 omni
1737 637 1808 667 parte

1015 675 1119 709 aequale
1134 675 1170 702 sit
1184 675 1302 710 spatium
1318 695 1326 708 ,
1350 679 1377 703 et
1402 675 1440 702 ita
1456 675 1483 702 in
1509 675 1639 703 umbilico
1651 676 1712 710 ejus
1729 677 1807 711 quasi

1017 721 1107 750 medio
1118 723 1210 750 cordis
1225 722 1352 749 animalis
1361 721 1475 749 habitet.
1489 721 1575 750 Sicuti
1589 722 1664 750 enim
1681 722 1819 751 animalis‘

1017 767 1149 795 medietas
1157 775 1204 795 cor
1213 772 1265 801 est,
1277 771 1303 795 et
1312 767 1338 804 in
1351 766 1496 803 Evangelio
1506 768 1656 797 secundum
1665 768 1767 796 Lucam
1776 769 1808 801 ",

1019 819 1068 839 cor
1084 804 1163 839 terra:
1179 811 1311 839 medietas
1322 816 1401 840 terra:
1415 813 1592 845 nominatur;
1613 813 1655 840 sic
1675 813 1744 841 mihi
1767 813 1806 840 vi—

176 858 288 892 quando
305 845 518 893 non'jaudemus
535 845 617 893 Deum
634 845 682 893 per
692 866 794 894 organa
809 866 869 893 qn:e
884 845 967 886 habe-
983 845 1005 873 Β
1019 857 1101 885 detur
1113 862 1140 884 et
1153 857 1179 884 in
1196 857 1337 886 Ezechiele
1352 858 1456 886 dictum
1473 858 1513 891 ",
1530 858 1556 887 in
1574 866 1623 887 cor
1651 859 1738 886 maris
1764 867 1808 894 po-

177 909 241 929 mus
253 903 281 929 in
297 903 435 935 manibus.
450 903 545 938 igitur,
556 908 585 930 ut
597 904 688 931 dicere
698 911 880 939 ceperamus,
894 912 968 933 semv

176 954 226 984 per
261 948 353 975 anima
386 949 414 976 in
445 950 538 984 aliquo
568 950 755 981 nuncupatiyo
787 955 866 978 terra:
907 950 968 977 loco

177 996 236 1028 est;
251 997 277 1021 et
292 993 364 1021 sicut
377 999 533 1029 peccatores
547 995 573 1022 in
587 995 735 1032 Babylone,
753 997 793 1030 sic
812 997 967 1028 econtrario

175 1037 241 1072 justi
257 1039 284 1066 in
299 1038 403 1067 Iudaea.
422 1039 614 1069 Verumtamen
624 1041 701 1076 juxta
716 1043 797 1077 282
808 1043 966 1078 qualitatem

179 1084 242 1115 vitae
253 1089 280 1112 et
295 1085 357 1112 ﬁdei
372 1090 399 1112 et
413 1086 440 1112 in
456 1085 515 1121 ipsa
531 1085 624 1114 Judara
642 1087 710 1116 locis
730 1088 800 1116 inter
827 1096 856 1116 se
883 1089 966 1117 variis

175 1135 347 1165 separantur.
363 1130 426 1159 Sive
436 1132 509 1160 enim
523 1132 549 1159 in
564 1132 619 1160 Dan
634 1137 686 1165 est,
703 1141 764 1169 qua:
778 1139 906 1164 extremm
918 1134 964 1163 Ju-

122 1175 132 1178 "
175 1175 240 1202 daeae
253 1179 344 1210 partes
358 1181 432 1210 sunt,
447 1177 504 1205 sive
522 1177 549 1204 in
567 1178 755 1213 superioribus
767 1179 907 1214 paululum
925 1180 965 1212 ιυ-

174 1222 225 1256 cis,
240 1223 455 1259 melioribusque
469 1227 552 1259 Quam
573 1224 641 1258 Dan,
658 1224 716 1252 sive
732 1225 758 1255 in
775 1226 873 1258 mediis
901 1226 964 1257 ﬁni-

735 1276 762 1300 et
776 1277 818 1300 est
839 1274 964 1304 omnium

173 1359 227 1393 Qui
243 1367 309 1389 vero
323 1367 450 1393 peccator
466 1364 508 1388 est
520 1364 547 1387 et
563 1360 655 1389 nimiis
672 1361 823 1390 sceleribus
852 1369 964 1397 oppres:

174 1412 233 1437 sus,
248 1405 293 1432 hic
306 1405 333 1434 in
347 1405 484 1441 Babylone
496 1410 556 1438 est;
573 1407 624 1434 hoc
635 1411 725 1435 autem
739 1408 847 1435 modico
863 1408 963 1442 minor,

174 1451 325 1480 etnecdum
345 1459 433 1487 usque
449 1453 481 1480 ad
496 1461 634 1481 summum
655 1458 828 1488 peccatorum
853 1455 962 1482 culmen

174 1496 335 1530 ascendens,
349 1497 375 1525 in
391 1496 509 1533 Egypto
521 1503 548 1526 et
561 1498 588 1525 in
607 1498 732 1533 partibus
753 1497 864 1534 Aigypti
885 1507 962 1528 com,

174 1546 308 1573 moratur.
326 1542 358 1572 Et
367 1543 438 1573 sicut
449 1543 496 1578 qui
511 1544 537 1572 in
555 1543 648 1573 Judzea
665 1548 739 1577 sunt,
764 1552 819 1572 non
848 1545 964 1580 aequalia

174 1589 265 1615 cuncti
291 1589 433 1623 possident
447 1589 529 1622 loca;
555 1590 626 1618 alius
638 1590 739 1625 quippe
763 1591 790 1618 in
811 1590 963 1620 Jerusalem

173 1639 226 1666 est,
241 1638 269 1661 et
284 1634 354 1664 alius
372 1635 399 1663 in
414 1635 482 1673 Dan,
499 1635 569 1665 alius
594 1635 622 1664 in
635 1635 770 1671 Neplttali,
790 1637 861 1665 alius
887 1638 914 1665 in
933 1638 965 1665 ti-

174 1679 256 1708 niltus
266 1679 346 1710 Gad;
372 1680 413 1711 sic
433 1688 529 1709 omnes
550 1681 597 1716 qui
617 1681 644 1709 in
658 1681 776 1718 [Egypto
799 1688 882 1717 sunt,
909 1692 963 1712 non

175 1725 296 1760 aquales
309 1725 418 1762 ρεαδ-ριί
437 1731 528 1762 partes
546 1727 678 1757 incolunt.
690 1728 768 1757 Alius
784 1729 810 1757 in
833 1729 938 1765 Tapltni
955 1734 965 1765 ,‘

174 1772 246 1809 alius
260 1772 287 1800 in
304 1771 434 1806 Memphi,
451 1773 522 1801 alius
535 1773 563 1801 in
581 1773 687 1807 Syene.
711 1775 781 1803 alius
807 1776 833 1804 in
853 1775 964 1805 Bubasti

175 1817 290 1858 itabitat.
305 1816 372 1850 Qua:
387 1817 445 1844 loca
460 1817 593 1858 propheta
609 1817 734 1857 Eaeeltiel
760 1820 838 1854 plena
863 1826 965 1857 myste-

173 1861 224 1892 riis
236 1869 302 1890 voce
316 1864 441 1898 testatur,
459 1863 569 1901 nomina
581 1871 692 1902 quoque
709 1865 827 1899 partium
849 1864 960 1901 [Egypti

174 1915 314 1946 exponens
328 1917 335 1936 :
350 1909 382 1936 de
402 1909 502 1949 quibus
513 1909 535 1946 si
552 1910 614 1946 quis
630 1910 716 1942 lector
733 1910 815 1938 fuerit
829 1911 963 1949 spiritalis

172 1954 327 1989 dijudicans
341 1955 445 1987 omnia.
457 1960 484 1982 et
499 1955 556 1992 ipse
570 1964 585 1989 a
598 1956 706 1984 nemine
716 1952 891 1991 dijudieatus,
909 1966 963 1986 non

173 2000 261 2040 solum
278 2000 396 2042 majores
409 2001 533 2042 regiones
541 2002 736 2040 alit-gorisabij,
751 2003 833 2041 veluti
842 2003 963 2034 Judteatn

171 2050 199 2081 et
215 2045 361 2087 (Egyptum
375 2051 403 2083 et
417 2046 581 2086 Babylonem
596 2067 603 2083 ,
628 2049 674 2083 sed
692 2048 840 2086 particulas
855 2057 963 2085 quoque

172 2097 255 2133 terrae
268 2100 275 2125 ;
290 2097 317 2133 et
332 2092 470 2128 quomodo
482 2093 509 2123 in
524 2092 628 2133 Judaaa,
645 2093 797 2133 Jerusalem
813 2099 840 2134 et
856 2095 964 2135 Bethle-

174 2137 248 2169 ltent.
262 2142 431 2178 certet-asque
444 2138 570 2175 civitates
584 2158 591 2170 ,
618 2139 654 2178 ita
683 2139 710 2166 in
727 2139 845 2175 .{Egypto
860 2133 963 2178 legens

1019 903 1070 931 sita
1085 902 1174 938 Tyrus
1187 912 1195 936 ;
1209 908 1236 931 et
1247 911 1320 931 nunc
1336 903 1533 938 peccatoresde
1544 904 1634 932 medio
1650 904 1807 940 Babylonis.

1019 949 1071 978 hoc
1089 955 1141 982 est,
1157 950 1190 977 de
1205 950 1288 978 corde
1301 950 1361 985 ejus
1374 949 1468 985 fugere
1483 950 1591 978 debere.
1616 950 1717 986 Fugite
1745 959 1809 986 ergo

1018 994 1052 1022 de
1067 995 1157 1026 medio
1174 994 1331 1031 Babylonis,
1349 999 1378 1022 ut
1388 995 1558 1024 medietatem
1568 996 1719 1032 Babylonis
1733 997 1808 1024 dese-

1018 1044 1119 1072 rentes.
1134 1040 1160 1069 in
1174 1041 1274 1068 linibns
1290 1041 1350 1076 ejus
1365 1041 1501 1076 incipiatis
1511 1049 1582 1075 esse.
1595 1049 1651 1069 non
1667 1042 1693 1069 in
1709 1042 1806 1070 medio.

1018 1086 1096 1119 Quod
1112 1086 1134 1113 si
1149 1086 1192 1114 cui
1205 1087 1313 1115 videtur
1325 1087 1485 1120 obscurum,
1499 1087 1540 1115 sic
1553 1088 1599 1115 lict
1616 1088 1806 1119 manifestius;

1017 1131 1081 1167 quia
1098 1132 1145 1167 qui
1162 1132 1240 1159 valde
1253 1132 1395 1160 demersus
1420 1137 1462 1163 est
1475 1132 1503 1160 in
1520 1133 1592 1162 vitiis
1605 1152 1613 1166 ,
1642 1132 1687 1161 hic
1704 1133 1808 1160 medius

1017 1177 1153 1211 habitator
1164 1183 1215 1206 est.
1230 1178 1282 1212 Qui
1295 1186 1360 1206 vero
1374 1179 1506 1214 paulatim
1519 1179 1680 1215 relinquens
1694 1180 1807 1212 malum,

1017 1227 1043 1251 et
1059 1228 1184 1255 naturam
1202 1232 1282 1252 suam
1310 1225 1343 1254 ad
1368 1225 1481 1253 meliora
1496 1231 1659 1253 convertens
1678 1233 1733 1253 non
1752 1230 1807 1252 tant

1016 1269 1130 1307 coeperit
1145 1270 1259 1298 virtutes
1273 1269 1413 1305 possidere
1427 1279 1510 1306 quam
1526 1279 1626 1306 cupere
1639 1292 1648 1305 ,
1667 1271 1721 1299 iste
1745 1271 1808 1299 licet

1016 1322 1049 1344 ex
1065 1315 1154 1342 medio
1170 1315 1269 1350 fugerit
1281 1315 1438 1351 Babylonis,
1466 1321 1555 1344 tamen
1571 1317 1687 1346 necdum
1703 1317 1737 1344 de
1753 1316 1802 1343 Ba-

1015 1360 1114 1397 bylone
1124 1360 1259 1394 discessit.
1276 1359 1434 1392 Secundum
1451 1361 1603 1393 istiusmodi
1618 1363 1806 1396 expositiones

1015 1407 1093 1435 decet
1109 1414 1203 1444 sacras
1216 1406 1321 1444 litteras
1337 1407 1446 1435 credere
1458 1415 1508 1435 nec
1517 1415 1603 1435 unum
1622 1408 1732 1443 quidem
1750 1409 1807 1443 api-

1015 1460 1074 1482 cem
1091 1453 1193 1480 habere
1210 1460 1326 1485 vacuum
1342 1452 1476 1487 sapientia
1498 1453 1556 1487 Dei.
1572 1453 1626 1494 Qui
1645 1454 1719 1482 enim
1740 1454 1806 1481 mihi

1016 1499 1120 1527 homini
1135 1498 1267 1539 praecipit,
1287 1498 1380 1537 dicens
1391 1498 1413 1514 ⁸⁸
1425 1507 1432 1526 z
1449 1498 1510 1534 Non
1519 1499 1658 1534 apparebis
1670 1503 1731 1526 ante
1745 1507 1808 1526 cum
1843 1530 1847 1534 δ

1015 1549 1132 1579 spectant
1143 1551 1229 1571 meum
1240 1551 1348 1576 vacuus,
1366 1543 1452 1572 multo
1468 1544 1529 1580 plus
1542 1544 1593 1572 hoc
1608 1543 1667 1579 ipse
1683 1544 1750 1580 agit,
1775 1552 1807 1571 ne

1015 1588 1118 1624 aliquid
1132 1595 1249 1621 vacuum
1267 1588 1405 1623 loquatur.
1424 1587 1461 1617 Ex
1476 1589 1646 1624 plenitudine
1671 1589 1733 1624 ejus
1760 1597 1806 1616 ac-

1014 1635 1147 1669 cipientes
1160 1635 1298 1670 propheta:
1312 1655 1319 1668 ,
1341 1642 1372 1662 ea
1397 1642 1458 1670 quae
1478 1639 1555 1662 erant
1581 1635 1614 1662 de
1638 1635 1807 1670 plenitudine

1015 1685 1133 1716 sumpta,
1146 1680 1305 1715 cecinerunt
1319 1689 1328 1714 ;
1344 1684 1371 1708 et
1383 1680 1484 1708 idcirco
1504 1687 1582 1716 sacra
1599 1680 1740 1717 volumina
1752 1680 1808 1716 Spi-

1015 1725 1084 1752 ritus
1100 1725 1296 1761 plenitudinem
1307 1724 1422 1761 spirant,
1439 1725 1562 1761 nihilque
1574 1729 1617 1754 est
1635 1725 1694 1761 sive
1708 1725 1735 1752 in
1749 1733 1807 1761 pro-

1014 1770 1117 1805 phetia,
1133 1770 1190 1798 sive
1205 1770 1233 1799 in
1250 1771 1319 1806 lege,
1336 1771 1394 1800 sive
1408 1771 1435 1801 in
1451 1771 1606 1806 Evangelia,
1621 1771 1681 1805 sive
1695 1772 1722 1804 in
1738 1773 1808 1806 Apo-

1015 1816 1096 1848 stolo,
1109 1815 1181 1850 quod
1194 1823 1248 1844 non
1263 1823 1277 1843 a
1293 1815 1464 1851 plenitudine
1479 1816 1579 1853 divinae
1594 1815 1750 1856 maiestatis
1763 1818 1808 1848 de,-

1015 1861 1137 1890 scendat.
1151 1861 1336 1895 Quamobrem
1349 1862 1455 1898 spirant
1472 1861 1499 1893 in
1526 1861 1678 1897 Scripturis
1705 1862 1807 1890 sam-tis

1015 1908 1152 1944 hodieque
1165 1908 1342 1942 plenitudinis
1355 1908 1447 1936 verba.
1462 1907 1572 1944 Spirant
1588 1911 1683 1942 autem
1703 1908 1746 1935 his
1761 1907 1806 1942 qui

1016 1953 1117 1983 habent
1128 1958 1155 1982 et
1165 1954 1260 1981 oculos
1276 1953 1308 1980 ad
1327 1953 1443 1981 videnda
1462 1952 1582 1981 ctelestia
1597 1972 1604 1985 ,
1627 1956 1656 1980 et
1671 1960 1755 1985 aures
1774 1953 1808 1987 ad

1015 1999 1148 2029 audienda
1165 1999 1257 2028 divina
1268 2019 1275 2032 ,
1293 2004 1320 2028 et
1334 2006 1414 2028 nares
1429 1999 1462 2028 ad
1475 2006 1508 2026 ea
1527 2006 1589 2035 quae
1605 2003 1672 2030 sunt
1688 1999 1807 2036 plenitu-

1015 2045 1088 2075 dinis
1103 2045 1255 2074 sentienda.

1051 2091 1114 2125 llaec
1126 2092 1193 2123 dixi.
1207 2092 1271 2127 quia
1289 2099 1342 2119 non
1361 2092 1396 2119 sit
1415 2092 1575 2126 simpliciter
1588 2091 1712 2126 positum
1726 2111 1734 2124 ,
1756 2091 1808 2124 Fu-

1016 2138 1069 2173 gite
1084 2139 1117 2165 de
1137 2137 1284 2173 Babylone,
1301 2138 1347 2165 sed
1361 2146 1422 2166 cum
1437 2132 1806 2166 additamento'necessario:

175 2175 337 2219 Diospolim,
351 2175 502 2225 Bubastim,
519 2175 833 2223 Tapltnint,biempltim,
843 2175 960 2226 Syenen,
979 2186 1000 2221 Ι)
1019 2184 1113 2220 Fugite
1123 2185 1154 2211 de
1166 2185 1251 2212 medio
1267 2184 1419 2219 Babylonis,
1439 2189 1463 2211 et
1482 2183 1613 2210 resalvate
1628 2184 1808 2218 unusquisque

174 2236 224 2267 pro
241 2221 378 2258 intellectu
395 2221 486 2256 rerum
504 2230 644 2264 ligurabit.
659 2221 725 2262 Quis
736 2231 842 2265 sapiens
858 2221 897 2260 “et
918 2224 962 2261 in;

174 2274 270 2316 tflligit
285 2274 362 2305 ista!
378 2279 425 2301 aut
439 2275 498 2311 quis
517 2275 667 2310 intelligens
682 2281 706 2303 et
722 2277 855 2311 cognoscit
865 2286 896 2304 ea
912 2277 935 2294 ‘9
950 2278 962 2307 2

173 2320 242 2362 Quis
258 2320 355 2349 saltem
382 2320 409 2349 in
427 2320 546 2351 lenuiori
561 2328 644 2348 sensu
674 2322 839 2350 constitutus
863 2331 964 2358 eogno~

174 2374 251 2400 scere
262 2366 361 2402 poterit
380 2366 546 2402 voluntatem
560 2374 641 2407 quam
656 2366 773 2408 Spiritus
791 2375 902 2409 sanctus
916 2370 966 2398 ha-

173 2412 219 2447 bet
235 2412 351 2447 litterae?
939 2410 942 2413 ”

209 2459 238 2493 2.
255 2458 356 2493 Verum
374 2467 447 2488 nunc
462 2459 536 2492 aliud
566 2459 733 2496 propositum
747 2466 790 2490 est
802 2481 810 2493 ,
837 2461 902 2497 quid
920 2461 963 2499 bis

173 2505 220 2541 qui
237 2504 264 2534 in
281 2504 418 2544 Babylone
449 2509 513 2538 sunt
535 2504 581 2534 Dei
612 2513 738 2542 sermone
765 2498 963 2544 przecipiaturi

173 2543 270 2587 [fugite
286 2551 318 2589 de
334 2550 420 2580 medio
437 2550 590 2585 Babylonis.
605 2549 664 2580 Non
682 2551 825 2587 gradatim,
843 2560 897 2580 non
914 2560 962 2587 pe-

173 2597 374 2637 detentim,sed
392 2606 454 2636 cum
480 2597 640 2636 Velocitate,
661 2606 723 2628 cum
751 2606 833 2636 cursu
859 2598 961 2634 fugite,

174 2644 226 2674 hoc
237 2650 278 2674 est
290 2644 364 2680 enim
382 2643 486 2679 fugere.
513 2643 610 2681 Fugite
636 2644 668 2674 de
690 2644 776 2683 media
805 2644 962 2680 Babylonis.

174 2691 336 2730 Quicunque
352 2691 494 2735 confusam
512 2690 618 2728 habetis
634 2690 753 2720 animam
780 2699 794 2719 a
824 2691 962 2730 variorum

575 2778 596 2795 ιτ
613 2778 692 2812 ibid.,
716 2777 782 2810 1,2.

522 2812 570 2840 ιιι
597 2813 819 2854 I'cl.l,9,10.

211 2776 234 2807 2⁸
245 2777 316 2806 Psal.
339 2786 437 2810 unum
455 2798 462 2809 .
488 2780 516 2810 4.

184 2811 203 2838 γι
221 2811 303 2852 ﬁstul.
321 2821 403 2854 xxtu,
428 2813 468 2842 15.

843 2779 864 2794 "
880 2777 943 2806 Ose.
969 2786 1013 2813 xiv
1028 2798 1034 2810 .
1065 2778 1105 2806 10.

1014 2232 1132 2259 animum
1147 2239 1232 2263 suam.
1249 2230 1371 2259 Primum
1388 2235 1496 2265 oportet
1504 2229 1597 2265 fugere
1606 2230 1638 2256 de
1652 2230 1745 2257 medio
1758 2229 1807 2257 Ba-

1014 2276 1133 2314 bylonis,
1151 2275 1250 2314 deinde
1263 2275 1387 2311 singulos
1402 2274 1509 2302 animus
1518 2281 1582 2301 suas
1591 2274 1733 2301 resalvare
1746 2281 1807 2301 cum

1015 2322 1144 2357 fugerint.
1161 2320 1253 2356 Neque
1268 2328 1333 2348 vero
1347 2321 1417 2348 dixit
1434 2320 1556 2352 salvare.
1581 2319 1629 2347 sed
1658 2320 1806 2347 resalrarc.

1013 2357 1156 2403 Appositio
1163 2367 1272 2403 syllabae
1281 2366 1415 2402 signiﬁcat
1423 2371 1636 2398 sacramentum,
1646 2366 1711 2400 quia
1721 2373 1808 2401 quon-

1018 2414 1080 2452 dam
1097 2418 1237 2453 gustantes
1250 2413 1377 2452 salutem,
1398 2418 1426 2440 et
1452 2413 1486 2440 de
1510 2420 1543 2440 ea
1562 2416 1673 2447 propter
1698 2416 1808 2446 peccata

1017 2464 1110 2495 postea
1123 2463 1296 2492 corruentcs,
1313 2463 1448 2486 venerunt
1467 2458 1501 2486 ad
1518 2458 1696 2493 Babylonem.
1723 2457 1808 2493 Cujus
1830 2460 1833 2477 ι

1017 2506 1056 2534 rei
1072 2512 1155 2545 causa
1167 2508 1274 2540 oportet
1289 2504 1426 2542 resalvare
1436 2504 1555 2533 animam
1572 2511 1662 2537 suam,
1687 2507 1719 2531 ut
1743 2504 1808 2531 inci-

1017 2544 1073 2586 piat
1083 2558 1242 2586 reeuporare
1253 2550 1325 2585 quod
1342 2550 1468 2585 perdidit,
1482 2550 1633 2578 secundum
1651 2550 1806 2585 apostolum

1017 2596 1126 2627 Petrum
1144 2597 1278 2633 dicentem
1292 2597 1315 2627 ε’
1331 2605 1338 2624 :
1357 2596 1401 2624 Ila
1423 2597 1614 2634 reportavimus
1640 2597 1720 2631 linem
1744 2595 1806 2630 ﬁdei

1017 2635 1142 2680 salutem,
1162 2642 1194 2671 de
1209 2650 1261 2677 qua
1271 2641 1356 2671 salute
1372 2642 1552 2679 “quisierant
1567 2646 1590 2668 et
1606 2641 1722 2668 scrutati
1746 2644 1806 2667 sunt

1017 2690 1157 2730 prophetae,
1173 2690 1338 2726 quiproptcr
1362 2693 1480 2730 nostrum
1504 2688 1725 2726 prophetauerunt
1744 2695 1806 2722 gra-

1176 2779 1196 2794 ⁵⁵
1211 2777 1277 2806 Luc.
1297 2786 1354 2812 vtn,
1382 2778 1423 2810 15,
1486 2777 1508 2793 ⁵⁸
1522 2775 1621 2810 Ezech.
1647 2785 1722 2810 xum
1735 2798 1743 2809 ,
1762 2775 1804 2804 32-
