1872 3048
57 134 99 161 537

619 133 652 160 IN
669 132 843 162 JEREMIAM
863 131 1006 160 llOMlLlA
1027 131 1096 159 XXI.

1624 134 1678 161 558

59 194 125 217 ttam.
142 188 332 216 Verumtamen
347 189 374 216 in
387 189 466 217 nobis
480 194 520 218 est
535 190 629 227 fugere
639 192 672 219 de
685 191 834 227 Babylone,
850 192 873 220 Α
887 189 934 224 qui
953 197 1040 224 usque
1061 189 1094 216 ad
1118 195 1237 224 praesens
1261 194 1366 224 tetnpus
1392 190 1538 217 committit
1563 191 1677 225 scelera,

57 236 116 264 etin
131 240 220 262 nostra
233 235 350 270 positum
367 240 409 263 cst
423 240 566 271 potestate,
582 240 604 265 si
623 238 738 266 velimus
753 258 761 270 ,
788 245 834 265 re-

59 281 178 310 suscitare
193 281 264 316 quod
282 281 396 308 corruit.

88 328 112 355 4.
129 327 246 354 Tertium
259 327 417 355 mandatum
437 333 479 356 est
493 329 517 345 ⁸³
532 338 539 356 :
558 328 591 355 Et
606 337 687 364 neque
709 329 835 364 projieia-

60 374 115 400 mini
132 374 158 400 in
171 373 338 408 iniquitate»:
355 373 425 408 ejus.
440 373 508 400 Cum
526 374 589 409 quis
603 374 702 409 fugerit
727 374 836 410 injusti-

60 419 114 446 tiam
128 418 286 454 Babylonis,
302 422 330 445 et
346 425 398 445 non
424 418 511 452 egerit
535 419 723 454 paenitentiam
737 438 744 450 ,
769 423 837 444 tunc

60 472 216 500 consequens
239 468 280 492 est
300 468 330 491 ut
354 464 525 499 projiciatur.
544 464 664 492 Observa
677 472 741 492 vero
759 463 835 491 Scri—

59 515 165 546 pturam,
180 510 335 546 quomodo,
350 511 415 538 licet
428 518 461 538 ex
480 511 593 538 Hebraea
604 511 697 544 lingua
714 511 741 538 in
762 510 836 537 Grae-

59 565 110 585 cam
123 556 155 584 sit
174 556 314 589 translata,
327 556 507 584 nihilominus
520 578 528 590 ,
548 560 682 591 quantum
713 555 836 590 recipere

60 607 147 638 potest,
162 602 328 630 diﬂerentias
344 602 490 630 verborum
516 603 702 637 signiﬁcanter
725 609 835 636 expres-

60 650 124 678 serit.
140 650 206 677 Dicit
217 649 317 685 quippe
333 649 359 676 in
373 649 427 676 alio
438 649 500 676 loco
513 649 537 665 5‘
547 658 554 677 :
565 649 641 684 Elegi
653 648 771 683 abjertus
781 655 837 674 esse

61 696 83 721 in
92 696 162 721 domo
176 695 292 728 Domini,
308 699 335 722 et
349 702 405 722 non
425 694 462 722 ait
482 694 631 730 proiectus.
659 693 688 720 In
709 693 836 728 praesenti

61 745 138 767 autem
149 748 202 768 non
216 741 318 775 posuit,
334 745 361 768 et
375 748 409 769 ne
431 740 599 776 abjiciamini
626 740 654 767 in
675 738 836 774 injustitiant

60 787 120 820 ejus,
133 787 177 814 sed
190 795 220 813 rte
231 786 413 821 projiciamini
428 788 455 814 in
473 786 636 822 injustitiam
662 786 729 821 ejus.
755 785 836 812 Aliud

61 836 95 858 est
110 832 177 859 enitn
190 832 297 867 projici,
318 833 391 861 aliud
407 833 499 868 abjici.
517 832 594 866 Quod
612 833 685 860 enim
703 833 729 859 in
740 832 836 866 despe-

60 877 136 904 ctione
149 882 188 905 est
197 883 224 905 et
236 878 371 914 neglectu,
385 879 435 906 hoc
449 887 503 905 non
515 878 597 914 283
607 878 750 913 projicitur
763 898 770 910 ,
789 878 836 905 sed

60 923 181 958 abjicitur.
193 923 271 957 Quod
284 932 348 952 vero
360 923 429 952 foris
440 929 481 952 est
496 933 510 952 a
523 926 620 957 salute,
633 929 658 952 et
668 924 837 952 beatitudine

60 970 174 1003 alienum,
187 971 240 998 hoc
259 971 414 1006 projicitur.
428 971 506 1005 Quod
523 977 550 998 et
563 972 590 998 in
605 971 660 999 alio
677 971 737 999 loco
749 971 837 998 decla-

59 1020 95 1042 rat
107 1015 239 1051 Scriptura
269 1017 362 1044 divina
380 1018 474 1045 dicens
491 1019 537 1045 ’δε
564 1017 649 1045 Duces
670 1017 760 1052 populi
786 1018 837 1045 mei

58 1062 216 1095 projicientur
229 1070 262 1089 ea:
275 1062 412 1090 domicilio
433 1072 519 1090 rerum
535 1072 645 1091 suarum
659 1069 765 1098 propter
778 1072 837 1098 pes-

59 1108 129 1134 simos
142 1108 289 1136 voluntates
307 1117 379 1137 suas.
398 1109 470 1137 Cleri
485 1109 555 1136 enim
575 1117 665 1136 eorum
682 1117 732 1136 non
747 1109 837 1144 prode-

60 1158 111 1179 runt
119 1154 164 1180 eis.
178 1153 229 1181 Sed
253 1159 280 1181 et
306 1158 334 1181 tu
361 1154 419 1189 ipse
434 1154 535 1189 poteris
550 1162 731 1190 congregare,
748 1154 837 1181 sicubi

60 1199 81 1225 in
94 1198 236 1234 Scripturis
250 1201 431 1236 proiectionis
453 1204 481 1228 et
497 1200 658 1235 abjectionis
679 1208 776 1228 nomen
794 1200 837 1227 in-

59 1245 161 1278 veneris,
174 1250 204 1272 ut
217 1253 250 1272 ex
263 1246 471 1280 comparatione
484 1246 631 1273 verborum
646 1245 733 1281 magis
747 1246 837 1280 possis

59 1290 184 1318 conlidens
199 1291 274 1319 ferre
301 1292 478 1319 sententiam.
496 1291 567 1325 Quia
581 1292 750 1327 dispensatio
767 1291 836 1319 Pro-

59 1335 171 1364 videntiae
183 1337 266 1365 etiam
285 1337 309 1364 si
323 1345 378 1364 non
394 1345 560 1373 magnopere
574 1338 681 1365 curavit
697 1341 726 1364 ut
746 1337 836 1364 diser-

59 1381 197 1415 titudinem,
214 1391 277 1418 qua:
289 1383 315 1410 in
329 1383 426 1411 Graeco
439 1391 567 1410 sermone
579 1383 707 1410 laudatur
721 1403 728 1415 ,
743 1382 837 1410 Graece

58 1426 245 1462 interpretando
260 1433 431 1464 sequeretur,
450 1429 556 1456 curavit
569 1433 658 1455 tatnen
674 1436 705 1455 ca
722 1436 783 1463 quas
798 1428 832 1455 si-

58 1471 199 1505 gnificantia
211 1478 276 1501 sunt
287 1473 427 1506 exhibere,
439 1476 467 1500 ct
482 1473 662 1500 differentiam
675 1481 770 1500 eorum
786 1481 836 1500 ex-

58 1517 157 1551 planare
174 1519 294 1547 dilucide
317 1519 360 1547 his
384 1520 431 1555 qui
456 1519 614 1555 Scripturas
629 1519 836 1555 diligentissime

58 1569 262 1597 perscrutantur.

86 1611 110 1639 5.
128 1610 166 1639 Ne
178 1612 361 1647 projiciamini
372 1612 399 1639 in
413 1613 579 1648 iniquitatem
597 1612 752 1648 Babylonis,
772 1613 836 1647 quia

59 1660 146 1691 tempus
159 1658 283 1685 vindicta
296 1658 353 1693 ejus
372 1663 410 1685 est
425 1667 440 1685 a
456 1658 581 1685 Domino.
594 1658 663 1686 Miro
675 1666 756 1686 settsu
771 1666 838 1693 sup—

59 1701 128 1736 plicia
138 1703 202 1732 dicit
218 1704 336 1739 irrogari
352 1709 463 1740 propter
479 1705 539 1740 ejus
555 1704 601 1740 qui
618 1712 650 1732 ea
668 1705 770 1740 patitur
795 1705 837 1731 ul-

58 1750 157 1777 tionem.
174 1749 291 1784 Quando
305 1751 378 1778 enim
396 1752 458 1786 quis
471 1759 524 1779 non
542 1751 696 1779 vindicatur
708 1755 735 1779 et
754 1751 837 1778 relin-

58 1794 139 1826 quitur
153 1796 317 1831 impunitus,
337 1796 493 1832 frequenter
505 1805 549 1824 me
564 1797 668 1824 dixisse
680 1797 792 1824 memini
809 1796 836 1824 id

58 1841 118 1874 quod
135 1842 159 1868 in
173 1842 318 1870 duodecim
335 1842 479 1877 Prophctis
500 1843 631 1878 scriptum
649 1846 710 1870 est:
728 1842 761 1869 Et
784 1851 837 1870 non

57 1886 157 1914 visitabo
177 1897 256 1923 super
275 1888 349 1923 ﬁlius
364 1893 463 1915 vestras
483 1889 589 1924 quando
607 1889 795 1923 fornicamur,
811 1893 836 1916 et

58 1939 127 1965 super
136 1941 215 1960 nurus
227 1938 331 1961 vestras
347 1934 452 1968 quando
467 1934 655 1961 adulterautur
666 1934 699 1961 ".
713 1933 772 1961 NOII
791 1941 837 1961 cr-

57 1986 94 2013 ευ,
110 1983 137 2005 nt
157 1979 269 2013 quidam
291 1978 470 2011 existimant,
497 1978 568 2006 Deus
586 1983 740 2013 peceatores
759 1979 837 2014 punit

58 2023 141 2054 iratus;
155 2024 212 2056 sed,
231 2024 255 2051 si
271 2023 313 2051 sic
332 2023 442 2058 expedit
463 2023 557 2058 loqui,
574 2031 672 2059 magna
698 2024 738 2050 ira
757 2028 799 2050 est
820 2031 836 2050 a

57 2068 104 2098 Deo
115 2074 245 2098 tormenta
260 2078 316 2098 non
328 2070 442 2106 perpeti.
454 2069 505 2103 Qui
520 2070 592 2097 enim
606 2070 728 2105 punitur,
738 2070 837 2097 etiam-

57 2115 75 2144 si
88 2115 118 2142 ab
135 2123 165 2143 ea
183 2124 245 2152 quae
269 2121 384 2144 vocatur
409 2115 449 2144 it‘a
473 2115 520 2143 Dei
536 2116 702 2151 corripitur,
723 2117 756 2143 ad
785 2116 837 2144 hoc

58 2161 155 2194 punitur
171 2153 200 2189 ut
215 2161 389 2190 emendetur.
407 2162 525 2194 Domine,
542 2162 579 2189 ait
596 2161 679 2189 David
694 2162 717 2191 ‘7,
729 2183 737 2195 ,
756 2170 788 2189 ne
809 2162 835 2189 in

849 1542 871 1571 Ο

885 243 936 263 nec
952 235 1074 270 punitur.
1091 235 1217 263 Visitatio
1229 236 1329 271 quippe
1344 235 1391 263 Dei
1418 244 1466 271 per
1492 237 1592 264 visitatt
1617 242 1677 264 tor-

885 285 977 309 menta
995 285 1182 314 monstratur;
1203 281 1250 316 qui
1267 286 1357 309 autent
1381 289 1495 316 peccans
1519 282 1678 317 corripitur,

886 326 976 354 nescis
992 325 1058 360 quid
1075 326 1100 353 ci
1114 331 1243 354 excurrat
1254 334 1302 361 pro
1318 334 1409 362 poma.
1425 326 1488 354 llaec
1501 331 1612 362 propter
1627 327 1679 356 hoc

885 373 959 408 quod
973 373 1075 400 dictum
1093 377 1144 405 est,
1158 372 1222 408 quia
1240 377 1347 408 tempus
1359 373 1486 401 vindicta:
1505 373 1566 408 ejus
1591 382 1607 401 a
1623 373 1678 401 Do-

886 419 961 446 mino
970 423 1021 446 est.

921 465 948 492 ti.
958 465 1086 499 Sequitur
1095 465 1133 492 ’ἰ
1147 464 1354 492 Retributtonem
1368 465 1422 500 ipse
1434 465 1558 493 retribuet
1570 466 1603 492 ei.
1617 465 1676 493 Non

887 518 934 545 per
945 511 1086 539 ministros
1095 511 1229 539 retribuet
1237 511 1368 547 Babyloni
1377 511 1458 544 Deus,
1468 513 1516 540 sed
1530 513 1588 548 ipse
1597 514 1680 540 retri-

887 557 952 584 buet
961 557 1035 593 qttod
1050 562 1181 585 meretur.
1201 557 1267 585 Volo
1283 558 1411 593 quiddam
1426 558 1516 586 dicere
1529 559 1556 586 in
1573 559 1680 586 addita-

887 608 979 630 ntcnto
988 603 1157 638 pronominis
1165 603 1191 630 in
1203 611 1235 630 eo
1242 604 1314 639 quod
1326 604 1455 631 scribitur
1466 605 1520 639 ipse
1531 613 1540 631 :
1548 606 1586 632 ait
1594 605 1684 638 enim,

888 649 1091 676 Retributiouem
1099 649 1153 683 ipse
1160 649 1284 676 retribuet
1292 651 1325 677 ei.
1335 650 1393 677 Non
1402 651 1529 679 omnibus
1539 651 1610 679 Deus
1619 653 1676 686 ipse

888 693 1016 720 retribuit
1026 700 1088 728 quat
1099 698 1249 727 merentur,
1262 695 1309 721 sed
1323 699 1387 722 sunt
1397 695 1508 730 quidam
1520 696 1620 730 quibus
1631 704 1679 731 per

888 739 957 766 alios
970 739 1099 771 restituit,
1114 740 1172 768 sive
1182 739 1308 775 puniens,
1318 741 1374 768 sive
1394 741 1533 769 medicans
1550 750 1596 776 per
1603 742 1679 770 dolo-

887 793 956 818 rem,
968 785 1154 813 utinPsalmis
1162 786 1318 813 continetur
1330 787 1352 802 ‘°
1363 795 1370 814 :
1383 787 1457 814 Misit
1467 789 1493 814 in
1505 796 1548 814 eos
1560 789 1629 815 iram
1638 789 1680 815 in-

887 831 1121 867 dignatiouissute,
1129 832 1286 867 furorent,et
1294 833 1373 864 iram,
1381 835 1574 868 etnngustiam,
1583 835 1682 862 immis-

888 878 985 904 sionem
998 886 1044 912 per
1059 878 1166 913 angelos
1181 878 1320 913 pessimos.
1336 878 1384 906 llis
1399 880 1471 906 enim
1488 887 1542 907 non
1557 880 1615 915 ipse
1634 889 1680 909 rc-

888 924 986 957 stituit,
1002 924 1049 951 sed
1063 925 1096 951 ad
1109 924 1315 952 retributionem
1333 924 1443 952 illorum
1462 926 1596 954 ministris
1614 935 1681 955 usus

887 973 929 996 est
943 969 1048 1004 angelis
1065 969 1206 1004 pessimis,
1221 973 1250 996 et
1263 969 1325 996 aliis
1341 969 1457 997 forsitan
1480 978 1535 998 non
1559 978 1606 1006 per
1622 979 1679 998 ma-

887 1015 930 1043 los
949 1015 1046 1047 reddtt,
1060 1015 1107 1043 scd
1123 1023 1170 1050 per
1188 1015 1285 1048 bonos,
1303 1019 1333 1042 ut
1347 1015 1374 1042 in
1389 1016 1429 1043 eis
1441 1015 1488 1051 qui
1504 1024 1553 1051 pro
1571 1017 1681 1044 sceleri-

887 1061 939 1089 bus
963 1061 1124 1094 pnniuntur.
1153 1061 1292 1096 Multaque
1322 1062 1422 1089 similia
1447 1062 1601 1090 istiusmodi
1635 1071 1683 1098 per

888 1107 1056 1142 Scripturas,
1074 1108 1096 1135 si
1111 1109 1252 1142 scruteris,
1275 1108 1408 1136 invenies.
1426 1108 1475 1136 Est
1489 1113 1580 1136 autem
1591 1116 1681 1143 quan-

887 1153 921 1180 do
935 1153 1124 1181 ntinistrorum
1142 1154 1261 1181 oliieium
1286 1153 1438 1187 refutatur,
1465 1155 1676 1182 retributionem

888 1198 960 1227 Deus
974 1199 1032 1234 ipse
1045 1199 1176 1233 restituit,
1192 1205 1221 1227 ut
1240 1208 1314 1228 nunc
1328 1200 1472 1235 Babyloni,
1488 1199 1584 1228 Timeo
1599 1201 1679 1236 quid-

887 1244 950 1271 dam
965 1245 1076 1272 obscuri
1090 1245 1117 1272 itt
1143 1245 1204 1272 loco
1225 1246 1372 1274 manifesto
1398 1247 1590 1281 interponere,
1608 1248 1681 1282 quod

888 1290 954 1317 mihi
970 1290 1078 1318 videtur
1094 1291 1189 1325 latere,
1203 1292 1225 1319 si
1243 1297 1357 1320 taceam.
1371 1292 1565 1320 Verumtamen
1581 1293 1685 1320 auden-

887 1335 952 1363 dum
973 1340 1015 1363 est
1043 1336 1140 1364 saltem
1159 1344 1245 1371 pauca
1270 1338 1463 1372 perstringere.
1485 1337 1600 1370 Quando
1618 1342 1681 1365 sunt

887 1381 1000 1408 vulnera
1013 1380 1101 1409 facilia
1119 1386 1146 1408 et
1163 1386 1287 1416 prompta
1300 1382 1448 1414 curationi,
1466 1383 1588 1410 medicus
1615 1382 1679 1409 mit-

888 1427 920 1454 tit
935 1435 1044 1455 servum
1059 1435 1151 1460 suum,
1177 1428 1260 1455 mittit
1276 1428 1440 1463 discipulum
1456 1448 1463 1461 ,
1492 1433 1520 1456 ιιι
1548 1435 1595 1463 per
1617 1436 1680 1455 eum

888 1473 1061 1508 languentem
1089 1474 1260 1507 medieetur;
1289 1481 1377 1508 neque
1401 1474 1473 1500 ettim
1502 1481 1600 1508 magna
1617 1477 1681 1501 sunt
1726 1508 1731 1515 υ

886 1519 1011 1547 vulnera.
1039 1518 1136 1547 Evenit
1155 1527 1265 1555 quoque
1289 1519 1435 1554 aliquoties
1450 1523 1480 1546 ut
1501 1518 1632 1546 scctionis
1652 1522 1682 1545 et

885 1564 951 1592 ferri
965 1565 1083 1600 indigeat
1097 1565 1144 1600 qui
1159 1570 1283 1598 sanatur;
1299 1569 1419 1593 attamen
1436 1573 1490 1592 non
1512 1565 1570 1600 ipse
1592 1564 1681 1592 medi-

886 1617 935 1638 cus
952 1612 1040 1646 pergit
1051 1613 1084 1638 ad
1103 1619 1210 1644 curam,
1230 1612 1275 1638 sed
1291 1612 1395 1647 eligens
1409 1619 1494 1638 unttnt
1508 1619 1541 1638 ex
1555 1610 1678 1646 discipu-

886 1657 921 1684 lis
934 1657 981 1692 qui
996 1665 1094 1684 curarc
1108 1657 1208 1690 valeat,
1233 1664 1265 1685 eo
1291 1657 1376 1684 utitur
1399 1657 1536 1684 ministro.
1565 1656 1682 1690 Quando

886 1710 953 1730 vero
970 1703 1137 1730 insanabiles
1152 1703 1239 1739 plaga:
1254 1708 1328 1736 sunt,
1358 1708 1388 1730 ιιι
1405 1707 1433 1730 et
1455 1707 1579 1730 emortua
1597 1711 1681 1731 carne

886 1747 1001 1784 putredo
1021 1748 1210 1780 contabuerit,
1230 1755 1259 1776 et
1278 1749 1305 1775 itt
1332 1753 1436 1776 tantum
1459 1749 1530 1775 mala
1553 1749 1682 1775 valetudo

886 1797 986 1826 est,‘ut
1000 1800 1055 1820 non
1071 1794 1141 1821 servi
1158 1795 1199 1822 vel
1222 1794 1349 1828 discipuli
1372 1794 1418 1828 qui
1437 1794 1494 1828 jam
1515 1802 1599 1829 prope
1617 1803 1681 1822 eum

887 1847 934 1875 per
946 1839 1089 1867 scientiam
1104 1840 1171 1868 artis
1183 1841 1308 1874 accessit,
1325 1841 1371 1868 sed
1385 1840 1471 1875 ipsius
1487 1841 1609 1876 magistri
1624 1849 1682 1868 ma-

887 1886 968 1913 nibus
981 1885 1111 1921 indigeat,
1127 1890 1192 1913 tunc
1206 1886 1264 1921 ipse
1286 1894 1403 1921 magnus
1425 1886 1548 1914 tnedicus
1565 1887 1680 1921 przccin-

887 1935 948 1958 ctus
963 1931 1070 1959 lumbos
1087 1931 1120 1959 ad
1136 1932 1285 1959 sectionem
1305 1931 1435 1959 teterritni
1450 1931 1571 1959 vulneris
1585 1932 1680 1959 conci-

887 1981 969 2004 tatur.
984 1976 1117 2004 Similiter
1127 1977 1228 2012 itaque,
1238 1978 1347 2013 quando
1361 1981 1423 2004 sunt
1438 1977 1542 2004 minora
1555 1981 1676 2012 peccata,

887 2030 941 2050 non
961 2023 1079 2050 restituit
1097 2022 1169 2050 Deus
1185 2023 1243 2058 ipse
1265 2022 1453 2058 peccantibus,
1473 2022 1519 2050 sed
1545 2022 1606 2050 aliis
1623 2022 1678 2049 uti-

887 2073 932 2096 tur
952 2069 1094 2096 ministris.
1114 2069 1229 2101 Quando
1249 2075 1314 2095 vero
1329 2075 1377 2102 per
1394 2067 1490 2094 merita
1511 2074 1561 2094 sua
1581 2067 1678 2102 ingens

887 2115 1025 2143 ltomincm
1040 2115 1174 2150 aegritudo
1191 2114 1409 2149 comprehendit.
1426 2118 1456 2141 ut
1472 2121 1544 2140 nunc
1561 2113 1678 2149 Dabylo-

887 2169 960 2194 nem,
973 2169 1034 2196 quae
1046 2161 1174 2196 gravibus
1187 2161 1304 2196 propria:
1319 2160 1429 2187 malitia:
1439 2164 1481 2187 est
1494 2159 1606 2187 confusa
1620 2160 1681 2186 vul-

57 2206 90 2232 ira
103 2212 144 2234 tua
156 2216 255 2243 arguas
270 2216 320 2241 me,
336 2216 416 2244 neque
427 2209 454 2234 in
468 2209 559 2242 furore
571 2213 616 2236 tuo
637 2209 767 2243 corripias
782 2216 833 2235 me.
851 2214 873 2242 ι)
889 2207 1010 2238 neribus,
1032 2211 1096 2234 tunc
1112 2206 1145 2233 ad
1162 2206 1370 2234 retributionem
1388 2205 1462 2233 Deus
1487 2206 1543 2240 ipsc
1559 2206 1680 2234 festinat.

58 2251 101 2280 Sed
116 2255 219 2283 etiamsi
236 2264 348 2292 argues.
364 2264 447 2291 argue
460 2264 510 2283 nos
526 2256 552 2283 in
565 2256 680 2292 judicio,
696 2261 789 2284 etnon
806 2256 833 2284 in

57 2298 145 2333 furore,
160 2301 228 2328 dixit
242 2301 388 2329 Jeremias.
404 2302 527 2330 Invenies
543 2307 634 2330 autent
647 2303 728 2330 etiam
741 2311 774 2330 ex
791 2310 834 2330 rc-

58 2344 223 2383 promissiono
244 2346 292 2374 Dei
319 2347 346 2373 in
375 2347 508 2381 quosdam
538 2348 736 2382 correptioncm
761 2348 831 2375 dari.

57 2389 109 2417 Ideo
122 2397 181 2418 cum
199 2391 380 2426 peccantibus
395 2392 497 2419 Christi
512 2392 575 2420 ﬁliis
597 2400 678 2427 pcena
697 2391 834 2427 promitti-

57 2437 102 2468 tur,
114 2437 300 2465 misericordia
315 2446 368 2464 non
378 2437 538 2473 denegatur,
551 2443 580 2465 ut
594 2440 727 2473 scriptum
738 2444 780 2466 est
791 2438 832 2465 "‘x

57 2478 80 2506 Si
96 2481 277 2518 dereliquerint
293 2483 346 2516 ﬁlii
363 2483 419 2517 ejus
434 2484 515 2519 legem
530 2492 625 2517 meam,
640 2488 665 2511 et
685 2484 713 2510 in
721 2483 833 2519 judiciis

56 2527 109 2553 meis
119 2536 166 2554 non
173 2529 378 2559 ambulaverint;
386 2530 409 2555 si
414 2529 536 2564 justitias
544 2537 616 2556 meas
623 2538 669 2564 pro
672 2530 833 2564 fanaverint,

55 2576 75 2597 τι
94 2574 214 2608 mandata
229 2583 288 2602 mea
305 2583 356 2602 non
371 2575 561 2607 custodierint,
579 2575 692 2602 visitabo
710 2576 737 2602 in
760 2575 834 2610 virga

56 2615 161 2649 {acinora
179 2629 283 2651 eorum.
295 2625 320 2647 et
332 2621 359 2647 in
371 2621 484 2656 ﬂagellis
498 2621 651 2655 iniquitates
666 2629 768 2653 eorum;
781 2622 832 2647 mi—

55 2663 212 2692 sericordiam
226 2671 318 2693 autem
331 2674 416 2693 meum
431 2674 482 2693 non
495 2666 644 2701 dispergam
660 2667 692 2693 ab
710 2667 758 2694 eis.
780 2666 832 2694 Ista

56 2709 217 2738 considerans
229 2711 292 2738 vide
303 2711 442 2746 quomodo
454 2711 568 2747 necdum
582 2719 660 2747 patria
675 2711 773 2747 dignus
785 2712 831 2745 sit,

83 2809 210 2846 "durem.
233 2821 271 2844 ιι.
284 2813 312 2840 6.
330 2813 352 2830 "
364 2813 436 2840 Psal.
453 2820 566 2846 Lxxxttt,
586 2813 627 2840 ll.

57 2845 92 2875 Il.
104 2845 145 2879 33,
158 2847 202 2882 35,
219 2849 266 2882 Si.
306 2849 328 2865 "
343 2847 442 2885 lerem.
456 2856 493 2885 t.t,
509 2849 535 2876 6.

666 2814 688 2830 ⁸⁵
702 2813 801 2840 .lerem.
820 2821 896 2840 χχιιι.

589 2849 611 2864 ⁸ο
626 2848 696 2877 i‘sal.
718 2856 820 2882 tum,
841 2849 885 2876 i9.

888 2251 994 2278 Similia
1011 2252 1135 2286 quasdam
1151 2252 1216 2279 huic
1231 2252 1253 2279 si
1266 2252 1394 2286 requiris,
1410 2252 1534 2279 invenies
1546 2252 1617 2278 etde
1636 2251 1680 2278 ιε-

887 2297 1014 2329 rusalem,
1031 2305 1092 2332 quae
1110 2297 1136 2325 ei
1155 2298 1314 2325 acciderunt
1329 2301 1391 2331 post
1413 2297 1558 2331 prophetas
1570 2316 1577 2327 .
1600 2297 1635 2324 ob
1654 2298 1680 2324 id

886 2343 949 2376 quia
967 2342 1095 2369 insidiata
1112 2342 1147 2370 sit
1161 2341 1283 2371 Christo.
1303 2341 1349 2368 Sic
1363 2341 1436 2368 tinita
1455 2346 1496 2369 cst
1513 2341 1592 2375 primi
1606 2341 1680 2375 capi-

887 2387 934 2414 tuli
952 2389 1130 2416 continentia.

921 2434 947 2461 7.
969 2433 1118 2462 Videamus
1134 2437 1161 2462 et
1175 2437 1274 2462 caetera
1291 2433 1313 2449 “
1341 2442 1349 2460 :
1375 2433 1455 2461 Catia:
1480 2441 1575 2459 aureus
1592 2432 1679 2468 Baby-

886 2480 931 2507 lon
945 2481 972 2507 in
987 2488 1068 2507 manu
1091 2479 1140 2507 Dei
1156 2479 1290 2508 inebrians
1307 2487 1410 2507 omnem
1431 2485 1539 2506 terram.
1557 2478 1594 2505 De
1619 2479 1680 2506 vino

886 2527 943 2562 ejus
959 2527 1078 2554 biberunt
1095 2532 1195 2562 gentes.
1208 2526 1323 2561 Propter
1336 2527 1385 2554 hoc
1396 2531 1533 2554 commota:
1545 2530 1605 2552 sunt
1618 2534 1678 2560 gett-

886 2578 934 2606 tes,
952 2578 978 2600 et
991 2572 1079 2600 subito
1093 2572 1187 2599 cecidit
1202 2571 1334 2607 Babylon,
1351 2577 1375 2599 et
1393 2571 1508 2599 contrita
1524 2576 1575 2598 est.
1588 2570 1679 2597 Nabu-

886 2618 1061 2646 chodonosor
1080 2618 1175 2646 volens
1197 2617 1322 2652 decipere
1347 2617 1475 2645 homines
1495 2625 1544 2652 per
1565 2615 1677 2643 calicem

885 2664 1030 2700 Babylonis
1044 2664 1182 2694 dolosum,
1195 2671 1249 2690 non
1264 2662 1376 2690 miscuit
1392 2663 1419 2690 in
1435 2670 1499 2690 vase
1512 2662 1586 2690 tictili
1605 2661 1679 2697 quod

884 2711 999 2747 parabat
1015 2711 1115 2746 potari,
1132 2710 1178 2738 sed
1191 2717 1278 2744 neque
1292 2709 1319 2737 in
1334 2710 1417 2745 paulo
1432 2710 1556 2743 meliore,
1567 2713 1595 2737 ct
1607 2715 1679 2736 aereo

935 2813 958 2828 "'
972 2812 1035 2840 Osc.
1054 2819 1090 2842 tv.
1110 2811 1150 2838 ll.
1188 2810 1292 2838 "l‘sal.
1310 2811 1382 2844 me.
1421 2811 1444 2826 ⁵⁸
1458 2810 1531 2838 ΡδαΙ.
1544 2815 1678 2840 uuvm,

924 2848 944 2863 “
961 2847 1061 2875 .lcrcut.
1079 2855 1116 2880 tt,
1135 2846 1159 2879 7,
1178 2847 1204 2873 8.
