1872 3048
184 99 237 126 559

183 164 258 188 vase,
273 156 314 184 vel
334 161 460 189 stanneo,
479 163 506 185 et
521 157 594 192 quod
611 157 660 185 ista
683 156 812 192 praecellit
831 160 969 191 argenteo;
987 157 1010 186 Α

185 208 280 229 verum
296 201 401 236 eligens
418 209 466 229 vas
483 210 596 230 aureum
607 223 614 234 ,
630 202 655 228 in
670 209 703 228 eo
720 201 847 235 poculum
870 206 973 235 tempe.

183 246 265 279 ravit,
281 250 312 273 ut
323 246 385 281 quis
397 247 492 275 videns
511 248 634 275 decorem
658 247 718 273 auri
731 265 739 277 .
757 246 822 273 dum
842 246 974 274 radiantis

183 291 288 319 metalli
301 291 506 327 pulchritudine
518 292 678 323 delectatur,
693 295 721 318 et
734 295 807 318 totus
819 290 907 317 oculis
921 291 975 318 hae-

183 342 225 364 rut
237 338 264 364 in
284 338 386 372 specie,
401 345 453 365 non
468 338 622 365 consideret
641 336 706 371 quid
724 336 892 363 intrinsecus
911 336 974 363 lati-

183 387 231 415 tet,
246 387 273 410 et
286 384 423 418 accipiens
439 384 550 410 calicem
563 383 638 410 bibat
651 382 777 409 nesciens
791 381 904 409 calicem
920 381 974 409 Na-

181 427 412 461 buchodonosor,
436 429 590 463 intelligens
607 433 696 456 autem
724 429 835 456 calicem
859 436 973 456 aureum

182 473 210 501 in
227 475 352 509 praesenti
375 474 555 502 nominatum.
582 473 635 502 Sed
661 474 864 502 animadvertas
886 474 973 509 pessi-

181 527 289 547 morum
300 520 455 554 dogmatum
469 520 549 547 verba
567 519 709 547 mortifera
725 521 835 555 qualem
854 520 974 547 habeant

179 565 416 599 compositionem,
432 565 540 600 qualem
557 565 684 592 decorem
701 565 879 600 eloquentiae,
903 573 973 600 qua-

178 610 231 637 lem
239 618 329 638 rerum
336 610 496 638 divisionem
505 619 513 642 ;
520 618 670 645 cognosces
677 611 815 645 quomodo
823 611 973 645 unusquis-

177 662 230 688 que
252 659 392 689 poetarum
410 656 457 690 qui
475 659 603 690 putantur
618 655 688 690 apud
716 663 764 684 vos
785 655 971 687 disertissimi,

176 699 260 735 284
275 700 385 728 calicem
403 709 517 729 aureum
531 701 702 736 temperavit,
714 706 740 728 ct
755 701 781 727 in
797 701 909 728 calicem
923 708 971 728 au-

175 754 253 774 reum
266 755 400 775 venenum
415 747 538 782 iujeeerit
551 748 722 781 idololatriae,
731 753 758 775 et
768 756 900 775 venenum
913 752 972 775 tur-

177 793 303 828 piloquii,
321 802 456 822 venenum
474 802 571 822 eorum
588 802 649 829 quae
664 795 784 823 animam
800 794 918 822 hominis
929 795 968 821 in-

925 94 1087 123 ORIGENIS

1769 91 1814 118 5ιο

1060 153 1104 180 10.
1124 152 1161 180 De
1173 153 1231 180 vino
1246 152 1304 186 eius
1316 151 1438 179 biberunt
1453 155 1550 186 gentes,
1565 153 1675 185 propter
1685 150 1734 176 Itoe
1751 158 1814 177 com-

1027 204 1104 226 motw
1120 203 1190 225 sum.
1209 197 1286 225 Sicut
1301 198 1326 224 in
1346 197 1388 224 his
1399 197 1446 232 qui
1461 196 1557 223 bibunt
1569 196 1653 224 istum
1665 197 1715 232 qui
1730 197 1755 223 in
1767 204 1812 224 usu

1025 251 1067 273 est
1081 245 1136 272 vini
1150 246 1295 280 liquorem,
1310 244 1331 272 si
1345 252 1426 278 super
1438 244 1510 271 sitim
1523 248 1550 271 et
1562 251 1645 278 super
1660 250 1812 271 mensuram

1025 291 1155 325 biberint,
1174 291 1298 318 videmus
1312 290 1378 316 ebrii
1395 297 1496 325 corpus
1513 294 1617 316 motum
1633 309 1641 321 ,
1659 289 1813 317 vacillantes

1024 338 1117 373 pedes,
1129 342 1211 372 caput
1227 345 1258 365 ac
1269 342 1391 372 tempora
1404 341 1580 371 przegravata,
1593 344 1624 363 os
1638 336 1812 368 dissolutum,

1026 383 1146 418 linguam
1160 383 1358 417 signiﬁcantem
1371 388 1512 408 sermones
1526 381 1593 408 ebrii
1605 384 1633 407 et
1649 380 1815 408 haerentibus

1025 429 1106 457 labiis
1121 429 1204 455 verba
1225 427 1337 462 prmcisa
1357 436 1364 454 :
1381 425 1505 454 similiter
1526 430 1568 454 est
1584 426 1677 453 videre
1703 434 1753 454 eos
1772 427 1813 462 qui

1024 475 1057 502 de
1072 474 1156 502 calice
1168 481 1252 501 aureo
1277 473 1394 500 biberint
1408 473 1554 508 Babylonis
1568 493 1575 505 ,
1601 472 1744 507 quomodo
1761 480 1815 499 mo-

1023 527 1148 552 veantur,
1162 520 1300 556 quomodo
1319 520 1460 547 instabiles
1478 527 1572 554 gressu
1589 520 1657 552 sint,
1681 519 1814 554 quomodo

1022 566 1163 594 debilitata
1184 571 1275 594 mente
1292 571 1319 593 et
1339 566 1488 593 ﬂuctuante
1510 566 1627 600 cogitatu
1655 565 1725 592 nihil
1745 566 1814 593 lirme

1024 617 1147 645 teneant,
1160 612 1207 640 sed
1220 620 1328 647 semper
1343 612 1369 639 in
1385 611 1586 638 turbationibus
1601 615 1718 646 agantur
1731 611 1814 638 incer-

1023 658 1053 687 ti.
1070 657 1253 691 Quamobrem
1270 657 1410 692 Scriptura
1425 657 1515 684 divina
1537 657 1570 684 de
1593 656 1751 684 istiusmodi
1772 657 1815 684 bo-

1023 703 1144 731 minibus
1159 703 1186 730 in
1207 703 1261 731 alio
1283 704 1343 730 loco
1365 702 1401 729 ita
1426 703 1464 729 ait
1486 712 1492 729 :
1524 701 1670 736 Propterea
1693 702 1813 728 commoti

1023 754 1094 777 sunt.
1110 748 1320 784 lnterponamus
1337 748 1439 783 aliquid
1457 748 1589 783 mysterii,
1607 748 1673 783 quid
1695 748 1730 775 de
1754 756 1813 783 pec-

1023 798 1117 821 catore
1138 794 1244 821 dicatur
1268 793 1335 821 Cain
1356 793 1389 819 ⁶³.
1414 792 1483 820 Cum
1498 800 1626 828 egressus
1646 797 1689 820 est
1712 801 1728 819 a
1752 792 1815 820 facie

176 839 309 867 terimunt
322 839 491 874 dogmatum,
507 847 643 867 venenum
660 840 721 868 falsi
737 839 857 869 nominis
878 839 969 867 scien-
987 834 1008 861 Β
1023 838 1081 872 Dei,
1097 839 1228 867 habitavit
1245 840 1272 867 in
1288 844 1359 866 terra
1375 838 1443 866 Naid
1455 859 1462 871 ,
1479 843 1574 866 contra
1591 838 1680 866 Edcn.
1702 838 1772 866 Naid
1790 839 1813 866 in

175 885 230 914 tiae.
250 884 303 913 Sed
319 892 396 913 meus
419 885 499 914 Jesus
522 890 617 913 contra
634 885 713 919 fecit,
739 886 828 914 sciens
853 893 969 913 aureum

174 931 287 960 calicem
308 931 415 964 Zabuli,
437 936 464 959 et
481 939 639 966 przeeavens
653 939 686 960 ne
708 932 806 967 aliquis
825 932 859 959 ad
887 932 971 961 ﬁdem

177 983 253 1005 luam
269 977 391 1010 veniens,
404 978 592 1012 suspicaretur
604 978 686 1005 etiam
698 977 799 1006 Christi
816 978 896 1005 talem
908 986 970 1006 esse

174 1021 297 1054 calicem,
310 1022 418 1056 qualem
436 1030 498 1051 esse
513 1023 681 1058 requirat,et
697 1031 746 1058 per
761 1024 968 1051 similitudinem

174 1066 296 1094 materiae
311 1066 472 1095 formidaret
485 1075 619 1102 errorem;
635 1068 696 1096 ideo
714 1069 821 1096 curavit
838 1074 867 1096 ut
882 1070 968 1097 habe-

172 1120 265 1140 remus
282 1113 441 1141 thesaurum
454 1113 537 1141 istum
549 1114 574 1140 in
585 1114 659 1141 vasis
673 1114 811 1142 ﬁctilibus.
826 1115 903 1150 Smpe
913 1115 966 1142 vidi

173 1164 287 1185 aureutn
313 1158 427 1186 calicem
449 1159 477 1185 in
503 1159 618 1193 pulchro
644 1160 781 1187 sermonis
807 1165 921 1192 ornatu,
940 1166 967 1188 ct

171 1202 331 1239 dogmatum
346 1212 450 1232 venena
466 1205 645 1234 considerans
664 1205 830 1240 deprehendi
853 1208 968 1236 calicem

170 1248 327 1284 Babylonis.

206 1294 233 1321 8.
249 1294 330 1322 Calix
341 1304 438 1323 aureus
453 1295 575 1331 Babylon
587 1297 615 1324 in
628 1305 708 1325 manu
732 1297 792 1325 Dei.
808 1297 868 1326 Non
893 1307 967 1327 sem-

171 1347 220 1374 per
238 1340 308 1368 calix
322 1348 424 1369 aureus
448 1341 582 1377 Babylon.
605 1342 673 1369 Cum
695 1347 786 1370 autent
809 1345 913 1372 venerit
932 1345 965 1374 ad

167 1386 332 1434 ⁵γξιιιιὶίειιιηι,
351 1392 377 1414 et
392 1388 419 1415 in
435 1396 516 1416 manu
530 1388 575 1417 Dei
596 1388 684 1423 posita
701 1389 797 1423 fuerit,
820 1395 884 1418 tunc
906 1391 965 1420 elli-

172 1432 243 1461 citnr
257 1438 326 1461 terra
342 1441 402 1468 quae
410 1435 546 1468 quondam
561 1439 633 1462 tacta
647 1439 690 1462 est
706 1436 733 1462 in
749 1435 857 1463 Jubath.
873 1436 968 1472 Neque

124 1473 131 1477 ”
172 1486 236 1506 vero
251 1477 352 1513 jugitcr
369 1479 395 1507 in
415 1487 498 1507 manu
523 1479 569 1508 Dei
589 1480 745 1507 continetur
758 1500 766 1513 ,
787 1481 834 1511 sed
853 1482 966 1510 ultionis

171 1528 278 1551 tantum
290 1530 420 1559 tempore.
434 1532 496 1552 cum
512 1526 625 1559 coeperit
638 1526 772 1554 Dominus
781 1526 806 1554 ei
822 1527 966 1555 restituere

171 1569 245 1603 quod
263 1574 392 1601 men-tur,
406 1574 471 1597 tunc
486 1571 512 1597 in
528 1578 610 1598 manu
626 1571 686 1606 cjus
699 1571 839 1599 inebrians
855 1580 964 1600 omnem

172 1620 273 1643 terram
292 1615 343 1642 iste
358 1616 426 1643 calix
450 1623 550 1644 aureus
572 1616 691 1652 Babylon
715 1617 870 1645 incbriahit.
892 1617 966 1651 Quo-

171 1659 255 1688 modo
283 1664 374 1688 anlem
396 1661 552 1688 universam
576 1667 675 1689 terram
697 1663 844 1691 inebriabit
858 1683 864 1695 ,
886 1662 966 1692 facile

171 1705 253 1738 scies,
268 1705 290 1733 si
306 1706 523 1735 consideraveris
538 1716 632 1736 omne.
647 1709 771 1737 homines
783 1709 883 1737 ebrios.
901 1709 964 1737 lue-

171 1751 295 1779 btiamur
312 1752 362 1785 ira,
378 1753 546 1781 inebriatnur
563 1755 685 1788 tristitia,
702 1756 871 1784 inebriamur
886 1764 964 1784 men-

171 1802 207 1830 te,
228 1798 387 1826 excedimus
399 1807 504 1832 amore,
523 1801 753 1835 concupiscentiis
767 1806 794 1830 et
815 1810 883 1829 vana
906 1802 965 1837 glo-

170 1845 222 1873 I'ia.
248 1844 353 1877 Quanta
380 1846 476 1880 pocula
499 1847 706 1882 temperaverit,
730 1852 798 1883 quot
823 1848 963 1876 inebrian-

170 1895 212 1918 les
231 1892 383 1926 porrexerit
402 1892 502 1920 calices
523 1893 593 1921 calix
613 1894 684 1927 iste,
709 1895 773 1930 quid
790 1902 901 1923 necesse
922 1899 966 1923 cst

169 1937 280 1965 dicere?

204 1983 232 2012 9.
253 1983 332 2012 Calix
344 1993 440 2012 aureus
451 1985 574 2021 Babylon
589 1986 724 2013 inebrians
736 1995 839 2014 omnem
853 1992 963 2014 terram.

169 2027 362 2056 Animadverte
375 2037 484 2057 omnem
505 2035 605 2058 terrain
628 2031 736 2065 plenam
752 2039 812 2058 esse
830 2031 963 2065 peccatis,

170 2080 197 2102 et
212 2083 266 2102 nou
292 2084 397 2110 quaeres
423 2077 562 2110 quomodo
587 2076 706 2112 Babylon
730 2084 839 2104 omnem
863 2082 964 2104 terram

172 2121 355 2149 inebriaverit.
371 2121 424 2149 Sed
441 2122 464 2149 si
482 2122 553 2150 forte
572 2127 598 2150 te
617 2123 717 2150 videris
734 2123 840 2157 justum
857 2123 963 2151 ebrium

1021 884 1114 912 Graaca
1144 885 1236 920 lingua
1262 885 1458 920 interpretatur
1486 885 1648 914 commotio.
1670 885 1722 918 Qui
1746 885 1814 912 enim

1021 931 1185 966 derclinquit
1203 931 1298 964 Deum,
1313 931 1467 965 quideserit
1483 939 1594 959 sensum
1612 932 1646 960 de
1663 940 1696 959 eo
1717 932 1815 968 jugiter

1021 977 1168 1011 cogitandi,
1184 977 1235 1004 iste
1246 977 1273 1004 in
1290 981 1360 1004 terra
1369 975 1436 1004 Naid
1449 977 1583 1012 hodieque
1594 977 1712 1010 habitat,
1723 977 1750 1004 id
1762 982 1812 1007 est.

1021 1022 1049 1051 in
1065 1023 1241 1051 tribulatione
1264 1024 1326 1050 mali
1350 1024 1440 1052 cordis
1462 1027 1490 1050 ct
1514 1023 1614 1051 mentis
1632 1023 1815 1051 commotione

1020 1069 1156 1097 consistit.

1056 1115 1098 1142 Η.
1113 1115 1242 1142 Bibrrunt
1265 1120 1365 1150 gentes,
1382 1119 1520 1150 propterea
1542 1121 1682 1142 commota:
1699 1119 1772 1147 sunt,
1791 1119 1813 1141 et

1018 1162 1105 1189 subita
1116 1162 1211 1189 cecidit
1223 1161 1355 1196 Babylon,
1371 1167 1395 1189 et
1409 1162 1523 1189 contrita
1536 1166 1583 1188 est.
1601 1161 1719 1194 Quando
1727 1161 1792 1188 dicit
1805 1172 1811 1188 :

1017 1207 1130 1242 Repetite
1146 1208 1240 1234 cecidit
1253 1207 1390 1242 Babylon,
1413 1208 1521 1235 videtur
1540 1208 1607 1234 mihi
1624 1207 1813 1243 prophetizare

1018 1254 1284 1281 consummationem
1302 1253 1397 1280 tnnndi
1415 1253 1506 1281 subito
1524 1252 1657 1280 futuram.
1671 1252 1812 1286 Quomodo

1017 1300 1089 1327 enim
1107 1300 1204 1327 diebus
1222 1299 1317 1326 diluvii
1332 1299 1513 1327 comedebant
1526 1303 1552 1326 ct
1567 1299 1717 1330 bibebant,
1739 1306 1814 1326 erue-

1018 1346 1083 1374 bant
1096 1350 1124 1373 et
1139 1345 1299 1378 vendebant,
1313 1345 1469 1380 piantabant
1483 1349 1511 1372 et
1526 1344 1711 1377 aediﬁcabant,
1728 1346 1814 1372 donec

1017 1394 1122 1421 veniret
1139 1393 1282 1423 diluvium,
1300 1396 1326 1418 et
1346 1391 1406 1419 tulit
1428 1398 1523 1418 omnes
1538 1411 1545 1423 ,
1571 1395 1598 1418 et
1624 1390 1715 1418 subito
1739 1390 1813 1417 venit

1019 1438 1174 1469 inundatio,
1191 1437 1317 1465 similiter
1332 1441 1423 1464 autem
1436 1440 1463 1463 et
1480 1435 1506 1462 in
1520 1435 1620 1462 diebus
1636 1434 1708 1468 Lot;
1729 1435 1771 1462 sic
1789 1439 1816 1462 et

1019 1483 1221 1512 consummatio
1245 1482 1340 1510 mundi
1359 1490 1413 1509 non
1432 1489 1480 1517 per
1500 1486 1591 1516 partes
1612 1481 1677 1511 lict.
1705 1481 1750 1508 sed
1774 1488 1814 1506 re—

1017 1535 1105 1565 petite.
1125 1529 1193 1557 lluic
1210 1529 1405 1557 conferendum
1423 1527 1579 1555 existimato
1601 1528 1628 1554 id
1650 1528 1723 1562 quod
1743 1527 1813 1554 scri-

1015 1580 1091 1610 ptum
1108 1575 1191 1604 estin
1204 1574 1268 1602 Jcsu
1282 1574 1366 1606 Nave,
1387 1573 1499 1609 quando
1521 1581 1536 1599 a
1561 1581 1628 1600 voce
1648 1573 1707 1600 sola
1729 1573 1812 1603 tubae,

1015 1620 1123 1649 Iericho
1143 1621 1240 1648 civitas
1258 1627 1390 1648 corruens
1414 1618 1511 1646 subito
1529 1618 1676 1652 disperiit;
1695 1623 1722 1645 et
1735 1618 1815 1653 juxta

1016 1667 1087 1694 hanc
1100 1667 1306 1694 similitudinem
1321 1665 1485 1701 Babylonem
1503 1672 1614 1699 quoque
1636 1665 1664 1691 in
1684 1671 1815 1691 consum-

1016 1713 1137 1740 matione
1153 1712 1245 1740 saeculi
1258 1719 1384 1740 casuram
1398 1719 1459 1740 esse
1471 1732 1479 1743 ,
1503 1713 1530 1737 et
1553 1710 1646 1736 subito
1667 1715 1813 1737 conteren-

1016 1758 1091 1786 dam.
1107 1758 1140 1785 Et
1154 1761 1211 1785 inec
1226 1758 1335 1793 quidem
1349 1757 1384 1785 de
1398 1755 1636 1785 consummatione
1651 1755 1726 1783 dicta
1747 1757 1813 1783 sint.

1018 1803 1046 1831 Si
1063 1811 1127 1831 vero
1139 1804 1246 1831 veneris
1258 1803 1291 1830 ad
1305 1803 1452 1830 adventum
1467 1801 1576 1829 Domini
1590 1802 1642 1828 mei
1654 1801 1720 1829 Jesu
1735 1801 1815 1829 Chrio

1016 1850 1061 1883 sti,
1080 1854 1106 1878 et
1121 1849 1220 1877 videris
1238 1849 1299 1883 ejus
1311 1856 1441 1883 magnum
1455 1856 1535 1883 opus,
1548 1848 1689 1882 quomodo
1704 1848 1814 1875 subver-

1017 1895 1079 1923 terit
1094 1894 1186 1922 omnia
1203 1894 1326 1930 gentium
1341 1894 1374 1921 de
1391 1893 1472 1921 idolis
1486 1893 1625 1928 dogmata,
1648 1898 1679 1920 ut
1698 1893 1813 1920 creden-

1017 1944 1056 1968 tes
1071 1940 1104 1967 dc
1118 1939 1222 1968 erroris
1231 1939 1362 1967 eximeret
1373 1941 1450 1974 jugo,
1468 1938 1602 1974 intelliges
1615 1939 1681 1974 quia
1696 1939 1723 1965 in
1741 1944 1811 1966 tem-

1016 1993 1082 2021 pore
1099 1985 1236 2020 passionis
1254 1985 1314 2020 ejus
1340 1984 1462 2019 Babylon
1482 1983 1619 2017 extemplo
1638 1984 1745 2010 corruit
1758 2004 1766 2014 .
1789 1987 1816 2010 ct

1016 2031 1134 2059 contrita
1157 2036 1208 2059 est.
1235 2029 1431 2065 Unusquisque
1454 2034 1578 2056 nostrum
1603 2028 1761 2057 consideret
1786 2036 1815 2056 se

1017 2078 1117 2113 ipsum,
1134 2081 1161 2104 et
1178 2076 1379 2104 animadvertat
1396 2074 1561 2110 Babylonem
1577 2074 1604 2100 in
1630 2082 1683 2102 suo
1705 2080 1815 2109 pectore

1016 2122 1162 2150 corruisse.
1180 2121 1208 2149 Si
1220 2125 1311 2148 autem
1325 2124 1351 2147 et
1368 2120 1394 2146 in
1409 2118 1524 2153 alicujus
1540 2118 1624 2145 corde
1641 2125 1696 2145 non
1715 2118 1816 2146 cecidit

172 2173 227 2193 non
243 2173 304 2193 esse
316 2166 348 2193 de
361 2167 446 2195 calice
460 2173 645 2202 peccaturum,
660 2168 715 2196 noli
733 2173 828 2203 putare
839 2168 962 2203 Scriptu—
979 2174 1002 2201 ι)
1017 2168 1112 2195 civitas
1129 2167 1311 2199 confusionis,
1331 2166 1394 2193 huic
1407 2165 1535 2192 Christus
1555 2163 1674 2191 necdum
1691 2165 1813 2192 advenit.

171 2220 230 2240 ram
243 2220 303 2240 esse
315 2214 454 2240 mentitam
462 2222 523 2248 quae
533 2214 642 2246 dixerit.
654 2213 787 2241 inebrians
798 2222 900 2240 onmem
912 2218 965 2241 ter-

171 2267 240 2291 ram,
248 2267 310 2286 cum
319 2259 369 2287 iste
376 2268 429 2287 non
437 2260 557 2288 cbrietur
565 2269 579 2288 a
588 2260 734 2296 Babylone,
742 2264 768 2287 et
776 2265 865 2287 tamen
873 2260 963 2288 consi-

171 2309 225 2334 stat
238 2306 265 2332 in
278 2311 360 2334 terra.
374 2306 443 2333 Audi
458 2307 522 2342 quia
533 2307 626 2342 justus
637 2314 692 2334 non
705 2307 741 2334 sit
750 2310 833 2333 terra.
847 2305 961 2334 Omnem

171 2356 272 2379 terram
289 2351 406 2379 inebriat
422 2352 492 2380 ealix
508 2353 559 2379 iste
572 2360 683 2380 aureus.
697 2352 791 2381 Justus
812 2360 876 2380 vero
899 2359 962 2380 cum

171 2399 208 2426 sit
223 2406 304 2434 super
323 2403 440 2433 terram,
467 2399 702 2428 conversationem
724 2400 752 2427 in
770 2399 847 2428 caelis
868 2399 960 2426 habet.

170 2445 204 2472 Et
223 2449 333 2480 propter
353 2446 405 2473 hoc
419 2453 473 2473 non
488 2447 614 2474 convertit
630 2447 744 2474 ulterius
758 2447 833 2481 justo
844 2445 898 2474 dici
910 2446 933 2462 ⁶²
953 2454 960 2472 :

172 2491 254 2520 Terra
264 2500 302 2525 et,
321 2496 346 2519 et
356 2492 385 2519 in
397 2497 495 2519 terram
507 2493 567 2519 ibis.
583 2492 635 2520 Sed
651 2500 763 2520 necesse
774 2497 816 2520 est
830 2492 962 2520 audenter

170 2538 256 2573 loqui,
273 2537 339 2566 dicit
355 2538 431 2573 justo
444 2538 516 2566 Deus
529 2539 618 2566 adhuc
634 2539 794 2567 consistenti
811 2546 893 2574 super
907 2543 960 2566 ter-

170 2591 230 2613 ram
252 2592 260 2610 :
279 2583 385 2612 Caelum
406 2591 446 2616 es,
465 2583 535 2611 etin
561 2585 659 2612 cretum
685 2584 748 2611 ibis.
776 2582 870 2610 Portat
887 2582 960 2610 cnim

170 2629 316 2665 imaginem
338 2631 468 2659 caelestis.
486 2632 571 2667 igitur
584 2635 614 2659 ut
630 2630 802 2663 concludam,
825 2629 895 2656 calix
912 2636 962 2655 au-

173 2683 236 2702 reus
253 2676 369 2704 inebriat
380 2684 489 2705 omnem
504 2682 615 2710 terram,
631 2677 657 2704 id
679 2681 737 2709 est,
760 2683 856 2703 omnes
875 2674 909 2702 ab
929 2682 962 2702 eo

173 2720 338 2751 inebriamur
351 2723 471 2757 qnandiu
492 2728 562 2751 terra
581 2731 685 2751 sumus.

191 2777 213 2793 “
238 2777 304 2807 (ἕνα.
323 2787 364 2812 ιιι,
381 2780 422 2808 l9.
463 2781 484 2797 "
498 2782 553 2808 Gen
581 2789 617 2808 Iv.
657 2781 679 2797 "
693 2780 792 2807 Jrrem.
805 2788 840 2813 Li,
857 2780 885 2808 8.

1020 2214 1148 2242 Veniente
1161 2213 1260 2248 quippe
1274 2220 1316 2245 eo,
1330 2211 1450 2247 Babylon
1476 2219 1555 2238 ruere
1571 2212 1727 2239 consuevit.
1746 2211 1815 2238 Pro-

1016 2264 1077 2295 pter
1095 2260 1196 2292 hoc,ad
1205 2259 1360 2286 orationum
1379 2258 1506 2294 prasidia
1520 2258 1723 2293 confugientes,
1731 2260 1815 2294 petite

1018 2313 1047 2335 ut
1054 2307 1145 2334 veniat
1156 2306 1234 2334 Jesus
1241 2306 1267 2332 in
1276 2305 1359 2333 corda
1367 2309 1467 2336 vestra,
1477 2309 1504 2331 et
1515 2307 1638 2331 conterat
1645 2303 1813 2339 Babylonem

1015 2357 1043 2380 et
1058 2352 1141 2379 faciat
1156 2359 1235 2379 rurre
1247 2358 1356 2379 omnem
1372 2350 1504 2377 malitiam
1520 2348 1591 2383 ejus,
1617 2353 1644 2375 et
1666 2349 1814 2376 rcaadit‘tcet

1015 2405 1064 2432 pro
1077 2398 1120 2425 his
1133 2404 1194 2432 qua:
1209 2396 1338 2424 subversa
1349 2387 1423 2426 sunt,
1432 2393 1636 2428 pro.Babylone
1647 2402 1709 2428 quat
1723 2394 1815 2421 fuerat

1015 2447 1078 2470 ante
1093 2446 1261 2475 constructa,
1274 2442 1300 2468 in
1319 2441 1377 2476 ipso
1391 2439 1535 2475 principali
1555 2439 1647 2467 cordis
1660 2440 1757 2473 vestri,
1769 2438 1811 2467 Je-

1014 2489 1133 2516 rusalem
1146 2488 1282 2516 civitatem
1294 2492 1416 2515 sanctam
1434 2485 1491 2513 Dei.

1051 2535 1092 2562 12.
1114 2534 1237 2569 I'langite
1250 2542 1319 2567 eam,
1335 2538 1359 2560 et
1371 2532 1484 2567 accipite
1501 2532 1617 2559 resinam
1633 2532 1812 2567 correptionis

1015 2582 1081 2616 ejus,
1096 2581 1119 2609 si
1133 2590 1183 2617 quo
1194 2581 1270 2607 modo
1286 2579 1424 2607 sanabitur
1437 2579 1470 2606 “.
1483 2578 1619 2613 Plangitc,
1634 2578 1682 2610 ait,
1694 2578 1813 2613 Babylo-

1016 2635 1088 2655 nem.
1106 2627 1207 2655 Deinde
1220 2627 1284 2662 quia
1297 2626 1388 2653 omnis
1404 2625 1496 2652 anima
1513 2625 1636 2660 recipere
1649 2629 1740 2660 potest
1766 2632 1812 2652 sa-

1016 2673 1112 2706 lutem,
1125 2678 1152 2700 et
1167 2680 1255 2708 neque
1269 2680 1322 2700 una
1341 2672 1411 2707 apud
1425 2671 1511 2699 Deum
1522 2664 1564 2700 est
1577 2672 1753 2705 insanabilis,
1768 2671 1811 2699 id~

1017 2720 1090 2748 circo
1104 2719 1248 2748 consilium
1263 2720 1308 2747 dat
1322 2719 1365 2747 his
1382 2719 1428 2754 qui
1441 2722 1558 2754 possunt
1571 2718 1768 2752 transmigrare
1781 2717 1810 2745 in
