1872 3048
63 145 105 175 5H

603 142 638 170 IN
661 141 836 170 JEREMIAM
856 142 1001 185 llqOMlLlA
1022 143 1132 171 XXXIX

1636 145 1651 173 5
1656 143 1689 173 Β

60 199 555 233 Jerusalcmadtestimonium,babere
566 199 684 226 resinam
697 199 729 226 ad
741 199 845 234 empla-
861 204 882 232 Α
899 201 1063 230 medicinam
1090 199 1272 236 imposuimus
1283 219 1290 231 ,
1316 200 1431 227 mullum
1457 204 1603 228 contumax
1626 205 1688 236 est,

61 256 111 276 atra
120 247 250 280 facienda,
259 251 287 274 ut
296 251 436 275 assumant
450 244 642 278 medicamina,
652 251 678 272 et
687 250 789 280 quanto
799 254 845 272 va-

62 292 326 325 ln'ntstudio,sanitati
335 290 719 327 restituantBabylonem.Hoc
726 291 846 325 experia-

63 348 117 366 mur
126 343 206 365 etnos
215 338 315 371 facere,
329 338 504 373 deprecantes
518 337 612 370 Deum,
623 338 703 365 utdet
713 338 790 366 nobis
804 345 845 365 re-

65 384 142 412 sinam
152 383 232 418 285
248 383 447 416 rationabilem,
456 382 526 414 etde
535 382 689 410 rationabili
701 383 790 410 resina
800 382 844 410 di-

65 437 162 457 scamus
175 430 199 456 ei
217 430 351 464 malagma
366 429 513 464 imponere,
527 433 554 456 et
569 429 659 456 oleum
678 433 704 456 et
720 429 844 464 alligant—

64 484 111 507 ras,
119 479 144 502 et
155 475 324 510 imponentes
339 475 482 509 alligcmus
493 475 605 502 vulnera
614 474 770 510 Babylonis,
783 475 844 501 inti-

64 525 141 549 tantes
154 521 365 555 Samaritanum,
378 525 404 548 et
412 525 524 548 sanetur
533 521 632 548 misr-ra
641 521 747 553 civitas,
759 526 785 548 et
796 529 845 548 cu-

65 570 115 593 rata
133 566 236 593 desinat
254 574 315 594 esse
337 566 411 600 quod
435 566 533 593 fuerat.
558 565 633 594 Istud
655 571 696 594 est
715 567 786 601 quod
806 567 844 598 ait

65 614 175 648 accipere
198 615 315 641 resinam
345 615 528 649 correptionis
555 615 630 648 ejus,
652 614 674 641 si
695 622 750 649 quo
764 615 844 643 modo

66 659 204 687 sanabitur.
222 659 273 686 Ubi
289 665 353 687 sunt
366 660 506 688 haeretici?
527 660 577 688 Ubi
592 666 656 688 sunt
669 661 715 696 qui
731 666 843 688 naturas

64 705 183 739 quasdam
200 706 414 739 introducentes,
431 711 559 734 asserunt
577 714 638 734 esse
654 711 778 734 naturam
794 707 843 734 dc--

66 751 213 784 sperabilem
238 759 299 787 quae
317 751 426 787 penitus
447 760 502 779 non
521 752 636 786 recipiat
655 752 792 779 salutem?
813 752 842 779 Si

65 799 100 822 est
113 800 203 823 natura
224 805 285 832 qua:
303 802 406 832 pereat,
424 805 485 833 qua:
497 798 548 826 alia
567 798 629 825 talis
643 798 695 825 erit
711 803 738 825 ut
755 798 843 834 Baby-

66 839 253 869 lon?Attamen
270 850 358 877 neque
374 843 454 872 istam
480 843 595 878 despicit
616 843 697 871 Deus.
717 843 843 879 Praecipit

64 887 126 912 enim
148 887 259 915 medicis
280 887 371 921 Deus,
397 895 426 916 ut
447 889 584 924 accipiant
609 890 728 916 resinam
761 898 843 924 super

65 931 236 967 Babylonem,
262 935 285 961 si
308 943 362 969 quo
375 935 458 962 modo
470 942 592 963 sanetur.
620 936 736 969 Quidam
763 936 844 972 igitur

64 986 145 1005 eorum
160 981 205 1014 qui
225 981 384 1008 mandatum
401 987 574 1017 acceperant,
596 983 761 1017 accipientes
776 983 844 1011 resi-

64 1031 116 1050 nam
141 1026 303 1061 correptioni
321 1026 482 1063 Babylonis,
501 1029 523 1056 si
547 1037 601 1064 quo
614 1030 695 1057 modo
721 1035 842 1064 sanetur,

64 1069 173 1098 t‘ccentnt
190 1073 263 1107 quod
282 1071 371 1100 fuerat
389 1074 570 1109 imperatum,
594 1080 755 1110 receperunt
773 1077 843 1104 resi-

64 1125 117 1145 nam
132 1120 164 1147 ad
178 1120 379 1156 correptionem
399 1121 469 1156 ejus,
487 1123 632 1150 audientes
643 1131 724 1158 posse
737 1123 795 1152 licri
814 1128 843 1151 ut

64 1163 169 1200 Babylon
188 1168 323 1202 reciperet
336 1168 492 1196 sanitatem.
509 1168 542 1196 Et
561 1170 624 1204 quia
642 1171 714 1205 quod
730 1176 843 1206 putave-

64 1216 119 1238 runt
137 1220 187 1240 non
211 1213 362 1241 ell‘ecerunt
379 1224 386 1242 :
406 1215 526 1251 Babylon
552 1217 654 1252 quippe
676 1217 704 1244 in
727 1218 842 1252 pristina

63 1258 151 1285 malitia
167 1267 356 1293 perseverans,
383 1261 470 1289 noluit
492 1270 521 1290 se
543 1264 634 1291 curari
649 1273 655 1290 :
670 1263 844 1292 satisfaciunt

64 1302 118 1330 boni
141 1305 247 1339 medici,
267 1310 295 1333 et
320 1307 468 1335 dicunt“:
489 1307 647 1337 Curavimus
669 1310 841 1346 Babylonem,

63 1353 83 1375 et
101 1358 146 1377 non
166 1357 202 1378 est
224 1357 332 1380 sanata.
356 1353 545 1389 Relinquantus
562 1363 630 1382 eam.
648 1356 715 1384 Vide
738 1362 840 1391 autem,

63 1394 143 1429 homo,
159 1399 305 1432 nequando
321 1400 424 1434 angelis
439 1401 580 1436 praecipiat
592 1401 674 1435 Deus,
691 1407 719 1430 ut
731 1403 765 1431 ad
782 1403 843 1431 lan-

63 1449 160 1474 guorem
177 1444 276 1472 animae
296 1449 350 1473 tua:
373 1447 585 1475 medicaminum
607 1449 753 1483 emplastra
776 1457 842 1477 con-

63 1487 151 1522 liciant,
165 1490 187 1517 si
208 1498 264 1525 quo
283 1491 366 1518 modo
385 1493 475 1526 possis
499 1493 532 1520 ab
549 1495 725 1528 aegrotatione
738 1495 840 1529 sanari,

61 1540 83 1561 et
97 1536 271 1570 respondeant
288 1538 376 1572 angeli
387 1547 393 1566 :
404 1538 561 1566 Curavimus
572 1539 744 1575 Babylonem,
760 1541 840 1568 istaut
855 1551 876 1580 ρ

63 1581 221 1609 ostendentes
237 1591 251 1609 a
267 1583 446 1618 passionibus
460 1584 603 1612 confusam
617 1586 736 1613 animam
753 1592 838 1620 tuam,

63 1630 82 1651 et
98 1634 143 1677 non
156 1633 192 1654 est
210 1634 318 1655 sanato.
334 1628 392 1656 Non
410 1630 551 1658 scientiam
572 1631 639 1659 artis
663 1636 730 1664 suae,
751 1640 840 1667 neque

65 1674 149 1699 resina:
160 1674 212 1700 vim
224 1674 418 1709 criminantur,
429 1676 475 1703 sed
489 1681 515 1704 te
530 1678 576 1711 qui
590 1678 733 1713 praeceptis
744 1686 840 1706 eorum

64 1717 163 1753 obsequi
179 1720 306 1754 noluisti,
325 1721 466 1751 dicentes:
483 1722 641 1750 Curavimus
661 1724 838 1759 Babylonem,

64 1768 83 1789 ει
98 1772 142 1791 non
154 1770 190 1792 εει
207 1772 314 1794 sanata.
332 1767 522 1803 Relinquantus
536 1778 602 1796 eam.
631 1770 768 1798 Steterunt
782 1779 841 1798 tne-

63 1808 108 1836 dici
122 1811 169 1838 sub
186 1820 285 1848 magno
303 1813 410 1841 tnedico
425 1815 514 1850 angeli
534 1815 592 1849 Dei,
606 1816 727 1844 volentes
744 1825 841 1845 curare

64 1854 248 1886 imbecillitates
265 1864 386 1893 nostras,
404 1861 526 1889 volentes
543 1862 663 1889 animatn
678 1863 795 1891 liberare
807 1863 841 1891 de

64 1901 137 1935 vitiis,
158 1904 204 1931 sed
226 1913 275 1932 nos
297 1905 349 1940 ipsi
372 1907 529 1941 repellimus
549 1915 606 1941 eos,
628 1909 693 1936 dum
721 1910 842 1937 consiliis

63 1953 145 1975 eorum
167 1959 220 1978 non
243 1952 458 1987 acquiescimus.
479 1953 576 1981 Vident
598 1962 627 1982 se
649 1963 760 1990 operam
783 1964 843 1990 per-

63 1992 125 2027 dere,
142 2003 200 2023 cum
215 1997 368 2032 loquuntur
385 1999 513 2032 invicem,
528 2004 555 2027 et
571 2000 667 2028 dicunt
679 2010 685 2028 :
699 2000 843 2036 Relinqua-

64 2048 112 2066 mus
124 2050 188 2076 eam,
203 2048 227 2070 et
243 2044 370 2072 abeantus
385 2047 565 2082 unusquisque
587 2047 615 2074 in
640 2051 739 2074 terram
754 2057 840 2076 suam.

64 2083 111 2114 “uc
124 2092 171 2121 est,
185 2090 287 2117 credita
305 2091 384 2118 nobis
404 2096 445 2119 cst
463 2100 478 2119 a
500 2092 556 2119 Deo
571 2093 716 2125 medicina,
734 2100 763 2121 ut
780 2094 839 2121 atti—

63 2138 124 2159 mam
133 2142 291 2164 curaremus
301 2137 460 2171 humanam;
475 2137 650 2166 adhibuimus
659 2139 838 2174 adjutorium,

249 2195 297 2223 EK
315 2196 382 2222 ΤΗΣ
401 2197 452 2223 ΛΘ¹
473 2197 618 2223 ΟΜΙΛΙΑΣ

63 2247 162 2293 Τῶ;1“ἧὶς
179 2252 390 2293 τὸν--ξιερεμιαιν
419 2253 618 2293 Ἐξηγητικῶις
645 2255 686 2286 εἰς
709 2255 753 2281 τοι
779 2256 838 2293 Dim

91 2284 210 2353 ZZZ-aro
220 2284 332 2323 Κύριόςί
341 2288 442 2323 φέρειν
452 2284 510 2317 die
519 2284 684 2323 ’προσώπού
693 2291 839 2324 πονηρίας

96 2376 150 2404 Ἐάν
170 2387 233 2406 ποτε
257 2380 453 2414 ἀναγινώσκων
473 2380 521 2416 τὴν
546 2381 658 2416 Γριφὴν
679 2381 838 2417 προςκάψῃς

63 2422 161 2456 νοήματι
176 2425 232 2452 ὄντί
242 2425 330 2461 καλῷ,
349 2426 415 2462 λίθῳ
432 2426 460 2453 δὲ
476 2427 690 2462 προσκόμματος
701 2447 707 2459 ,
725 2428 772 2454 καὶ
788 2427 839 2454 πέ-

62 2475 106 2502 τρᾳ
126 2471 281 2503 σκανδάλου,
306 2472 385 2498 αἰτιῶ
413 2472 527 2499 σαυτόν·
545 2472 582 2508 μὴ
607 2472 760 2509 ἀπελπισῃς
785 2473 839 2509 γὰρ

62 2513 100 2539 τὸν
113 2514 179 2543 λίθον
191 2517 286 2544 τοῦτον
299 2518 346 2544 τοῦ
365 2518 578 2554 προσκόμματος
599 2519 646 2545 καὶ
662 2519 712 2556 τὴν
734 2518 838 2556 πέτραν

63 2559 101 2585 τοῦ
120 2563 261 2590 σκανδάλου
279 2564 352 2600 ἔχειν
369 2565 511 2600 νοήματα,
538 2564 601 2591 ὥστ’
622 2556 654 2592 ἂν
668 2565 795 2600 γενέσθαι
806 2566 837 2592 τὸ

62 2606 202 2642 εἰρημένον·
223 2611 278 2637 Καὶ
298 2612 314 2638 ό
333 2611 486 2638 πιστεύων
517 2612 553 2640 οὐ
578 2611 838 2646 καταισχυνθήσε-

62 2658 108 2678 ται.
126 2653 270 2683 Πίστευσον
281 2656 399 2690 πρῶτον,
415 2657 463 2683 καὶ
479 2656 604 2693 εὖρήσεις
622 2657 675 2684 ὑπὸ
685 2658 715 2684 τὸ
730 2658 838 2693 νομιζό-

63 2705 131 2729 μενον
156 2701 301 2729 σκάνδαλον
324 2703 424 2738 πολλὴν
448 2703 581 2738 ὠφέλειαν
607 2704 697 2738 ἁγίαν.
729 2705 760 2730 Εἰ
781 2704 836 2739 γὰρ

63 2743 129 2777 ἡμεῖς
141 2747 247 2783 ἐντολὴν
264 2748 399 2784 ἐλάϐομεν
414 2749 452 2785 μὴ
470 2750 558 2784 λέγειν
577 2750 653 2786 ῥῆμα
674 2750 773 2786 ἀργὸν,
798 2750 836 2782 ὡς

61 2787 175 2825 δώσοντες
191 2794 256 2829 περὶ
270 2794 352 2822 αὐτοῦ
365 2794 443 2830 λόγον
460 2796 490 2823 ἐν
506 2796 606 2832 ’ἡμέρᾳ
628 2795 744 2831 κρίσεως
756 2816 764 2828 ,
790 2797 838 2822 καὶ

856 2199 877 2226 Ι)

93 2860 112 2876 ⁸³
128 2861 224 2892 Jcrem.
252 2873 289 2899 tt,
311 2867 338 2894 9.
378 2866 399 2882 "
415 2867 480 2894 ibid.
520 2868 541 2883 ‘7
561 2867 627 2895 ibid.

669 2869 690 2883 ""
703 2868 802 2896 Jcrcm.
826 2877 899 2902 xttr,
921 2869 965 2896 2'2.

896 255 951 274 non
964 248 1022 274 vult
1034 247 1180 274 observare
1193 247 1265 281 quod
1282 247 1411 278 dicimus,
1428 247 1549 274 studium
1564 251 1686 274 nostrum

896 301 950 321 non
970 294 1095 328 sequitur
1108 293 1231 322 allectus.
1246 292 1436 327 Relinquantus
1447 300 1515 324 eam,
1526 297 1549 319 et
1564 292 1688 319 abeamus

896 341 1075 375 unusquisque
1094 339 1121 366 in
1145 345 1242 367 terram
1261 347 1353 371 suam,
1377 338 1403 366 id
1425 344 1483 370 est,
1509 338 1687 366 domesticum

897 386 986 414 locum
1003 391 1029 413 et
1044 386 1195 421 proprium.
1210 385 1294 419 Cave,
1319 386 1413 418 homo,
1437 384 1583 420 nequando
1608 383 1690 411 relin—

897 436 963 466 quat
978 436 1003 458 te
1017 431 1149 463 medicus,
1167 432 1224 458 sive
1246 431 1358 466 angelus
1379 430 1437 464 Dei,
1457 430 1514 457 sive
1532 430 1689 464 quicunque

896 479 1051 509 hominum,
1066 478 1109 506 cui
1123 478 1225 505 credita
1237 482 1278 507 est
1290 485 1356 505 cura
1372 484 1530 506 sermonum
1545 476 1579 503 ad
1592 475 1689 503 salutis

896 524 1060 550 medicinam
1090 523 1276 552 deferendam.
1300 522 1328 550 Si
1352 522 1425 550 enim
1448 526 1474 548 te
1495 519 1690 556 dereliqueritzt

895 575 921 598 et
937 570 1055 597 dixerint
1063 570 1086 586 ⁶⁰
1099 579 1105 597 :
1116 564 1246 596 Abeamus
1261 569 1440 603 unusquisque
1453 568 1479 593 in
1493 572 1590 594 terram
1601 559 1688 599 suam,

895 617 957 652 quia
974 615 1193 650 appropinquavit
1209 615 1237 641 in
1252 615 1346 642 caelum
1360 614 1493 648 judicium
1507 613 1580 647 ejux;
1602 612 1689 638 maui-

894 662 993 690 fcstum
1010 668 1051 689 est
1068 663 1132 698 quia
1149 662 1291 690 abscessio
1314 669 1410 689 eorum
1431 659 1623 687 condemnatio
1642 663 1688 685 tua

895 709 940 741 sit,
957 714 986 736 nt
1003 709 1223 738 irremediabilis.
1238 708 1410 743 nolentisque
1425 706 1526 734 curari.
1553 705 1620 734 Cum
1639 712 1689 731 au-

895 757 948 780 tent
968 758 993 779 te
1010 753 1193 785 deseruerint,
1209 751 1275 787 quid
1292 751 1339 778 libi
1363 750 1436 777 aliud
1457 753 1617 776 eventurum
1635 752 1687 780 cst,

895 798 948 824 nisi
964 797 1036 832 quod
1053 798 1123 824 solet
1141 797 1183 824 his
1208 797 1333 824 accidere
1354 795 1400 831 qui
1423 803 1437 822 a
1458 794 1570 822 medicis
1590 794 1687 828 despe-

895 848 1001 876 rantur,
1019 847 1127 870 utentes
1149 843 1290 869 voluntate
1310 841 1398 868 morbi
1416 841 1469 874 sui,
1490 845 1519 868 ut
1539 841 1572 867 ad
1596 839 1688 874 pejora

894 891 1107 926 demergantur?
1127 891 1172 918 Sic
1193 896 1220 918 et
1241 890 1284 918 his
1301 889 1426 917 similiter
1443 889 1469 915 in
1491 887 1689 916 consuetudine

895 938 975 966 istius
998 937 1058 964 vita:
1078 945 1093 964 a
1112 936 1292 972 prudentibus
1316 935 1440 963 medicis.
1464 934 1574 962 Accedit
1589 934 1688 968 aliquis

894 992 988 1013 eorum
1013 985 1047 1011 ad
1072 984 1268 1019 languentem:
1292 987 1426 1018 quantum
1455 989 1501 1008 ars
1526 981 1637 1016 patitur,
1662 983 1690 1006 ct

895 1030 1047 1064 industria,
1074 1029 1256 1057 medicamina
1283 1035 1338 1055 non
1373 1031 1497 1061 cessant;
1525 1026 1572 1053 scd
1594 1025 1616 1053 si
1642 1030 1689 1052 aut

894 1077 1027 1113 aegritudo
1043 1081 1117 1103 tanta
1131 1075 1177 1108 sit,
1193 1079 1221 1102 ut
1237 1079 1368 1110 repugnet
1389 1072 1536 1106 curationi,
1562 1076 1609 1102 aut
1631 1071 1688 1106 ipse

895 1123 1032 1150 invalidus
1055 1130 1102 1157 per
1129 1120 1328 1156 impatientiam
1352 1119 1455 1146 doloris
1481 1121 1578 1145 contra
1607 1115 1689 1144 faciat

894 1178 975 1205 quant
1001 1169 1123 1204 jubetur,
1148 1167 1279 1201 relinquit
1301 1166 1434 1198 medicus,
1453 1164 1581 1199 desperat
1593 1162 1688 1197 hujus-

894 1215 967 1242 modi
999 1215 1136 1241 hominem
1156 1218 1183 1240 et
1207 1212 1319 1246 recedit,
1347 1219 1381 1239 ne
1406 1211 1476 1238 inter
1503 1217 1601 1237 tnanus
1624 1215 1688 1235 suas

893 1262 1037 1296 exspirans
1054 1267 1166 1287 causam
1187 1259 1314 1286 interitus
1331 1257 1391 1292 ejus
1411 1257 1444 1284 ad
1468 1264 1497 1284 se
1520 1259 1686 1289 retorqueat.

895 1305 922 1333 Si
939 1313 1003 1340 ergo
1018 1309 1045 1332 ct
1063 1312 1124 1338 nos,
1141 1311 1174 1331 ne
1195 1304 1223 1330 in
1244 1308 1401 1330 sanctorum
1420 1301 1578 1336 angelorum
1598 1299 1688 1326 mani—

893 1353 945 1380 bus
963 1352 1009 1387 qui
1027 1351 1060 1379 ad
1077 1359 1127 1378 nos
1141 1349 1278 1378 curandos
1295 1357 1310 1376 a
1327 1348 1443 1376 Domino
1465 1345 1593 1374 destinati
1610 1350 1686 1378 sunt,

893 1397 1060 1429 moriamur,
1094 1395 1252 1430 relinquunt
1286 1401 1336 1420 nos
1362 1392 1537 1426 desperantes
1567 1389 1688 1416 animam

893 1449 1026 1475 nostram,
1052 1447 1079 1470 et
1101 1442 1178 1469 aiunt
1198 1450 1204 1468 :
1225 1439 1284 1467 Non
1308 1442 1350 1466 est
1377 1439 1512 1472 malagma
1535 1435 1688 1470 imponere,

893 1493 981 1525 neque
995 1489 1096 1520 oleum,
1115 1495 1203 1521 neque
1220 1486 1390 1521 alligaturas,
1410 1484 1472 1518 quia
1490 1481 1688 1517 appropinqua—

893 1537 929 1563 vit
948 1537 975 1562 in
997 1534 1091 1561 uelum
1105 1533 1240 1568 judicium
1262 1531 1329 1565 ejus,
1353 1534 1377 1556 et
1401 1529 1526 1556 eleuatum
1547 1531 1585 1554 est
1607 1533 1686 1561 usque

894 1583 927 1609 ml
944 1587 1017 1608 astra
1030 1581 1062 1607 ⁸⁷.
1076 1580 1128 1614 Qui
1142 1586 1255 1614 parrum
1271 1576 1351 1604 habet
1365 1579 1516 1610 peccatum,
1534 1581 1586 1599 non
1601 1578 1687 1606 usque

895 1629 928 1655 ad
940 1627 1038 1655 uelum
1051 1632 1079 1653 et
1093 1626 1182 1652 sidera
1194 1623 1328 1659 judicium
1341 1622 1401 1657 ejus
1415 1620 1536 1648 etlcrtur.
1552 1617 1685 1645 Pusillum

895 1675 967 1702 enitn
990 1677 1018 1700 et
1043 1671 1145 1699 humile
1169 1673 1220 1697 est.
1244 1668 1296 1702 Qui
1313 1675 1378 1695 vero
1402 1665 1501 1694 crescit
1521 1664 1547 1691 in
1573 1664 1685 1694 scelere,

895 1720 996 1748 crescit
1009 1723 1036 1746 et
1051 1719 1077 1745 in
1092 1717 1204 1754 judicio,
1219 1715 1355 1751 simulque
1368 1721 1430 1741 cum
1446 1712 1518 1740 vitiis
1531 1714 1645 1749 augetur
1660 1713 1687 1736 ct

894 1775 990 1803 poena;
1010 1770 1037 1793 et
1050 1765 1113 1801 quia
1133 1765 1160 1791 in
1177 1767 1283 1790 tantum
1301 1760 1424 1796 deliquit,
1439 1758 1614 1794 utjudicium
1627 1755 1687 1790 ejus

895 1821 982 1849 usque
1006 1812 1040 1840 ad
1064 1810 1184 1839 ccelestia
1204 1809 1370 1840 sublevetur,
1397 1811 1423 1834 et
1447 1813 1495 1840 per
1521 1803 1686 1838 impietatem

895 1867 972 1888 stram
992 1858 1123 1886 resistens
1140 1856 1196 1883 Deo
1209 1855 1242 1882 ad
1262 1853 1404 1889 superiora
1424 1851 1599 1882 conscendat,
1622 1856 1686 1883 pro-

895 1905 948 1933 fert
973 1905 1045 1931 Deus
1070 1902 1204 1938 judicium
1231 1908 1311 1928 suum
1336 1900 1362 1926 in
1387 1897 1603 1925 humiliationem
1626 1894 1687 1929 ejus

892 1951 989 1987 judicii
1004 1950 1077 1985 quod
1092 1950 1209 1977 celatum
1224 1951 1266 1975 est
1287 1954 1302 1973 a
1325 1948 1485 1980 peccatore;
1501 1946 1528 1970 ct
1544 1941 1686 1977 proferens

891 1986 1025 2034 judicium
1040 2004 1132 2027 suum,
1149 1993 1276 2022 humiliat
1289 1992 1398 2027 quidem
1411 1993 1593 2025 peccatorem,
1606 1986 1686 2014 retri-

894 2032 952 2072 buit
969 2048 1057 2071 autern
1079 2042 1155 2077 justo
1175 2041 1256 2076 digna
1277 2039 1339 2066 vitae
1357 2038 1428 2072 ejus,
1449 2036 1475 2063 in
1493 2034 1602 2063 Christo
1620 2032 1684 2060 Jesu

894 2090 1010 2118 Domino
1024 2087 1182 2120 nostro,cui
1196 2090 1237 2114 est
1248 2085 1332 2120 gloria
1345 2089 1371 2112 et
1386 2083 1529 2117 imperium
1544 2081 1571 2108 in
1586 2079 1684 2107 saecula

893 2137 1065 2165 saeculorum.
1082 2135 1179 2161 Amen.

1114 2192 1158 2219 EX
1181 2189 1321 2219 ll0.\llLl.\
1341 2188 1361 2215 X
1368 2187 1448 2214 XXIX

895 2252 1122 2286 Explanationum
1137 2249 1162 2276 in
1175 2249 1320 2277 Jeremiam
1336 2247 1505 2286 prophetam,
1523 2243 1549 2284 in
1567 2242 1631 2284 illud
1644 2242 1682 2283 "_i

1010 2291 1112 2321 poterat
1128 2285 1256 2312 Dominus
1269 2278 1398 2310 sustinere
1414 2289 1429 2306 a
1450 2279 1518 2314 facie
1535 2278 1684 2314 iniquitatis

928 2327 1020 2350 υεδινιε
1024 2342 1030 2348 .

929 2381 957 2409 Si
979 2380 1090 2416 quando
1109 2378 1201 2413 legens
1217 2377 1386 2411 Scripturam
1402 2373 1506 2401 incidas
1527 2371 1552 2398 in
1573 2374 1684 2398 sentcn-

892 2428 956 2454 tiam
973 2433 1035 2461 qua:
1051 2425 1139 2460 lepida
1154 2423 1264 2458 quidem
1283 2422 1328 2454 sit,
1347 2421 1394 2448 sed
1411 2419 1480 2455 lapis
1497 2422 1539 2445 est
1553 2416 1683 2444 olI'ensio-

891 2474 934 2500 nis
951 2478 977 2500 et
993 2477 1068 2507 petra
1084 2470 1216 2502 scandali,
1233 2475 1332 2496 accusa
1350 2467 1482 2501 teipsum;
1507 2471 1594 2498 neque
1609 2463 1682 2491 enim

890 2519 1088 2554 desperandum
1100 2522 1141 2545 est
1155 2517 1271 2552 lapidem
1285 2515 1357 2542 hunc
1369 2511 1528 2540 offensionis
1540 2515 1567 2538 et
1577 2514 1682 2546 petram

891 2566 1011 2594 scandali
1028 2566 1127 2593 habere
1143 2572 1235 2597 sensa,
1263 2567 1294 2590 ut
1314 2563 1361 2589 ﬁat
1383 2560 1454 2596 quod
1480 2558 1563 2593 286
1578 2557 1681 2584 dictum

888 2619 932 2641 est
947 2614 967 2629 ⁶⁹
984 2622 990 2640 :
1005 2613 1039 2640 Et
1054 2613 1099 2648 qui
1113 2612 1196 2639 credit
1211 2619 1262 2638 non
1279 2609 1462 2644 confundetur.
1485 2606 1605 2634 Primum
1621 2612 1681 2631 cre-

891 2659 934 2692 de,
950 2665 978 2686 et
989 2658 1110 2686 invenies
1122 2658 1173 2685 sub
1185 2657 1230 2684 illo
1243 2655 1406 2684 oﬂ‘cndiculo
1420 2653 1567 2690 plttrimum
1581 2657 1683 2679 sancta:

891 2705 1026 2731 utilitatis.
1041 2703 1069 2730 Si
1081 2703 1153 2730 enim
1168 2703 1195 2729 in
1209 2702 1337 2729 tnandatu
1354 2701 1496 2733 habemus,
1513 2707 1547 2727 ne
1567 2699 1681 2726 Verbum

889 2760 990 2779 vanum
1005 2757 1033 2779 et
1046 2751 1140 2778 inutile
1150 2750 1285 2782 dicamus,
1303 2754 1431 2784 tanquam
1449 2749 1535 2783 ipsius
1548 2748 1681 2776 rationem

891 2799 917 2826 in
929 2797 1024 2833 judicii
1040 2797 1083 2824 die
1097 2797 1241 2829 reddituri,
1258 2802 1284 2824 et
1298 2800 1428 2831 quantum
1445 2795 1510 2823 eniti
1523 2801 1680 2830 possumus.

1005 2870 1026 2884 ‘9
1052 2868 1131 2896 Rottt.
1151 2876 1193 2901 Ix,
1220 2867 1264 2895 55.
