  <div class='ocr_page' id='page_1' title='image "/cluster/home/n/w/nwhite01/storage/ocr_20150623/13/njp.32101077772430/335.png"; bbox 0 0 1872 3048; ppageno 0'>
   <div class='ocr_carea' id='block_1_1' title="bbox 187 150 239 177">
    <p class='ocr_par' dir='ltr' id='par_1_1' title="bbox 187 150 239 177">
     <span class='ocr_line' id='line_1_1' title="bbox 187 150 239 177; baseline 0.019 -1"><span class='ocrx_word' id='word_1_1' title='bbox 187 150 239 177; x_wconf 70' lang='lat'><strong>535</strong></span> 
     </span>
    </p>
   </div>
   <div class='ocr_carea' id='block_1_2' title="bbox 840 149 1117 178">
    <p class='ocr_par' dir='ltr' id='par_1_2' title="bbox 840 149 1117 178">
     <span class='ocr_line' id='line_1_2' title="bbox 840 149 1117 178; baseline 0.014 -6"><span class='ocrx_word' id='word_1_2' title='bbox 840 168 851 172; x_wconf 72' lang='lat'><strong>-</strong></span> <span class='ocrx_word' id='word_1_3' title='bbox 901 150 946 178; x_wconf 78' lang='lat' dir='ltr'><strong>Ex</strong></span> <span class='ocrx_word' id='word_1_4' title='bbox 966 149 1117 177; x_wconf 77' lang='lat' dir='ltr'><strong>ORIGENE</strong></span> 
     </span>
    </p>
   </div>
   <div class='ocr_carea' id='block_1_3' title="bbox 1773 153 1820 181">
    <p class='ocr_par' dir='ltr' id='par_1_3' title="bbox 1773 153 1820 181">
     <span class='ocr_line' id='line_1_3' title="bbox 1773 153 1820 181; baseline 0 0"><span class='ocrx_word' id='word_1_5' title='bbox 1773 153 1820 181; x_wconf 66' lang='grc' dir='ltr'>ΞΗ</span> 
     </span>
    </p>
   </div>
   <div class='ocr_carea' id='block_1_4' title="bbox 187 207 1174 247">
    <p class='ocr_par' dir='ltr' id='par_1_4' title="bbox 187 207 1174 244">
     <span class='ocr_line' id='line_1_4' title="bbox 187 207 1174 244; baseline 0.001 -10"><span class='ocrx_word' id='word_1_6' title='bbox 187 208 214 235; x_wconf 77' lang='grc' dir='ltr'>Μ</span> <span class='ocrx_word' id='word_1_7' title='bbox 230 207 371 236; x_wconf 81' lang='lat' dir='ltr'><strong>studemus</strong></span> <span class='ocrx_word' id='word_1_8' title='bbox 387 212 417 235; x_wconf 92' lang='lat' dir='ltr'><strong>ut</strong></span> <span class='ocrx_word' id='word_1_9' title='bbox 437 215 519 236; x_wconf 87' lang='lat' dir='ltr'><strong>omne</strong></span> <span class='ocrx_word' id='word_1_10' title='bbox 542 208 666 241; x_wconf 79' lang='lat' dir='ltr'><strong>verbum,</strong></span> <span class='ocrx_word' id='word_1_11' title='bbox 684 208 757 243; x_wconf 88' lang='lat' dir='ltr'><strong>quod</strong></span> <span class='ocrx_word' id='word_1_12' title='bbox 771 216 803 235; x_wconf 78' lang='lat' dir='ltr'><strong>ex</strong></span> <span class='ocrx_word' id='word_1_13' title='bbox 824 216 871 236; x_wconf 86' lang='lat' dir='ltr'><strong>ore</strong></span> <span class='ocrx_word' id='word_1_14' title='bbox 887 213 980 237; x_wconf 86' lang='lat' dir='ltr'><strong>nostro</strong></span> <span class='ocrx_word' id='word_1_15' title='bbox 995 211 1018 239; x_wconf 76' lang='grc' dir='ltr'>Α</span> <span class='ocrx_word' id='word_1_16' title='bbox 1031 208 1081 244; x_wconf 83' lang='grc' dir='ltr'><strong>ὅση</strong></span> <span class='ocrx_word' id='word_1_17' title='bbox 1098 208 1174 244; x_wconf 64' lang='grc' dir='ltr'><strong>δύναι</strong></span> 
     </span>
    </p>
   </div>
   <div class='ocr_carea' id='block_1_5' title="bbox 1057 207 1820 247">
    <p class='ocr_par' dir='ltr' id='par_1_5' title="bbox 1057 208 1820 247">
     <span class='ocr_line' id='line_1_5' title="bbox 1057 208 1820 247; baseline 0.009 -13"><span class='ocrx_word' id='word_1_18' title='bbox 1057 217 1081 244; x_wconf 72' lang='grc' dir='ltr'><strong>τη</strong></span> <span class='ocrx_word' id='word_1_19' title='bbox 1098 208 1215 244; x_wconf 79' lang='grc' dir='ltr'><strong>δύναμις</strong></span> <span class='ocrx_word' id='word_1_20' title='bbox 1241 208 1456 245; x_wconf 73' lang='grc' dir='ltr'><strong>φιλοτιμούμεθα</strong></span> <span class='ocrx_word' id='word_1_21' title='bbox 1478 210 1532 237; x_wconf 82' lang='grc' dir='ltr'><strong>πᾶν</strong></span> <span class='ocrx_word' id='word_1_22' title='bbox 1553 211 1630 247; x_wconf 75' lang='grc' dir='ltr'><strong>ῥῆμα</strong></span> <span class='ocrx_word' id='word_1_23' title='bbox 1651 211 1682 239; x_wconf 57' lang='lat' dir='ltr'><strong>re</strong></span> <span class='ocrx_word' id='word_1_24' title='bbox 1703 213 1774 246; x_wconf 80' lang='grc' dir='ltr'><strong>ὲειδν</strong></span> <span class='ocrx_word' id='word_1_25' title='bbox 1792 215 1820 242; x_wconf 71' lang='grc' dir='ltr'><strong>ἐκ</strong></span> 
     </span>
    </p>
   </div>
   <div class='ocr_carea' id='block_1_6' title="bbox 186 252 980 287">
    <p class='ocr_par' dir='ltr' id='par_1_6' title="bbox 186 252 980 287">
     <span class='ocr_line' id='line_1_6' title="bbox 186 252 980 287; baseline 0.005 -8"><span class='ocrx_word' id='word_1_26' title='bbox 186 252 254 284; x_wconf 78' lang='lat' dir='ltr'><strong>exit,</strong></span> <span class='ocrx_word' id='word_1_27' title='bbox 268 252 370 287; x_wconf 87' lang='lat' dir='ltr'><strong>aliquid</strong></span> <span class='ocrx_word' id='word_1_28' title='bbox 385 253 485 281; x_wconf 81' lang='lat' dir='ltr'><strong>elliciat</strong></span> <span class='ocrx_word' id='word_1_29' title='bbox 499 258 525 281; x_wconf 87' lang='lat' dir='ltr'><strong>et</strong></span> <span class='ocrx_word' id='word_1_30' title='bbox 541 254 568 281; x_wconf 92' lang='lat' dir='ltr'><strong>in</strong></span> <span class='ocrx_word' id='word_1_31' title='bbox 581 254 661 282; x_wconf 88' lang='lat' dir='ltr'><strong>nobis</strong></span> <span class='ocrx_word' id='word_1_32' title='bbox 676 254 830 283; x_wconf 76' lang='lat' dir='ltr'><strong>dicentibus</strong></span> <span class='ocrx_word' id='word_1_33' title='bbox 843 260 870 283; x_wconf 90' lang='lat' dir='ltr'><strong>et</strong></span> <span class='ocrx_word' id='word_1_34' title='bbox 886 255 913 283; x_wconf 93' lang='lat' dir='ltr'><strong>in</strong></span> <span class='ocrx_word' id='word_1_35' title='bbox 929 263 980 283; x_wconf 63' lang='lat' dir='ltr'><strong>au»</strong></span> 
     </span>
    </p>
   </div>
   <div class='ocr_carea' id='block_1_7' title="bbox 188 298 979 338">
    <p class='ocr_par' dir='ltr' id='par_1_7' title="bbox 188 298 979 338">
     <span class='ocr_line' id='line_1_7' title="bbox 188 298 979 338; baseline 0.009 -14"><span class='ocrx_word' id='word_1_36' title='bbox 188 298 347 326; x_wconf 76' lang='lat' dir='ltr'><strong>aientibus:</strong></span> <span class='ocrx_word' id='word_1_37' title='bbox 372 299 437 334; x_wconf 84' lang='lat' dir='ltr'><strong>quid</strong></span> <span class='ocrx_word' id='word_1_38' title='bbox 461 299 545 335; x_wconf 78' lang='lat' dir='ltr'><strong>igitur</strong></span> <span class='ocrx_word' id='word_1_39' title='bbox 565 300 776 328; x_wconf 84' lang='lat' dir='ltr'><strong>existimandum</strong></span> <span class='ocrx_word' id='word_1_40' title='bbox 796 307 838 331; x_wconf 84' lang='lat' dir='ltr'><strong>est</strong></span> <span class='ocrx_word' id='word_1_41' title='bbox 862 302 895 330; x_wconf 86' lang='lat' dir='ltr'><strong>de</strong></span> <span class='ocrx_word' id='word_1_42' title='bbox 915 311 979 338; x_wconf 91' lang='lat' dir='ltr'><strong>pro-</strong></span> 
     </span>
    </p>
   </div>
   <div class='ocr_carea' id='block_1_8' title="bbox 188 344 980 383">
    <p class='ocr_par' dir='ltr' id='par_1_8' title="bbox 188 344 980 383">
     <span class='ocr_line' id='line_1_8' title="bbox 188 344 980 383; baseline 0.008 -13"><span class='ocrx_word' id='word_1_43' title='bbox 188 344 296 378; x_wconf 76' lang='lat' dir='ltr'><strong>phetis?</strong></span> <span class='ocrx_word' id='word_1_44' title='bbox 322 352 412 372; x_wconf 84' lang='lat' dir='ltr'><strong>nonne</strong></span> <span class='ocrx_word' id='word_1_45' title='bbox 433 353 515 373; x_wconf 87' lang='lat' dir='ltr'><strong>omne</strong></span> <span class='ocrx_word' id='word_1_46' title='bbox 536 346 648 373; x_wconf 82' lang='lat' dir='ltr'><strong>verbum</strong></span> <span class='ocrx_word' id='word_1_47' title='bbox 673 347 708 374; x_wconf 90' lang='lat' dir='ltr'><strong>ab</strong></span> <span class='ocrx_word' id='word_1_48' title='bbox 727 354 822 375; x_wconf 92' lang='lat' dir='ltr'><strong>eorum</strong></span> <span class='ocrx_word' id='word_1_49' title='bbox 847 355 895 376; x_wconf 85' lang='lat' dir='ltr'><strong>ore</strong></span> <span class='ocrx_word' id='word_1_50' title='bbox 917 356 980 383; x_wconf 79' lang='lat' dir='ltr'><strong>pro-</strong></span> 
     </span>
    </p>
   </div>
   <div class='ocr_carea' id='block_1_9' title="bbox 188 388 978 428">
    <p class='ocr_par' dir='ltr' id='par_1_9' title="bbox 188 388 978 428">
     <span class='ocr_line' id='line_1_9' title="bbox 188 388 978 428; baseline 0.008 -12"><span class='ocrx_word' id='word_1_51' title='bbox 188 388 287 417; x_wconf 81' lang='lat' dir='ltr'><strong>fectum</strong></span> <span class='ocrx_word' id='word_1_52' title='bbox 317 389 412 418; x_wconf 81' lang='lat' dir='ltr'><strong>ellicax</strong></span> <span class='ocrx_word' id='word_1_53' title='bbox 438 391 542 419; x_wconf 78' lang='lat' dir='ltr'><strong>fuisse?</strong></span> <span class='ocrx_word' id='word_1_54' title='bbox 570 391 662 427; x_wconf 89' lang='lat' dir='ltr'><strong>Neque</strong></span> <span class='ocrx_word' id='word_1_55' title='bbox 691 392 845 421; x_wconf 91' lang='lat' dir='ltr'><strong>mirandum</strong></span> <span class='ocrx_word' id='word_1_56' title='bbox 871 399 930 428; x_wconf 81' lang='lat' dir='ltr'><strong>est,</strong></span> <span class='ocrx_word' id='word_1_57' title='bbox 956 395 978 422; x_wconf 89' lang='lat' dir='ltr'><strong>si</strong></span> 
     </span>
    </p>
   </div>
   <div class='ocr_carea' id='block_1_10' title="bbox 186 436 979 476">
    <p class='ocr_par' dir='ltr' id='par_1_10' title="bbox 186 436 979 476">
     <span class='ocr_line' id='line_1_10' title="bbox 186 436 979 476; baseline 0.008 -14"><span class='ocrx_word' id='word_1_58' title='bbox 186 436 368 471; x_wconf 85' lang='lat' dir='ltr'><strong>quodcunque</strong></span> <span class='ocrx_word' id='word_1_59' title='bbox 396 438 509 465; x_wconf 86' lang='lat' dir='ltr'><strong>verbum</strong></span> <span class='ocrx_word' id='word_1_60' title='bbox 536 438 696 466; x_wconf 86' lang='lat' dir='ltr'><strong>emittebant</strong></span> <span class='ocrx_word' id='word_1_61' title='bbox 724 440 880 475; x_wconf 67' lang='lat' dir='ltr'><strong>prophetae,</strong></span> <span class='ocrx_word' id='word_1_62' title='bbox 910 449 979 476; x_wconf 89' lang='lat' dir='ltr'><strong>opus</strong></span> 
     </span>
    </p>
   </div>
   <div class='ocr_carea' id='block_1_11' title="bbox 185 480 977 518">
    <p class='ocr_par' dir='ltr' id='par_1_11' title="bbox 185 480 977 518">
     <span class='ocr_line' id='line_1_11' title="bbox 185 480 977 518; baseline 0.009 -11"><span class='ocrx_word' id='word_1_63' title='bbox 185 480 318 508; x_wconf 78' lang='lat' dir='ltr'><strong>ellieiebat</strong></span> <span class='ocrx_word' id='word_1_64' title='bbox 333 482 422 510; x_wconf 87' lang='lat' dir='ltr'><strong>verbis</strong></span> <span class='ocrx_word' id='word_1_65' title='bbox 436 483 619 518; x_wconf 84' lang='lat' dir='ltr'><strong>conveniens;</strong></span> <span class='ocrx_word' id='word_1_66' title='bbox 636 484 682 512; x_wconf 89' lang='lat' dir='ltr'><strong>sed</strong></span> <span class='ocrx_word' id='word_1_67' title='bbox 695 490 721 512; x_wconf 92' lang='lat' dir='ltr'><strong>et</strong></span> <span class='ocrx_word' id='word_1_68' title='bbox 734 485 852 513; x_wconf 90' lang='lat' dir='ltr'><strong>arbitror</strong></span> <span class='ocrx_word' id='word_1_69' title='bbox 868 493 977 514; x_wconf 82' lang='lat' dir='ltr'><strong>onmem</strong></span> 
     </span>
    </p>
   </div>
   <div class='ocr_carea' id='block_1_12' title="bbox 187 527 977 567">
    <p class='ocr_par' dir='ltr' id='par_1_12' title="bbox 187 527 977 567">
     <span class='ocr_line' id='line_1_12' title="bbox 187 527 977 567; baseline 0.009 -14"><span class='ocrx_word' id='word_1_70' title='bbox 187 527 340 554; x_wconf 86' lang='lat' dir='ltr'><strong>mirabilem</strong></span> <span class='ocrx_word' id='word_1_71' title='bbox 368 528 485 555; x_wconf 88' lang='lat' dir='ltr'><strong>litteram</strong></span> <span class='ocrx_word' id='word_1_72' title='bbox 508 529 579 556; x_wconf 89' lang='lat' dir='ltr'><strong>inter</strong></span> <span class='ocrx_word' id='word_1_73' title='bbox 603 529 693 557; x_wconf 89' lang='lat' dir='ltr'><strong>divina</strong></span> <span class='ocrx_word' id='word_1_74' title='bbox 722 531 833 559; x_wconf 84' lang='lat' dir='ltr'><strong>oracula</strong></span> <span class='ocrx_word' id='word_1_75' title='bbox 857 533 977 567; x_wconf 89' lang='lat' dir='ltr'><strong>perscri-</strong></span> 
     </span>
    </p>
   </div>
   <div class='ocr_carea' id='block_1_13' title="bbox 186 574 976 611">
    <p class='ocr_par' dir='ltr' id='par_1_13' title="bbox 186 574 976 611">
     <span class='ocr_line' id='line_1_13' title="bbox 186 574 976 611; baseline 0.01 -12"><span class='ocrx_word' id='word_1_76' title='bbox 186 577 260 607; x_wconf 88' lang='lat' dir='ltr'><strong>ptam</strong></span> <span class='ocrx_word' id='word_1_77' title='bbox 281 574 396 607; x_wconf 84' lang='lat' dir='ltr'><strong>ellicere,</strong></span> <span class='ocrx_word' id='word_1_78' title='bbox 422 582 511 609; x_wconf 88' lang='lat' dir='ltr'><strong>neque</strong></span> <span class='ocrx_word' id='word_1_79' title='bbox 534 583 619 603; x_wconf 92' lang='lat' dir='ltr'><strong>unum</strong></span> <span class='ocrx_word' id='word_1_80' title='bbox 647 577 702 604; x_wconf 88' lang='lat' dir='ltr'><strong>iota</strong></span> <span class='ocrx_word' id='word_1_81' title='bbox 727 585 798 611; x_wconf 87' lang='lat' dir='ltr'><strong>esse,</strong></span> <span class='ocrx_word' id='word_1_82' title='bbox 822 583 869 606; x_wconf 90' lang='lat' dir='ltr'><strong>aut</strong></span> <span class='ocrx_word' id='word_1_83' title='bbox 892 587 976 607; x_wconf 91' lang='lat' dir='ltr'><strong>unum</strong></span> 
     </span>
    </p>
   </div>
   <div class='ocr_carea' id='block_1_14' title="bbox 185 618 976 657">
    <p class='ocr_par' dir='ltr' id='par_1_14' title="bbox 185 618 976 657">
     <span class='ocr_line' id='line_1_14' title="bbox 185 618 976 657; baseline 0.011 -13"><span class='ocrx_word' id='word_1_84' title='bbox 185 618 287 652; x_wconf 82' lang='lat' dir='ltr'><strong>apicem</strong></span> <span class='ocrx_word' id='word_1_85' title='bbox 303 619 329 645; x_wconf 93' lang='lat' dir='ltr'><strong>in</strong></span> <span class='ocrx_word' id='word_1_86' title='bbox 349 618 501 654; x_wconf 84' lang='lat' dir='ltr'><strong>Scriptura,</strong></span> <span class='ocrx_word' id='word_1_87' title='bbox 518 621 565 656; x_wconf 90' lang='lat' dir='ltr'><strong>qui</strong></span> <span class='ocrx_word' id='word_1_88' title='bbox 578 630 649 657; x_wconf 88' lang='lat' dir='ltr'><strong>opus</strong></span> <span class='ocrx_word' id='word_1_89' title='bbox 664 631 743 651; x_wconf 88' lang='lat' dir='ltr'><strong>suum</strong></span> <span class='ocrx_word' id='word_1_90' title='bbox 759 632 812 651; x_wconf 91' lang='lat' dir='ltr'><strong>non</strong></span> <span class='ocrx_word' id='word_1_91' title='bbox 831 624 930 652; x_wconf 75' lang='lat' dir='ltr'><strong>alliciat</strong></span> <span class='ocrx_word' id='word_1_92' title='bbox 949 626 976 653; x_wconf 93' lang='lat' dir='ltr'><strong>in</strong></span> 
     </span>
    </p>
   </div>
   <div class='ocr_carea' id='block_1_15' title="bbox 185 663 977 703">
    <p class='ocr_par' dir='ltr' id='par_1_15' title="bbox 185 663 977 703">
     <span class='ocr_line' id='line_1_15' title="bbox 185 663 977 703; baseline 0.013 -14"><span class='ocrx_word' id='word_1_93' title='bbox 185 663 218 691; x_wconf 90' lang='lat' dir='ltr'><strong>iis</strong></span> <span class='ocrx_word' id='word_1_94' title='bbox 241 664 286 698; x_wconf 86' lang='lat' dir='ltr'><strong>qui</strong></span> <span class='ocrx_word' id='word_1_95' title='bbox 313 665 414 692; x_wconf 89' lang='lat' dir='ltr'><strong>virtute</strong></span> <span class='ocrx_word' id='word_1_96' title='bbox 435 666 589 695; x_wconf 88' lang='lat' dir='ltr'><strong>litterarum</strong></span> <span class='ocrx_word' id='word_1_97' title='bbox 608 669 646 696; x_wconf 87' lang='lat' dir='ltr'><strong>uti</strong></span> <span class='ocrx_word' id='word_1_98' title='bbox 671 669 772 697; x_wconf 78' lang='lat' dir='ltr'><strong>sriunt.</strong></span> <span class='ocrx_word' id='word_1_99' title='bbox 792 670 977 703; x_wconf 84' lang='lat' dir='ltr'><strong>Quemadmo-</strong></span> 
     </span>
    </p>
   </div>
   <div class='ocr_carea' id='block_1_16' title="bbox 183 708 975 751">
    <p class='ocr_par' dir='ltr' id='par_1_16' title="bbox 183 708 975 751">
     <span class='ocr_line' id='line_1_16' title="bbox 183 708 975 751; baseline 0.013 -16"><span class='ocrx_word' id='word_1_100' title='bbox 183 708 247 735; x_wconf 91' lang='lat' dir='ltr'><strong>dum</strong></span> <span class='ocrx_word' id='word_1_101' title='bbox 272 715 362 738; x_wconf 87' lang='lat' dir='ltr'><strong>autem</strong></span> <span class='ocrx_word' id='word_1_102' title='bbox 388 711 535 740; x_wconf 73' lang='lat' dir='ltr'><strong>herbarum</strong></span> <span class='ocrx_word' id='word_1_103' title='bbox 553 714 668 750; x_wconf 70' lang='lat' dir='ltr'><strong>singula:</strong></span> <span class='ocrx_word' id='word_1_104' title='bbox 686 723 751 743; x_wconf 89' lang='lat' dir='ltr'><strong>suas</strong></span> <span class='ocrx_word' id='word_1_105' title='bbox 771 716 870 744; x_wconf 85' lang='lat' dir='ltr'><strong>habent</strong></span> <span class='ocrx_word' id='word_1_106' title='bbox 893 718 975 751; x_wconf 74' lang='lat' dir='ltr'><strong>vires,</strong></span> 
     </span>
    </p>
   </div>
   <div class='ocr_carea' id='block_1_17' title="bbox 182 754 974 798">
    <p class='ocr_par' dir='ltr' id='par_1_17' title="bbox 182 754 974 798">
     <span class='ocr_line' id='line_1_17' title="bbox 182 754 974 798; baseline 0.013 -17"><span class='ocrx_word' id='word_1_107' title='bbox 182 754 239 782; x_wconf 83' lang='lat' dir='ltr'><strong>sive</strong></span> <span class='ocrx_word' id='word_1_108' title='bbox 249 755 281 782; x_wconf 89' lang='lat' dir='ltr'><strong>ad</strong></span> <span class='ocrx_word' id='word_1_109' title='bbox 296 756 442 784; x_wconf 81' lang='lat' dir='ltr'><strong>sanitatem</strong></span> <span class='ocrx_word' id='word_1_110' title='bbox 453 766 611 793; x_wconf 83' lang='lat' dir='ltr'><strong>corporum,</strong></span> <span class='ocrx_word' id='word_1_111' title='bbox 624 761 681 787; x_wconf 84' lang='lat' dir='ltr'><strong>sive</strong></span> <span class='ocrx_word' id='word_1_112' title='bbox 694 761 726 788; x_wconf 90' lang='lat' dir='ltr'><strong>ad</strong></span> <span class='ocrx_word' id='word_1_113' title='bbox 736 761 809 789; x_wconf 87' lang='lat' dir='ltr'><strong>aliud</strong></span> <span class='ocrx_word' id='word_1_114' title='bbox 821 764 974 798; x_wconf 81' lang='lat' dir='ltr'><strong>quidpiam;</strong></span> 
     </span>
    </p>
   </div>
   <div class='ocr_carea' id='block_1_18' title="bbox 182 803 976 842">
    <p class='ocr_par' dir='ltr' id='par_1_18' title="bbox 182 803 976 842">
     <span class='ocr_line' id='line_1_18' title="bbox 182 803 976 842; baseline 0.015 -15"><span class='ocrx_word' id='word_1_115' title='bbox 182 807 234 827; x_wconf 88' lang='lat' dir='ltr'><strong>nec</strong></span> <span class='ocrx_word' id='word_1_116' title='bbox 251 805 342 829; x_wconf 88' lang='lat' dir='ltr'><strong>tamen</strong></span> <span class='ocrx_word' id='word_1_117' title='bbox 356 803 447 831; x_wconf 84' lang='lat' dir='ltr'><strong>sciunt</strong></span> <span class='ocrx_word' id='word_1_118' title='bbox 469 812 565 833; x_wconf 89' lang='lat' dir='ltr'><strong>omnes</strong></span> <span class='ocrx_word' id='word_1_119' title='bbox 587 806 630 834; x_wconf 93' lang='lat' dir='ltr'><strong>cui</strong></span> <span class='ocrx_word' id='word_1_120' title='bbox 651 816 766 842; x_wconf 62' lang='lat' dir='ltr'><strong>quasque</strong></span> <span class='ocrx_word' id='word_1_121' title='bbox 782 811 820 836; x_wconf 87' lang='lat' dir='ltr'><strong>rei</strong></span> <span class='ocrx_word' id='word_1_122' title='bbox 840 809 924 838; x_wconf 87' lang='lat' dir='ltr'><strong>herba</strong></span> <span class='ocrx_word' id='word_1_123' title='bbox 942 811 976 839; x_wconf 81' lang='lat' dir='ltr'><strong>sit</strong></span> 
     </span>
    </p>
   </div>
   <div class='ocr_carea' id='block_1_19' title="bbox 182 845 976 887">
    <p class='ocr_par' dir='ltr' id='par_1_19' title="bbox 182 845 976 887">
     <span class='ocr_line' id='line_1_19' title="bbox 182 845 976 887; baseline 0.016 -16"><span class='ocrx_word' id='word_1_124' title='bbox 182 845 270 878; x_wconf 75' lang='lat' dir='ltr'><strong>utilis,</strong></span> <span class='ocrx_word' id='word_1_125' title='bbox 291 847 338 874; x_wconf 80' lang='lat' dir='ltr'><strong>sed</strong></span> <span class='ocrx_word' id='word_1_126' title='bbox 360 849 405 883; x_wconf 92' lang='lat' dir='ltr'><strong>qui</strong></span> <span class='ocrx_word' id='word_1_127' title='bbox 425 850 538 878; x_wconf 84' lang='lat' dir='ltr'><strong>scientia</strong></span> <span class='ocrx_word' id='word_1_128' title='bbox 560 851 606 878; x_wconf 89' lang='lat' dir='ltr'><strong>illa</strong></span> <span class='ocrx_word' id='word_1_129' title='bbox 626 853 730 887; x_wconf 65' lang='lat' dir='ltr'><strong>praediti</strong></span> <span class='ocrx_word' id='word_1_130' title='bbox 755 859 835 887; x_wconf 86' lang='lat' dir='ltr'><strong>sunt,</strong></span> <span class='ocrx_word' id='word_1_131' title='bbox 855 860 881 883; x_wconf 88' lang='lat' dir='ltr'><strong>et</strong></span> <span class='ocrx_word' id='word_1_132' title='bbox 899 856 925 883; x_wconf 91' lang='lat' dir='ltr'><strong>in</strong></span> <span class='ocrx_word' id='word_1_133' title='bbox 946 865 976 884; x_wconf 87' lang='lat' dir='ltr'><strong>re</strong></span> 
     </span>
    </p>
   </div>
   <div class='ocr_carea' id='block_1_20' title="bbox 184 890 975 937">
    <p class='ocr_par' dir='ltr' id='par_1_20' title="bbox 184 890 975 937">
     <span class='ocr_line' id='line_1_20' title="bbox 184 890 975 937; baseline 0.018 -21"><span class='ocrx_word' id='word_1_134' title='bbox 184 890 310 919; x_wconf 86' lang='lat' dir='ltr'><strong>herbaria</strong></span> <span class='ocrx_word' id='word_1_135' title='bbox 329 898 484 928; x_wconf 84' lang='lat' dir='ltr'><strong>versantur,</strong></span> <span class='ocrx_word' id='word_1_136' title='bbox 509 901 539 924; x_wconf 91' lang='lat' dir='ltr'><strong>ut</strong></span> <span class='ocrx_word' id='word_1_137' title='bbox 561 898 649 925; x_wconf 83' lang='lat' dir='ltr'><strong>sciant</strong></span> <span class='ocrx_word' id='word_1_138' title='bbox 668 900 778 933; x_wconf 85' lang='lat' dir='ltr'><strong>quando</strong></span> <span class='ocrx_word' id='word_1_139' title='bbox 800 906 927 937; x_wconf 87' lang='lat' dir='ltr'><strong>sumpta,</strong></span> <span class='ocrx_word' id='word_1_140' title='bbox 948 908 975 930; x_wconf 91' lang='lat' dir='ltr'><strong>ct</strong></span> 
     </span>
    </p>
   </div>
   <div class='ocr_carea' id='block_1_21' title="bbox 184 936 975 983">
    <p class='ocr_par' dir='ltr' id='par_1_21' title="bbox 184 936 975 983">
     <span class='ocr_line' id='line_1_21' title="bbox 184 936 975 983; baseline 0.019 -21"><span class='ocrx_word' id='word_1_141' title='bbox 184 936 229 963; x_wconf 76' lang='lat' dir='ltr'><strong>cui</strong></span> <span class='ocrx_word' id='word_1_142' title='bbox 243 938 312 972; x_wconf 85' lang='lat' dir='ltr'><strong>parti</strong></span> <span class='ocrx_word' id='word_1_143' title='bbox 328 946 472 974; x_wconf 86' lang='lat' dir='ltr'><strong>corporum</strong></span> <span class='ocrx_word' id='word_1_144' title='bbox 491 944 624 977; x_wconf 84' lang='lat' dir='ltr'><strong>apposita,</strong></span> <span class='ocrx_word' id='word_1_145' title='bbox 638 950 663 972; x_wconf 86' lang='lat' dir='ltr'><strong>et</strong></span> <span class='ocrx_word' id='word_1_146' title='bbox 678 947 815 980; x_wconf 89' lang='lat' dir='ltr'><strong>quomodo</strong></span> <span class='ocrx_word' id='word_1_147' title='bbox 833 936 927 983; x_wconf 78' lang='lat' dir='ltr'><strong>parata</strong></span> <span class='ocrx_word' id='word_1_148' title='bbox 948 954 975 977; x_wconf 90' lang='lat' dir='ltr'><strong>ct</strong></span> 
     </span>
    </p>
   </div>
   <div class='ocr_carea' id='block_1_22' title="bbox 184 986 975 1027">
    <p class='ocr_par' dir='ltr' id='par_1_22' title="bbox 184 986 975 1027">
     <span class='ocr_line' id='line_1_22' title="bbox 184 986 975 1027; baseline 0.019 -19"><span class='ocrx_word' id='word_1_149' title='bbox 184 986 333 1017; x_wconf 87' lang='lat' dir='ltr'><strong>temperata</strong></span> <span class='ocrx_word' id='word_1_150' title='bbox 355 987 438 1013; x_wconf 83' lang='lat' dir='ltr'><strong>uteuti</strong></span> <span class='ocrx_word' id='word_1_151' title='bbox 453 994 531 1022; x_wconf 87' lang='lat' dir='ltr'><strong>opem</strong></span> <span class='ocrx_word' id='word_1_152' title='bbox 549 988 627 1018; x_wconf 86' lang='lat' dir='ltr'><strong>lerat.</strong></span> <span class='ocrx_word' id='word_1_153' title='bbox 648 991 684 1017; x_wconf 92' lang='lat' dir='ltr'><strong>lta</strong></span> <span class='ocrx_word' id='word_1_154' title='bbox 701 999 750 1019; x_wconf 86' lang='lat' dir='ltr'><strong>ceu</strong></span> <span class='ocrx_word' id='word_1_155' title='bbox 774 993 927 1027; x_wconf 81' lang='lat' dir='ltr'><strong>hcrbarius,</strong></span> <span class='ocrx_word' id='word_1_156' title='bbox 945 1000 975 1023; x_wconf 92' lang='lat' dir='ltr'><strong>ut</strong></span> 
     </span>
    </p>
   </div>
   <div class='ocr_carea' id='block_1_23' title="bbox 185 1026 975 1075">
    <p class='ocr_par' dir='ltr' id='par_1_23' title="bbox 185 1026 975 1075">
     <span class='ocr_line' id='line_1_23' title="bbox 185 1026 975 1075; baseline 0.02 -22"><span class='ocrx_word' id='word_1_157' title='bbox 185 1026 221 1054; x_wconf 86' lang='lat' dir='ltr'><strong>ita</strong></span> <span class='ocrx_word' id='word_1_158' title='bbox 234 1027 333 1061; x_wconf 78' lang='lat' dir='ltr'><strong>dicam,</strong></span> <span class='ocrx_word' id='word_1_159' title='bbox 351 1035 391 1057; x_wconf 86' lang='lat' dir='ltr'><strong>est</strong></span> <span class='ocrx_word' id='word_1_160' title='bbox 407 1031 447 1058; x_wconf 89' lang='lat' dir='ltr'><strong>vir</strong></span> <span class='ocrx_word' id='word_1_161' title='bbox 461 1037 573 1061; x_wconf 86' lang='lat' dir='ltr'><strong>sanctus</strong></span> <span class='ocrx_word' id='word_1_162' title='bbox 593 1039 619 1062; x_wconf 89' lang='lat' dir='ltr'><strong>et</strong></span> <span class='ocrx_word' id='word_1_163' title='bbox 640 1036 801 1071; x_wconf 85' lang='lat' dir='ltr'><strong>spiritualis,</strong></span> <span class='ocrx_word' id='word_1_164' title='bbox 824 1026 940 1075; x_wconf 81' lang='lat' dir='ltr'><strong>scligcns</strong></span> <span class='ocrx_word' id='word_1_165' title='bbox 960 1049 975 1069; x_wconf 90' lang='lat' dir='ltr'><strong>e</strong></span> 
     </span>
    </p>
   </div>
   <div class='ocr_carea' id='block_1_24' title="bbox 183 1073 974 1119">
    <p class='ocr_par' dir='ltr' id='par_1_24' title="bbox 183 1073 974 1119">
     <span class='ocr_line' id='line_1_24' title="bbox 183 1073 974 1119; baseline 0.021 -21"><span class='ocrx_word' id='word_1_166' title='bbox 183 1073 271 1101; x_wconf 80' lang='lat' dir='ltr'><strong>sacris</strong></span> <span class='ocrx_word' id='word_1_167' title='bbox 291 1073 440 1110; x_wconf 81' lang='lat' dir='ltr'><strong>Scripturis</strong></span> <span class='ocrx_word' id='word_1_168' title='bbox 462 1079 601 1112; x_wconf 85' lang='lat' dir='ltr'><strong>quodlibet</strong></span> <span class='ocrx_word' id='word_1_169' title='bbox 625 1081 694 1112; x_wconf 72' lang='lat' dir='ltr'><strong>iota.</strong></span> <span class='ocrx_word' id='word_1_170' title='bbox 720 1088 746 1110; x_wconf 90' lang='lat' dir='ltr'><strong>ct</strong></span> <span class='ocrx_word' id='word_1_171' title='bbox 765 1073 905 1119; x_wconf 73' lang='lat' dir='ltr'><strong>quodlibet</strong></span> <span class='ocrx_word' id='word_1_172' title='bbox 925 1088 974 1114; x_wconf 83' lang='lat' dir='ltr'><strong>ob-</strong></span> 
     </span>
    </p>
   </div>
   <div class='ocr_carea' id='block_1_25' title="bbox 183 1118 974 1160">
    <p class='ocr_par' dir='ltr' id='par_1_25' title="bbox 183 1118 974 1160">
     <span class='ocr_line' id='line_1_25' title="bbox 183 1118 974 1160; baseline 0.02 -16"><span class='ocrx_word' id='word_1_173' title='bbox 183 1118 257 1146; x_wconf 82' lang='lat' dir='ltr'><strong>vium</strong></span> <span class='ocrx_word' id='word_1_174' title='bbox 273 1120 447 1157; x_wconf 78' lang='lat' dir='ltr'><strong>elementum,</strong></span> <span class='ocrx_word' id='word_1_175' title='bbox 463 1129 490 1151; x_wconf 89' lang='lat' dir='ltr'><strong>ct</strong></span> <span class='ocrx_word' id='word_1_176' title='bbox 513 1125 609 1154; x_wconf 79' lang='lat' dir='ltr'><strong>littera:</strong></span> <span class='ocrx_word' id='word_1_177' title='bbox 632 1129 758 1157; x_wconf 73' lang='lat' dir='ltr'><strong>virtutem</strong></span> <span class='ocrx_word' id='word_1_178' title='bbox 786 1131 926 1160; x_wconf 78' lang='lat' dir='ltr'><strong>inveniens</strong></span> <span class='ocrx_word' id='word_1_179' title='bbox 947 1138 974 1160; x_wconf 85' lang='lat' dir='ltr'><strong>et</strong></span> 
     </span>
    </p>
   </div>
   <div class='ocr_carea' id='block_1_26' title="bbox 181 1166 972 1209">
    <p class='ocr_par' dir='ltr' id='par_1_26' title="bbox 181 1166 972 1209">
     <span class='ocr_line' id='line_1_26' title="bbox 181 1166 972 1209; baseline 0.019 -18"><span class='ocrx_word' id='word_1_180' title='bbox 181 1172 262 1199; x_wconf 87' lang='lat' dir='ltr'><strong>quem</strong></span> <span class='ocrx_word' id='word_1_181' title='bbox 285 1166 319 1194; x_wconf 82' lang='lat' dir='ltr'><strong>ad</strong></span> <span class='ocrx_word' id='word_1_182' title='bbox 342 1175 420 1196; x_wconf 88' lang='lat' dir='ltr'><strong>usum</strong></span> <span class='ocrx_word' id='word_1_183' title='bbox 445 1172 647 1200; x_wconf 87' lang='lat' dir='ltr'><strong>accommodari</strong></span> <span class='ocrx_word' id='word_1_184' title='bbox 677 1175 780 1209; x_wconf 87' lang='lat' dir='ltr'><strong>possit,</strong></span> <span class='ocrx_word' id='word_1_185' title='bbox 805 1181 832 1204; x_wconf 84' lang='lat' dir='ltr'><strong>ct</strong></span> <span class='ocrx_word' id='word_1_186' title='bbox 855 1178 924 1205; x_wconf 87' lang='lat' dir='ltr'><strong>nihil</strong></span> <span class='ocrx_word' id='word_1_187' title='bbox 947 1179 972 1206; x_wconf 93' lang='lat' dir='ltr'><strong>iu</strong></span> 
     </span>
    </p>
   </div>
   <div class='ocr_carea' id='block_1_27' title="bbox 183 1210 974 1252">
    <p class='ocr_par' dir='ltr' id='par_1_27' title="bbox 183 1210 974 1252">
     <span class='ocr_line' id='line_1_27' title="bbox 183 1210 974 1252; baseline 0.019 -15"><span class='ocrx_word' id='word_1_188' title='bbox 183 1210 331 1247; x_wconf 84' lang='lat' dir='ltr'><strong>Seripturis</strong></span> <span class='ocrx_word' id='word_1_189' title='bbox 343 1221 576 1249; x_wconf 81' lang='lat' dir='ltr'><strong>supervacaneum</strong></span> <span class='ocrx_word' id='word_1_190' title='bbox 589 1226 658 1247; x_wconf 88' lang='lat' dir='ltr'><strong>esse.</strong></span> <span class='ocrx_word' id='word_1_191' title='bbox 673 1220 700 1248; x_wconf 87' lang='lat' dir='ltr'><strong>Si</strong></span> <span class='ocrx_word' id='word_1_192' title='bbox 714 1225 741 1248; x_wconf 86' lang='lat' dir='ltr'><strong>et</strong></span> <span class='ocrx_word' id='word_1_193' title='bbox 752 1221 866 1250; x_wconf 86' lang='lat' dir='ltr'><strong>alterum</strong></span> <span class='ocrx_word' id='word_1_194' title='bbox 877 1224 974 1252; x_wconf 84' lang='lat' dir='ltr'><strong>audire</strong></span> 
     </span>
    </p>
   </div>
   <div class='ocr_carea' id='block_1_28' title="bbox 181 1256 972 1300">
    <p class='ocr_par' dir='ltr' id='par_1_28' title="bbox 181 1256 972 1300">
     <span class='ocr_line' id='line_1_28' title="bbox 181 1256 972 1300; baseline 0.018 -17"><span class='ocrx_word' id='word_1_195' title='bbox 181 1256 223 1284; x_wconf 84' lang='lat' dir='ltr'><strong>vis</strong></span> <span class='ocrx_word' id='word_1_196' title='bbox 247 1257 330 1293; x_wconf 87' lang='lat' dir='ltr'><strong>hujus</strong></span> <span class='ocrx_word' id='word_1_197' title='bbox 353 1261 391 1288; x_wconf 90' lang='lat' dir='ltr'><strong>rei</strong></span> <span class='ocrx_word' id='word_1_198' title='bbox 412 1263 582 1298; x_wconf 83' lang='lat' dir='ltr'><strong>exemplum,</strong></span> <span class='ocrx_word' id='word_1_199' title='bbox 605 1265 711 1300; x_wconf 77' lang='lat' dir='ltr'><strong>singula</strong></span> <span class='ocrx_word' id='word_1_200' title='bbox 737 1267 861 1296; x_wconf 85' lang='lat' dir='ltr'><strong>membra</strong></span> <span class='ocrx_word' id='word_1_201' title='bbox 887 1270 972 1297; x_wconf 88' lang='lat' dir='ltr'><strong>nostri</strong></span> 
     </span>
    </p>
   </div>
   <div class='ocr_carea' id='block_1_29' title="bbox 181 1305 973 1348">
    <p class='ocr_par' dir='ltr' id='par_1_29' title="bbox 181 1305 973 1348">
     <span class='ocr_line' id='line_1_29' title="bbox 181 1305 973 1348; baseline 0.019 -19"><span class='ocrx_word' id='word_1_202' title='bbox 181 1305 304 1338; x_wconf 85' lang='lat' dir='ltr'><strong>corporis</strong></span> <span class='ocrx_word' id='word_1_203' title='bbox 325 1306 359 1333; x_wconf 82' lang='lat' dir='ltr'><strong>ad</strong></span> <span class='ocrx_word' id='word_1_204' title='bbox 382 1314 452 1341; x_wconf 85' lang='lat' dir='ltr'><strong>opus</strong></span> <span class='ocrx_word' id='word_1_205' title='bbox 476 1309 587 1345; x_wconf 86' lang='lat' dir='ltr'><strong>aliquod</strong></span> <span class='ocrx_word' id='word_1_206' title='bbox 610 1312 644 1339; x_wconf 87' lang='lat' dir='ltr'><strong>ab</strong></span> <span class='ocrx_word' id='word_1_207' title='bbox 668 1313 765 1348; x_wconf 88' lang='lat' dir='ltr'><strong>opilice</strong></span> <span class='ocrx_word' id='word_1_208' title='bbox 784 1314 839 1342; x_wconf 90' lang='lat' dir='ltr'><strong>Deo</strong></span> <span class='ocrx_word' id='word_1_209' title='bbox 862 1317 973 1344; x_wconf 84' lang='lat' dir='ltr'><strong>condita</strong></span> 
     </span>
    </p>
   </div>
   <div class='ocr_carea' id='block_1_30' title="bbox 180 1352 971 1397">
    <p class='ocr_par' dir='ltr' id='par_1_30' title="bbox 180 1352 971 1397">
     <span class='ocr_line' id='line_1_30' title="bbox 180 1352 971 1397; baseline 0.019 -21"><span class='ocrx_word' id='word_1_210' title='bbox 180 1354 261 1384; x_wconf 80' lang='lat' dir='ltr'><strong>sunt;</strong></span> <span class='ocrx_word' id='word_1_211' title='bbox 280 1352 327 1379; x_wconf 89' lang='lat' dir='ltr'><strong>sed</strong></span> <span class='ocrx_word' id='word_1_212' title='bbox 349 1361 403 1380; x_wconf 92' lang='lat' dir='ltr'><strong>non</strong></span> <span class='ocrx_word' id='word_1_213' title='bbox 430 1359 472 1383; x_wconf 80' lang='lat' dir='ltr'><strong>est</strong></span> <span class='ocrx_word' id='word_1_214' title='bbox 493 1357 616 1385; x_wconf 90' lang='lat' dir='ltr'><strong>omnium</strong></span> <span class='ocrx_word' id='word_1_215' title='bbox 636 1359 706 1387; x_wconf 88' lang='lat' dir='ltr'><strong>scire</strong></span> <span class='ocrx_word' id='word_1_216' title='bbox 720 1369 781 1396; x_wconf 60' lang='lat' dir='ltr'><strong>quae</strong></span> <span class='ocrx_word' id='word_1_217' title='bbox 800 1362 971 1397; x_wconf 81' lang='lat' dir='ltr'><strong>singulorum</strong></span> 
     </span>
    </p>
   </div>
   <div class='ocr_carea' id='block_1_31' title="bbox 181 1396 972 1443">
    <p class='ocr_par' dir='ltr' id='par_1_31' title="bbox 181 1396 972 1443">
     <span class='ocr_line' id='line_1_31' title="bbox 181 1396 972 1443; baseline 0.02 -22"><span class='ocrx_word' id='word_1_218' title='bbox 181 1396 215 1422; x_wconf 86' lang='lat' dir='ltr'><strong>ad</strong></span> <span class='ocrx_word' id='word_1_219' title='bbox 228 1396 444 1427; x_wconf 86' lang='lat' dir='ltr'><strong>minutissimum</strong></span> <span class='ocrx_word' id='word_1_220' title='bbox 460 1403 588 1438; x_wconf 87' lang='lat' dir='ltr'><strong>quodque</strong></span> <span class='ocrx_word' id='word_1_221' title='bbox 601 1408 721 1439; x_wconf 86' lang='lat' dir='ltr'><strong>potestas</strong></span> <span class='ocrx_word' id='word_1_222' title='bbox 737 1412 763 1434; x_wconf 89' lang='lat' dir='ltr'><strong>et</strong></span> <span class='ocrx_word' id='word_1_223' title='bbox 778 1396 901 1436; x_wconf 23' lang='lat' dir='ltr'><strong>ususisit.</strong></span> <span class='ocrx_word' id='word_1_224' title='bbox 919 1409 972 1443; x_wconf 87' lang='lat' dir='ltr'><strong>Qui</strong></span> 
     </span>
    </p>
   </div>
   <div class='ocr_carea' id='block_1_32' title="bbox 180 1442 971 1490">
    <p class='ocr_par' dir='ltr' id='par_1_32' title="bbox 180 1442 971 1490">
     <span class='ocr_line' id='line_1_32' title="bbox 180 1442 971 1490; baseline 0.02 -23"><span class='ocrx_word' id='word_1_225' title='bbox 180 1442 254 1469; x_wconf 85' lang='lat' dir='ltr'><strong>cuitu</strong></span> <span class='ocrx_word' id='word_1_226' title='bbox 268 1443 295 1470; x_wconf 91' lang='lat' dir='ltr'><strong>in</strong></span> <span class='ocrx_word' id='word_1_227' title='bbox 309 1446 470 1479; x_wconf 86' lang='lat' dir='ltr'><strong>corporibus</strong></span> <span class='ocrx_word' id='word_1_228' title='bbox 485 1448 655 1478; x_wconf 86' lang='lat' dir='ltr'><strong>dissecandis</strong></span> <span class='ocrx_word' id='word_1_229' title='bbox 668 1457 839 1487; x_wconf 83' lang='lat' dir='ltr'><strong>occupantur</strong></span> <span class='ocrx_word' id='word_1_230' title='bbox 861 1456 971 1490; x_wconf 84' lang='lat' dir='ltr'><strong>medici,</strong></span> 
     </span>
    </p>
   </div>
   <div class='ocr_carea' id='block_1_33' title="bbox 181 1488 970 1534">
    <p class='ocr_par' dir='ltr' id='par_1_33' title="bbox 181 1488 970 1534">
     <span class='ocr_line' id='line_1_33' title="bbox 181 1488 970 1534; baseline 0.02 -20"><span class='ocrx_word' id='word_1_231' title='bbox 181 1488 273 1517; x_wconf 88' lang='lat' dir='ltr'><strong>dicere</strong></span> <span class='ocrx_word' id='word_1_232' title='bbox 293 1490 350 1519; x_wconf 63' lang='lat' dir='ltr'><strong>haec</strong></span> <span class='ocrx_word' id='word_1_233' title='bbox 365 1492 502 1528; x_wconf 79' lang='lat' dir='ltr'><strong>sigillatim</strong></span> <span class='ocrx_word' id='word_1_234' title='bbox 526 1501 658 1530; x_wconf 87' lang='lat' dir='ltr'><strong>possunt,</strong></span> <span class='ocrx_word' id='word_1_235' title='bbox 683 1503 710 1525; x_wconf 86' lang='lat' dir='ltr'><strong>et</strong></span> <span class='ocrx_word' id='word_1_236' title='bbox 732 1507 813 1534; x_wconf 83' lang='lat' dir='ltr'><strong>quem</strong></span> <span class='ocrx_word' id='word_1_237' title='bbox 833 1501 866 1528; x_wconf 84' lang='lat' dir='ltr'><strong>ad</strong></span> <span class='ocrx_word' id='word_1_238' title='bbox 892 1488 970 1530; x_wconf 83' lang='lat' dir='ltr'><strong>usum</strong></span> 
     </span>
    </p>
   </div>
   <div class='ocr_carea' id='block_1_34' title="bbox 180 1535 969 1576">
    <p class='ocr_par' dir='ltr' id='par_1_34' title="bbox 180 1535 969 1576">
     <span class='ocr_line' id='line_1_34' title="bbox 180 1535 969 1576; baseline 0.019 -15"><span class='ocrx_word' id='word_1_239' title='bbox 180 1535 293 1563; x_wconf 80' lang='lat' dir='ltr'><strong>minima</strong></span> <span class='ocrx_word' id='word_1_240' title='bbox 318 1545 381 1573; x_wconf 77' lang='lat' dir='ltr'><strong>pars</strong></span> <span class='ocrx_word' id='word_1_241' title='bbox 407 1541 532 1574; x_wconf 77' lang='lat' dir='ltr'><strong>corporis</strong></span> <span class='ocrx_word' id='word_1_242' title='bbox 559 1549 574 1569; x_wconf 87' lang='lat' dir='ltr'><strong>a</strong></span> <span class='ocrx_word' id='word_1_243' title='bbox 600 1542 772 1572; x_wconf 80' lang='lat' dir='ltr'><strong>Providentia</strong></span> <span class='ocrx_word' id='word_1_244' title='bbox 804 1546 897 1574; x_wconf 81' lang='lat' dir='ltr'><strong>cll‘ccta</strong></span> <span class='ocrx_word' id='word_1_245' title='bbox 923 1549 969 1576; x_wconf 86' lang='lat' dir='ltr'><strong>sit.</strong></span> 
     </span>
    </p>
   </div>
   <div class='ocr_carea' id='block_1_35' title="bbox 179 1581 970 1626">
    <p class='ocr_par' dir='ltr' id='par_1_35' title="bbox 179 1581 970 1626">
     <span class='ocr_line' id='line_1_35' title="bbox 179 1581 970 1626; baseline 0.016 -18"><span class='ocrx_word' id='word_1_246' title='bbox 179 1581 328 1610; x_wconf 85' lang='lat' dir='ltr'><strong>Considera</strong></span> <span class='ocrx_word' id='word_1_247' title='bbox 344 1584 435 1620; x_wconf 86' lang='lat' dir='ltr'><strong>itaque</strong></span> <span class='ocrx_word' id='word_1_248' title='bbox 455 1585 610 1621; x_wconf 75' lang='lat' dir='ltr'><strong>Scripturas</strong></span> <span class='ocrx_word' id='word_1_249' title='bbox 626 1589 660 1616; x_wconf 86' lang='lat' dir='ltr'><strong>ad</strong></span> <span class='ocrx_word' id='word_1_250' title='bbox 685 1589 758 1618; x_wconf 88' lang='lat' dir='ltr'><strong>hunc</strong></span> <span class='ocrx_word' id='word_1_251' title='bbox 775 1592 897 1626; x_wconf 85' lang='lat' dir='ltr'><strong>modum,</strong></span> <span class='ocrx_word' id='word_1_252' title='bbox 911 1599 970 1622; x_wconf 83' lang='lat' dir='ltr'><strong>tart-</strong></span> 
     </span>
    </p>
   </div>
   <div class='ocr_carea' id='block_1_36' title="bbox 179 1631 970 1671">
    <p class='ocr_par' dir='ltr' id='par_1_36' title="bbox 179 1631 970 1671">
     <span class='ocr_line' id='line_1_36' title="bbox 179 1631 970 1671; baseline 0.018 -18"><span class='ocrx_word' id='word_1_253' title='bbox 179 1635 262 1661; x_wconf 86' lang='lat' dir='ltr'><strong>quam</strong></span> <span class='ocrx_word' id='word_1_254' title='bbox 281 1637 376 1657; x_wconf 78' lang='lat' dir='ltr'><strong>omncs</strong></span> <span class='ocrx_word' id='word_1_255' title='bbox 391 1631 481 1659; x_wconf 78' lang='lat' dir='ltr'><strong>herba:</strong></span> <span class='ocrx_word' id='word_1_256' title='bbox 495 1633 559 1665; x_wconf 83' lang='lat' dir='ltr'><strong>sint,</strong></span> <span class='ocrx_word' id='word_1_257' title='bbox 574 1639 622 1661; x_wconf 81' lang='lat' dir='ltr'><strong>aut</strong></span> <span class='ocrx_word' id='word_1_258' title='bbox 639 1643 722 1662; x_wconf 90' lang='lat' dir='ltr'><strong>unum</strong></span> <span class='ocrx_word' id='word_1_259' title='bbox 739 1637 888 1671; x_wconf 83' lang='lat' dir='ltr'><strong>perfectum</strong></span> <span class='ocrx_word' id='word_1_260' title='bbox 907 1647 970 1667; x_wconf 89' lang='lat' dir='ltr'><strong>ora-</strong></span> 
     </span>
    </p>
   </div>
   <div class='ocr_carea' id='block_1_37' title="bbox 984 1566 1006 1596">
    <p class='ocr_par' dir='ltr' id='par_1_37' title="bbox 984 1566 1006 1596">
     <span class='ocr_line' id='line_1_37' title="bbox 984 1566 1006 1596; baseline 0 0"><span class='ocrx_word' id='word_1_261' title='bbox 984 1566 1006 1596; x_wconf 78' lang='grc' dir='ltr'><strong>ϐ</strong></span> 
     </span>
    </p>
   </div>
   <div class='ocr_carea' id='block_1_38' title="bbox 1029 252 1818 294">
    <p class='ocr_par' dir='ltr' id='par_1_38' title="bbox 1029 252 1818 294">
     <span class='ocr_line' id='line_1_38' title="bbox 1029 252 1818 294; baseline 0.009 -16"><span class='ocrx_word' id='word_1_262' title='bbox 1029 252 1077 279; x_wconf 84' lang='grc' dir='ltr'><strong>τοῦ</strong></span> <span class='ocrx_word' id='word_1_263' title='bbox 1093 253 1227 288; x_wconf 85' lang='grc' dir='ltr'><strong>στόματος</strong></span> <span class='ocrx_word' id='word_1_264' title='bbox 1239 253 1316 289; x_wconf 80' lang='grc' dir='ltr'><strong>ἡμῶν</strong></span> <span class='ocrx_word' id='word_1_265' title='bbox 1339 255 1426 281; x_wconf 83' lang='grc' dir='ltr'>ποιεῖν</span> <span class='ocrx_word' id='word_1_266' title='bbox 1450 253 1616 291; x_wconf 78' lang='grc' dir='ltr'><strong>ἐργάζεσθαι</strong></span> <span class='ocrx_word' id='word_1_267' title='bbox 1636 258 1684 284; x_wconf 85' lang='grc' dir='ltr'><strong>καὶ</strong></span> <span class='ocrx_word' id='word_1_268' title='bbox 1707 258 1736 285; x_wconf 83' lang='grc' dir='ltr'><strong>ὲν</strong></span> <span class='ocrx_word' id='word_1_269' title='bbox 1759 259 1818 294; x_wconf 69' lang='grc' dir='ltr'><strong>ἡμῖν</strong></span> 
     </span>
    </p>
   </div>
   <div class='ocr_carea' id='block_1_39' title="bbox 1030 299 1818 341">
    <p class='ocr_par' dir='ltr' id='par_1_39' title="bbox 1030 299 1818 341">
     <span class='ocr_line' id='line_1_39' title="bbox 1030 299 1818 341; baseline 0.009 -16"><span class='ocrx_word' id='word_1_270' title='bbox 1030 300 1086 331; x_wconf 76' lang='grc' dir='ltr'><strong>τοῖς</strong></span> <span class='ocrx_word' id='word_1_271' title='bbox 1098 299 1207 333; x_wconf 88' lang='grc' dir='ltr'><strong>λέγουσι</strong></span> <span class='ocrx_word' id='word_1_272' title='bbox 1219 301 1266 327; x_wconf 75' lang='grc' dir='ltr'><strong>καὶ</strong></span> <span class='ocrx_word' id='word_1_273' title='bbox 1276 300 1306 327; x_wconf 81' lang='grc' dir='ltr'><strong>ὲν</strong></span> <span class='ocrx_word' id='word_1_274' title='bbox 1321 302 1377 333; x_wconf 83' lang='grc' dir='ltr'><strong>τοῖς</strong></span> <span class='ocrx_word' id='word_1_275' title='bbox 1393 301 1522 328; x_wconf 83' lang='grc' dir='ltr'><strong>ἀκούουσι</strong></span> <span class='ocrx_word' id='word_1_276' title='bbox 1532 310 1540 318; x_wconf 82' lang='grc' dir='ltr'><strong>ο</strong></span> <span class='ocrx_word' id='word_1_277' title='bbox 1557 302 1583 328; x_wconf 86' lang='grc' dir='ltr'><strong>τί</strong></span> <span class='ocrx_word' id='word_1_278' title='bbox 1596 303 1650 339; x_wconf 83' lang='grc' dir='ltr'><strong>χρὴ</strong></span> <span class='ocrx_word' id='word_1_279' title='bbox 1668 305 1739 331; x_wconf 81' lang='grc' dir='ltr'><strong>νοεῖν</strong></span> <span class='ocrx_word' id='word_1_280' title='bbox 1761 307 1818 341; x_wconf 82' lang='grc' dir='ltr'><strong>περὶ</strong></span> 
     </span>
    </p>
   </div>
   <div class='ocr_carea' id='block_1_40' title="bbox 1030 344 1819 386">
    <p class='ocr_par' dir='ltr' id='par_1_40' title="bbox 1030 344 1819 386">
     <span class='ocr_line' id='line_1_40' title="bbox 1030 344 1819 386; baseline 0.008 -15"><span class='ocrx_word' id='word_1_281' title='bbox 1030 344 1084 371; x_wconf 83' lang='grc' dir='ltr'><strong>τῶν</strong></span> <span class='ocrx_word' id='word_1_282' title='bbox 1099 345 1257 380; x_wconf 76' lang='grc' dir='ltr'><strong>προφητῶν,</strong></span> <span class='ocrx_word' id='word_1_283' title='bbox 1272 346 1288 381; x_wconf 82' lang='grc' dir='ltr'>ἢ</span> <span class='ocrx_word' id='word_1_284' title='bbox 1302 346 1343 373; x_wconf 79' lang='grc' dir='ltr'><strong>ὅτι</strong></span> <span class='ocrx_word' id='word_1_285' title='bbox 1359 347 1412 373; x_wconf 75' lang='grc' dir='ltr'><strong>πᾶν</strong></span> <span class='ocrx_word' id='word_1_286' title='bbox 1431 347 1507 383; x_wconf 81' lang='grc' dir='ltr'><strong>ῥῆμα</strong></span> <span class='ocrx_word' id='word_1_287' title='bbox 1522 347 1637 384; x_wconf 82' lang='grc' dir='ltr'><strong>λαληθὲν</strong></span> <span class='ocrx_word' id='word_1_288' title='bbox 1659 349 1704 376; x_wconf 78' lang='grc' dir='ltr'><strong>διὰ</strong></span> <span class='ocrx_word' id='word_1_289' title='bbox 1725 351 1819 386; x_wconf 72' lang='grc' dir='ltr'><strong>στόμα-</strong></span> 
     </span>
    </p>
   </div>
   <div class='ocr_carea' id='block_1_41' title="bbox 1029 390 1819 431">
    <p class='ocr_par' dir='ltr' id='par_1_41' title="bbox 1029 390 1819 431">
     <span class='ocr_line' id='line_1_41' title="bbox 1029 390 1819 431; baseline 0.01 -15"><span class='ocrx_word' id='word_1_290' title='bbox 1029 399 1075 422; x_wconf 83' lang='grc' dir='ltr'><strong>τος</strong></span> <span class='ocrx_word' id='word_1_291' title='bbox 1090 391 1179 418; x_wconf 83' lang='grc' dir='ltr'><strong>αὐτῶν</strong></span> <span class='ocrx_word' id='word_1_292' title='bbox 1193 392 1339 428; x_wconf 64' lang='grc' dir='ltr'><strong>ἑργατικδν</strong></span> <span class='ocrx_word' id='word_1_293' title='bbox 1359 390 1393 428; x_wconf 81' lang='grc' dir='ltr'><strong>ἦν</strong></span> <span class='ocrx_word' id='word_1_294' title='bbox 1406 401 1413 426; x_wconf 90' lang='grc'><strong>;</strong></span> <span class='ocrx_word' id='word_1_295' title='bbox 1435 394 1490 420; x_wconf 75' lang='grc' dir='ltr'><strong>Καὶ</strong></span> <span class='ocrx_word' id='word_1_296' title='bbox 1505 393 1535 420; x_wconf 84' lang='grc' dir='ltr'><strong>οὐ</strong></span> <span class='ocrx_word' id='word_1_297' title='bbox 1551 394 1708 431; x_wconf 84' lang='grc' dir='ltr'><strong>θαυμαστὸν</strong></span> <span class='ocrx_word' id='word_1_298' title='bbox 1727 397 1752 423; x_wconf 83' lang='grc' dir='ltr'><strong>εί</strong></span> <span class='ocrx_word' id='word_1_299' title='bbox 1771 398 1819 424; x_wconf 71' lang='grc' dir='ltr'><strong>πᾶν</strong></span> 
     </span>
    </p>
   </div>
   <div class='ocr_carea' id='block_1_42' title="bbox 1031 436 1818 477">
    <p class='ocr_par' dir='ltr' id='par_1_42' title="bbox 1031 436 1818 477">
     <span class='ocr_line' id='line_1_42' title="bbox 1031 436 1818 477; baseline 0.01 -15"><span class='ocrx_word' id='word_1_300' title='bbox 1031 436 1108 472; x_wconf 81' lang='grc' dir='ltr'><strong>ῥῆμα</strong></span> <span class='ocrx_word' id='word_1_301' title='bbox 1125 437 1155 463; x_wconf 83' lang='grc' dir='ltr'><strong>τὸ</strong></span> <span class='ocrx_word' id='word_1_302' title='bbox 1179 436 1344 473; x_wconf 83' lang='grc' dir='ltr'><strong>λαλούμενον</strong></span> <span class='ocrx_word' id='word_1_303' title='bbox 1359 438 1412 465; x_wconf 82' lang='grc' dir='ltr'><strong>ὑπὸ</strong></span> <span class='ocrx_word' id='word_1_304' title='bbox 1430 439 1484 466; x_wconf 83' lang='grc' dir='ltr'><strong>τῶν</strong></span> <span class='ocrx_word' id='word_1_305' title='bbox 1509 440 1656 476; x_wconf 78' lang='grc' dir='ltr'><strong>προφητῶν</strong></span> <span class='ocrx_word' id='word_1_306' title='bbox 1682 443 1818 477; x_wconf 78' lang='grc' dir='ltr'><strong>εἰργάζετο</strong></span> 
     </span>
    </p>
   </div>
   <div class='ocr_carea' id='block_1_43' title="bbox 1029 483 1819 523">
    <p class='ocr_par' dir='ltr' id='par_1_43' title="bbox 1029 483 1819 523">
     <span class='ocr_line' id='line_1_43' title="bbox 1029 483 1819 523; baseline 0.009 -14"><span class='ocrx_word' id='word_1_307' title='bbox 1029 483 1109 519; x_wconf 78' lang='grc' dir='ltr'><strong>ἔργον</strong></span> <span class='ocrx_word' id='word_1_308' title='bbox 1127 483 1156 511; x_wconf 81' lang='grc' dir='ltr'><strong>τὸ</strong></span> <span class='ocrx_word' id='word_1_309' title='bbox 1174 484 1280 520; x_wconf 85' lang='grc' dir='ltr'><strong>πρέπον</strong></span> <span class='ocrx_word' id='word_1_310' title='bbox 1298 486 1419 521; x_wconf 74' lang='grc' dir='ltr'><strong>ῥήματι·</strong></span> <span class='ocrx_word' id='word_1_311' title='bbox 1449 486 1517 513; x_wconf 83' lang='grc' dir='ltr'><strong>ἀλλὰ</strong></span> <span class='ocrx_word' id='word_1_312' title='bbox 1531 486 1585 522; x_wconf 83' lang='grc' dir='ltr'><strong>γὰρ</strong></span> <span class='ocrx_word' id='word_1_313' title='bbox 1601 485 1688 523; x_wconf 79' lang='grc' dir='ltr'><strong>οἶμαι,</strong></span> <span class='ocrx_word' id='word_1_314' title='bbox 1711 489 1752 515; x_wconf 82' lang='grc' dir='ltr'><strong>ὅτι</strong></span> <span class='ocrx_word' id='word_1_315' title='bbox 1777 490 1819 516; x_wconf 70' lang='grc' dir='ltr'><strong>καὶ</strong></span> 
     </span>
    </p>
   </div>
   <div class='ocr_carea' id='block_1_44' title="bbox 1029 530 1817 568">
    <p class='ocr_par' dir='ltr' id='par_1_44' title="bbox 1029 530 1817 568">
     <span class='ocr_line' id='line_1_44' title="bbox 1029 530 1817 568; baseline 0.008 -12"><span class='ocrx_word' id='word_1_316' title='bbox 1029 531 1082 556; x_wconf 83' lang='grc' dir='ltr'><strong>πᾶν</strong></span> <span class='ocrx_word' id='word_1_317' title='bbox 1095 530 1246 565; x_wconf 84' lang='grc' dir='ltr'><strong>θαυμάσιον</strong></span> <span class='ocrx_word' id='word_1_318' title='bbox 1260 531 1378 567; x_wconf 77' lang='grc' dir='ltr'><strong>γράμμα</strong></span> <span class='ocrx_word' id='word_1_319' title='bbox 1391 532 1421 559; x_wconf 88' lang='grc' dir='ltr'><strong>τδ</strong></span> <span class='ocrx_word' id='word_1_320' title='bbox 1437 533 1629 568; x_wconf 82' lang='grc' dir='ltr'><strong>γεγραμμένον</strong></span> <span class='ocrx_word' id='word_1_321' title='bbox 1649 535 1680 561; x_wconf 80' lang='grc' dir='ltr'><strong>ὲν</strong></span> <span class='ocrx_word' id='word_1_322' title='bbox 1703 537 1759 568; x_wconf 85' lang='grc' dir='ltr'><strong>τοῖς</strong></span> <span class='ocrx_word' id='word_1_323' title='bbox 1779 536 1817 562; x_wconf 84' lang='grc' dir='ltr'><strong>λο-</strong></span> 
     </span>
    </p>
   </div>
   <div class='ocr_carea' id='block_1_45' title="bbox 1028 575 1817 618">
    <p class='ocr_par' dir='ltr' id='par_1_45' title="bbox 1028 575 1817 618">
     <span class='ocr_line' id='line_1_45' title="bbox 1028 575 1817 618; baseline 0.009 -16"><span class='ocrx_word' id='word_1_324' title='bbox 1028 575 1098 610; x_wconf 82' lang='grc' dir='ltr'><strong>γίοις</strong></span> <span class='ocrx_word' id='word_1_325' title='bbox 1108 576 1155 603; x_wconf 83' lang='grc' dir='ltr'><strong>τοῦ</strong></span> <span class='ocrx_word' id='word_1_326' title='bbox 1168 576 1235 603; x_wconf 84' lang='grc' dir='ltr'><strong>Θεοῦ</strong></span> <span class='ocrx_word' id='word_1_327' title='bbox 1248 577 1412 613; x_wconf 66' lang='grc' dir='ltr'><strong>έργάξεταν</strong></span> <span class='ocrx_word' id='word_1_328' title='bbox 1429 579 1477 605; x_wconf 82' lang='grc' dir='ltr'><strong>καὶ</strong></span> <span class='ocrx_word' id='word_1_329' title='bbox 1498 580 1548 606; x_wconf 76' lang='grc' dir='ltr'><strong>οὐκ</strong></span> <span class='ocrx_word' id='word_1_330' title='bbox 1569 579 1643 607; x_wconf 79' lang='grc' dir='ltr'><strong>ἔστιν</strong></span> <span class='ocrx_word' id='word_1_331' title='bbox 1663 581 1729 608; x_wconf 81' lang='grc' dir='ltr'><strong>ἰῶτα</strong></span> <span class='ocrx_word' id='word_1_332' title='bbox 1750 582 1788 614; x_wconf 80' lang='grc' dir='ltr'><strong>ἒν,</strong></span> <span class='ocrx_word' id='word_1_333' title='bbox 1803 583 1817 618; x_wconf 78' lang='grc' dir='ltr'>ἦ</span> 
     </span>
    </p>
   </div>
   <div class='ocr_carea' id='block_1_46' title="bbox 1029 621 1818 662">
    <p class='ocr_par' dir='ltr' id='par_1_46' title="bbox 1029 621 1818 662">
     <span class='ocr_line' id='line_1_46' title="bbox 1029 621 1818 662; baseline 0.01 -15"><span class='ocrx_word' id='word_1_334' title='bbox 1029 621 1078 656; x_wconf 86' lang='grc' dir='ltr'><strong>μία</strong></span> <span class='ocrx_word' id='word_1_335' title='bbox 1090 622 1188 658; x_wconf 84' lang='grc' dir='ltr'><strong>κεραία</strong></span> <span class='ocrx_word' id='word_1_336' title='bbox 1202 624 1384 660; x_wconf 79' lang='grc' dir='ltr'><strong>γεγραμμένη</strong></span> <span class='ocrx_word' id='word_1_337' title='bbox 1401 625 1430 651; x_wconf 82' lang='grc' dir='ltr'><strong>ὲν</strong></span> <span class='ocrx_word' id='word_1_338' title='bbox 1444 626 1477 661; x_wconf 88' lang='grc' dir='ltr'><strong>τῇ</strong></span> <span class='ocrx_word' id='word_1_339' title='bbox 1495 626 1602 662; x_wconf 77' lang='grc' dir='ltr'><strong>Γραφῇ,</strong></span> <span class='ocrx_word' id='word_1_340' title='bbox 1618 627 1680 662; x_wconf 76' lang='grc' dir='ltr'><strong>ἣτις</strong></span> <span class='ocrx_word' id='word_1_341' title='bbox 1696 630 1752 660; x_wconf 78' lang='grc' dir='ltr'><strong>τοῖς</strong></span> <span class='ocrx_word' id='word_1_342' title='bbox 1763 629 1818 655; x_wconf 79' lang='grc' dir='ltr'><strong>ἐπι-</strong></span> 
     </span>
    </p>
   </div>
   <div class='ocr_carea' id='block_1_47' title="bbox 1028 668 1818 709">
    <p class='ocr_par' dir='ltr' id='par_1_47' title="bbox 1028 668 1818 709">
     <span class='ocr_line' id='line_1_47' title="bbox 1028 668 1818 709; baseline 0.01 -16"><span class='ocrx_word' id='word_1_343' title='bbox 1028 668 1172 703; x_wconf 83' lang='grc' dir='ltr'><strong>σταμένοις</strong></span> <span class='ocrx_word' id='word_1_344' title='bbox 1189 669 1307 705; x_wconf 77' lang='grc' dir='ltr'><strong>χρῆσθαι</strong></span> <span class='ocrx_word' id='word_1_345' title='bbox 1329 672 1361 706; x_wconf 81' lang='grc' dir='ltr'><strong>τῇ</strong></span> <span class='ocrx_word' id='word_1_346' title='bbox 1382 671 1563 707; x_wconf 69' lang='grc' dir='ltr'><strong>δυνάμειτᾶΝ</strong></span> <span class='ocrx_word' id='word_1_347' title='bbox 1583 674 1756 709; x_wconf 75' lang='grc' dir='ltr'><strong>γραμμάτων</strong></span> <span class='ocrx_word' id='word_1_348' title='bbox 1773 675 1818 701; x_wconf 70' lang='grc' dir='ltr'><strong>οὐκ</strong></span> 
     </span>
    </p>
   </div>
   <div class='ocr_carea' id='block_1_48' title="bbox 1027 713 1817 756">
    <p class='ocr_par' dir='ltr' id='par_1_48' title="bbox 1027 713 1817 756">
     <span class='ocr_line' id='line_1_48' title="bbox 1027 713 1817 756; baseline 0.011 -17"><span class='ocrx_word' id='word_1_349' title='bbox 1027 713 1172 748; x_wconf 79' lang='grc' dir='ltr'><strong>ἐργάζεται</strong></span> <span class='ocrx_word' id='word_1_350' title='bbox 1186 715 1215 742; x_wconf 85' lang='grc' dir='ltr'><strong>τὸ</strong></span> <span class='ocrx_word' id='word_1_351' title='bbox 1229 716 1330 752; x_wconf 78' lang='grc' dir='ltr'><strong>ἑαυτῆς</strong></span> <span class='ocrx_word' id='word_1_352' title='bbox 1346 716 1435 752; x_wconf 79' lang='grc' dir='ltr'><strong>ἔργον.</strong></span> <span class='ocrx_word' id='word_1_353' title='bbox 1457 718 1562 754; x_wconf 82' lang='grc' dir='ltr'><strong>Ὥσπερ</strong></span> <span class='ocrx_word' id='word_1_354' title='bbox 1574 718 1602 745; x_wconf 76' lang='grc' dir='ltr'><strong>δὲ</strong></span> <span class='ocrx_word' id='word_1_355' title='bbox 1614 720 1724 747; x_wconf 73' lang='grc' dir='ltr'><strong>ἐπὶτῶν</strong></span> <span class='ocrx_word' id='word_1_356' title='bbox 1743 721 1817 756; x_wconf 81' lang='grc' dir='ltr'><strong>βοτα-</strong></span> 
     </span>
    </p>
   </div>
   <div class='ocr_carea' id='block_1_49' title="bbox 1027 759 1817 802">
    <p class='ocr_par' dir='ltr' id='par_1_49' title="bbox 1027 759 1817 802">
     <span class='ocr_line' id='line_1_49' title="bbox 1027 759 1817 802; baseline 0.013 -17"><span class='ocrx_word' id='word_1_357' title='bbox 1027 759 1079 786; x_wconf 76' lang='grc' dir='ltr'><strong>νῶν</strong></span> <span class='ocrx_word' id='word_1_358' title='bbox 1096 760 1198 797; x_wconf 74' lang='grc' dir='ltr'><strong>ἑκάστη</strong></span> <span class='ocrx_word' id='word_1_359' title='bbox 1227 762 1276 797; x_wconf 74' lang='grc' dir='ltr'><strong>μὲν</strong></span> <span class='ocrx_word' id='word_1_360' title='bbox 1297 762 1354 798; x_wconf 76' lang='grc' dir='ltr'><strong>ἔχει</strong></span> <span class='ocrx_word' id='word_1_361' title='bbox 1372 763 1486 799; x_wconf 83' lang='grc' dir='ltr'><strong>δύναμιν</strong></span> <span class='ocrx_word' id='word_1_362' title='bbox 1505 766 1560 791; x_wconf 75' lang='grc' dir='ltr'><strong>εἴτε</strong></span> <span class='ocrx_word' id='word_1_363' title='bbox 1585 766 1625 798; x_wconf 78' lang='grc' dir='ltr'><strong>εἰς</strong></span> <span class='ocrx_word' id='word_1_364' title='bbox 1650 766 1701 802; x_wconf 77' lang='grc' dir='ltr'><strong>τὴν</strong></span> <span class='ocrx_word' id='word_1_365' title='bbox 1718 768 1817 802; x_wconf 76' lang='grc' dir='ltr'><strong>ὑγίειαν</strong></span> 
     </span>
    </p>
   </div>
   <div class='ocr_carea' id='block_1_50' title="bbox 1028 806 1817 845">
    <p class='ocr_par' dir='ltr' id='par_1_50' title="bbox 1028 806 1817 845">
     <span class='ocr_line' id='line_1_50' title="bbox 1028 806 1817 845; baseline 0.011 -13"><span class='ocrx_word' id='word_1_366' title='bbox 1028 806 1174 841; x_wconf 82' lang='grc' dir='ltr'><strong>σωμάτων,</strong></span> <span class='ocrx_word' id='word_1_367' title='bbox 1191 807 1244 835; x_wconf 81' lang='grc' dir='ltr'><strong>εἴτε</strong></span> <span class='ocrx_word' id='word_1_368' title='bbox 1262 809 1303 840; x_wconf 78' lang='grc' dir='ltr'><strong>εἰς</strong></span> <span class='ocrx_word' id='word_1_369' title='bbox 1319 809 1332 835; x_wconf 80' lang='grc' dir='ltr'>ὅ</span> <span class='ocrx_word' id='word_1_370' title='bbox 1347 818 1373 835; x_wconf 88' lang='grc' dir='ltr'><strong>τι</strong></span> <span class='ocrx_word' id='word_1_371' title='bbox 1388 810 1488 845; x_wconf 84' lang='grc' dir='ltr'><strong>δήποτε</strong></span> <span class='ocrx_word' id='word_1_372' title='bbox 1499 819 1506 825; x_wconf 90' lang='grc'><strong>·</strong></span> <span class='ocrx_word' id='word_1_373' title='bbox 1529 811 1559 837; x_wconf 78' lang='grc' dir='ltr'><strong>οὐ</strong></span> <span class='ocrx_word' id='word_1_374' title='bbox 1575 812 1684 840; x_wconf 81' lang='grc' dir='ltr'><strong>πάντων</strong></span> <span class='ocrx_word' id='word_1_375' title='bbox 1705 814 1733 840; x_wconf 78' lang='grc' dir='ltr'><strong>δέ</strong></span> <span class='ocrx_word' id='word_1_376' title='bbox 1749 815 1817 841; x_wconf 73' lang='grc' dir='ltr'><strong>ἐστιν</strong></span> 
     </span>
    </p>
   </div>
   <div class='ocr_carea' id='block_1_51' title="bbox 1027 852 1816 896">
    <p class='ocr_par' dir='ltr' id='par_1_51' title="bbox 1027 852 1816 896">
     <span class='ocr_line' id='line_1_51' title="bbox 1027 852 1816 896; baseline 0.011 -18"><span class='ocrx_word' id='word_1_377' title='bbox 1027 852 1192 880; x_wconf 76' lang='grc' dir='ltr'><strong>ἐπίστασθαι</strong></span> <span class='ocrx_word' id='word_1_378' title='bbox 1209 855 1249 886; x_wconf 84' lang='grc' dir='ltr'><strong>εἰς</strong></span> <span class='ocrx_word' id='word_1_379' title='bbox 1259 854 1273 881; x_wconf 82' lang='grc' dir='ltr'><strong>ὃ</strong></span> <span class='ocrx_word' id='word_1_380' title='bbox 1290 855 1392 891; x_wconf 79' lang='grc' dir='ltr'><strong>ἑκάστη</strong></span> <span class='ocrx_word' id='word_1_381' title='bbox 1402 855 1456 882; x_wconf 87' lang='grc' dir='ltr'><strong>τῶν</strong></span> <span class='ocrx_word' id='word_1_382' title='bbox 1474 856 1593 892; x_wconf 85' lang='grc' dir='ltr'><strong>βοτανῶν</strong></span> <span class='ocrx_word' id='word_1_383' title='bbox 1608 859 1667 885; x_wconf 77' lang='grc' dir='ltr'><strong>ἐστι</strong></span> <span class='ocrx_word' id='word_1_384' title='bbox 1678 861 1816 896; x_wconf 75' lang='grc' dir='ltr'><strong>χρήσιμος,</strong></span> 
     </span>
    </p>
   </div>
   <div class='ocr_carea' id='block_1_52' title="bbox 1026 897 1817 941">
    <p class='ocr_par' dir='ltr' id='par_1_52' title="bbox 1026 897 1817 941">
     <span class='ocr_line' id='line_1_52' title="bbox 1026 897 1817 941; baseline 0.011 -17"><span class='ocrx_word' id='word_1_385' title='bbox 1026 897 1083 924; x_wconf 83' lang='grc' dir='ltr'><strong>ἀλλ’</strong></span> <span class='ocrx_word' id='word_1_386' title='bbox 1100 899 1127 925; x_wconf 79' lang='grc' dir='ltr'><strong>εἴ</strong></span> <span class='ocrx_word' id='word_1_387' title='bbox 1139 908 1210 932; x_wconf 84' lang='grc' dir='ltr'><strong>τινες</strong></span> <span class='ocrx_word' id='word_1_388' title='bbox 1226 900 1383 937; x_wconf 77' lang='grc' dir='ltr'><strong>ἐπιστήμην</strong></span> <span class='ocrx_word' id='word_1_389' title='bbox 1397 902 1552 938; x_wconf 81' lang='grc' dir='ltr'><strong>εἰλήφασιν,</strong></span> <span class='ocrx_word' id='word_1_390' title='bbox 1570 902 1642 931; x_wconf 68' lang='grc' dir='ltr'><strong>οὗτοι</strong></span> <span class='ocrx_word' id='word_1_391' title='bbox 1655 905 1679 932; x_wconf 69' lang='lat' dir='ltr'><strong>oi</strong></span> <span class='ocrx_word' id='word_1_392' title='bbox 1695 907 1758 941; x_wconf 71' lang='grc' dir='ltr'><strong>περὶ</strong></span> <span class='ocrx_word' id='word_1_393' title='bbox 1772 907 1817 939; x_wconf 65' lang='grc' dir='ltr'><strong>τὰς</strong></span> 
     </span>
    </p>
   </div>
   <div class='ocr_carea' id='block_1_53' title="bbox 1027 943 1817 987">
    <p class='ocr_par' dir='ltr' id='par_1_53' title="bbox 1027 943 1817 987">
     <span class='ocr_line' id='line_1_53' title="bbox 1027 943 1817 987; baseline 0.011 -17"><span class='ocrx_word' id='word_1_394' title='bbox 1027 943 1142 979; x_wconf 80' lang='grc' dir='ltr'><strong>βοτάνας</strong></span> <span class='ocrx_word' id='word_1_395' title='bbox 1158 945 1352 981; x_wconf 77' lang='grc' dir='ltr'><strong>διατρίϐοντες,</strong></span> <span class='ocrx_word' id='word_1_396' title='bbox 1370 948 1413 974; x_wconf 80' lang='grc' dir='ltr'><strong>ἵνα</strong></span> <span class='ocrx_word' id='word_1_397' title='bbox 1431 948 1507 975; x_wconf 69' lang='grc' dir='ltr'><strong>ἴδωσι</strong></span> <span class='ocrx_word' id='word_1_398' title='bbox 1524 950 1571 976; x_wconf 71' lang='grc' dir='ltr'><strong>καὶ</strong></span> <span class='ocrx_word' id='word_1_399' title='bbox 1591 951 1656 977; x_wconf 76' lang='grc' dir='ltr'><strong>πότε</strong></span> <span class='ocrx_word' id='word_1_400' title='bbox 1677 952 1817 987; x_wconf 79' lang='grc' dir='ltr'><strong>παραλαμ-</strong></span> 
     </span>
    </p>
   </div>
   <div class='ocr_carea' id='block_1_54' title="bbox 1026 989 1817 1032">
    <p class='ocr_par' dir='ltr' id='par_1_54' title="bbox 1026 989 1817 1032">
     <span class='ocr_line' id='line_1_54' title="bbox 1026 989 1817 1032; baseline 0.013 -17"><span class='ocrx_word' id='word_1_401' title='bbox 1026 989 1173 1026; x_wconf 75' lang='grc' dir='ltr'><strong>ϐανομένη,</strong></span> <span class='ocrx_word' id='word_1_402' title='bbox 1189 992 1236 1018; x_wconf 75' lang='grc' dir='ltr'><strong>καὶ</strong></span> <span class='ocrx_word' id='word_1_403' title='bbox 1249 992 1300 1018; x_wconf 78' lang='grc' dir='ltr'><strong>ποῦ</strong></span> <span class='ocrx_word' id='word_1_404' title='bbox 1309 993 1363 1019; x_wconf 85' lang='grc' dir='ltr'><strong>τῶν</strong></span> <span class='ocrx_word' id='word_1_405' title='bbox 1378 994 1512 1029; x_wconf 83' lang='grc' dir='ltr'><strong>σωμάτων</strong></span> <span class='ocrx_word' id='word_1_406' title='bbox 1525 996 1687 1032; x_wconf 75' lang='grc' dir='ltr'><strong>ἐπιθεμένη,</strong></span> <span class='ocrx_word' id='word_1_407' title='bbox 1699 999 1747 1024; x_wconf 70' lang='grc' dir='ltr'><strong>καὶ</strong></span> <span class='ocrx_word' id='word_1_408' title='bbox 1761 999 1817 1026; x_wconf 78' lang='grc' dir='ltr'><strong>τίνα</strong></span> 
     </span>
    </p>
   </div>
   <div class='ocr_carea' id='block_1_55' title="bbox 1025 1036 1817 1078">
    <p class='ocr_par' dir='ltr' id='par_1_55' title="bbox 1025 1036 1817 1078">
     <span class='ocr_line' id='line_1_55' title="bbox 1025 1036 1817 1078; baseline 0.013 -16"><span class='ocrx_word' id='word_1_409' title='bbox 1025 1036 1125 1072; x_wconf 78' lang='grc' dir='ltr'><strong>τρόπον</strong></span> <span class='ocrx_word' id='word_1_410' title='bbox 1149 1036 1335 1074; x_wconf 73' lang='grc' dir='ltr'><strong>σκευαζομένη</strong></span> <span class='ocrx_word' id='word_1_411' title='bbox 1359 1039 1462 1076; x_wconf 79' lang='grc' dir='ltr'><strong>ὀνίνησι</strong></span> <span class='ocrx_word' id='word_1_412' title='bbox 1481 1040 1527 1068; x_wconf 85' lang='grc' dir='ltr'><strong>τὸν</strong></span> <span class='ocrx_word' id='word_1_413' title='bbox 1551 1042 1710 1078; x_wconf 77' lang='grc' dir='ltr'><strong>χρώμενον·</strong></span> <span class='ocrx_word' id='word_1_414' title='bbox 1736 1045 1817 1077; x_wconf 67' lang='grc' dir='ltr'><strong>οὕτως</strong></span> 
     </span>
    </p>
   </div>
   <div class='ocr_carea' id='block_1_56' title="bbox 1024 1082 1815 1125">
    <p class='ocr_par' dir='ltr' id='par_1_56' title="bbox 1024 1082 1815 1125">
     <span class='ocr_line' id='line_1_56' title="bbox 1024 1082 1815 1125; baseline 0.013 -18"><span class='ocrx_word' id='word_1_415' title='bbox 1024 1082 1106 1108; x_wconf 80' lang='grc' dir='ltr'><strong>οἱονεί</strong></span> <span class='ocrx_word' id='word_1_416' title='bbox 1121 1090 1164 1114; x_wconf 85' lang='grc' dir='ltr'><strong>τις</strong></span> <span class='ocrx_word' id='word_1_417' title='bbox 1178 1082 1318 1118; x_wconf 87' lang='grc' dir='ltr'><strong>βοτανικός</strong></span> <span class='ocrx_word' id='word_1_418' title='bbox 1331 1085 1406 1111; x_wconf 82' lang='grc' dir='ltr'><strong>ἐστιν</strong></span> <span class='ocrx_word' id='word_1_419' title='bbox 1422 1086 1436 1112; x_wconf 87' lang='grc' dir='ltr'><em>ὁ</em></span> <span class='ocrx_word' id='word_1_420' title='bbox 1454 1086 1532 1120; x_wconf 72' lang='grc' dir='ltr'><strong>ἅγιος</strong></span> <span class='ocrx_word' id='word_1_421' title='bbox 1558 1089 1606 1115; x_wconf 74' lang='grc' dir='ltr'><strong>καὶ</strong></span> <span class='ocrx_word' id='word_1_422' title='bbox 1625 1091 1815 1125; x_wconf 68' lang='grc' dir='ltr'><strong>πνευματικὸς.</strong></span> 
     </span>
    </p>
   </div>
   <div class='ocr_carea' id='block_1_57' title="bbox 1025 1127 1816 1170">
    <p class='ocr_par' dir='ltr' id='par_1_57' title="bbox 1025 1127 1816 1170">
     <span class='ocr_line' id='line_1_57' title="bbox 1025 1127 1816 1170; baseline 0.014 -16"><span class='ocrx_word' id='word_1_423' title='bbox 1025 1127 1225 1164; x_wconf 83' lang='grc' dir='ltr'><strong>ἀναλεγόμενος</strong></span> <span class='ocrx_word' id='word_1_424' title='bbox 1246 1130 1300 1156; x_wconf 78' lang='grc' dir='ltr'><strong>ἀπὸ</strong></span> <span class='ocrx_word' id='word_1_425' title='bbox 1320 1131 1375 1158; x_wconf 81' lang='grc' dir='ltr'><strong>τῶν</strong></span> <span class='ocrx_word' id='word_1_426' title='bbox 1399 1133 1479 1168; x_wconf 77' lang='grc' dir='ltr'><strong>ἱερῶν</strong></span> <span class='ocrx_word' id='word_1_427' title='bbox 1509 1135 1682 1170; x_wconf 74' lang='grc' dir='ltr'><strong>γραμμάτων</strong></span> <span class='ocrx_word' id='word_1_428' title='bbox 1706 1137 1816 1164; x_wconf 73' lang='grc' dir='ltr'><strong>ἕκαστον</strong></span> 
     </span>
    </p>
   </div>
   <div class='ocr_carea' id='block_1_58' title="bbox 1027 1174 1815 1220">
    <p class='ocr_par' dir='ltr' id='par_1_58' title="bbox 1027 1174 1815 1220">
     <span class='ocr_line' id='line_1_58' title="bbox 1027 1174 1815 1220; baseline 0.015 -21"><span class='ocrx_word' id='word_1_429' title='bbox 1027 1174 1103 1206; x_wconf 76' lang='grc' dir='ltr'><strong>ἰῶτα,</strong></span> <span class='ocrx_word' id='word_1_430' title='bbox 1122 1174 1170 1201; x_wconf 79' lang='grc' dir='ltr'><strong>καὶ</strong></span> <span class='ocrx_word' id='word_1_431' title='bbox 1183 1175 1299 1203; x_wconf 69' lang='grc' dir='ltr'><strong>ἕκαστον</strong></span> <span class='ocrx_word' id='word_1_432' title='bbox 1314 1177 1344 1204; x_wconf 85' lang='grc' dir='ltr'><strong>τὸ</strong></span> <span class='ocrx_word' id='word_1_433' title='bbox 1359 1179 1441 1213; x_wconf 81' lang='grc' dir='ltr'><strong>τυχὸν</strong></span> <span class='ocrx_word' id='word_1_434' title='bbox 1455 1183 1598 1215; x_wconf 80' lang='grc' dir='ltr'><strong>στοιχεῖον,</strong></span> <span class='ocrx_word' id='word_1_435' title='bbox 1615 1183 1664 1209; x_wconf 80' lang='grc' dir='ltr'><strong>καὶ</strong></span> <span class='ocrx_word' id='word_1_436' title='bbox 1685 1183 1815 1220; x_wconf 74' lang='grc' dir='ltr'><strong>εὑρίσκων</strong></span> 
     </span>
    </p>
   </div>
   <div class='ocr_carea' id='block_1_59' title="bbox 1024 1220 1815 1266">
    <p class='ocr_par' dir='ltr' id='par_1_59' title="bbox 1024 1220 1815 1266">
     <span class='ocr_line' id='line_1_59' title="bbox 1024 1220 1815 1266; baseline 0.015 -20"><span class='ocrx_word' id='word_1_437' title='bbox 1024 1220 1073 1256; x_wconf 80' lang='grc' dir='ltr'><strong>τὴν</strong></span> <span class='ocrx_word' id='word_1_438' title='bbox 1084 1220 1199 1256; x_wconf 81' lang='grc' dir='ltr'><strong>δύναμιν</strong></span> <span class='ocrx_word' id='word_1_439' title='bbox 1212 1222 1260 1249; x_wconf 80' lang='grc' dir='ltr'><strong>τοῦ</strong></span> <span class='ocrx_word' id='word_1_440' title='bbox 1273 1223 1446 1259; x_wconf 81' lang='grc' dir='ltr'><strong>γράμματος,</strong></span> <span class='ocrx_word' id='word_1_441' title='bbox 1463 1226 1510 1253; x_wconf 75' lang='grc' dir='ltr'><strong>καὶ</strong></span> <span class='ocrx_word' id='word_1_442' title='bbox 1523 1228 1563 1259; x_wconf 72' lang='grc' dir='ltr'><strong>εἰς</strong></span> <span class='ocrx_word' id='word_1_443' title='bbox 1574 1228 1588 1254; x_wconf 84' lang='grc' dir='ltr'><strong>ὅ</strong></span> <span class='ocrx_word' id='word_1_444' title='bbox 1603 1236 1630 1255; x_wconf 89' lang='grc' dir='ltr'><strong>τι</strong></span> <span class='ocrx_word' id='word_1_445' title='bbox 1648 1229 1708 1256; x_wconf 72' lang='grc' dir='ltr'><strong>ἐστὶ</strong></span> <span class='ocrx_word' id='word_1_446' title='bbox 1723 1230 1815 1266; x_wconf 79' lang='grc' dir='ltr'><strong>χρήσι-</strong></span> 
     </span>
    </p>
   </div>
   <div class='ocr_carea' id='block_1_60' title="bbox 1026 1267 1816 1310">
    <p class='ocr_par' dir='ltr' id='par_1_60' title="bbox 1026 1267 1816 1310">
     <span class='ocr_line' id='line_1_60' title="bbox 1026 1267 1816 1310; baseline 0.014 -18"><span class='ocrx_word' id='word_1_447' title='bbox 1026 1274 1086 1301; x_wconf 84' lang='grc' dir='ltr'><strong>μον,</strong></span> <span class='ocrx_word' id='word_1_448' title='bbox 1098 1267 1145 1294; x_wconf 78' lang='grc' dir='ltr'><strong>καὶ</strong></span> <span class='ocrx_word' id='word_1_449' title='bbox 1161 1268 1202 1294; x_wconf 85' lang='grc' dir='ltr'><strong>ὅτι</strong></span> <span class='ocrx_word' id='word_1_450' title='bbox 1214 1269 1290 1296; x_wconf 77' lang='grc' dir='ltr'><strong>οὐδὲν</strong></span> <span class='ocrx_word' id='word_1_451' title='bbox 1306 1270 1439 1306; x_wconf 81' lang='grc' dir='ltr'><strong>παρέλκει</strong></span> <span class='ocrx_word' id='word_1_452' title='bbox 1455 1272 1509 1299; x_wconf 87' lang='grc' dir='ltr'><strong>τῶν</strong></span> <span class='ocrx_word' id='word_1_453' title='bbox 1519 1275 1731 1310; x_wconf 79' lang='grc' dir='ltr'><strong>γεγραμμένων.</strong></span> <span class='ocrx_word' id='word_1_454' title='bbox 1747 1277 1778 1302; x_wconf 72' lang='grc' dir='ltr'><strong>ΕΞ</strong></span> <span class='ocrx_word' id='word_1_455' title='bbox 1791 1276 1816 1302; x_wconf 77' lang='grc' dir='ltr'>δὲ</span> 
     </span>
    </p>
   </div>
   <div class='ocr_carea' id='block_1_61' title="bbox 1025 1311 1815 1357">
    <p class='ocr_par' dir='ltr' id='par_1_61' title="bbox 1025 1311 1815 1357">
     <span class='ocr_line' id='line_1_61' title="bbox 1025 1311 1815 1357; baseline 0.014 -20"><span class='ocrx_word' id='word_1_456' title='bbox 1025 1311 1114 1347; x_wconf 81' lang='grc' dir='ltr'><strong>βούλει</strong></span> <span class='ocrx_word' id='word_1_457' title='bbox 1129 1313 1176 1339; x_wconf 72' lang='grc' dir='ltr'><strong>καὶ</strong></span> <span class='ocrx_word' id='word_1_458' title='bbox 1186 1313 1312 1350; x_wconf 83' lang='grc' dir='ltr'><strong>δευτέρου</strong></span> <span class='ocrx_word' id='word_1_459' title='bbox 1337 1316 1451 1344; x_wconf 72' lang='grc' dir='ltr'><strong>ἀκοῦσαι</strong></span> <span class='ocrx_word' id='word_1_460' title='bbox 1469 1319 1510 1350; x_wconf 82' lang='grc' dir='ltr'><strong>είς</strong></span> <span class='ocrx_word' id='word_1_461' title='bbox 1531 1319 1611 1346; x_wconf 80' lang='grc' dir='ltr'><strong>τοῦτο</strong></span> <span class='ocrx_word' id='word_1_462' title='bbox 1629 1321 1815 1357; x_wconf 72' lang='grc' dir='ltr'><strong>παραδείγμα-</strong></span> 
     </span>
    </p>
   </div>
   <div class='ocr_carea' id='block_1_62' title="bbox 1023 1357 1816 1401">
    <p class='ocr_par' dir='ltr' id='par_1_62' title="bbox 1023 1357 1816 1401">
     <span class='ocr_line' id='line_1_62' title="bbox 1023 1357 1816 1401; baseline 0.014 -19"><span class='ocrx_word' id='word_1_463' title='bbox 1023 1365 1079 1389; x_wconf 81' lang='grc' dir='ltr'><strong>τος,</strong></span> <span class='ocrx_word' id='word_1_464' title='bbox 1095 1357 1209 1385; x_wconf 70' lang='grc' dir='ltr'><strong>ἕκαστον</strong></span> <span class='ocrx_word' id='word_1_465' title='bbox 1223 1359 1304 1394; x_wconf 80' lang='grc' dir='ltr'><strong>μέλος</strong></span> <span class='ocrx_word' id='word_1_466' title='bbox 1320 1360 1366 1387; x_wconf 81' lang='grc' dir='ltr'><strong>τοῦ</strong></span> <span class='ocrx_word' id='word_1_467' title='bbox 1385 1361 1511 1397; x_wconf 84' lang='grc' dir='ltr'><strong>σώματος</strong></span> <span class='ocrx_word' id='word_1_468' title='bbox 1523 1364 1602 1399; x_wconf 82' lang='grc' dir='ltr'><strong>ἡμῶν</strong></span> <span class='ocrx_word' id='word_1_469' title='bbox 1619 1365 1665 1391; x_wconf 82' lang='grc' dir='ltr'><strong>ἐπί</strong></span> <span class='ocrx_word' id='word_1_470' title='bbox 1680 1374 1732 1392; x_wconf 86' lang='grc' dir='ltr'><strong>τινι</strong></span> <span class='ocrx_word' id='word_1_471' title='bbox 1748 1366 1816 1401; x_wconf 74' lang='grc' dir='ltr'><strong>ἔργῳ</strong></span> 
     </span>
    </p>
   </div>
   <div class='ocr_carea' id='block_1_63' title="bbox 1024 1403 1815 1444">
    <p class='ocr_par' dir='ltr' id='par_1_63' title="bbox 1024 1403 1815 1444">
     <span class='ocr_line' id='line_1_63' title="bbox 1024 1403 1815 1444; baseline 0.013 -15"><span class='ocrx_word' id='word_1_472' title='bbox 1024 1403 1077 1429; x_wconf 73' lang='grc' dir='ltr'><strong>ὑπὸ</strong></span> <span class='ocrx_word' id='word_1_473' title='bbox 1092 1403 1139 1430; x_wconf 84' lang='grc' dir='ltr'><strong>τοῦ</strong></span> <span class='ocrx_word' id='word_1_474' title='bbox 1164 1405 1284 1440; x_wconf 84' lang='grc' dir='ltr'><strong>τεχνίτου</strong></span> <span class='ocrx_word' id='word_1_475' title='bbox 1309 1406 1377 1434; x_wconf 83' lang='grc' dir='ltr'><strong>Θεοῦ</strong></span> <span class='ocrx_word' id='word_1_476' title='bbox 1395 1409 1558 1444; x_wconf 82' lang='grc' dir='ltr'><strong>γεγένηται·</strong></span> <span class='ocrx_word' id='word_1_477' title='bbox 1574 1410 1633 1437; x_wconf 81' lang='grc' dir='ltr'><strong>ἀλλ’</strong></span> <span class='ocrx_word' id='word_1_478' title='bbox 1654 1412 1686 1437; x_wconf 85' lang='grc' dir='ltr'><strong>οὺ</strong></span> <span class='ocrx_word' id='word_1_479' title='bbox 1711 1413 1815 1439; x_wconf 78' lang='grc' dir='ltr'><strong>πάντων</strong></span> 
     </span>
    </p>
   </div>
   <div class='ocr_carea' id='block_1_64' title="bbox 1023 1449 1816 1494">
    <p class='ocr_par' dir='ltr' id='par_1_64' title="bbox 1023 1449 1816 1494">
     <span class='ocr_line' id='line_1_64' title="bbox 1023 1449 1816 1494; baseline 0.014 -19"><span class='ocrx_word' id='word_1_480' title='bbox 1023 1449 1100 1477; x_wconf 74' lang='grc' dir='ltr'><strong>ἐστὶν</strong></span> <span class='ocrx_word' id='word_1_481' title='bbox 1111 1451 1211 1478; x_wconf 80' lang='grc' dir='ltr'><strong>εἰδέναι</strong></span> <span class='ocrx_word' id='word_1_482' title='bbox 1221 1452 1262 1484; x_wconf 85' lang='grc' dir='ltr'><strong>τίς</strong></span> <span class='ocrx_word' id='word_1_483' title='bbox 1277 1455 1293 1489; x_wconf 79' lang='grc' dir='ltr'>ἡ</span> <span class='ocrx_word' id='word_1_484' title='bbox 1308 1454 1423 1481; x_wconf 78' lang='grc' dir='ltr'><strong>ἑκάστου</strong></span> <span class='ocrx_word' id='word_1_485' title='bbox 1438 1455 1491 1482; x_wconf 84' lang='grc' dir='ltr'><strong>τῶν</strong></span> <span class='ocrx_word' id='word_1_486' title='bbox 1505 1457 1594 1492; x_wconf 84' lang='grc' dir='ltr'><strong>μελῶν</strong></span> <span class='ocrx_word' id='word_1_487' title='bbox 1611 1458 1693 1494; x_wconf 82' lang='grc' dir='ltr'><strong>μέχρι</strong></span> <span class='ocrx_word' id='word_1_488' title='bbox 1708 1459 1761 1486; x_wconf 79' lang='grc' dir='ltr'><strong>τῶν</strong></span> <span class='ocrx_word' id='word_1_489' title='bbox 1772 1468 1816 1486; x_wconf 68' lang='lat' dir='ltr'><strong>w-</strong></span> 
     </span>
    </p>
   </div>
   <div class='ocr_carea' id='block_1_65' title="bbox 1023 1495 1815 1540">
    <p class='ocr_par' dir='ltr' id='par_1_65' title="bbox 1023 1495 1815 1540">
     <span class='ocr_line' id='line_1_65' title="bbox 1023 1495 1815 1540; baseline 0.014 -19"><span class='ocrx_word' id='word_1_490' title='bbox 1023 1495 1125 1530; x_wconf 82' lang='grc' dir='ltr'><strong>χόντων</strong></span> <span class='ocrx_word' id='word_1_491' title='bbox 1137 1497 1250 1532; x_wconf 84' lang='grc' dir='ltr'><strong>δύναμις</strong></span> <span class='ocrx_word' id='word_1_492' title='bbox 1262 1499 1309 1525; x_wconf 76' lang='grc' dir='ltr'><strong>καὶ</strong></span> <span class='ocrx_word' id='word_1_493' title='bbox 1324 1500 1412 1535; x_wconf 80' lang='grc' dir='ltr'><strong>χρεία.</strong></span> <span class='ocrx_word' id='word_1_494' title='bbox 1427 1502 1458 1527; x_wconf 76' lang='lat' dir='ltr'><strong>Ol</strong></span> <span class='ocrx_word' id='word_1_495' title='bbox 1471 1501 1525 1537; x_wconf 86' lang='grc' dir='ltr'><strong>γὰρ</strong></span> <span class='ocrx_word' id='word_1_496' title='bbox 1537 1503 1601 1538; x_wconf 80' lang='grc' dir='ltr'><strong>περὶ</strong></span> <span class='ocrx_word' id='word_1_497' title='bbox 1616 1504 1666 1536; x_wconf 74' lang='grc' dir='ltr'><strong>τὰς</strong></span> <span class='ocrx_word' id='word_1_498' title='bbox 1681 1504 1815 1540; x_wconf 65' lang='grc' dir='ltr'><strong>ἀνατομέις</strong></span> 
     </span>
    </p>
   </div>
   <div class='ocr_carea' id='block_1_66' title="bbox 1024 1543 1816 1584">
    <p class='ocr_par' dir='ltr' id='par_1_66' title="bbox 1024 1543 1816 1584">
     <span class='ocr_line' id='line_1_66' title="bbox 1024 1543 1816 1584; baseline 0.015 -18"><span class='ocrx_word' id='word_1_499' title='bbox 1024 1543 1304 1578; x_wconf 82' lang='grc' dir='ltr'><strong>πραγματευσάμενοι</strong></span> <span class='ocrx_word' id='word_1_500' title='bbox 1321 1545 1376 1572; x_wconf 83' lang='grc' dir='ltr'><strong>τῶν</strong></span> <span class='ocrx_word' id='word_1_501' title='bbox 1389 1546 1488 1582; x_wconf 75' lang='grc' dir='ltr'><strong>ἰατρῶν</strong></span> <span class='ocrx_word' id='word_1_502' title='bbox 1503 1547 1630 1575; x_wconf 83' lang='grc' dir='ltr'><strong>δύνανται</strong></span> <span class='ocrx_word' id='word_1_503' title='bbox 1646 1549 1739 1584; x_wconf 74' lang='grc' dir='ltr'><strong>λέγειν</strong></span> <span class='ocrx_word' id='word_1_504' title='bbox 1755 1551 1816 1577; x_wconf 69' lang='lat' dir='ltr'><strong>Exa-</strong></span> 
     </span>
    </p>
   </div>
   <div class='ocr_carea' id='block_1_67' title="bbox 1024 1588 1815 1632">
    <p class='ocr_par' dir='ltr' id='par_1_67' title="bbox 1024 1588 1815 1632">
     <span class='ocr_line' id='line_1_67' title="bbox 1024 1588 1815 1632; baseline 0.013 -19"><span class='ocrx_word' id='word_1_505' title='bbox 1024 1595 1085 1614; x_wconf 82' lang='grc' dir='ltr'><strong>στον</strong></span> <span class='ocrx_word' id='word_1_506' title='bbox 1099 1588 1146 1615; x_wconf 75' lang='grc' dir='ltr'><strong>καὶ</strong></span> <span class='ocrx_word' id='word_1_507' title='bbox 1160 1588 1190 1615; x_wconf 81' lang='grc' dir='ltr'><strong>τδ</strong></span> <span class='ocrx_word' id='word_1_508' title='bbox 1204 1589 1345 1625; x_wconf 68' lang='grc' dir='ltr'><strong>ὶλάχιστον</strong></span> <span class='ocrx_word' id='word_1_509' title='bbox 1359 1591 1451 1627; x_wconf 77' lang='grc' dir='ltr'><strong>μόριον</strong></span> <span class='ocrx_word' id='word_1_510' title='bbox 1462 1593 1502 1624; x_wconf 74' lang='grc' dir='ltr'><strong>εἰς</strong></span> <span class='ocrx_word' id='word_1_511' title='bbox 1517 1594 1544 1620; x_wconf 78' lang='grc' dir='ltr'><strong>τί</strong></span> <span class='ocrx_word' id='word_1_512' title='bbox 1561 1595 1698 1630; x_wconf 77' lang='grc' dir='ltr'><strong>χρήσιμον</strong></span> <span class='ocrx_word' id='word_1_513' title='bbox 1710 1596 1815 1632; x_wconf 81' lang='grc' dir='ltr'><strong>ὑπὸτῆς</strong></span> 
     </span>
    </p>
   </div>
   <div class='ocr_carea' id='block_1_68' title="bbox 1021 1634 1815 1679">
    <p class='ocr_par' dir='ltr' id='par_1_68' title="bbox 1021 1634 1815 1679">
     <span class='ocr_line' id='line_1_68' title="bbox 1021 1634 1815 1679; baseline 0.014 -20"><span class='ocrx_word' id='word_1_514' title='bbox 1021 1634 1152 1669; x_wconf 83' lang='grc' dir='ltr'><strong>Προνοίας</strong></span> <span class='ocrx_word' id='word_1_515' title='bbox 1164 1635 1320 1672; x_wconf 85' lang='grc' dir='ltr'><strong>γεγένηται.</strong></span> <span class='ocrx_word' id='word_1_516' title='bbox 1339 1638 1404 1665; x_wconf 86' lang='grc' dir='ltr'><strong>Νόει</strong></span> <span class='ocrx_word' id='word_1_517' title='bbox 1423 1647 1468 1674; x_wconf 89' lang='grc' dir='ltr'><strong>μοι</strong></span> <span class='ocrx_word' id='word_1_518' title='bbox 1480 1640 1569 1667; x_wconf 81' lang='grc' dir='ltr'><strong>τοίνυν</strong></span> <span class='ocrx_word' id='word_1_519' title='bbox 1586 1641 1633 1668; x_wconf 66' lang='grc' dir='ltr'><strong>καὶ</strong></span> <span class='ocrx_word' id='word_1_520' title='bbox 1641 1642 1690 1674; x_wconf 73' lang='grc' dir='ltr'><strong>τὰς</strong></span> <span class='ocrx_word' id='word_1_521' title='bbox 1711 1643 1815 1679; x_wconf 61' lang='grc' dir='ltr'><strong>Γραφὰς</strong></span> 
     </span>
    </p>
   </div>
   <div class='ocr_carea' id='block_1_69' title="bbox 181 1671 1174 1723">
    <p class='ocr_par' dir='ltr' id='par_1_69' title="bbox 181 1671 1174 1720">
     <span class='ocr_line' id='line_1_69' title="bbox 181 1671 1174 1720; baseline 0.018 -22"><span class='ocrx_word' id='word_1_522' title='bbox 181 1671 265 1700; x_wconf 87' lang='lat' dir='ltr'><strong>tionis</strong></span> <span class='ocrx_word' id='word_1_523' title='bbox 278 1681 392 1710; x_wconf 89' lang='lat' dir='ltr'><strong>corpus;</strong></span> <span class='ocrx_word' id='word_1_524' title='bbox 410 1676 433 1703; x_wconf 90' lang='lat' dir='ltr'><strong>si</strong></span> <span class='ocrx_word' id='word_1_525' title='bbox 447 1685 511 1705; x_wconf 88' lang='lat' dir='ltr'><strong>vero</strong></span> <span class='ocrx_word' id='word_1_526' title='bbox 526 1687 613 1714; x_wconf 88' lang='lat' dir='ltr'><strong>neque</strong></span> <span class='ocrx_word' id='word_1_527' title='bbox 633 1681 775 1710; x_wconf 85' lang='lat' dir='ltr'><strong>hcrbarius</strong></span> <span class='ocrx_word' id='word_1_528' title='bbox 793 1690 824 1711; x_wconf 88' lang='lat' dir='ltr'><strong>es</strong></span> <span class='ocrx_word' id='word_1_529' title='bbox 847 1684 972 1720; x_wconf 85' lang='lat' dir='ltr'><strong>Scriptu-</strong></span> <span class='ocrx_word' id='word_1_530' title='bbox 1019 1679 1115 1707; x_wconf 60' lang='grc' dir='ltr'>τοῦτον</span> <span class='ocrx_word' id='word_1_531' title='bbox 1128 1680 1174 1707; x_wconf 83' lang='grc' dir='ltr'><strong>τδν</strong></span> 
     </span>
    </p>
   </div>
   <div class='ocr_carea' id='block_1_70' title="bbox 1057 1671 1815 1723">
    <p class='ocr_par' dir='ltr' id='par_1_70' title="bbox 1057 1671 1815 1723">
     <span class='ocr_line' id='line_1_70' title="bbox 1057 1671 1815 1723; baseline 0.013 -17"><span class='ocrx_word' id='word_1_532' title='bbox 1057 1679 1115 1707; x_wconf 73' lang='grc' dir='ltr'><strong>Ξτον</strong></span> <span class='ocrx_word' id='word_1_533' title='bbox 1128 1680 1175 1707; x_wconf 77' lang='grc' dir='ltr'><strong>τὸν</strong></span> <span class='ocrx_word' id='word_1_534' title='bbox 1187 1671 1288 1717; x_wconf 83' lang='grc' dir='ltr'><strong>τρόπον</strong></span> <span class='ocrx_word' id='word_1_535' title='bbox 1303 1683 1395 1715; x_wconf 81' lang='grc' dir='ltr'><strong>πάσας</strong></span> <span class='ocrx_word' id='word_1_536' title='bbox 1410 1671 1535 1719; x_wconf 76' lang='grc' dir='ltr'><strong>βοτάνας,</strong></span> <span class='ocrx_word' id='word_1_537' title='bbox 1555 1686 1571 1721; x_wconf 84' lang='grc' dir='ltr'>ἢ</span> <span class='ocrx_word' id='word_1_538' title='bbox 1584 1685 1613 1712; x_wconf 82' lang='grc' dir='ltr'><strong>ἓν</strong></span> <span class='ocrx_word' id='word_1_539' title='bbox 1624 1671 1815 1723; x_wconf 54' lang='grc' dir='ltr'><strong>τελέων-λόγου</strong></span> 
     </span>
    </p>
   </div>
   <div class='ocr_carea' id='block_1_71' title="bbox 180 1722 970 1766">
    <p class='ocr_par' dir='ltr' id='par_1_71' title="bbox 180 1722 970 1766">
     <span class='ocr_line' id='line_1_71' title="bbox 180 1722 970 1766; baseline 0.018 -21"><span class='ocrx_word' id='word_1_540' title='bbox 180 1727 285 1753; x_wconf 85' lang='lat' dir='ltr'><strong>rarum,</strong></span> <span class='ocrx_word' id='word_1_541' title='bbox 299 1728 387 1756; x_wconf 89' lang='lat' dir='ltr'><strong>neque</strong></span> <span class='ocrx_word' id='word_1_542' title='bbox 406 1722 538 1751; x_wconf 84' lang='lat' dir='ltr'><strong>dissector</strong></span> <span class='ocrx_word' id='word_1_543' title='bbox 558 1727 778 1762; x_wconf 82' lang='lat' dir='ltr'><strong>propheticorum</strong></span> <span class='ocrx_word' id='word_1_544' title='bbox 798 1737 970 1766; x_wconf 83' lang='lat' dir='ltr'><strong>sermonum,</strong></span> 
     </span>
    </p>
   </div>
   <div class='ocr_carea' id='block_1_72' title="bbox 181 1767 972 1811">
    <p class='ocr_par' dir='ltr' id='par_1_72' title="bbox 181 1767 972 1811">
     <span class='ocr_line' id='line_1_72' title="bbox 181 1767 972 1811; baseline 0.018 -19"><span class='ocrx_word' id='word_1_545' title='bbox 181 1773 215 1793; x_wconf 89' lang='lat' dir='ltr'><strong>ne</strong></span> <span class='ocrx_word' id='word_1_546' title='bbox 229 1767 332 1795; x_wconf 89' lang='lat' dir='ltr'><strong>idcirco</strong></span> <span class='ocrx_word' id='word_1_547' title='bbox 347 1769 473 1797; x_wconf 86' lang='lat' dir='ltr'><strong>existima</strong></span> <span class='ocrx_word' id='word_1_548' title='bbox 491 1771 517 1798; x_wconf 91' lang='lat' dir='ltr'><strong>iu</strong></span> <span class='ocrx_word' id='word_1_549' title='bbox 540 1772 690 1808; x_wconf 87' lang='lat' dir='ltr'><strong>Scripturis</strong></span> <span class='ocrx_word' id='word_1_550' title='bbox 715 1776 853 1811; x_wconf 89' lang='lat' dir='ltr'><strong>quidpiam</strong></span> <span class='ocrx_word' id='word_1_551' title='bbox 871 1779 972 1806; x_wconf 87' lang='lat' dir='ltr'><strong>redun-</strong></span> 
     </span>
    </p>
   </div>
   <div class='ocr_carea' id='block_1_73' title="bbox 180 1811 971 1856">
    <p class='ocr_par' dir='ltr' id='par_1_73' title="bbox 180 1811 971 1856">
     <span class='ocr_line' id='line_1_73' title="bbox 180 1811 971 1856; baseline 0.018 -18"><span class='ocrx_word' id='word_1_552' title='bbox 180 1811 256 1848; x_wconf 85' lang='lat' dir='ltr'><strong>dare,</strong></span> <span class='ocrx_word' id='word_1_553' title='bbox 270 1814 316 1841; x_wconf 87' lang='lat' dir='ltr'><strong>sed</strong></span> <span class='ocrx_word' id='word_1_554' title='bbox 330 1818 355 1841; x_wconf 87' lang='lat' dir='ltr'><strong>te</strong></span> <span class='ocrx_word' id='word_1_555' title='bbox 369 1815 457 1850; x_wconf 89' lang='lat' dir='ltr'><strong>ipsum</strong></span> <span class='ocrx_word' id='word_1_556' title='bbox 473 1817 572 1850; x_wconf 86' lang='lat' dir='ltr'><strong>solum,</strong></span> <span class='ocrx_word' id='word_1_557' title='bbox 589 1820 678 1854; x_wconf 81' lang='lat' dir='ltr'><strong>potius</strong></span> <span class='ocrx_word' id='word_1_558' title='bbox 695 1828 778 1856; x_wconf 87' lang='lat' dir='ltr'><strong>quam</strong></span> <span class='ocrx_word' id='word_1_559' title='bbox 799 1822 903 1851; x_wconf 90' lang='lat' dir='ltr'><strong>litteras</strong></span> <span class='ocrx_word' id='word_1_560' title='bbox 925 1832 971 1852; x_wconf 88' lang='lat' dir='ltr'><strong>sa-</strong></span> 
     </span>
    </p>
   </div>
   <div class='ocr_carea' id='block_1_74' title="bbox 180 1863 972 1904">
    <p class='ocr_par' dir='ltr' id='par_1_74' title="bbox 180 1863 972 1904">
     <span class='ocr_line' id='line_1_74' title="bbox 180 1863 972 1904; baseline 0.018 -20"><span class='ocrx_word' id='word_1_561' title='bbox 180 1865 242 1885; x_wconf 86' lang='lat' dir='ltr'><strong>cras</strong></span> <span class='ocrx_word' id='word_1_562' title='bbox 258 1866 368 1891; x_wconf 85' lang='lat' dir='ltr'><strong>accusa,</strong></span> <span class='ocrx_word' id='word_1_563' title='bbox 384 1869 445 1888; x_wconf 88' lang='lat' dir='ltr'><strong>cum</strong></span> <span class='ocrx_word' id='word_1_564' title='bbox 462 1863 594 1891; x_wconf 86' lang='lat' dir='ltr'><strong>rationem</strong></span> <span class='ocrx_word' id='word_1_565' title='bbox 609 1872 704 1892; x_wconf 85' lang='lat' dir='ltr'><strong>eorum</strong></span> <span class='ocrx_word' id='word_1_566' title='bbox 719 1875 781 1901; x_wconf 72' lang='lat' dir='ltr'><strong>qum</strong></span> <span class='ocrx_word' id='word_1_567' title='bbox 792 1869 893 1904; x_wconf 88' lang='lat' dir='ltr'><strong>scripta</strong></span> <span class='ocrx_word' id='word_1_568' title='bbox 907 1875 972 1898; x_wconf 87' lang='lat' dir='ltr'><strong>sunt</strong></span> 
     </span>
    </p>
   </div>
   <div class='ocr_carea' id='block_1_75' title="bbox 177 1904 968 1950">
    <p class='ocr_par' dir='ltr' id='par_1_75' title="bbox 177 1904 968 1950">
     <span class='ocr_line' id='line_1_75' title="bbox 177 1904 968 1950; baseline 0.015 -18"><span class='ocrx_word' id='word_1_569' title='bbox 177 1911 234 1932; x_wconf 85' lang='lat' dir='ltr'><strong>non</strong></span> <span class='ocrx_word' id='word_1_570' title='bbox 252 1904 368 1934; x_wconf 85' lang='lat' dir='ltr'><strong>invenis.</strong></span> <span class='ocrx_word' id='word_1_571' title='bbox 390 1907 448 1935; x_wconf 87' lang='lat' dir='ltr'><strong>Hoc</strong></span> <span class='ocrx_word' id='word_1_572' title='bbox 470 1916 485 1936; x_wconf 90' lang='lat' dir='ltr'><strong>a</strong></span> <span class='ocrx_word' id='word_1_573' title='bbox 510 1917 554 1937; x_wconf 86' lang='lat' dir='ltr'><strong>me</strong></span> <span class='ocrx_word' id='word_1_574' title='bbox 573 1911 599 1937; x_wconf 95' lang='lat' dir='ltr'><strong>in</strong></span> <span class='ocrx_word' id='word_1_575' title='bbox 626 1912 783 1941; x_wconf 89' lang='lat' dir='ltr'><strong>universum</strong></span> <span class='ocrx_word' id='word_1_576' title='bbox 805 1916 968 1950; x_wconf 71' lang='lat' dir='ltr'><strong>prommium</strong></span> 
     </span>
    </p>
   </div>
   <div class='ocr_carea' id='block_1_76' title="bbox 178 1949 969 1994">
    <p class='ocr_par' dir='ltr' id='par_1_76' title="bbox 178 1949 969 1994">
     <span class='ocr_line' id='line_1_76' title="bbox 178 1949 969 1994; baseline 0.015 -17"><span class='ocrx_word' id='word_1_577' title='bbox 178 1949 280 1980; x_wconf 81' lang='lat' dir='ltr'><strong>dictum</strong></span> <span class='ocrx_word' id='word_1_578' title='bbox 294 1957 344 1986; x_wconf 86' lang='lat' dir='ltr'><strong>est,</strong></span> <span class='ocrx_word' id='word_1_579' title='bbox 356 1954 428 1988; x_wconf 89' lang='lat' dir='ltr'><strong>quod</strong></span> <span class='ocrx_word' id='word_1_580' title='bbox 448 1955 581 1984; x_wconf 70' lang='lat' dir='ltr'><strong>universas</strong></span> <span class='ocrx_word' id='word_1_581' title='bbox 605 1958 753 1994; x_wconf 60' lang='lat' dir='ltr'><strong>Scriptura!</strong></span> <span class='ocrx_word' id='word_1_582' title='bbox 767 1963 969 1989; x_wconf 88' lang='lat' dir='ltr'><strong>accommodari</strong></span> 
     </span>
    </p>
   </div>
   <div class='ocr_carea' id='block_1_77' title="bbox 1023 1724 1816 1770">
    <p class='ocr_par' dir='ltr' id='par_1_77' title="bbox 1023 1724 1816 1770">
     <span class='ocr_line' id='line_1_77' title="bbox 1023 1724 1816 1770; baseline 0.015 -19"><span class='ocrx_word' id='word_1_583' title='bbox 1023 1724 1103 1760; x_wconf 85' lang='grc' dir='ltr'><strong>σῶμα</strong></span> <span class='ocrx_word' id='word_1_584' title='bbox 1112 1734 1119 1741; x_wconf 91' lang='grc'><strong>·</strong></span> <span class='ocrx_word' id='word_1_585' title='bbox 1133 1727 1157 1753; x_wconf 85' lang='grc' dir='ltr'><strong>ει</strong></span> <span class='ocrx_word' id='word_1_586' title='bbox 1169 1726 1197 1753; x_wconf 87' lang='grc' dir='ltr'><strong>δὲ</strong></span> <span class='ocrx_word' id='word_1_587' title='bbox 1214 1728 1246 1753; x_wconf 85' lang='grc' dir='ltr'><strong>σὺ</strong></span> <span class='ocrx_word' id='word_1_588' title='bbox 1262 1728 1331 1764; x_wconf 78' lang='grc' dir='ltr'><strong>μήτε</strong></span> <span class='ocrx_word' id='word_1_589' title='bbox 1343 1728 1485 1763; x_wconf 82' lang='grc' dir='ltr'><strong>βοτανικὸς</strong></span> <span class='ocrx_word' id='word_1_590' title='bbox 1493 1729 1519 1758; x_wconf 77' lang='grc' dir='ltr'><strong>εἴ</strong></span> <span class='ocrx_word' id='word_1_591' title='bbox 1529 1732 1658 1767; x_wconf 75' lang='grc' dir='ltr'><strong>Γραφῶν,</strong></span> <span class='ocrx_word' id='word_1_592' title='bbox 1673 1735 1744 1770; x_wconf 81' lang='grc' dir='ltr'><strong>μήτε</strong></span> <span class='ocrx_word' id='word_1_593' title='bbox 1754 1737 1816 1762; x_wconf 66' lang='lat' dir='ltr'><strong>dwa-</strong></span> 
     </span>
    </p>
   </div>
   <div class='ocr_carea' id='block_1_78' title="bbox 1021 1771 1816 1816">
    <p class='ocr_par' dir='ltr' id='par_1_78' title="bbox 1021 1771 1816 1816">
     <span class='ocr_line' id='line_1_78' title="bbox 1021 1771 1816 1816; baseline 0.016 -20"><span class='ocrx_word' id='word_1_594' title='bbox 1021 1772 1123 1806; x_wconf 82' lang='grc' dir='ltr'><strong>τομεὺς</strong></span> <span class='ocrx_word' id='word_1_595' title='bbox 1135 1771 1188 1799; x_wconf 84' lang='grc' dir='ltr'><strong>τῶν</strong></span> <span class='ocrx_word' id='word_1_596' title='bbox 1204 1774 1382 1810; x_wconf 82' lang='grc' dir='ltr'><strong>προφητικῶν</strong></span> <span class='ocrx_word' id='word_1_597' title='bbox 1398 1775 1495 1810; x_wconf 84' lang='grc' dir='ltr'><strong>λόγων,</strong></span> <span class='ocrx_word' id='word_1_598' title='bbox 1510 1777 1547 1813; x_wconf 84' lang='grc' dir='ltr'><strong>μὴ</strong></span> <span class='ocrx_word' id='word_1_599' title='bbox 1562 1777 1657 1814; x_wconf 76' lang='grc' dir='ltr'><strong>νόμιζε</strong></span> <span class='ocrx_word' id='word_1_600' title='bbox 1674 1781 1816 1816; x_wconf 77' lang='grc' dir='ltr'><strong>παρέλκειν</strong></span> 
     </span>
    </p>
   </div>
   <div class='ocr_carea' id='block_1_79' title="bbox 1022 1816 1815 1862">
    <p class='ocr_par' dir='ltr' id='par_1_79' title="bbox 1022 1816 1815 1862">
     <span class='ocr_line' id='line_1_79' title="bbox 1022 1816 1815 1862; baseline 0.016 -21"><span class='ocrx_word' id='word_1_601' title='bbox 1022 1823 1049 1841; x_wconf 84' lang='grc' dir='ltr'><strong>τι</strong></span> <span class='ocrx_word' id='word_1_602' title='bbox 1063 1816 1117 1843; x_wconf 82' lang='grc' dir='ltr'><strong>τῶν</strong></span> <span class='ocrx_word' id='word_1_603' title='bbox 1133 1819 1346 1854; x_wconf 83' lang='grc' dir='ltr'><strong>γεγραμμένων,</strong></span> <span class='ocrx_word' id='word_1_604' title='bbox 1361 1820 1430 1847; x_wconf 79' lang='grc' dir='ltr'><strong>ἀλλὰ</strong></span> <span class='ocrx_word' id='word_1_605' title='bbox 1444 1823 1542 1850; x_wconf 77' lang='grc' dir='ltr'><strong>σαυτὸν</strong></span> <span class='ocrx_word' id='word_1_606' title='bbox 1560 1824 1641 1859; x_wconf 84' lang='grc' dir='ltr'><strong>μόνον</strong></span> <span class='ocrx_word' id='word_1_607' title='bbox 1661 1825 1679 1862; x_wconf 80' lang='grc' dir='ltr'>ἢ</span> <span class='ocrx_word' id='word_1_608' title='bbox 1703 1826 1739 1852; x_wconf 78' lang='grc' dir='ltr'><strong>τὰ</strong></span> <span class='ocrx_word' id='word_1_609' title='bbox 1759 1826 1815 1862; x_wconf 76' lang='grc' dir='ltr'><strong>ἱερὰ</strong></span> 
     </span>
    </p>
   </div>
   <div class='ocr_carea' id='block_1_80' title="bbox 1022 1861 1816 1907">
    <p class='ocr_par' dir='ltr' id='par_1_80' title="bbox 1022 1861 1816 1907">
     <span class='ocr_line' id='line_1_80' title="bbox 1022 1861 1816 1907; baseline 0.016 -20"><span class='ocrx_word' id='word_1_610' title='bbox 1022 1861 1175 1898; x_wconf 83' lang='grc' dir='ltr'><strong>γράμματα</strong></span> <span class='ocrx_word' id='word_1_611' title='bbox 1190 1864 1278 1897; x_wconf 76' lang='grc' dir='ltr'><strong>αἰτιῶ,</strong></span> <span class='ocrx_word' id='word_1_612' title='bbox 1290 1865 1335 1892; x_wconf 80' lang='grc' dir='ltr'><strong>ὅτε</strong></span> <span class='ocrx_word' id='word_1_613' title='bbox 1351 1866 1389 1902; x_wconf 84' lang='grc' dir='ltr'><strong>μὴ</strong></span> <span class='ocrx_word' id='word_1_614' title='bbox 1403 1867 1541 1902; x_wconf 82' lang='grc' dir='ltr'><strong>εὑρίσκεις</strong></span> <span class='ocrx_word' id='word_1_615' title='bbox 1555 1869 1600 1896; x_wconf 78' lang='grc' dir='ltr'><strong>τὸν</strong></span> <span class='ocrx_word' id='word_1_616' title='bbox 1615 1870 1696 1905; x_wconf 84' lang='grc' dir='ltr'><strong>λόγον</strong></span> <span class='ocrx_word' id='word_1_617' title='bbox 1707 1872 1761 1899; x_wconf 87' lang='grc' dir='ltr'><strong>τῶν</strong></span> <span class='ocrx_word' id='word_1_618' title='bbox 1775 1861 1816 1907; x_wconf 72' lang='grc' dir='ltr'><strong>γε·</strong></span> 
     </span>
    </p>
   </div>
   <div class='ocr_carea' id='block_1_81' title="bbox 1023 1908 1815 1952">
    <p class='ocr_par' dir='ltr' id='par_1_81' title="bbox 1023 1908 1815 1952">
     <span class='ocr_line' id='line_1_81' title="bbox 1023 1908 1815 1952; baseline 0.014 -19"><span class='ocrx_word' id='word_1_619' title='bbox 1023 1908 1201 1943; x_wconf 83' lang='grc' dir='ltr'><strong>γραμμένων.</strong></span> <span class='ocrx_word' id='word_1_620' title='bbox 1214 1909 1300 1937; x_wconf 81' lang='grc' dir='ltr'><strong>Τοῦτό</strong></span> <span class='ocrx_word' id='word_1_621' title='bbox 1316 1920 1360 1946; x_wconf 87' lang='grc' dir='ltr'><strong>μοι</strong></span> <span class='ocrx_word' id='word_1_622' title='bbox 1373 1912 1403 1938; x_wconf 76' lang='grc' dir='ltr'><strong>τὺ</strong></span> <span class='ocrx_word' id='word_1_623' title='bbox 1424 1914 1567 1949; x_wconf 82' lang='grc' dir='ltr'><strong>προοίμιον</strong></span> <span class='ocrx_word' id='word_1_624' title='bbox 1583 1916 1693 1952; x_wconf 81' lang='grc' dir='ltr'><strong>εἴρηται</strong></span> <span class='ocrx_word' id='word_1_625' title='bbox 1713 1918 1815 1945; x_wconf 81' lang='grc' dir='ltr'><strong>καθολι-</strong></span> 
     </span>
    </p>
   </div>
   <div class='ocr_carea' id='block_1_82' title="bbox 1021 1953 1814 2000">
    <p class='ocr_par' dir='ltr' id='par_1_82' title="bbox 1021 1953 1814 2000">
     <span class='ocr_line' id='line_1_82' title="bbox 1021 1953 1814 2000; baseline 0.015 -21"><span class='ocrx_word' id='word_1_626' title='bbox 1021 1953 1088 1985; x_wconf 78' lang='grc' dir='ltr'><strong>κῶς,</strong></span> <span class='ocrx_word' id='word_1_627' title='bbox 1105 1955 1240 1990; x_wconf 86' lang='grc' dir='ltr'><strong>χρήσιμον</strong></span> <span class='ocrx_word' id='word_1_628' title='bbox 1259 1955 1328 1984; x_wconf 73' lang='grc' dir='ltr'><strong>εἶναι</strong></span> <span class='ocrx_word' id='word_1_629' title='bbox 1342 1958 1491 1994; x_wconf 76' lang='grc' dir='ltr'><strong>δυνάμενον</strong></span> <span class='ocrx_word' id='word_1_630' title='bbox 1501 1961 1541 1993; x_wconf 77' lang='grc' dir='ltr'><strong>εἰς</strong></span> <span class='ocrx_word' id='word_1_631' title='bbox 1553 1961 1619 1997; x_wconf 81' lang='grc' dir='ltr'><strong>ὅλην</strong></span> <span class='ocrx_word' id='word_1_632' title='bbox 1632 1963 1684 1998; x_wconf 78' lang='grc' dir='ltr'><strong>τὴν</strong></span> <span class='ocrx_word' id='word_1_633' title='bbox 1696 1964 1814 2000; x_wconf 77' lang='grc' dir='ltr'><strong>Γραφὴν,</strong></span> 
     </span>
    </p>
   </div>
   <div class='ocr_carea' id='block_1_83' title="bbox 178 1999 1174 2044">
    <p class='ocr_par' dir='ltr' id='par_1_83' title="bbox 178 1999 1174 2040">
     <span class='ocr_line' id='line_1_83' title="bbox 178 1999 1174 2040; baseline 0.003 -7"><span class='ocrx_word' id='word_1_634' title='bbox 178 2002 279 2033; x_wconf 50' lang='lat' dir='ltr'><strong>Potest.</strong></span> <span class='ocrx_word' id='word_1_635' title='bbox 296 2005 325 2028; x_wconf 91' lang='lat' dir='ltr'><strong>ut</strong></span> <span class='ocrx_word' id='word_1_636' title='bbox 341 2007 506 2030; x_wconf 83' lang='lat' dir='ltr'><strong>moneantur</strong></span> <span class='ocrx_word' id='word_1_637' title='bbox 520 2004 566 2038; x_wconf 88' lang='lat' dir='ltr'><strong>qui</strong></span> <span class='ocrx_word' id='word_1_638' title='bbox 588 2005 670 2040; x_wconf 85' lang='lat' dir='ltr'><strong>hujus</strong></span> <span class='ocrx_word' id='word_1_639' title='bbox 693 2006 804 2034; x_wconf 86' lang='lat' dir='ltr'><strong>lectioni</strong></span> <span class='ocrx_word' id='word_1_640' title='bbox 821 2016 850 2036; x_wconf 84' lang='lat' dir='ltr'><strong>se</strong></span> <span class='ocrx_word' id='word_1_641' title='bbox 871 2009 970 2037; x_wconf 87' lang='lat' dir='ltr'><strong>dedere</strong></span> <span class='ocrx_word' id='word_1_642' title='bbox 1023 1999 1068 2026; x_wconf 69' lang='grc' dir='ltr'><strong>ἵνα</strong></span> <span class='ocrx_word' id='word_1_643' title='bbox 1080 2009 1174 2036; x_wconf 69' lang='grc' dir='ltr'><strong>προτρέ</strong></span> 
     </span>
    </p>
   </div>
   <div class='ocr_carea' id='block_1_84' title="bbox 1057 1999 1813 2044">
    <p class='ocr_par' dir='ltr' id='par_1_84' title="bbox 1057 1999 1813 2044">
     <span class='ocr_line' id='line_1_84' title="bbox 1057 1999 1813 2044; baseline 0.015 -19"><span class='ocrx_word' id='word_1_644' title='bbox 1057 2008 1068 2026; x_wconf 74' lang='grc' dir='ltr'><strong>ι</strong></span> <span class='ocrx_word' id='word_1_645' title='bbox 1080 2001 1275 2036; x_wconf 83' lang='grc' dir='ltr'><strong>προτραπῶσιν</strong></span> <span class='ocrx_word' id='word_1_646' title='bbox 1283 2004 1308 2029; x_wconf 75' lang='grc' dir='ltr'><strong>οἱ</strong></span> <span class='ocrx_word' id='word_1_647' title='bbox 1321 2003 1444 2037; x_wconf 77' lang='grc' dir='ltr'><strong>θέλοντες</strong></span> <span class='ocrx_word' id='word_1_648' title='bbox 1456 2006 1600 2042; x_wconf 83' lang='grc' dir='ltr'><strong>προσέχειν</strong></span> <span class='ocrx_word' id='word_1_649' title='bbox 1610 2009 1644 2044; x_wconf 81' lang='grc' dir='ltr'><strong>τῇ</strong></span> <span class='ocrx_word' id='word_1_650' title='bbox 1655 1999 1813 2043; x_wconf 68' lang='grc' dir='ltr'><strong>ἀναγνώσει,</strong></span> 
     </span>
    </p>
   </div>
   <div class='ocr_carea' id='block_1_85' title="bbox 178 2044 970 2090">
    <p class='ocr_par' dir='ltr' id='par_1_85' title="bbox 178 2044 970 2090">
     <span class='ocr_line' id='line_1_85' title="bbox 178 2044 970 2090; baseline 0.018 -21"><span class='ocrx_word' id='word_1_651' title='bbox 178 2044 310 2080; x_wconf 72' lang='lat' dir='ltr'><strong>cogitant,</strong></span> <span class='ocrx_word' id='word_1_652' title='bbox 327 2046 428 2074; x_wconf 91' lang='lat' dir='ltr'><strong>nullam</strong></span> <span class='ocrx_word' id='word_1_653' title='bbox 450 2056 503 2075; x_wconf 90' lang='lat' dir='ltr'><strong>non</strong></span> <span class='ocrx_word' id='word_1_654' title='bbox 522 2049 676 2078; x_wconf 84' lang='lat' dir='ltr'><strong>discussam</strong></span> <span class='ocrx_word' id='word_1_655' title='bbox 697 2057 724 2079; x_wconf 90' lang='lat' dir='ltr'><strong>ct</strong></span> <span class='ocrx_word' id='word_1_656' title='bbox 745 2053 889 2088; x_wconf 79' lang='lat' dir='ltr'><strong>diligenter</strong></span> <span class='ocrx_word' id='word_1_657' title='bbox 910 2063 970 2090; x_wconf 85' lang='lat' dir='ltr'><strong>per-</strong></span> 
     </span>
    </p>
   </div>
   <div class='ocr_carea' id='block_1_86' title="bbox 178 2090 702 2129">
    <p class='ocr_par' dir='ltr' id='par_1_86' title="bbox 178 2090 702 2129">
     <span class='ocr_line' id='line_1_86' title="bbox 178 2090 702 2129; baseline 0.017 -14"><span class='ocrx_word' id='word_1_658' title='bbox 178 2090 338 2125; x_wconf 74' lang='lat' dir='ltr'><strong>vestigatam</strong></span> <span class='ocrx_word' id='word_1_659' title='bbox 356 2092 473 2120; x_wconf 85' lang='lat' dir='ltr'><strong>litteram</strong></span> <span class='ocrx_word' id='word_1_660' title='bbox 488 2097 702 2129; x_wconf 73' lang='lat' dir='ltr'><strong>prmtermitterc.</strong></span> 
     </span>
    </p>
   </div>
   <div class='ocr_carea' id='block_1_87' title="bbox 1024 2046 1815 2093">
    <p class='ocr_par' dir='ltr' id='par_1_87' title="bbox 1024 2046 1815 2093">
     <span class='ocr_line' id='line_1_87' title="bbox 1024 2046 1815 2093; baseline 0.016 -22"><span class='ocrx_word' id='word_1_661' title='bbox 1024 2046 1105 2081; x_wconf 85' lang='grc' dir='ltr'><strong>μηδὲν</strong></span> <span class='ocrx_word' id='word_1_662' title='bbox 1122 2048 1356 2084; x_wconf 83' lang='grc' dir='ltr'><strong>παραπέμπεσθαι</strong></span> <span class='ocrx_word' id='word_1_663' title='bbox 1378 2051 1555 2086; x_wconf 75' lang='grc' dir='ltr'><strong>ἀνεξέταστον</strong></span> <span class='ocrx_word' id='word_1_664' title='bbox 1571 2055 1619 2081; x_wconf 72' lang='grc' dir='ltr'><strong>καὶ</strong></span> <span class='ocrx_word' id='word_1_665' title='bbox 1641 2055 1815 2093; x_wconf 72' lang='grc' dir='ltr'><strong>ἀνεξερεύνη-</strong></span> 
     </span>
    </p>
   </div>
   <div class='ocr_carea' id='block_1_88' title="bbox 1022 2094 1211 2130">
    <p class='ocr_par' dir='ltr' id='par_1_88' title="bbox 1022 2094 1211 2130">
     <span class='ocr_line' id='line_1_88' title="bbox 1022 2094 1211 2130; baseline 0.021 -12"><span class='ocrx_word' id='word_1_666' title='bbox 1022 2101 1068 2119; x_wconf 90' lang='grc' dir='ltr'><strong>τον</strong></span> <span class='ocrx_word' id='word_1_667' title='bbox 1082 2094 1211 2130; x_wconf 86' lang='grc' dir='ltr'><strong>γράμμα.</strong></span> 
     </span>
    </p>
   </div>
   <div class='ocr_carea' id='block_1_89' title="bbox 180 2167 1789 2203">
    <p class='ocr_par' dir='ltr' id='par_1_89' title="bbox 180 2167 1789 2203">
     <span class='ocr_line' id='line_1_89' title="bbox 180 2167 1789 2203; baseline 0.013 -24"><span class='ocrx_word' id='word_1_668' title='bbox 180 2167 1789 2203; x_wconf 40' lang='grc' dir='ltr'>Ἢ</span> 
     </span>
    </p>
   </div>
   <div class='ocr_carea' id='block_1_90' title="bbox 563 2234 1421 2310">
    <p class='ocr_par' dir='ltr' id='par_1_90' title="bbox 563 2234 1421 2310">
     <span class='ocr_line' id='line_1_90' title="bbox 563 2234 1421 2310; baseline 0.017 -14"><span class='ocrx_word' id='word_1_669' title='bbox 563 2234 677 2298; x_wconf 79' lang='grc' dir='ltr'><strong>ΕΚ</strong></span> <span class='ocrx_word' id='word_1_670' title='bbox 726 2237 900 2301; x_wconf 89' lang='grc' dir='ltr'>ΤΩΝ</span> <span class='ocrx_word' id='word_1_671' title='bbox 949 2240 1421 2310; x_wconf 88' lang='grc' dir='ltr'><strong>ΩΡΙΓΕΝΟΥΣ</strong></span> 
     </span>
    </p>
   </div>
   <div class='ocr_carea' id='block_1_91' title="bbox 452 2341 1174 2403">
    <p class='ocr_par' dir='ltr' id='par_1_91' title="bbox 452 2341 1174 2398">
     <span class='ocr_line' id='line_1_91' title="bbox 452 2341 1174 2398; baseline 0.015 -11"><span class='ocrx_word' id='word_1_672' title='bbox 452 2341 855 2393; x_wconf 86' lang='grc' dir='ltr'><strong>ΔΙΕΞΗΓΗΤΙΚΑΙ</strong></span> <span class='ocrx_word' id='word_1_673' title='bbox 887 2351 1133 2397; x_wconf 88' lang='grc' dir='ltr'><strong>ΕΚΛΟΓΑΙ</strong></span> <span class='ocrx_word' id='word_1_674' title='bbox 1163 2356 1174 2398; x_wconf 97' lang='grc'><strong>]</strong></span> 
     </span>
    </p>
   </div>
   <div class='ocr_carea' id='block_1_92' title="bbox 1057 2341 1547 2403">
    <p class='ocr_par' dir='ltr' id='par_1_92' title="bbox 1057 2354 1547 2403">
     <span class='ocr_line' id='line_1_92' title="bbox 1057 2354 1547 2403; baseline 0.01 -7"><span class='ocrx_word' id='word_1_675' title='bbox 1057 2354 1133 2397; x_wconf 54' lang='grc' dir='ltr'><strong>ΤΑΙ</strong></span> <span class='ocrx_word' id='word_1_676' title='bbox 1163 2356 1249 2401; x_wconf 87' lang='grc' dir='ltr'><strong>ΕΙΣ</strong></span> <span class='ocrx_word' id='word_1_677' title='bbox 1274 2358 1547 2403; x_wconf 89' lang='grc' dir='ltr'><strong>ΙΕΡΕΜΙΑΝ.</strong></span> 
     </span>
    </p>
   </div>
   <div class='ocr_carea' id='block_1_93' title="bbox 763 2491 1236 2552">
    <p class='ocr_par' dir='ltr' id='par_1_93' title="bbox 763 2491 1236 2552">
     <span class='ocr_line' id='line_1_93' title="bbox 763 2491 1236 2552; baseline 0.008 -5"><span class='ocrx_word' id='word_1_678' title='bbox 763 2491 857 2550; x_wconf 90' lang='lat' dir='ltr'><strong>EX</strong></span> <span class='ocrx_word' id='word_1_679' title='bbox 922 2493 1236 2552; x_wconf 83' lang='lat' dir='ltr'><strong>ORIGENE</strong></span> 
     </span>
    </p>
   </div>
   <div class='ocr_carea' id='block_1_94' title="bbox 620 2607 1379 2658">
    <p class='ocr_par' dir='ltr' id='par_1_94' title="bbox 620 2607 1379 2658">
     <span class='ocr_line' id='line_1_94' title="bbox 620 2607 1379 2658; baseline 0.008 -6"><span class='ocrx_word' id='word_1_680' title='bbox 620 2607 880 2654; x_wconf 87' lang='lat' dir='ltr'><strong>SELECTA</strong></span> <span class='ocrx_word' id='word_1_681' title='bbox 923 2611 987 2655; x_wconf 92' lang='lat' dir='ltr'><strong>IN</strong></span> <span class='ocrx_word' id='word_1_682' title='bbox 1047 2612 1379 2658; x_wconf 82' lang='lat' dir='ltr'><strong>JEREMIAM.</strong></span> 
     </span>
    </p>
   </div>
   <div class='ocr_carea' id='block_1_95' title="bbox 464 2737 685 2772">
    <p class='ocr_par' dir='ltr' id='par_1_95' title="bbox 464 2737 685 2772">
     <span class='ocr_line' id='line_1_95' title="bbox 464 2737 685 2772; baseline 0.005 -9"><span class='ocrx_word' id='word_1_683' title='bbox 464 2738 546 2772; x_wconf 70' lang='lat'><strong>237</strong></span> <span class='ocrx_word' id='word_1_684' title='bbox 566 2737 640 2765; x_wconf 67' lang='lat' dir='ltr'><strong>car.</strong></span> <span class='ocrx_word' id='word_1_685' title='bbox 665 2738 685 2765; x_wconf 84' lang='grc' dir='ltr'><strong>ι.</strong></span> 
     </span>
    </p>
   </div>
   <div class='ocr_carea' id='block_1_96' title="bbox 217 2783 969 2819">
    <p class='ocr_par' dir='ltr' id='par_1_96' title="bbox 217 2783 969 2819">
     <span class='ocr_line' id='line_1_96' title="bbox 217 2783 969 2819; baseline 0.004 -8"><span class='ocrx_word' id='word_1_686' title='bbox 217 2783 244 2811; x_wconf 81' lang='lat'><strong>6.</strong></span> <span class='ocrx_word' id='word_1_687' title='bbox 262 2784 295 2811; x_wconf 81' lang='lat' dir='ltr'><strong>Et</strong></span> <span class='ocrx_word' id='word_1_688' title='bbox 314 2784 369 2811; x_wconf 72' lang='lat' dir='ltr'><strong>dixi</strong></span> <span class='ocrx_word' id='word_1_689' title='bbox 385 2784 430 2812; x_wconf 91' lang='lat'><strong>:0</strong></span> <span class='ocrx_word' id='word_1_690' title='bbox 450 2785 575 2810; x_wconf 70' lang='lat' dir='ltr'><strong>miscens</strong></span> <span class='ocrx_word' id='word_1_691' title='bbox 595 2785 743 2811; x_wconf 81' lang='lat' dir='ltr'><strong>dominator</strong></span> <span class='ocrx_word' id='word_1_692' title='bbox 767 2785 891 2819; x_wconf 82' lang='lat' dir='ltr'><strong>Domine;</strong></span> <span class='ocrx_word' id='word_1_693' title='bbox 913 2796 969 2814; x_wconf 82' lang='lat' dir='ltr'><strong>ecce</strong></span> 
     </span>
    </p>
   </div>
   <div class='ocr_carea' id='block_1_97' title="bbox 183 2828 969 2864">
    <p class='ocr_par' dir='ltr' id='par_1_97' title="bbox 183 2828 969 2864">
     <span class='ocr_line' id='line_1_97' title="bbox 183 2828 969 2864; baseline 0.006 -10"><span class='ocrx_word' id='word_1_694' title='bbox 183 2830 268 2857; x_wconf 72' lang='lat' dir='ltr'><strong>nescio</strong></span> <span class='ocrx_word' id='word_1_695' title='bbox 284 2828 364 2863; x_wconf 84' lang='lat' dir='ltr'><strong>loqui,</strong></span> <span class='ocrx_word' id='word_1_696' title='bbox 380 2830 442 2864; x_wconf 87' lang='lat' dir='ltr'><strong>quia</strong></span> <span class='ocrx_word' id='word_1_697' title='bbox 457 2829 549 2863; x_wconf 81' lang='lat' dir='ltr'><strong>junior</strong></span> <span class='ocrx_word' id='word_1_698' title='bbox 563 2837 609 2864; x_wconf 79' lang='lat' dir='ltr'><strong>ego</strong></span> <span class='ocrx_word' id='word_1_699' title='bbox 623 2838 690 2856; x_wconf 79' lang='lat' dir='ltr'><strong>sum.</strong></span> <span class='ocrx_word' id='word_1_700' title='bbox 707 2831 732 2857; x_wconf 90' lang='lat'>7.</span> <span class='ocrx_word' id='word_1_701' title='bbox 751 2831 782 2857; x_wconf 83' lang='lat' dir='ltr'><strong>Et</strong></span> <span class='ocrx_word' id='word_1_702' title='bbox 798 2832 864 2858; x_wconf 68' lang='lat' dir='ltr'><strong>dixit</strong></span> <span class='ocrx_word' id='word_1_703' title='bbox 881 2832 969 2859; x_wconf 83' lang='lat' dir='ltr'><strong>Domi-</strong></span> 
     </span>
    </p>
   </div>
   <div class='ocr_carea' id='block_1_98' title="bbox 973 2701 1005 2709">
    <p class='ocr_par' dir='ltr' id='par_1_98' title="bbox 973 2701 1005 2709">
     <span class='ocr_line' id='line_1_98' title="bbox 973 2701 1005 2709; baseline 0 -2"><span class='ocrx_word' id='word_1_704' title='bbox 973 2701 1005 2709; x_wconf 69' lang='grc'><strong>..-</strong></span> 
     </span>
    </p>
   </div>
   <div class='ocr_carea' id='block_1_99' title="bbox 1353 2747 1488 2776">
    <p class='ocr_par' dir='ltr' id='par_1_99' title="bbox 1353 2747 1488 2776">
     <span class='ocr_line' id='line_1_99' title="bbox 1353 2747 1488 2776; baseline 0.03 -4"><span class='ocrx_word' id='word_1_705' title='bbox 1353 2747 1430 2774; x_wconf 79' lang='grc' dir='ltr'><strong>ΚΕΦ.</strong></span> <span class='ocrx_word' id='word_1_706' title='bbox 1451 2748 1488 2776; x_wconf 85' lang='lat' dir='ltr'><strong>A’.</strong></span> 
     </span>
    </p>
   </div>
   <div class='ocr_carea' id='block_1_100' title="bbox 1057 2787 1805 2829">
    <p class='ocr_par' dir='ltr' id='par_1_100' title="bbox 1057 2787 1805 2829">
     <span class='ocr_line' id='line_1_100' title="bbox 1057 2787 1805 2829; baseline 0.008 -13"><span class='ocrx_word' id='word_1_707' title='bbox 1057 2790 1084 2817; x_wconf 85' lang='lat'><strong>6.</strong></span> <span class='ocrx_word' id='word_1_708' title='bbox 1103 2790 1158 2817; x_wconf 77' lang='grc' dir='ltr'><strong>Καὶ</strong></span> <span class='ocrx_word' id='word_1_709' title='bbox 1173 2787 1244 2817; x_wconf 78' lang='grc' dir='ltr'><strong>εἶπα</strong></span> <span class='ocrx_word' id='word_1_710' title='bbox 1254 2793 1300 2817; x_wconf 90' lang='grc' dir='ltr'><strong>·”Ο</strong></span> <span class='ocrx_word' id='word_1_711' title='bbox 1314 2791 1356 2819; x_wconf 80' lang='grc' dir='ltr'><strong>ὢν</strong></span> <span class='ocrx_word' id='word_1_712' title='bbox 1371 2792 1506 2820; x_wconf 69' lang='grc' dir='ltr'><strong>Δέσποτα</strong></span> <span class='ocrx_word' id='word_1_713' title='bbox 1527 2795 1617 2829; x_wconf 77' lang='grc' dir='ltr'><strong>Κύριε</strong></span> <span class='ocrx_word' id='word_1_714' title='bbox 1628 2816 1636 2827; x_wconf 86' lang='grc'><strong>,</strong></span> <span class='ocrx_word' id='word_1_715' title='bbox 1668 2797 1732 2825; x_wconf 77' lang='grc' dir='ltr'><strong>Ιδσύ</strong></span> <span class='ocrx_word' id='word_1_716' title='bbox 1754 2797 1805 2824; x_wconf 64' lang='grc' dir='ltr'><strong>οὐκ</strong></span> 
     </span>
    </p>
   </div>
   <div class='ocr_carea' id='block_1_101' title="bbox 1022 2835 1806 2877">
    <p class='ocr_par' dir='ltr' id='par_1_101' title="bbox 1022 2835 1806 2877">
     <span class='ocr_line' id='line_1_101' title="bbox 1022 2835 1806 2877; baseline 0.013 -16"><span class='ocrx_word' id='word_1_717' title='bbox 1022 2835 1320 2870; x_wconf 71' lang='grc' dir='ltr'><strong>ἑπΙσταμαι.1ιιλεῖν,</strong></span> <span class='ocrx_word' id='word_1_718' title='bbox 1346 2836 1391 2864; x_wconf 76' lang='grc' dir='ltr'><strong>ὅτι</strong></span> <span class='ocrx_word' id='word_1_719' title='bbox 1406 2838 1548 2874; x_wconf 75' lang='grc' dir='ltr'><strong>νεώτερος</strong></span> <span class='ocrx_word' id='word_1_720' title='bbox 1572 2840 1630 2875; x_wconf 60' lang='grc' dir='ltr'><strong>ἐγώ</strong></span> <span class='ocrx_word' id='word_1_721' title='bbox 1657 2843 1725 2877; x_wconf 79' lang='grc' dir='ltr'><strong>εἰμι.</strong></span> <span class='ocrx_word' id='word_1_722' title='bbox 1755 2841 1806 2870; x_wconf 67' lang='grc' dir='ltr'><strong>Καὶ</strong></span> 
     </span>
    </p>
   </div>
   <div class='ocr_carea' id='block_1_102' title="bbox 185 2873 1174 2920">
    <p class='ocr_par' dir='ltr' id='par_1_102' title="bbox 185 2873 1172 2915">
     <span class='ocr_line' id='line_1_102' title="bbox 185 2873 1172 2915; baseline 0.009 -16"><span class='ocrx_word' id='word_1_723' title='bbox 185 2882 232 2900; x_wconf 74' lang='lat' dir='ltr'><strong>nus</strong></span> <span class='ocrx_word' id='word_1_724' title='bbox 245 2874 279 2899; x_wconf 83' lang='lat' dir='ltr'><strong>ml</strong></span> <span class='ocrx_word' id='word_1_725' title='bbox 298 2881 338 2900; x_wconf 80' lang='lat' dir='ltr'><strong>me</strong></span> <span class='ocrx_word' id='word_1_726' title='bbox 351 2882 359 2900; x_wconf 94' lang='lat'><strong><em>:</em></strong></span> <span class='ocrx_word' id='word_1_727' title='bbox 376 2873 436 2900; x_wconf 86' lang='lat' dir='ltr'><strong>Noli</strong></span> <span class='ocrx_word' id='word_1_728' title='bbox 452 2874 536 2901; x_wconf 75' lang='lat' dir='ltr'><strong>dicere</strong></span> <span class='ocrx_word' id='word_1_729' title='bbox 552 2875 612 2909; x_wconf 82' lang='lat' dir='ltr'><strong>quia</strong></span> <span class='ocrx_word' id='word_1_730' title='bbox 625 2874 716 2908; x_wconf 82' lang='lat' dir='ltr'><strong>junior</strong></span> <span class='ocrx_word' id='word_1_731' title='bbox 731 2884 777 2911; x_wconf 71' lang='lat' dir='ltr'><strong>ego</strong></span> <span class='ocrx_word' id='word_1_732' title='bbox 790 2885 858 2903; x_wconf 68' lang='lat' dir='ltr'><strong>sunt.</strong></span> <span class='ocrx_word' id='word_1_733' title='bbox 875 2877 969 2906; x_wconf 83' lang='lat' dir='ltr'><strong>Justus</strong></span> <span class='ocrx_word' id='word_1_734' title='bbox 1023 2878 1087 2907; x_wconf 73' lang='grc' dir='ltr'><strong>εἶπε</strong></span> <span class='ocrx_word' id='word_1_735' title='bbox 1102 2881 1172 2915; x_wconf 73' lang='grc' dir='ltr'><strong>Κύρι</strong></span> 
     </span>
    </p>
   </div>
   <div class='ocr_carea' id='block_1_103' title="bbox 1057 2873 1803 2920">
    <p class='ocr_par' dir='ltr' id='par_1_103' title="bbox 1057 2873 1803 2920">
     <span class='ocr_line' id='line_1_103' title="bbox 1057 2873 1803 2920; baseline 0.008 -13"><span class='ocrx_word' id='word_1_736' title='bbox 1057 2889 1087 2907; x_wconf 85' lang='grc' dir='ltr'><strong>τε</strong></span> <span class='ocrx_word' id='word_1_737' title='bbox 1102 2881 1208 2915; x_wconf 73' lang='grc' dir='ltr'><strong>Κύριος</strong></span> <span class='ocrx_word' id='word_1_738' title='bbox 1220 2880 1294 2916; x_wconf 74' lang='grc' dir='ltr'><strong>πρὸς</strong></span> <span class='ocrx_word' id='word_1_739' title='bbox 1305 2881 1343 2915; x_wconf 80' lang='grc' dir='ltr'><strong>μέ</strong></span> <span class='ocrx_word' id='word_1_740' title='bbox 1353 2889 1360 2897; x_wconf 81' lang='grc'><em>’</em></span> <span class='ocrx_word' id='word_1_741' title='bbox 1379 2881 1427 2916; x_wconf 73' lang='grc' dir='ltr'><strong>Μὴ</strong></span> <span class='ocrx_word' id='word_1_742' title='bbox 1444 2882 1523 2917; x_wconf 65' lang='grc' dir='ltr'><strong>λέγε,</strong></span> <span class='ocrx_word' id='word_1_743' title='bbox 1541 2873 1743 2920; x_wconf 40' lang='grc' dir='ltr'><strong>ὅτι-ιἐὼτέρος</strong></span> <span class='ocrx_word' id='word_1_744' title='bbox 1752 2882 1803 2918; x_wconf 66' lang='grc' dir='ltr'><strong>ὲπὼ</strong></span> 
     </span>
    </p>
   </div>
  </div>
