1872 3048
195 64 246 92 547

889 63 930 90 EX
952 63 1103 91 ORIGENE

1767 69 1811 97 518

193 125 365 153 addictorum
389 124 573 159 stupiditatem
591 123 753 156 ostendens,
770 123 842 159 ligna
867 122 969 157 lapides

1054 122 1072 148 ’ὸ
1085 121 1113 148 δὲ
1130 121 1183 148 τῶν
1208 122 1471 159 εἰδωλολατροὺντων
1490 123 1652 160 ἀναίσθητον
1673 124 1812 160 ἐμφαίνων,

193 179 248 206 que
271 175 349 198 vocat
372 170 455 204 idola,
480 170 656 197 considerans
680 170 833 197 daemonum
865 169 891 195 iu
917 169 984 204 ipsis

194 216 323 244 latebras.
341 214 374 243 Et
390 221 479 243 tamen
503 216 594 251 potius
617 215 739 243 converti
760 215 891 242 debuerat
912 215 982 242 .luda

193 263 277 290 veluti
295 262 394 289 mulier
409 263 489 290 ducta
505 263 539 289 ob
550 261 758 288 fornicationem
770 261 877 296 eiectae;
894 262 982 296 majus

194 308 266 336 enim
287 308 390 335 crimen
414 307 436 335 si
458 308 517 342 ejus
538 307 656 334 imitetur
673 305 890 335 fornicationem.
907 306 982 334 Talis

193 358 252 381 erat
267 353 421 381 Judaeorum
445 354 577 388 populus:
593 360 654 380 cum
677 360 741 380 vere
761 353 880 380 converti
901 353 981 380 debe-

195 405 245 432 ret,
272 399 317 426 ille
339 398 492 431 simulabat;
515 397 599 425 Deum
625 398 704 425 labiis
726 398 882 425 honorans:
899 405 979 432 quem

193 444 323 479 populum
341 443 551 478 incompositum
567 443 695 478 appellat,
709 447 739 470 ut
753 443 800 477 qui
818 443 905 478 pactis
919 452 980 478 qua:

192 498 253 518 cum
275 489 331 517 Deo
353 490 459 521 inierat,
484 497 537 516 non
565 489 688 522 steterit;
714 489 789 524 atqui
814 489 979 519 erudiendus

191 536 282 570 potius
296 540 364 567 erat,
381 534 450 569 quod
476 539 502 561 et
527 534 656 568 templum
671 534 795 566 haberet,
818 539 844 562 et
866 543 926 570 qua:
951 535 977 562 in

193 582 252 616 ipso
268 580 475 616 peragebantur.
491 580 539 607 Sic
550 585 577 607 et
588 579 666 607 nobis
680 579 744 607 illud
761 580 910 608 maximum
927 580 979 608 im-

192 626 276 652 minet
289 625 456 660 periculum,
474 625 497 652 si
521 629 583 659 post
598 624 700 652 Christi
722 625 867 653 adventum
886 627 978 661 expia-

190 671 290 699 tionem
308 676 500 706 peccatorum,
523 671 696 706 Spiritusque
720 672 806 699 sancti
828 673 975 707 participa-

189 715 289 745 tionem
305 725 460 752 peccemus,
482 717 508 744 in
523 717 674 752 primisque
688 716 842 745 Iudaeorum
864 719 976 752 eiectio-

188 772 250 791 nem
266 772 320 798 prae
333 763 421 790 oculis
438 763 577 791 habentes.
595 763 699 791 Etenim
714 764 736 791 si
751 763 834 791 ramis
854 765 905 791 sibi
928 761 987 791 na-'

189 815 249 837 tura
275 810 428 844 conjunctis
454 810 525 837 Deus
547 817 600 837 non
624 809 755 844 pepercit,
783 810 867 837 multo
891 811 977 845 magis
994 793 1013 820 Β

189 856 411 891 deliuqucntilms
425 856 503 883 nobis
517 863 571 883 non
583 861 686 891 parcet.

517 900 594 928 CAP.
619 899 647 928 ν.

224 946 251 974 6.
273 945 336 973 Ideo
350 947 479 981 percussit
492 955 535 973 eos
549 946 599 980 leo,
616 952 668 974 ctc.
692 946 759 974 Eum
780 947 825 982 qui
844 947 978 982 percussit

189 1001 247 1024 eos,
266 997 345 1020 vocat
363 993 477 1025 leonem,
499 997 525 1020 et
543 994 634 1028 lupum
654 998 681 1020 et
702 993 826 1028 pardum.
845 992 977 1020 Videntur

189 1043 279 1066 autent
293 1038 398 1066 insidia:
411 1038 438 1065 iu
451 1039 517 1073 ipsis
529 1038 682 1065 actionibus
694 1039 728 1065 ab
742 1037 785 1065 his
802 1038 849 1073 qui
861 1038 977 1072 ﬁgurate

189 1084 279 1112 leones
300 1088 433 1110 vocantur
455 1082 546 1116 factae;
573 1083 599 1110 in
622 1083 759 1110 intellectu
782 1090 846 1110 vero
868 1083 902 1109 ab
933 1083 975 1110 his

187 1131 233 1165 qui
248 1130 316 1165 parti
334 1129 427 1163 animi,
444 1137 498 1164 qua
514 1137 606 1157 verum
623 1129 796 1164 perspicitur.
815 1137 913 1157 nocere
927 1137 976 1157 vo-

187 1177 256 1205 lunt.
273 1177 376 1204 Pardus
391 1177 463 1204 enim
483 1177 510 1204 in
523 1177 598 1212 ipsos
616 1176 710 1203 oculos
731 1175 835 1204 insilirc
856 1175 973 1210 dicitur;

187 1223 229 1250 leo
241 1230 316 1256 vero,
332 1223 412 1250 sicuti
432 1231 464 1250 ex
484 1223 605 1250 historiis
621 1222 763 1253 habemus.
780 1222 920 1250 confectus
933 1230 976 1250 se-

187 1269 233 1296 nio
246 1269 316 1296 circa
340 1269 422 1296 urbes
443 1273 579 1300 versatur,
604 1268 745 1295 hominum
771 1269 858 1303 praeda
883 1269 975 1296 volens

186 1315 277 1351 potiri.
298 1315 366 1342 lllud
391 1321 520 1349 prmterea
538 1313 635 1347 fertur,
654 1322 687 1341 cx
705 1314 791 1349 ipsius
813 1315 933 1347 ossibus,
951 1314 975 1342 si

187 1361 360 1393 collidantur,
381 1364 428 1387 aut
445 1360 604 1392 tunduntur,
623 1359 712 1394 ignem
732 1360 834 1387 excuti.
852 1358 885 1387 Et
907 1359 975 1388 forte

190 1415 248 1440 .eo,
274 1407 428 1441 pardusquc
452 1406 504 1433 erit
528 1405 782 1433 Nabuchodonosor
805 1406 852 1440 qui
879 1406 974 1438 urbem

1035 168 1111 200 ξύλα,
1127 168 1174 194 καὶ
1189 168 1279 200 λίθους
1293 169 1371 195 καλεῖ
1383 170 1417 196 τὰ
1431 169 1526 196 εἴδωλα
1537 189 1544 201 ,
1564 171 1706 206 σκοπήσας
1720 172 1778 203 τοὺς
1791 172 1814 198 ὲν

1033 214 1124 245 αὐτοῖς
1137 214 1344 249 ἑμφωλεύοντας
1361 215 1500 250 δαίμονας.
1526 215 1622 242 Καίτοι
1644 216 1744 250 μᾶλλον
1765 217 1810 243 ἐπι-

1034 260 1160 296 στρέφειν
1184 260 1268 296 ἐχρῆν
1287 261 1333 286 τὸν
1361 260 1477 292 Ἰούδαν,
1497 260 1591 297 ὥσπερ
1614 261 1813 289 ἐπεισελθοῦσαν

1031 307 1148 340 γυναῖκα
1165 306 1214 340 τὴν
1224 306 1268 333 διὰ
1281 306 1408 341 πορνείαν
1426 306 1644 342 ἐκϐεϐλημένην·
1664 307 1757 342 μεῖζον
1769 308 1813 343 γὰρ

1031 352 1156 386 ἔγκλημα
1179 352 1228 387 τῆς
1245 351 1353 387 ἐκείνης
1372 352 1396 378 εί
1415 353 1523 387 μιμοῖτο
1543 352 1680 387 πορνείαν.
1705 352 1811 389 Τοιαύτη

1030 397 1084 423 τῶν
1105 397 1238 423 Ἰουδαίων
1255 398 1272 432 ἡ
1290 397 1416 424 κατοικία
1427 406 1433 412 ⁸
1448 397 1507 424 δέον
1522 399 1699 433 ἐπιστρέφειν
1713 399 1742 431 ἐξ
1758 399 1812 433 ἁλη-

1030 442 1115 474 θείας,
1142 443 1158 477 ή
1176 442 1204 468 δὲ
1222 442 1328 477 ψευδῶς
1350 442 1536 469 ὑπεπλάττετο
1557 443 1603 469 τὸν
1625 443 1692 470 Θεὸν
1716 445 1812 478 τιμαῖσι

1029 489 1085 520 τοῖς
1099 488 1225 524 χείλεσιν,
1242 489 1274 524 ἦν
1288 488 1432 515 ἀσύνθετον
1443 488 1529 519 καλεῖ,
1544 488 1582 520 ὡς
1601 488 1652 520 τὰς
1757 489 1812 515 Θεὸν

1030 536 1191 570 παραϐᾶσαν
1218 535 1368 570 συνθήκας*
1396 536 1484 562 καίτοι
1519 535 1696 562 παιδεύεσθαι
1724 537 1812 571 μᾶλλον

1028 581 1122 616 ἐχρῆν,
1137 581 1182 608 τὸν
1195 581 1258 608 ναὸν
1269 580 1378 616 ἔχουσα,
1395 581 1443 607 καὶ
1457 580 1492 607 τὰ
1507 581 1535 607 ὲν
1557 580 1632 615 αὐτῷ
1649 580 1721 607 κατὰ
1740 581 1812 616 νόμον

1028 626 1233 661 ἐπιτελούμενα.
1249 626 1326 652 Οὕτω
1344 627 1390 652 καὶ
1410 627 1476 661 ἡμῖν
1493 626 1622 652 κινδύνων
1641 627 1656 652 ό
1682 626 1810 661 μέγιστοκ

1027 671 1074 698 ἐὰν
1089 672 1290 708 ἁμαρτάνωμεν
1307 672 1376 707 μετὰ
1389 672 1438 708 τὴν
1454 673 1572 709 Χριστοῦ
1594 673 1758 708 παρουσίαν,
1774 674 1811 699 καὶ

1027 716 1160 753 λύτρωσιν
1181 717 1339 753 ἁμαρτιῶν,
1354 719 1400 745 καὶ
1424 718 1534 753 μέθεξιν
1553 719 1631 752 ἁγίου
1652 718 1810 754 Πνεῦματος,

1028 764 1075 790 καὶ.
1090 764 1209 798 μάλιστα
1220 763 1268 798 τὴν
1291 763 1422 789 Ἰουδαίων
1433 763 1550 798 ὁρῶντες
1564 763 1716 799 ἀποϐολήν·
1729 764 1752 790 εί
1767 764 1811 798 γὰρ

1029 808 1082 835 τῶν
1102 809 1172 835 κατὰ
1187 809 1266 843 φύσιν
1279 809 1382 835 κλάδων
1397 810 1411 835 ὁ
1431 808 1496 841 Θεὸς
1508 809 1558 835 οὐκ
1575 809 1715 843 ἐφείσατο,
1731 810 1811 845 ﬁent)

1031 855 1130 891 μᾶλλον
1144 856 1355 891 ἁμαρτανόντων
1372 854 1449 890 ἡμῶν
1462 855 1476 880 ὸ
1492 854 1558 886 Θεὸς
1574 856 1625 881 οὐκ
1637 855 1772 887 ἀνέξεται.

1351 902 1430 928 Rm.
1450 902 1488 928 E'.
1696 934 1700 936 γ

1064 947 1090 974 6.
1111 947 1162 974 Διὰ
1176 947 1263 974 τοῦτο
1275 948 1401 975 ἔπαισεν·
1414 947 1524 980 αὐτοὺς
1535 947 1624 979 λέων,
1640 957 1668 974 κ.
1682 957 1708 974 τ.
1728 949 1750 976 ἒ.
1767 948 1812 975 Τὸν

1028 992 1229 1028 περιπαίσαντα
1253 993 1350 1025 αὐτοὺς
1372 994 1445 1028 λέγει
1470 994 1575 1026 λέοντα,
1604 994 1653 1020 καὶ
1665 994 1746 1020 λύκον
1770 993 1811 1021 καὶ

1027 1038 1170 1074 πάρδαλιν.
1186 1041 1265 1066 Δοκεῖ
1273 1039 1300 1066 δὲ
1316 1040 1333 1074 ὴ
1351 1040 1399 1074 μὲν
1416 1040 1486 1066 κατὰ
1498 1039 1547 1071 τὰς
1561 1039 1675 1075 πράξεις
1690 1040 1810 1069 ἐπιὸονὶ.ὴ

1028 1085 1080 1112 ὑπὸ
1096 1086 1148 1112 τῶν
1161 1086 1298 1122 τροπικῶς
1314 1086 1467 1121 λεγομένων
1483 1086 1598 1112 λεόντων
1611 1086 1734 1120 γίνεσθαι
1743 1095 1750 1101 ·
1762 1087 1778 1121 ἡ
1788 1086 1810 1112 δὲ

1027 1131 1097 1159 κατὰ
1109 1132 1157 1167 τὴν
1165 1131 1264 1166 γνῶσιν
1273 1132 1325 1158 ὑπὸ
1336 1132 1390 1159 τῶν
1401 1132 1499 1167 βλάψαι
1511 1132 1541 1158 τὺ
1550 1132 1704 1167 διορατικὸν
1714 1133 1762 1168 τῆς
1769 1132 1811 1167 ψυ-

1027 1177 1077 1212 χῆς
1092 1177 1269 1212 βουλομένων.
1291 1178 1323 1203 'H
1339 1177 1394 1214 γὰρ
1409 1177 1541 1213 πάρδαλις
1552 1178 1689 1213 ἐπιπηδᾷν
1700 1178 1810 1213 μάὶιστα

1026 1222 1135 1256 λέγεται
1147 1224 1202 1254 τοῖς
1213 1222 1375 1258 ὀφθαλμοῖς·
1389 1225 1402 1249 ὸ
1414 1223 1441 1249 δὲ
1452 1223 1529 1255 λέων,
1545 1223 1582 1255 ὡς
1598 1224 1755 1259 ἱστορεῖται,
1768 1232 1810 1258 γη-

1027 1269 1112 1304 ράσας
1128 1270 1189 1306 περὶ
1206 1270 1256 1301 τὰς
1268 1269 1357 1301 πόλεις
1372 1270 1499 1305 νέμεται,
1525 1269 1653 1305 θηρεύειν
1668 1270 1751 1297 θέλων
1768 1271 1809 1296 ἀν-

1027 1314 1162 1350 θρώπους.
1187 1316 1303 1350 Λέγεται
1327 1316 1371 1348 δὲ,
1391 1317 1431 1343 ὅτι
1450 1317 1496 1343 καὶ
1518 1318 1550 1343 ἐκ
1565 1316 1619 1344 τῶν
1633 1316 1720 1344 ὀστῶν
1733 1316 1811 1342 αὖτοῦ

1026 1363 1201 1397 κοπτομένων
1217 1362 1234 1397 ἢ
1249 1362 1437 1397 πτισσομένων
1450 1363 1505 1398 πῦρ
1520 1362 1670 1398 ἐξέρχεται.
1682 1363 1736 1390 Καὶ
1753 1362 1812 1393 ἴσας

1026 1407 1094 1434 λέων
1109 1407 1141 1434 ἂν
1159 1407 1201 1442 εἴη
1219 1408 1265 1434 καὶ
1279 1407 1411 1443 πάρδαλις
1421 1408 1435 1433 ό
1455 1407 1690 1444 Ναϐουχοδονόσορ
1705 1408 1754 1443 τὴν
1769 1408 1811 1434 πό-

187 1454 308 1488 diripuit,
325 1458 352 1481 et
368 1453 450 1480 veluti
475 1453 577 1488 pardus
599 1451 659 1486 ejus
680 1453 784 1484 oculos,
804 1459 894 1487 regem
910 1460 969 1480 cum

1054 1451 1164 1484 νὲλὼν,
1184 1451 1231 1478 καὶ
1255 1451 1293 1484 ὡς
1316 1451 1448 1486 πάρδαλις
1470 1453 1534 1484 τοὺς
1550 1452 1707 1488 ὀφθαλμοὺς
1731 1453 1812 1487 αὐτῆς

186 1499 347 1534 primatibus
363 1497 465 1530 eli'odit,
484 1506 516 1526 ae
533 1498 641 1525 tandcm
657 1497 797 1525 Sedeciam
814 1498 900 1526 oculis
917 1499 972 1533 pri-

186 1545 268 1572 vavit.
282 1544 348 1572 Ossa
367 1551 457 1571 autem
475 1545 535 1578 ejus
552 1543 664 1579 tutelligi
686 1548 813 1578 poterunt
832 1543 973 1571 Nabuzar-

186 1591 250 1624 dan,
267 1591 313 1626 qui
327 1590 420 1617 urbem
438 1590 577 1617 cremavit.

450 1635 532 1671 239
557 1635 633 1663 CAP.
656 1635 709 1663 vu.

221 1681 265 1708 21.
289 1680 509 1707 Holocautomam
529 1686 614 1708 castra
636 1686 797 1717 congregem.
814 1682 893 1709 Clare
913 1689 974 1716 per-

186 1727 294 1762 quirere
309 1727 398 1758 docet,
417 1735 477 1761 quae
491 1727 688 1754 sacriﬁciorum
707 1727 786 1754 ratio.
804 1727 893 1755 Ansas
909 1735 973 1755 vrro

185 1774 251 1800 dant
266 1773 346 1800 verba
357 1772 504 1807 Scriptura:
515 1773 537 1788 "
551 1782 557 1800 :
575 1773 744 1808 Sazriﬁcium
770 1774 822 1800 Deo
845 1782 890 1800 cor
912 1781 974 1801 con-

186 1820 292 1851 tritum,
319 1819 398 1846 et":
417 1819 571 1853 Sacri/irate
596 1820 757 1854 sacriﬁcium
773 1820 897 1855 justitia’.
921 1819 974 1848 Eos

185 1873 249 1893 vero
271 1865 317 1900 qui
336 1866 414 1893 aliter
431 1872 461 1893 se
486 1865 601 1898 habent,
623 1869 650 1893 et
670 1866 809 1901 corporeis
831 1867 974 1894 sacriliciis

184 1910 264 1946 plane
280 1910 364 1937 dediti
378 1914 452 1943 sunt,
468 1910 620 1945 corrigebat
638 1909 763 1937 Salvator
776 1910 871 1938 dicens
881 1910 904 1926 "'
919 1919 924 1937 :
944 1907 974 1936 Si

184 1958 286 1984 sciretis
300 1957 362 1992 quid
375 1960 425 1988 est,
447 1955 660 1983 Misericordia»:
680 1955 737 1982 υοίο
755 1960 780 1982 et
799 1963 850 1982 non
869 1956 974 1990 sacriﬁ-

183 2004 265 2036 cium,
289 2009 424 2037 nusquam
447 2002 574 2029 innoxios
595 2001 865 2029 condemnavissetis.
894 2001 973 2034 Quod

184 2053 274 2075 autem
297 2049 331 2074 ad
357 2048 471 2082 mystica
498 2052 599 2082 spectet
623 2048 681 2075 haec
706 2048 856 2081 legislatio.
881 2049 975 2075 docuit

183 2092 285 2120 Paulus
300 2093 393 2120 dicens
402 2093 426 2109 ⁷⁸
442 2102 448 2118 :
465 2091 516 2124 Qui
533 2093 651 2127 exemplo
664 2098 687 2119 et
703 2093 795 2119 umbra
815 2093 904 2120 colunt
923 2102 974 2120 uc-

184 2138 270 2166 leuia.

493 2183 569 2211 CAP.
589 2183 656 2212 Vlll.

1027 1497 1151 1533 ἐξαίρων,
1167 1497 1212 1524 τὸν
1229 1497 1341 1533 βασιλέα
1359 1499 1407 1524 σὺν
1429 1499 1484 1530 τοῖς
1505 1497 1624 1534 πρώτοις
1635 1518 1642 1530 ,
1663 1498 1775 1534 ὕστερον
1789 1498 1812 1524 δὲ

1026 1544 1150 1571 Σεδεκίου
1169 1545 1232 1575 τοὺς
1254 1544 1409 1580 ὀφθαλμοὺς
1429 1543 1558 1578 ἐκκόψας.
1584 1543 1668 1571 Ὀστᾶ
1685 1545 1713 1571 δὲ
1736 1544 1813 1571 αὐτοῦ

1026 1589 1135 1625 νοηθείη
1146 1589 1341 1625 Ναϐουζαρδὰν
1356 1590 1404 1625 τὴν
1419 1590 1496 1617 πόλιν
1511 1589 1668 1625 ἐμπρήσας.

1355 1636 1432 1662 ΚΕΦ.
1455 1637 1492 1663 Ζ’.

1062 1681 1106 1708 21.
1131 1682 1168 1709 Τὰ
1183 1682 1413 1716 ὁλοκαυτώματα
1435 1681 1519 1716 ὑμῶν
1542 1682 1700 1717 συνάγετε.
1722 1682 1814 1717 Σαφῶς

1026 1726 1162 1760 ἐξετάζειν
1175 1727 1295 1754 διδάσκει
1313 1728 1356 1759 τίς
1367 1728 1382 1753 ὁ
1399 1727 1462 1762 περὶ
1483 1727 1583 1754 θυσιῶν
1601 1728 1690 1762 λόγος.
1723 1729 1815 1763 ’Δᾳορ-

1028 1775 1081 1810 μάς
1096 1783 1126 1801 τε
1147 1774 1181 1801 τὰ
1201 1774 1279 1808 λόγια
1298 1774 1390 1801 δίδωσι
1407 1774 1537 1808 λέγοντα·
1566 1775 1664 1801 θυσία
1690 1774 1732 1807 τῷ
1759 1774 1814 1807 Θεῷ

1026 1820 1144 1855 πνεῦμα
1158 1822 1411 1856 συντετριμμένον
1420 1829 1426 1836 ·
1441 1822 1499 1854 καὶ,
1518 1822 1636 1848 Θύσατε
1649 1822 1763 1849 θυσίαν
1777 1822 1815 1848 δι-

1026 1867 1200 1900 καιοσύνης.
1213 1865 1283 1898 Τοὺς
1300 1867 1328 1894 δὲ
1345 1867 1381 1902 μὴ
1393 1865 1479 1899 οὕτως
1495 1867 1618 1903 ἔχοντας,
1644 1867 1712 1903 περὶ
1728 1868 1756 1894 δὲ
1774 1867 1815 1894 θυ-

1027 1913 1087 1944 σίας
1115 1913 1300 1948 ἐπτοημένους
1319 1914 1478 1949 σωματικῆς
1507 1914 1675 1949 ἐπέστρεφεν
1695 1915 1710 1941 6
1725 1914 1815 1949 Σωτὴρ

1027 1957 1126 1992 λέγων’
1139 1958 1175 1985 Ei
1189 1957 1224 1984 δὲ
1232 1958 1388 1993 ἐγνώκειτε
1401 1958 1429 1985 τί
1439 1959 1534 1991 ἐστιν,
1550 1959 1657 1986 Ἐλεον
1668 1959 1757 1992 θέλω,
1771 1959 1815 1986 καί

1026 2004 1062 2030 οὐ
1076 2004 1199 2036 θυσίαν,
1225 2003 1276 2030 οὐκ
1299 2002 1332 2030 ἃν
1360 2003 1557 2030 κατεδικάσατε
1581 2005 1646 2033 τοὺς
1670 2005 1814 2035 ἀναιτίους.

1028 2049 1086 2075 ’Ότι
1103 2049 1131 2075 δὲ
1149 2049 1212 2084 περὶ
1226 2047 1390 2086 μυστικῶνῇ
1402 2049 1513 2084 τοιαύτη
1527 2050 1692 2084 νομοθεσία,
1714 2050 1814 2082 Παῦλος

1027 2093 1129 2126 ἐδίδαξε
1145 2094 1231 2128 λέγων
1242 2103 1248 2109 ·
1271 2095 1385 2128 Olim-sc
1401 2095 1593 2130 ὑποδείγματι
1611 2096 1661 2123 καὶ
1678 2096 1751 2130 σκιᾷ
1765 2100 1815 2124 .tu-

1027 2142 1165 2174 τρεύουσι
1177 2141 1236 2168 τῶν
1250 2143 1445 2177 ἐπουρανίων.

1349 2189 1428 2215 ΚΕΦ.
1455 2190 1494 2215 H'.

223 2229 246 2257 7.
267 2227 367 2257 Turtur
379 2235 403 2256 et
422 2230 535 2256 hirundo
555 2230 612 2264 agri
626 2237 753 2264 passeres.
773 2229 875 2258 Turtur
890 2236 916 2258 et
933 2231 969 2258 bi-

1061 2232 1087 2258 7.
1110 2232 1228 2267 Ίζσυγὼν
1244 2233 1292 2260 καὶ
1310 2233 1437 2267 χελιδὼν
1454 2234 1546 2268 ἀγροῦ
1561 2235 1719 2268 στρουθία.
1747 2235 1812 2270 Τρυ-

185 2277 273 2304 rundo
291 2276 356 2311 pulli
374 2277 446 2310 agri:
470 2276 615 2311 prudentes
641 2276 778 2304 auditores
801 2281 827 2304 ct
847 2278 880 2303 ad
903 2277 973 2304 bona

184 2330 300 2358 qumque
313 2322 472 2357 explicanda
489 2322 577 2349 idouci
597 2323 784 2350 custodierunt
798 2326 906 2357 tempus
923 2330 973 2357 op-

185 2373 332 2403 portunum
352 2367 486 2395 adventus
503 2368 562 2399 sui,
580 2372 608 2395 ut
624 2368 726 2395 dictum
741 2372 843 2403 pungat
858 2368 966 2395 audien-

184 2420 235 2447 tes,
250 2414 366 2442 adventu
382 2414 496 2441 turturis
521 2421 581 2441 cum
601 2414 717 2441 adventu
735 2414 890 2442 hirundinis
910 2422 975 2441 con-

183 2466 321 2489 currente.

513 2507 555 2534 (3A
562 2508 587 2534 P.
608 2507 643 2533 Χ.

219 2553 263 2581 l3.
279 2552 313 2580 Et
326 2553 493 2587 congregari!
509 2552 587 2578 nubes
602 2552 634 2578 ab
648 2556 764 2579 extremo
778 2557 864 2579 terrae.
882 2551 976 2578 Elerat

183 2604 276 2626 autem
300 2603 325 2626 et
349 2599 436 2626 nubes
462 2598 497 2625 ab
517 2602 640 2625 extremo
664 2601 759 2629 terras.
784 2598 868 2624 maris
889 2604 974 2631 aquas

185 2645 335 2677 advocans,
356 2651 457 2679 easque
481 2650 562 2678 super
591 2648 670 2670 terrae
699 2643 794 2670 faciem
820 2642 973 2670 ell‘undens.

185 2691 245 2717 Alio
264 2698 345 2717 sensu
366 2691 448 2718 etiam
472 2694 581 2718 sanctos
601 2688 744 2724 Scriptura
765 2688 851 2716 nubes
876 2693 970 2720 vocat,

222 2779 244 2794 ⁷⁸
256 2779 328 2807 Psat.
349 2789 375 2814 ι,
391 2782 433 2809 l9.
470 2782 493 2797 "
514 2781 583 2808 Psal.
599 2789 636 2813 tv,
651 2781 678 2808 6.
697 2781 721 2797 ⁷⁸
735 2780 829 2808 Matth.
854 2787 904 2812 xu,
926 2779 951 2806 7.

1026 2278 1082 2313 γὼν
1090 2279 1137 2305 καὶ
1146 2278 1255 2314 χελιδὼν
1268 2278 1354 2314 ἀγροῦ
1368 2279 1508 2315 στρουθία·
1524 2280 1549 2306 οἱ
1562 2281 1669 2307 συνετοὶ
1685 2282 1816 2315 ἀκροαταὶ

1026 2324 1072 2350 καὶ
1089 2324 1114 2350 οἱ
1129 2325 1168 2355 είς
1186 2324 1216 2350 τὸ
1229 2324 1318 2359 λέγειν
1329 2323 1364 2351 τὰ
1377 2325 1519 2360 κρείττονα
1536 2325 1624 2352 ἱκανοὶ
1637 2325 1777 2360 ἐφύλαξαν
1791 2327 1817 2351 ὲν

1027 2369 1116 2404 καιρῷ
1135 2370 1268 2396 ποιεῖσθαι
1281 2369 1331 2401 τὰς
1348 2369 1415 2401 ιδίας
1427 2370 1546 2402 εἰσόδους
1557 2390 1565 2402 ,
1578 2370 1649 2397 ὥστε
1661 2370 1692 2397 τὸ
1705 2370 1818 2405 λεγόμε-

1027 2423 1072 2441 νον
1084 2414 1271 2441 καθικνεῖσθαι
1285 2415 1340 2442 τῶν
1359 2416 1528 2449 ἀκουόντων,
1551 2417 1757 2453 συντρεχούσης
1771 2417 1817 2451 τῆς

1028 2461 1130 2487 εεσόδου
1148 2460 1197 2495 τῆς
1213 2459 1343 2495 χελιδόνος
1356 2462 1389 2496 τῇ
1405 2461 1498 2496 εἰσόδῳ
1512 2461 1562 2496 τῆς
1574 2461 1716 2496 τρυγόνος.

1356 2507 1433 2533 ΚΕΦ.
1455 2507 1482 2534 I'.

1061 2552 1115 2580 Καὶ
1129 2551 1260 2587 ἀνήγαγε
1273 2552 1401 2586 νεφέλας
1411 2552 1445 2584 ἐξ
1454 2551 1587 2587 ἐσχάτου
1597 2553 1652 2587 τῆς
1660 2553 1727 2588 τῆς.
1744 2552 1818 2580 ’Δνά-

1027 2607 1070 2632 γει
1085 2598 1113 2624 δὲ
1127 2599 1174 2624 καὶ
1185 2598 1300 2632 νεφέλας
1314 2598 1344 2630 ἐξ
1359 2598 1473 2633 ἐσχάτου
1487 2598 1536 2633 τῆς
1557 2598 1621 2633 γῆς,
1647 2598 1817 2633 προσκαλούο

1029 2651 1107 2678 μενος
1116 2643 1147 2669 τὸ
1164 2643 1236 2679 ὕδωρ
1260 2643 1308 2678 τῆς
1328 2643 1461 2678 θαλάττης
1484 2643 1531 2669 καὶ
1555 2643 1661 2678 ἐκχέων
1681 2643 1750 2671 αὐτὸ
1773 2642 1816 2669 ἐπὶ

1027 2689 1172 2724 πρόσωπον
1182 2688 1231 2724 τῆς
1238 2689 1300 2724 γῆς.
1312 2689 1366 2715 Καὶ
1377 2688 1463 2720 ἄλλως
1477 2688 1505 2715 δὲ
1515 2690 1577 2721 τοὺς
1587 2690 1685 2721 ἁγίους
1697 2691 1714 2725 ή
1722 2687 1816 2725 Γραφῇ

989 2779 1012 2794 ⁷⁸
1033 2778 1112 2806 llehr.
1140 2787 1199 2811 Vm,
1217 2780 1244 2808 5.
