  <div class='ocr_page' id='page_1' title='image "/cluster/home/n/w/nwhite01/storage/ocr_20150623/13/njp.32101077772430/340.png"; bbox 0 0 1872 3048; ppageno 0'>
   <div class='ocr_carea' id='block_1_1' title="bbox 50 143 109 172">
    <p class='ocr_par' dir='ltr' id='par_1_1' title="bbox 50 143 109 172">
     <span class='ocr_line' id='line_1_1' title="bbox 50 143 109 172; baseline 0.017 -1"><span class='ocrx_word' id='word_1_1' title='bbox 50 143 109 172; x_wconf 71' lang='lat'><strong>553</strong></span> 
     </span>
    </p>
   </div>
   <div class='ocr_carea' id='block_1_2' title="bbox 662 141 1074 170">
    <p class='ocr_par' dir='ltr' id='par_1_2' title="bbox 662 141 1074 170">
     <span class='ocr_line' id='line_1_2' title="bbox 662 141 1074 170; baseline -0.005 0"><span class='ocrx_word' id='word_1_2' title='bbox 662 141 819 170; x_wconf 77' lang='lat' dir='ltr'><strong>SELECTA</strong></span> <span class='ocrx_word' id='word_1_3' title='bbox 839 142 872 170; x_wconf 83' lang='lat' dir='ltr'><strong>IN</strong></span> <span class='ocrx_word' id='word_1_4' title='bbox 892 141 1074 170; x_wconf 78' lang='lat' dir='ltr'><strong>JEREMIAM.</strong></span> 
     </span>
    </p>
   </div>
   <div class='ocr_carea' id='block_1_3' title="bbox 1635 145 1687 173">
    <p class='ocr_par' dir='ltr' id='par_1_3' title="bbox 1635 145 1687 173">
     <span class='ocr_line' id='line_1_3' title="bbox 1635 145 1687 173; baseline -0.019 0"><span class='ocrx_word' id='word_1_5' title='bbox 1635 146 1669 173; x_wconf 74' lang='lat'><strong>55</strong></span> <span class='ocrx_word' id='word_1_6' title='bbox 1674 145 1687 172; x_wconf 78' lang='lat' dir='ltr'><strong>l</strong></span> 
     </span>
    </p>
   </div>
   <div class='ocr_carea' id='block_1_4' title="bbox 51 199 856 238">
    <p class='ocr_par' dir='ltr' id='par_1_4' title="bbox 51 200 855 238">
     <span class='ocr_line' id='line_1_4' title="bbox 51 200 855 238; baseline -0.001 -10"><span class='ocrx_word' id='word_1_7' title='bbox 51 211 102 238; x_wconf 65' lang='grc' dir='ltr'><strong>ρον</strong></span> <span class='ocrx_word' id='word_1_8' title='bbox 116 201 290 237; x_wconf 77' lang='grc' dir='ltr'>είρηνεύοντα</span> <span class='ocrx_word' id='word_1_9' title='bbox 305 200 395 232; x_wconf 82' lang='grc' dir='ltr'>κακῶς</span> <span class='ocrx_word' id='word_1_10' title='bbox 418 201 522 236; x_wconf 71' lang='grc' dir='ltr'>πνεῦμα</span> <span class='ocrx_word' id='word_1_11' title='bbox 543 201 589 227; x_wconf 61' lang='grc' dir='ltr'>καὶ</span> <span class='ocrx_word' id='word_1_12' title='bbox 606 201 703 236; x_wconf 75' lang='grc' dir='ltr'>σὰρκα”</span> <span class='ocrx_word' id='word_1_13' title='bbox 723 201 782 227; x_wconf 79' lang='grc' dir='ltr'>τότε</span> <span class='ocrx_word' id='word_1_14' title='bbox 801 201 855 236; x_wconf 81' lang='grc' dir='ltr'>γὰρ</span> 
     </span>
    </p>
   </div>
   <div class='ocr_carea' id='block_1_5' title="bbox 944 199 1679 238">
    <p class='ocr_par' dir='ltr' id='par_1_5' title="bbox 944 200 1679 236">
     <span class='ocr_line' id='line_1_5' title="bbox 944 200 1679 236; baseline 0.005 -10"><span class='ocrx_word' id='word_1_15' title='bbox 944 200 982 227; x_wconf 85' lang='lat' dir='ltr'><strong>ius</strong></span> <span class='ocrx_word' id='word_1_16' title='bbox 1000 200 1096 234; x_wconf 87' lang='lat' dir='ltr'><strong>iniqua</strong></span> <span class='ocrx_word' id='word_1_17' title='bbox 1111 200 1259 227; x_wconf 79' lang='lat' dir='ltr'><strong>utebantur</strong></span> <span class='ocrx_word' id='word_1_18' title='bbox 1273 208 1348 234; x_wconf 81' lang='lat' dir='ltr'><strong>pace,</strong></span> <span class='ocrx_word' id='word_1_19' title='bbox 1367 201 1492 236; x_wconf 93' lang='lat' dir='ltr'><strong>spiritum</strong></span> <span class='ocrx_word' id='word_1_20' title='bbox 1516 208 1543 230; x_wconf 85' lang='lat' dir='ltr'><strong>et</strong></span> <span class='ocrx_word' id='word_1_21' title='bbox 1568 211 1679 230; x_wconf 84' lang='lat' dir='ltr'><strong>carnem</strong></span> 
     </span>
    </p>
   </div>
   <div class='ocr_carea' id='block_1_6' title="bbox 51 246 855 282">
    <p class='ocr_par' dir='ltr' id='par_1_6' title="bbox 51 246 855 282">
     <span class='ocr_line' id='line_1_6' title="bbox 51 246 855 282; baseline 0 -8"><span class='ocrx_word' id='word_1_22' title='bbox 51 248 106 274; x_wconf 70' lang='grc' dir='ltr'><strong>οὐκ</strong></span> <span class='ocrx_word' id='word_1_23' title='bbox 123 247 280 282; x_wconf 73' lang='grc' dir='ltr'><strong>ἐπεθύμουν</strong></span> <span class='ocrx_word' id='word_1_24' title='bbox 298 248 357 273; x_wconf 79' lang='grc' dir='ltr'>κατ’</span> <span class='ocrx_word' id='word_1_25' title='bbox 377 246 509 281; x_wconf 76' lang='grc' dir='ltr'>ἀλλήλων.</span> <span class='ocrx_word' id='word_1_26' title='bbox 530 247 560 272; x_wconf 80' lang='grc' dir='ltr'>ὐ</span> <span class='ocrx_word' id='word_1_27' title='bbox 578 247 606 273; x_wconf 72' lang='grc' dir='ltr'>δὲ</span> <span class='ocrx_word' id='word_1_28' title='bbox 620 247 727 279; x_wconf 76' lang='grc' dir='ltr'><strong>διδάξας</strong></span> <span class='ocrx_word' id='word_1_29' title='bbox 742 248 777 273; x_wconf 82' lang='grc' dir='ltr'>τὰ</span> <span class='ocrx_word' id='word_1_30' title='bbox 789 248 855 274; x_wconf 82' lang='grc' dir='ltr'><strong>ὲκα-</strong></span> 
     </span>
    </p>
   </div>
   <div class='ocr_carea' id='block_1_7' title="bbox 51 291 857 327">
    <p class='ocr_par' dir='ltr' id='par_1_7' title="bbox 51 291 857 327">
     <span class='ocr_line' id='line_1_7' title="bbox 51 291 857 327; baseline -0.001 -9"><span class='ocrx_word' id='word_1_31' title='bbox 51 292 137 327; x_wconf 77' lang='grc' dir='ltr'>τέρου</span> <span class='ocrx_word' id='word_1_32' title='bbox 163 292 231 327; x_wconf 76' lang='grc' dir='ltr'>ἔργα</span> <span class='ocrx_word' id='word_1_33' title='bbox 249 291 363 326; x_wconf 71' lang='grc' dir='ltr'>βέϐληκε</span> <span class='ocrx_word' id='word_1_34' title='bbox 382 292 518 326; x_wconf 82' lang='grc' dir='ltr'>μάχαιραν</span> <span class='ocrx_word' id='word_1_35' title='bbox 534 292 562 317; x_wconf 77' lang='grc' dir='ltr'><strong>ἐν</strong></span> <span class='ocrx_word' id='word_1_36' title='bbox 579 291 644 326; x_wconf 80' lang='grc' dir='ltr'><strong>ὴμτν</strong></span> <span class='ocrx_word' id='word_1_37' title='bbox 659 291 704 317; x_wconf 82' lang='grc' dir='ltr'>τὸν</span> <span class='ocrx_word' id='word_1_38' title='bbox 725 291 788 317; x_wconf 76' lang='grc' dir='ltr'>ἴδιον</span> <span class='ocrx_word' id='word_1_39' title='bbox 814 291 857 317; x_wconf 82' lang='grc' dir='ltr'>λό-</span> 
     </span>
    </p>
   </div>
   <div class='ocr_carea' id='block_1_8' title="bbox 52 336 854 373">
    <p class='ocr_par' dir='ltr' id='par_1_8' title="bbox 52 336 854 373">
     <span class='ocr_line' id='line_1_8' title="bbox 52 336 854 373; baseline 0 -10"><span class='ocrx_word' id='word_1_40' title='bbox 52 345 116 369; x_wconf 76' lang='grc' dir='ltr'>γον·</span> <span class='ocrx_word' id='word_1_41' title='bbox 135 337 183 364; x_wconf 76' lang='grc' dir='ltr'>καὶ</span> <span class='ocrx_word' id='word_1_42' title='bbox 198 337 248 372; x_wconf 79' lang='grc' dir='ltr'>τὴν</span> <span class='ocrx_word' id='word_1_43' title='bbox 266 336 383 372; x_wconf 79' lang='grc' dir='ltr'><strong>Χριστοῦ</strong></span> <span class='ocrx_word' id='word_1_44' title='bbox 398 336 531 372; x_wconf 78' lang='grc' dir='ltr'><strong>νέκρωσιν</strong></span> <span class='ocrx_word' id='word_1_45' title='bbox 546 337 574 363; x_wconf 79' lang='grc' dir='ltr'><strong>ἐν</strong></span> <span class='ocrx_word' id='word_1_46' title='bbox 588 338 694 369; x_wconf 78' lang='grc' dir='ltr'>ἑαυτοῖς</span> <span class='ocrx_word' id='word_1_47' title='bbox 708 337 854 373; x_wconf 71' lang='grc' dir='ltr'>περιφέρο-</span> 
     </span>
    </p>
   </div>
   <div class='ocr_carea' id='block_1_9' title="bbox 54 383 854 420">
    <p class='ocr_par' dir='ltr' id='par_1_9' title="bbox 54 383 854 420">
     <span class='ocr_line' id='line_1_9' title="bbox 54 383 854 420; baseline 0 -10"><span class='ocrx_word' id='word_1_48' title='bbox 54 393 120 420; x_wconf 81' lang='grc' dir='ltr'>μεν,</span> <span class='ocrx_word' id='word_1_49' title='bbox 134 384 182 410; x_wconf 71' lang='grc' dir='ltr'><strong>καὶ</strong></span> <span class='ocrx_word' id='word_1_50' title='bbox 195 384 229 419; x_wconf 78' lang='grc' dir='ltr'><strong>ζῇ</strong></span> <span class='ocrx_word' id='word_1_51' title='bbox 247 383 276 410; x_wconf 79' lang='grc' dir='ltr'>τὸ</span> <span class='ocrx_word' id='word_1_52' title='bbox 292 383 411 418; x_wconf 77' lang='grc' dir='ltr'>πνεῦμα,</span> <span class='ocrx_word' id='word_1_53' title='bbox 432 383 565 418; x_wconf 77' lang='grc' dir='ltr'><strong>θανούσης</strong></span> <span class='ocrx_word' id='word_1_54' title='bbox 588 385 652 418; x_wconf 84' lang='grc' dir='ltr'>ἡμῖν</span> <span class='ocrx_word' id='word_1_55' title='bbox 670 384 720 418; x_wconf 81' lang='grc' dir='ltr'>τῆς</span> <span class='ocrx_word' id='word_1_56' title='bbox 743 384 854 419; x_wconf 83' lang='grc' dir='ltr'>σαρκός·</span> 
     </span>
    </p>
   </div>
   <div class='ocr_carea' id='block_1_10' title="bbox 54 428 856 465">
    <p class='ocr_par' dir='ltr' id='par_1_10' title="bbox 54 428 856 465">
     <span class='ocr_line' id='line_1_10' title="bbox 54 428 856 465; baseline 0 -10"><span class='ocrx_word' id='word_1_57' title='bbox 54 430 84 456; x_wconf 86' lang='grc' dir='ltr'>ὲν</span> <span class='ocrx_word' id='word_1_58' title='bbox 102 430 203 464; x_wconf 79' lang='grc' dir='ltr'>ἐκείνῳ</span> <span class='ocrx_word' id='word_1_59' title='bbox 218 429 282 464; x_wconf 76' lang='grc' dir='ltr'>γὰρ,</span> <span class='ocrx_word' id='word_1_60' title='bbox 296 429 347 455; x_wconf 78' lang='grc' dir='ltr'><strong>οὐκ</strong></span> <span class='ocrx_word' id='word_1_61' title='bbox 362 430 390 455; x_wconf 78' lang='grc' dir='ltr'>ὲν</span> <span class='ocrx_word' id='word_1_62' title='bbox 403 428 489 465; x_wconf 80' lang='grc' dir='ltr'>ταύτῃ</span> <span class='ocrx_word' id='word_1_63' title='bbox 505 429 661 464; x_wconf 74' lang='grc' dir='ltr'>σπείρομεν,</span> <span class='ocrx_word' id='word_1_64' title='bbox 675 429 718 456; x_wconf 75' lang='grc' dir='ltr'>ἵνα</span> <span class='ocrx_word' id='word_1_65' title='bbox 735 429 771 464; x_wconf 81' lang='grc' dir='ltr'>μὴ</span> <span class='ocrx_word' id='word_1_66' title='bbox 787 429 856 464; x_wconf 77' lang='grc' dir='ltr'>θερί-</span> 
     </span>
    </p>
   </div>
   <div class='ocr_carea' id='block_1_11' title="bbox 55 474 584 512">
    <p class='ocr_par' dir='ltr' id='par_1_11' title="bbox 55 474 584 512">
     <span class='ocr_line' id='line_1_11' title="bbox 55 474 584 512; baseline -0.006 -9"><span class='ocrx_word' id='word_1_67' title='bbox 55 485 151 512; x_wconf 84' lang='grc' dir='ltr'>σωμεν</span> <span class='ocrx_word' id='word_1_68' title='bbox 166 476 280 511; x_wconf 75' lang='grc' dir='ltr'>φθορὰν,</span> <span class='ocrx_word' id='word_1_69' title='bbox 295 475 362 502; x_wconf 79' lang='grc' dir='ltr'>ἀλλὰ</span> <span class='ocrx_word' id='word_1_70' title='bbox 378 474 450 511; x_wconf 82' lang='grc' dir='ltr'>ζωὴν</span> <span class='ocrx_word' id='word_1_71' title='bbox 465 474 584 502; x_wconf 76' lang='grc' dir='ltr'>αἰώνιον.</span> 
     </span>
    </p>
   </div>
   <div class='ocr_carea' id='block_1_12' title="bbox 92 564 855 600">
    <p class='ocr_par' dir='ltr' id='par_1_12' title="bbox 92 564 855 600">
     <span class='ocr_line' id='line_1_12' title="bbox 92 564 855 600; baseline -0.003 -7"><span class='ocrx_word' id='word_1_72' title='bbox 92 567 140 593; x_wconf 74' lang='grc'><strong>15.</strong></span> <span class='ocrx_word' id='word_1_73' title='bbox 162 565 305 599; x_wconf 79' lang='grc' dir='ltr'>Σπείρατε</span> <span class='ocrx_word' id='word_1_74' title='bbox 327 566 451 599; x_wconf 81' lang='grc' dir='ltr'>πυρούς.</span> <span class='ocrx_word' id='word_1_75' title='bbox 478 564 662 600; x_wconf 78' lang='grc' dir='ltr'>Σπείρουσιδὲ</span> <span class='ocrx_word' id='word_1_76' title='bbox 677 565 783 600; x_wconf 84' lang='grc' dir='ltr'>πυροὺς</span> <span class='ocrx_word' id='word_1_77' title='bbox 807 565 855 591; x_wconf 73' lang='grc' dir='ltr'><strong>καὶ</strong></span> 
     </span>
    </p>
   </div>
   <div class='ocr_carea' id='block_1_13' title="bbox 53 610 854 646">
    <p class='ocr_par' dir='ltr' id='par_1_13' title="bbox 53 610 854 646">
     <span class='ocr_line' id='line_1_13' title="bbox 53 610 854 646; baseline -0.002 -8"><span class='ocrx_word' id='word_1_78' title='bbox 53 611 215 646; x_wconf 72' lang='grc' dir='ltr'>Θερίξουσιν</span> <span class='ocrx_word' id='word_1_79' title='bbox 233 611 354 642; x_wconf 83' lang='grc' dir='ltr'><strong>ἀκάνθας</strong></span> <span class='ocrx_word' id='word_1_80' title='bbox 367 611 391 637; x_wconf 71' lang='grc' dir='ltr'>οἱ</span> <span class='ocrx_word' id='word_1_81' title='bbox 401 611 457 642; x_wconf 82' lang='grc' dir='ltr'>τοῖς</span> <span class='ocrx_word' id='word_1_82' title='bbox 471 610 519 646; x_wconf 83' lang='grc' dir='ltr'><strong>μὲν</strong></span> <span class='ocrx_word' id='word_1_83' title='bbox 534 610 623 644; x_wconf 86' lang='grc' dir='ltr'>λόγοις</span> <span class='ocrx_word' id='word_1_84' title='bbox 634 610 790 645; x_wconf 82' lang='grc' dir='ltr'><strong>ὁμιλοῦντες</strong></span> <span class='ocrx_word' id='word_1_85' title='bbox 807 610 854 637; x_wconf 84' lang='grc' dir='ltr'>τοῦ</span> 
     </span>
    </p>
   </div>
   <div class='ocr_carea' id='block_1_14' title="bbox 54 655 856 692">
    <p class='ocr_par' dir='ltr' id='par_1_14' title="bbox 54 655 856 692">
     <span class='ocr_line' id='line_1_14' title="bbox 54 655 856 692; baseline -0.002 -9"><span class='ocrx_word' id='word_1_86' title='bbox 54 656 137 689; x_wconf 81' lang='grc' dir='ltr'>Θεοῦ,</span> <span class='ocrx_word' id='word_1_87' title='bbox 158 656 196 692; x_wconf 86' lang='grc' dir='ltr'><strong>μὴ</strong></span> <span class='ocrx_word' id='word_1_88' title='bbox 218 655 318 688; x_wconf 82' lang='grc' dir='ltr'>ζῶντες</span> <span class='ocrx_word' id='word_1_89' title='bbox 339 656 367 682; x_wconf 82' lang='grc' dir='ltr'>δὲ</span> <span class='ocrx_word' id='word_1_90' title='bbox 387 656 448 682; x_wconf 85' lang='grc' dir='ltr'>κατ’</span> <span class='ocrx_word' id='word_1_91' title='bbox 473 655 553 688; x_wconf 84' lang='grc' dir='ltr'>αὐτὰ,</span> <span class='ocrx_word' id='word_1_92' title='bbox 579 655 595 691; x_wconf 79' lang='grc' dir='ltr'>ἢ</span> <span class='ocrx_word' id='word_1_93' title='bbox 624 655 796 686; x_wconf 78' lang='grc' dir='ltr'><strong>πιστεύοντες</strong></span> <span class='ocrx_word' id='word_1_94' title='bbox 818 655 856 687; x_wconf 84' lang='grc' dir='ltr'>ὼς</span> 
     </span>
    </p>
   </div>
   <div class='ocr_carea' id='block_1_15' title="bbox 56 702 331 738">
    <p class='ocr_par' dir='ltr' id='par_1_15' title="bbox 56 702 331 738">
     <span class='ocr_line' id='line_1_15' title="bbox 56 702 331 738; baseline 0 -10"><span class='ocrx_word' id='word_1_95' title='bbox 56 703 157 733; x_wconf 79' lang='grc' dir='ltr'>παῖδες</span> <span class='ocrx_word' id='word_1_96' title='bbox 175 703 202 728; x_wconf 83' lang='grc' dir='ltr'><strong>αἱ</strong></span> <span class='ocrx_word' id='word_1_97' title='bbox 206 702 331 738; x_wconf 83' lang='grc' dir='ltr'>ρετικῶν.</span> 
     </span>
    </p>
   </div>
   <div class='ocr_carea' id='block_1_16' title="bbox 92 745 854 781">
    <p class='ocr_par' dir='ltr' id='par_1_16' title="bbox 92 745 854 781">
     <span class='ocr_line' id='line_1_16' title="bbox 92 745 854 781; baseline -0.003 -7"><span class='ocrx_word' id='word_1_98' title='bbox 92 748 139 774; x_wconf 75' lang='grc'><em>15.</em></span> <span class='ocrx_word' id='word_1_99' title='bbox 162 747 218 774; x_wconf 75' lang='grc' dir='ltr'><strong>Καὶ</strong></span> <span class='ocrx_word' id='word_1_100' title='bbox 241 746 346 781; x_wconf 75' lang='grc' dir='ltr'>κλῆροι</span> <span class='ocrx_word' id='word_1_101' title='bbox 368 746 468 774; x_wconf 77' lang='grc' dir='ltr'>αὐτῶν</span> <span class='ocrx_word' id='word_1_102' title='bbox 488 747 543 774; x_wconf 85' lang='grc' dir='ltr'>οὐκ</span> <span class='ocrx_word' id='word_1_103' title='bbox 568 745 784 780; x_wconf 73' lang='grc' dir='ltr'><strong>ὠφελήσουσιν</strong></span> <span class='ocrx_word' id='word_1_104' title='bbox 802 746 854 772; x_wconf 82' lang='grc' dir='ltr'><strong>αὺ-</strong></span> 
     </span>
    </p>
   </div>
   <div class='ocr_carea' id='block_1_17' title="bbox 55 791 854 827">
    <p class='ocr_par' dir='ltr' id='par_1_17' title="bbox 55 791 854 827">
     <span class='ocr_line' id='line_1_17' title="bbox 55 791 854 827; baseline -0.003 -8"><span class='ocrx_word' id='word_1_105' title='bbox 55 793 138 825; x_wconf 79' lang='grc' dir='ltr'>τούς,</span> <span class='ocrx_word' id='word_1_106' title='bbox 158 792 256 826; x_wconf 85' lang='grc' dir='ltr'>Δέγοις</span> <span class='ocrx_word' id='word_1_107' title='bbox 273 792 295 818; x_wconf 86' lang='grc' dir='ltr'>δ’</span> <span class='ocrx_word' id='word_1_108' title='bbox 314 791 347 818; x_wconf 83' lang='grc' dir='ltr'>ἂν</span> <span class='ocrx_word' id='word_1_109' title='bbox 366 791 432 827; x_wconf 81' lang='grc' dir='ltr'>μηδὲ</span> <span class='ocrx_word' id='word_1_110' title='bbox 443 792 506 823; x_wconf 79' lang='grc' dir='ltr'>τοὺς</span> <span class='ocrx_word' id='word_1_111' title='bbox 520 791 630 827; x_wconf 78' lang='grc' dir='ltr'>ἔχοντας</span> <span class='ocrx_word' id='word_1_112' title='bbox 643 791 741 826; x_wconf 77' lang='grc' dir='ltr'>κλῆρον</span> <span class='ocrx_word' id='word_1_113' title='bbox 755 791 854 826; x_wconf 69' lang='grc' dir='ltr'>ἐκκλη-</span> 
     </span>
    </p>
   </div>
   <div class='ocr_carea' id='block_1_18' title="bbox 57 836 856 873">
    <p class='ocr_par' dir='ltr' id='par_1_18' title="bbox 57 836 856 873">
     <span class='ocr_line' id='line_1_18' title="bbox 57 836 856 873; baseline -0.001 -9"><span class='ocrx_word' id='word_1_114' title='bbox 57 838 202 865; x_wconf 78' lang='grc' dir='ltr'>σιαστικὸν</span> <span class='ocrx_word' id='word_1_115' title='bbox 217 837 333 872; x_wconf 75' lang='grc' dir='ltr'><strong>ὀφείλειν</strong></span> <span class='ocrx_word' id='word_1_116' title='bbox 346 837 392 863; x_wconf 75' lang='grc' dir='ltr'>ἐπὶ</span> <span class='ocrx_word' id='word_1_117' title='bbox 405 836 493 872; x_wconf 83' lang='grc' dir='ltr'>τούτῳ</span> <span class='ocrx_word' id='word_1_118' title='bbox 505 837 630 873; x_wconf 82' lang='grc' dir='ltr'>θαρρεϊν,</span> <span class='ocrx_word' id='word_1_119' title='bbox 645 838 684 869; x_wconf 87' lang='grc' dir='ltr'>ὡς</span> <span class='ocrx_word' id='word_1_120' title='bbox 704 837 799 869; x_wconf 79' lang='grc' dir='ltr'><strong>σώζειν</strong></span> <span class='ocrx_word' id='word_1_121' title='bbox 810 837 856 863; x_wconf 84' lang='grc' dir='ltr'>δυ-</span> 
     </span>
    </p>
   </div>
   <div class='ocr_carea' id='block_1_19' title="bbox 55 883 856 925">
    <p class='ocr_par' dir='ltr' id='par_1_19' title="bbox 55 883 856 925">
     <span class='ocr_line' id='line_1_19' title="bbox 55 883 856 925; baseline -0.001 -15"><span class='ocrx_word' id='word_1_122' title='bbox 55 885 171 920; x_wconf 79' lang='grc' dir='ltr'>ναμένῳ</span> <span class='ocrx_word' id='word_1_123' title='bbox 185 885 289 916; x_wconf 78' lang='grc' dir='ltr'>πάντας</span> <span class='ocrx_word' id='word_1_124' title='bbox 310 885 375 916; x_wconf 81' lang='grc' dir='ltr'>τοὺς</span> <span class='ocrx_word' id='word_1_125' title='bbox 395 883 515 919; x_wconf 69' lang='grc' dir='ltr'>ἔχοντας.</span> <span class='ocrx_word' id='word_1_126' title='bbox 534 884 616 910; x_wconf 81' lang='grc' dir='ltr'><strong>Πόσοι</strong></span> <span class='ocrx_word' id='word_1_127' title='bbox 642 883 696 925; x_wconf 86' lang='grc' dir='ltr'>γὰρ</span> <span class='ocrx_word' id='word_1_128' title='bbox 715 884 749 910; x_wconf 84' lang='grc' dir='ltr'>δι’</span> <span class='ocrx_word' id='word_1_129' title='bbox 768 883 856 919; x_wconf 74' lang='grc' dir='ltr'>ἔργων</span> 
     </span>
    </p>
   </div>
   <div class='ocr_carea' id='block_1_20' title="bbox 60 929 855 965">
    <p class='ocr_par' dir='ltr' id='par_1_20' title="bbox 60 929 855 965">
     <span class='ocr_line' id='line_1_20' title="bbox 60 929 855 965; baseline -0.003 -8"><span class='ocrx_word' id='word_1_130' title='bbox 60 930 205 965; x_wconf 76' lang='grc' dir='ltr'>μγόνασιν</span> <span class='ocrx_word' id='word_1_131' title='bbox 231 930 336 962; x_wconf 82' lang='grc' dir='ltr'>ἄθλιοι;</span> <span class='ocrx_word' id='word_1_132' title='bbox 363 931 396 957; x_wconf 83' lang='grc' dir='ltr'>ὲκ</span> <span class='ocrx_word' id='word_1_133' title='bbox 419 930 521 956; x_wconf 83' lang='grc' dir='ltr'>λαῖκῶν</span> <span class='ocrx_word' id='word_1_134' title='bbox 547 930 577 956; x_wconf 84' lang='grc' dir='ltr'>δὲ</span> <span class='ocrx_word' id='word_1_135' title='bbox 602 930 680 956; x_wconf 84' lang='grc' dir='ltr'>πόσοι</span> <span class='ocrx_word' id='word_1_136' title='bbox 707 929 855 965; x_wconf 79' lang='grc' dir='ltr'>μακάριοι;</span> 
     </span>
    </p>
   </div>
   <div class='ocr_carea' id='block_1_21' title="bbox 54 974 857 1011">
    <p class='ocr_par' dir='ltr' id='par_1_21' title="bbox 54 974 857 1011">
     <span class='ocr_line' id='line_1_21' title="bbox 54 974 857 1011; baseline -0.001 -9"><span class='ocrx_word' id='word_1_137' title='bbox 54 976 132 1011; x_wconf 77' lang='grc' dir='ltr'><strong>Πλὴν</strong></span> <span class='ocrx_word' id='word_1_138' title='bbox 163 976 273 1002; x_wconf 73' lang='grc' dir='ltr'>δυνατοὶ</span> <span class='ocrx_word' id='word_1_139' title='bbox 299 975 420 1007; x_wconf 84' lang='grc' dir='ltr'><strong>δυνατῶς</strong></span> <span class='ocrx_word' id='word_1_140' title='bbox 450 975 657 1010; x_wconf 79' lang='grc' dir='ltr'>ὲτασθήσονται.</span> <span class='ocrx_word' id='word_1_141' title='bbox 693 974 773 1001; x_wconf 79' lang='grc' dir='ltr'><strong>Καοὰ</strong></span> <span class='ocrx_word' id='word_1_142' title='bbox 802 975 857 1010; x_wconf 84' lang='grc' dir='ltr'>γὰρ</span> 
     </span>
    </p>
   </div>
   <div class='ocr_carea' id='block_1_22' title="bbox 56 1021 858 1057">
    <p class='ocr_par' dir='ltr' id='par_1_22' title="bbox 56 1021 858 1057">
     <span class='ocr_line' id='line_1_22' title="bbox 56 1021 858 1057; baseline -0.004 -8"><span class='ocrx_word' id='word_1_143' title='bbox 56 1022 168 1054; x_wconf 61' lang='lat' dir='ltr'><strong>[lat-:16;</strong></span> <span class='ocrx_word' id='word_1_144' title='bbox 182 1030 256 1057; x_wconf 82' lang='grc' dir='ltr'>φησι·</span> <span class='ocrx_word' id='word_1_145' title='bbox 281 1022 414 1056; x_wconf 79' lang='grc' dir='ltr'>Ζητεῖται</span> <span class='ocrx_word' id='word_1_146' title='bbox 430 1021 464 1047; x_wconf 83' lang='grc' dir='ltr'>δὲ</span> <span class='ocrx_word' id='word_1_147' title='bbox 481 1021 515 1047; x_wconf 85' lang='grc' dir='ltr'><strong>ὲν</strong></span> <span class='ocrx_word' id='word_1_148' title='bbox 527 1021 590 1054; x_wconf 86' lang='grc' dir='ltr'>τοῖς</span> <span class='ocrx_word' id='word_1_149' title='bbox 613 1021 790 1055; x_wconf 73' lang='grc' dir='ltr'>οἰκονόμοις,</span> <span class='ocrx_word' id='word_1_150' title='bbox 807 1021 858 1047; x_wconf 76' lang='grc' dir='ltr'><strong>ἵνα</strong></span> 
     </span>
    </p>
   </div>
   <div class='ocr_carea' id='block_1_23' title="bbox 55 1066 360 1101">
    <p class='ocr_par' dir='ltr' id='par_1_23' title="bbox 55 1066 360 1101">
     <span class='ocr_line' id='line_1_23' title="bbox 55 1066 360 1101; baseline 0 -7"><span class='ocrx_word' id='word_1_151' title='bbox 55 1068 170 1100; x_wconf 70' lang='grc' dir='ltr'>πιστός</span> <span class='ocrx_word' id='word_1_152' title='bbox 185 1076 230 1100; x_wconf 77' lang='grc' dir='ltr'><strong>τις</strong></span> <span class='ocrx_word' id='word_1_153' title='bbox 242 1066 360 1101; x_wconf 76' lang='grc' dir='ltr'>εὑρεθῇ.</span> 
     </span>
    </p>
   </div>
   <div class='ocr_carea' id='block_1_24' title="bbox 93 1112 857 1148">
    <p class='ocr_par' dir='ltr' id='par_1_24' title="bbox 93 1112 857 1148">
     <span class='ocr_line' id='line_1_24' title="bbox 93 1112 857 1148; baseline -0.003 -8"><span class='ocrx_word' id='word_1_154' title='bbox 93 1115 140 1141; x_wconf 79' lang='grc'><em>15.</em></span> <span class='ocrx_word' id='word_1_155' title='bbox 161 1114 352 1148; x_wconf 77' lang='grc' dir='ltr'><strong>Αἱσχύνθητε</strong></span> <span class='ocrx_word' id='word_1_156' title='bbox 371 1113 430 1140; x_wconf 75' lang='grc' dir='ltr'><strong>ἀπὸ</strong></span> <span class='ocrx_word' id='word_1_157' title='bbox 446 1112 624 1147; x_wconf 81' lang='grc' dir='ltr'><strong>καυχήσεως</strong></span> <span class='ocrx_word' id='word_1_158' title='bbox 635 1112 728 1147; x_wconf 78' lang='grc' dir='ltr'>ὑμῶν.</span> <span class='ocrx_word' id='word_1_159' title='bbox 746 1112 857 1148; x_wconf 86' lang='grc' dir='ltr'><strong>Καύχη-</strong></span> 
     </span>
    </p>
   </div>
   <div class='ocr_carea' id='block_1_25' title="bbox 57 1158 859 1194">
    <p class='ocr_par' dir='ltr' id='par_1_25' title="bbox 57 1158 859 1194">
     <span class='ocr_line' id='line_1_25' title="bbox 57 1158 859 1194; baseline -0.004 -7"><span class='ocrx_word' id='word_1_160' title='bbox 57 1169 100 1187; x_wconf 77' lang='grc' dir='ltr'><strong>σιν</strong></span> <span class='ocrx_word' id='word_1_161' title='bbox 110 1159 268 1194; x_wconf 81' lang='grc' dir='ltr'>όνειδισμοῦ</span> <span class='ocrx_word' id='word_1_162' title='bbox 285 1159 334 1186; x_wconf 70' lang='grc' dir='ltr'><strong>καὶ</strong></span> <span class='ocrx_word' id='word_1_163' title='bbox 348 1159 477 1194; x_wconf 75' lang='grc' dir='ltr'>αἰσχύνης</span> <span class='ocrx_word' id='word_1_164' title='bbox 490 1159 557 1194; x_wconf 78' lang='grc' dir='ltr'><strong>φησὶ</strong></span> <span class='ocrx_word' id='word_1_165' title='bbox 567 1158 617 1193; x_wconf 84' lang='grc' dir='ltr'>τὴν</span> <span class='ocrx_word' id='word_1_166' title='bbox 629 1159 675 1184; x_wconf 80' lang='grc' dir='ltr'><strong>ἐπὶ</strong></span> <span class='ocrx_word' id='word_1_167' title='bbox 691 1158 798 1193; x_wconf 83' lang='grc' dir='ltr'>πλούτῳ</span> <span class='ocrx_word' id='word_1_168' title='bbox 811 1158 859 1184; x_wconf 75' lang='grc' dir='ltr'>καὶ</span> 
     </span>
    </p>
   </div>
   <div class='ocr_carea' id='block_1_26' title="bbox 57 1203 853 1241">
    <p class='ocr_par' dir='ltr' id='par_1_26' title="bbox 57 1203 853 1241">
     <span class='ocr_line' id='line_1_26' title="bbox 57 1203 853 1241; baseline -0.001 -10"><span class='ocrx_word' id='word_1_169' title='bbox 57 1205 140 1241; x_wconf 74' lang='grc' dir='ltr'><strong>ῥώμῃ</strong></span> <span class='ocrx_word' id='word_1_170' title='bbox 156 1205 205 1231; x_wconf 79' lang='grc' dir='ltr'>καὶ</span> <span class='ocrx_word' id='word_1_171' title='bbox 226 1205 319 1231; x_wconf 83' lang='grc' dir='ltr'>κάλλει</span> <span class='ocrx_word' id='word_1_172' title='bbox 337 1205 384 1232; x_wconf 74' lang='grc' dir='ltr'><strong>καὶ</strong></span> <span class='ocrx_word' id='word_1_173' title='bbox 404 1204 458 1231; x_wconf 83' lang='grc' dir='ltr'><strong>τῶν</strong></span> <span class='ocrx_word' id='word_1_174' title='bbox 482 1203 582 1240; x_wconf 84' lang='grc' dir='ltr'>ὁμοίων</span> <span class='ocrx_word' id='word_1_175' title='bbox 600 1204 774 1239; x_wconf 85' lang='grc' dir='ltr'>σωματικῶν.</span> <span class='ocrx_word' id='word_1_176' title='bbox 793 1204 853 1230; x_wconf 81' lang='grc' dir='ltr'><strong>Κᾶν</strong></span> 
     </span>
    </p>
   </div>
   <div class='ocr_carea' id='block_1_27' title="bbox 57 1248 858 1286">
    <p class='ocr_par' dir='ltr' id='par_1_27' title="bbox 57 1248 858 1286">
     <span class='ocr_line' id='line_1_27' title="bbox 57 1248 858 1286; baseline -0.001 -10"><span class='ocrx_word' id='word_1_177' title='bbox 57 1249 124 1286; x_wconf 70' lang='grc' dir='ltr'><strong>ἔχῃς</strong></span> <span class='ocrx_word' id='word_1_178' title='bbox 136 1249 167 1276; x_wconf 80' lang='grc' dir='ltr'>δέ</span> <span class='ocrx_word' id='word_1_179' title='bbox 185 1259 211 1276; x_wconf 88' lang='grc' dir='ltr'><strong>τι</strong></span> <span class='ocrx_word' id='word_1_180' title='bbox 230 1249 389 1285; x_wconf 79' lang='grc' dir='ltr'>προτέρημα</span> <span class='ocrx_word' id='word_1_181' title='bbox 408 1249 532 1285; x_wconf 77' lang='grc' dir='ltr'>ψυχικὸν,</span> <span class='ocrx_word' id='word_1_182' title='bbox 547 1249 578 1275; x_wconf 82' lang='grc' dir='ltr'>οὐ</span> <span class='ocrx_word' id='word_1_183' title='bbox 597 1250 722 1284; x_wconf 82' lang='grc' dir='ltr'>καυχήσῃ</span> <span class='ocrx_word' id='word_1_184' title='bbox 735 1248 858 1285; x_wconf 85' lang='grc' dir='ltr'>πειθόμε-</span> 
     </span>
    </p>
   </div>
   <div class='ocr_carea' id='block_1_28' title="bbox 57 1292 858 1328">
    <p class='ocr_par' dir='ltr' id='par_1_28' title="bbox 57 1292 858 1328">
     <span class='ocr_line' id='line_1_28' title="bbox 57 1292 858 1328; baseline 0.001 -9"><span class='ocrx_word' id='word_1_185' title='bbox 57 1301 102 1324; x_wconf 86' lang='grc' dir='ltr'><strong>νος</strong></span> <span class='ocrx_word' id='word_1_186' title='bbox 128 1292 170 1328; x_wconf 83' lang='grc' dir='ltr'>τῷ</span> <span class='ocrx_word' id='word_1_187' title='bbox 188 1292 302 1327; x_wconf 77' lang='grc' dir='ltr'>λέγοντι·</span> <span class='ocrx_word' id='word_1_188' title='bbox 326 1293 373 1327; x_wconf 84' lang='grc' dir='ltr'><strong>Μὴ</strong></span> <span class='ocrx_word' id='word_1_189' title='bbox 397 1292 559 1327; x_wconf 83' lang='grc' dir='ltr'><strong>καυχάσθω</strong></span> <span class='ocrx_word' id='word_1_190' title='bbox 581 1294 598 1319; x_wconf 83' lang='grc' dir='ltr'><strong><em>ό</em></strong></span> <span class='ocrx_word' id='word_1_191' title='bbox 617 1292 858 1328; x_wconf 74' lang='grc' dir='ltr'><strong>φρόνιμος-ἑντῇ</strong></span> 
     </span>
    </p>
   </div>
   <div class='ocr_carea' id='block_1_29' title="bbox 57 1337 859 1375">
    <p class='ocr_par' dir='ltr' id='par_1_29' title="bbox 57 1337 859 1375">
     <span class='ocr_line' id='line_1_29' title="bbox 57 1337 859 1375; baseline 0.002 -11"><span class='ocrx_word' id='word_1_192' title='bbox 57 1338 210 1372; x_wconf 73' lang='grc' dir='ltr'><strong>φρονήσει</strong></span> <span class='ocrx_word' id='word_1_193' title='bbox 223 1337 327 1370; x_wconf 81' lang='grc' dir='ltr'>αὺτοῦ,</span> <span class='ocrx_word' id='word_1_194' title='bbox 341 1339 427 1372; x_wconf 72' lang='grc' dir='ltr'><em>ἰσχύϊ</em></span> <span class='ocrx_word' id='word_1_195' title='bbox 441 1346 473 1364; x_wconf 76' lang='grc' dir='ltr'><strong>τε</strong></span> <span class='ocrx_word' id='word_1_196' title='bbox 497 1338 546 1365; x_wconf 76' lang='grc' dir='ltr'><strong>καὶ</strong></span> <span class='ocrx_word' id='word_1_197' title='bbox 562 1339 691 1371; x_wconf 81' lang='grc' dir='ltr'>πλούτῳ,</span> <span class='ocrx_word' id='word_1_198' title='bbox 709 1338 757 1365; x_wconf 83' lang='grc' dir='ltr'><strong>ἀλλ</strong></span> <span class='ocrx_word' id='word_1_199' title='bbox 774 1340 802 1366; x_wconf 78' lang='grc' dir='ltr'><strong>ὲν</strong></span> <span class='ocrx_word' id='word_1_200' title='bbox 819 1339 859 1375; x_wconf 82' lang='grc' dir='ltr'>τῷ</span> 
     </span>
    </p>
   </div>
   <div class='ocr_carea' id='block_1_30' title="bbox 57 1382 859 1418">
    <p class='ocr_par' dir='ltr' id='par_1_30' title="bbox 57 1382 859 1418">
     <span class='ocr_line' id='line_1_30' title="bbox 57 1382 859 1418; baseline 0 -8"><span class='ocrx_word' id='word_1_201' title='bbox 57 1383 183 1410; x_wconf 79' lang='grc' dir='ltr'><strong>συνιέναι</strong></span> <span class='ocrx_word' id='word_1_202' title='bbox 197 1384 245 1410; x_wconf 76' lang='grc' dir='ltr'><strong>καὶ</strong></span> <span class='ocrx_word' id='word_1_203' title='bbox 257 1382 401 1417; x_wconf 84' lang='grc' dir='ltr'>γινώσκειν</span> <span class='ocrx_word' id='word_1_204' title='bbox 415 1383 460 1409; x_wconf 82' lang='grc' dir='ltr'><strong>τὸν</strong></span> <span class='ocrx_word' id='word_1_205' title='bbox 480 1382 594 1418; x_wconf 80' lang='grc' dir='ltr'><strong>Κύριον,</strong></span> <span class='ocrx_word' id='word_1_206' title='bbox 610 1383 708 1417; x_wconf 81' lang='grc' dir='ltr'>λέγων’</span> <span class='ocrx_word' id='word_1_207' title='bbox 733 1383 810 1418; x_wconf 78' lang='grc' dir='ltr'>Ἐμοὶ</span> <span class='ocrx_word' id='word_1_208' title='bbox 824 1383 859 1410; x_wconf 80' lang='grc' dir='ltr'>δὲ</span> 
     </span>
    </p>
   </div>
   <div class='ocr_carea' id='block_1_31' title="bbox 53 1423 858 1465">
    <p class='ocr_par' dir='ltr' id='par_1_31' title="bbox 53 1423 858 1465">
     <span class='ocr_line' id='line_1_31' title="bbox 53 1423 858 1465; baseline 0.001 -10"><span class='ocrx_word' id='word_1_209' title='bbox 53 1429 99 1464; x_wconf 80' lang='grc' dir='ltr'>μὴ</span> <span class='ocrx_word' id='word_1_210' title='bbox 113 1429 233 1465; x_wconf 65' lang='grc' dir='ltr'>γένοιτο</span> <span class='ocrx_word' id='word_1_211' title='bbox 248 1429 417 1463; x_wconf 83' lang='grc' dir='ltr'><strong>καυχᾶσθαι</strong></span> <span class='ocrx_word' id='word_1_212' title='bbox 436 1430 463 1455; x_wconf 78' lang='grc' dir='ltr'>εὶ</span> <span class='ocrx_word' id='word_1_213' title='bbox 481 1428 523 1463; x_wconf 83' lang='grc' dir='ltr'>μὴ</span> <span class='ocrx_word' id='word_1_214' title='bbox 550 1423 586 1455; x_wconf 65' lang='grc' dir='ltr'><strong>ἐν</strong></span> <span class='ocrx_word' id='word_1_215' title='bbox 605 1428 645 1461; x_wconf 84' lang='grc' dir='ltr'>τῷ</span> <span class='ocrx_word' id='word_1_216' title='bbox 666 1429 786 1464; x_wconf 73' lang='grc' dir='ltr'>σταυρῷ</span> <span class='ocrx_word' id='word_1_217' title='bbox 804 1430 858 1457; x_wconf 86' lang='grc' dir='ltr'>τοῦ</span> 
     </span>
    </p>
   </div>
   <div class='ocr_carea' id='block_1_32' title="bbox 58 1474 859 1509">
    <p class='ocr_par' dir='ltr' id='par_1_32' title="bbox 58 1474 859 1509">
     <span class='ocr_line' id='line_1_32' title="bbox 58 1474 859 1509; baseline 0 -7"><span class='ocrx_word' id='word_1_218' title='bbox 58 1476 174 1509; x_wconf 73' lang='grc' dir='ltr'>Κυρίου</span> <span class='ocrx_word' id='word_1_219' title='bbox 188 1474 273 1509; x_wconf 77' lang='grc' dir='ltr'>ἡμῶν·</span> <span class='ocrx_word' id='word_1_220' title='bbox 295 1475 392 1509; x_wconf 83' lang='grc' dir='ltr'><strong>Ἰησοῦ</strong></span> <span class='ocrx_word' id='word_1_221' title='bbox 414 1474 552 1508; x_wconf 81' lang='grc' dir='ltr'><strong>Χριστοῦ·</strong></span> <span class='ocrx_word' id='word_1_222' title='bbox 575 1475 622 1501; x_wconf 82' lang='grc' dir='ltr'><strong>καὶ</strong></span> <span class='ocrx_word' id='word_1_223' title='bbox 639 1475 729 1502; x_wconf 75' lang='grc' dir='ltr'><strong>πάλιν⁵</strong></span> <span class='ocrx_word' id='word_1_224' title='bbox 749 1475 859 1509; x_wconf 74' lang='grc' dir='ltr'>ἣδιστα</span> 
     </span>
    </p>
   </div>
   <div class='ocr_carea' id='block_1_33' title="bbox 58 1520 861 1556">
    <p class='ocr_par' dir='ltr' id='par_1_33' title="bbox 58 1520 861 1556">
     <span class='ocr_line' id='line_1_33' title="bbox 58 1520 861 1556; baseline -0.001 -9"><span class='ocrx_word' id='word_1_225' title='bbox 58 1520 255 1555; x_wconf 52' lang='grc' dir='ltr'><em>καυχήσομαι</em></span> <span class='ocrx_word' id='word_1_226' title='bbox 273 1521 307 1547; x_wconf 80' lang='grc' dir='ltr'><strong>ἐν</strong></span> <span class='ocrx_word' id='word_1_227' title='bbox 322 1520 387 1554; x_wconf 80' lang='grc' dir='ltr'>ταῖς</span> <span class='ocrx_word' id='word_1_228' title='bbox 401 1520 571 1553; x_wconf 80' lang='grc' dir='ltr'><strong>ἀσθενείαις</strong></span> <span class='ocrx_word' id='word_1_229' title='bbox 583 1529 653 1554; x_wconf 86' lang='grc' dir='ltr'>μου,</span> <span class='ocrx_word' id='word_1_230' title='bbox 670 1521 720 1548; x_wconf 76' lang='grc' dir='ltr'><strong>ἵνα</strong></span> <span class='ocrx_word' id='word_1_231' title='bbox 735 1521 861 1556; x_wconf 76' lang='grc' dir='ltr'><strong>ἐπισκη..</strong></span> 
     </span>
    </p>
   </div>
   <div class='ocr_carea' id='block_1_34' title="bbox 57 1566 673 1602">
    <p class='ocr_par' dir='ltr' id='par_1_34' title="bbox 57 1566 673 1602">
     <span class='ocr_line' id='line_1_34' title="bbox 57 1566 673 1602; baseline -0.006 -6"><span class='ocrx_word' id='word_1_232' title='bbox 57 1567 143 1602; x_wconf 71' lang='grc' dir='ltr'><strong>νώσῃ</strong></span> <span class='ocrx_word' id='word_1_233' title='bbox 158 1567 206 1594; x_wconf 82' lang='grc' dir='ltr'><strong>ἐπ’</strong></span> <span class='ocrx_word' id='word_1_234' title='bbox 222 1567 274 1602; x_wconf 78' lang='grc' dir='ltr'><strong>ἐμὲ</strong></span> <span class='ocrx_word' id='word_1_235' title='bbox 293 1567 312 1601; x_wconf 77' lang='grc' dir='ltr'>ἡ</span> <span class='ocrx_word' id='word_1_236' title='bbox 326 1566 453 1601; x_wconf 78' lang='grc' dir='ltr'>δύναμις</span> <span class='ocrx_word' id='word_1_237' title='bbox 464 1567 518 1594; x_wconf 85' lang='grc' dir='ltr'>τοῦ</span> <span class='ocrx_word' id='word_1_238' title='bbox 533 1566 673 1600; x_wconf 78' lang='grc' dir='ltr'><strong>Χριστοῦ.</strong></span> 
     </span>
    </p>
   </div>
   <div class='ocr_carea' id='block_1_35' title="bbox 391 1613 539 1641">
    <p class='ocr_par' dir='ltr' id='par_1_35' title="bbox 391 1613 539 1641">
     <span class='ocr_line' id='line_1_35' title="bbox 391 1613 539 1641; baseline 0.014 -2"><span class='ocrx_word' id='word_1_239' title='bbox 391 1613 470 1640; x_wconf 80' lang='grc' dir='ltr'><strong>ΚΕΦ.</strong></span> <span class='ocrx_word' id='word_1_240' title='bbox 490 1613 539 1641; x_wconf 84' lang='grc' dir='ltr'><strong>ῐΓ’.</strong></span> 
     </span>
    </p>
   </div>
   <div class='ocr_carea' id='block_1_36' title="bbox 96 1658 859 1696">
    <p class='ocr_par' dir='ltr' id='par_1_36' title="bbox 96 1658 859 1696">
     <span class='ocr_line' id='line_1_36' title="bbox 96 1658 859 1696; baseline 0.003 -11"><span class='ocrx_word' id='word_1_241' title='bbox 96 1659 143 1685; x_wconf 75' lang='grc'><em>12.</em></span> <span class='ocrx_word' id='word_1_242' title='bbox 164 1658 229 1691; x_wconf 87' lang='grc' dir='ltr'><strong>Πᾶς</strong></span> <span class='ocrx_word' id='word_1_243' title='bbox 250 1658 347 1691; x_wconf 81' lang='grc' dir='ltr'><em>ἀσκὸς</em></span> <span class='ocrx_word' id='word_1_244' title='bbox 369 1659 598 1693; x_wconf 77' lang='grc' dir='ltr'><strong>πληρωθήσεται</strong></span> <span class='ocrx_word' id='word_1_245' title='bbox 617 1662 712 1689; x_wconf 74' lang='grc' dir='ltr'><strong>οἶνον.</strong></span> <span class='ocrx_word' id='word_1_246' title='bbox 735 1660 859 1696; x_wconf 79' lang='grc' dir='ltr'><strong>Δευτέρῳ</strong></span> 
     </span>
    </p>
   </div>
   <div class='ocr_carea' id='block_1_37' title="bbox 58 1703 858 1740">
    <p class='ocr_par' dir='ltr' id='par_1_37' title="bbox 58 1703 858 1740">
     <span class='ocr_line' id='line_1_37' title="bbox 58 1703 858 1740; baseline 0.004 -10"><span class='ocrx_word' id='word_1_247' title='bbox 58 1704 162 1740; x_wconf 78' lang='grc' dir='ltr'>χρῆται</span> <span class='ocrx_word' id='word_1_248' title='bbox 189 1703 388 1739; x_wconf 79' lang='grc' dir='ltr'><strong>παραδείγματι</strong></span> <span class='ocrx_word' id='word_1_249' title='bbox 410 1705 464 1731; x_wconf 84' lang='grc' dir='ltr'><strong>τῶν</strong></span> <span class='ocrx_word' id='word_1_250' title='bbox 482 1705 591 1737; x_wconf 84' lang='grc' dir='ltr'>ἀσκῶν,</span> <span class='ocrx_word' id='word_1_251' title='bbox 621 1707 663 1733; x_wconf 81' lang='grc' dir='ltr'>ὃτι</span> <span class='ocrx_word' id='word_1_252' title='bbox 693 1707 746 1738; x_wconf 78' lang='grc' dir='ltr'>πᾶς</span> <span class='ocrx_word' id='word_1_253' title='bbox 776 1706 858 1737; x_wconf 83' lang='grc' dir='ltr'>ἀσκὸς</span> 
     </span>
    </p>
   </div>
   <div class='ocr_carea' id='block_1_38' title="bbox 60 1749 858 1786">
    <p class='ocr_par' dir='ltr' id='par_1_38' title="bbox 60 1749 858 1786">
     <span class='ocr_line' id='line_1_38' title="bbox 60 1749 858 1786; baseline 0.004 -10"><span class='ocrx_word' id='word_1_254' title='bbox 60 1749 275 1786; x_wconf 77' lang='grc' dir='ltr'><strong>πληρωθήσεται</strong></span> <span class='ocrx_word' id='word_1_255' title='bbox 298 1751 380 1782; x_wconf 82' lang='grc' dir='ltr'>οἴνου,</span> <span class='ocrx_word' id='word_1_256' title='bbox 403 1750 490 1779; x_wconf 79' lang='grc' dir='ltr'>καίτοι</span> <span class='ocrx_word' id='word_1_257' title='bbox 527 1753 574 1779; x_wconf 72' lang='grc' dir='ltr'>καὶ</span> <span class='ocrx_word' id='word_1_258' title='bbox 600 1752 690 1779; x_wconf 82' lang='grc' dir='ltr'>ὲλαιου</span> <span class='ocrx_word' id='word_1_259' title='bbox 710 1753 756 1779; x_wconf 78' lang='grc' dir='ltr'>καὶ</span> <span class='ocrx_word' id='word_1_260' title='bbox 769 1752 858 1779; x_wconf 82' lang='grc' dir='ltr'>ἄλλων</span> 
     </span>
    </p>
   </div>
   <div class='ocr_carea' id='block_1_39' title="bbox 60 1795 858 1834">
    <p class='ocr_par' dir='ltr' id='par_1_39' title="bbox 60 1795 858 1834">
     <span class='ocr_line' id='line_1_39' title="bbox 60 1795 858 1834; baseline 0.005 -13"><span class='ocrx_word' id='word_1_261' title='bbox 60 1795 165 1832; x_wconf 82' lang='grc' dir='ltr'><strong>ὑγρῶν·</strong></span> <span class='ocrx_word' id='word_1_262' title='bbox 189 1795 262 1827; x_wconf 74' lang='grc' dir='ltr'>τινὲς</span> <span class='ocrx_word' id='word_1_263' title='bbox 287 1796 315 1822; x_wconf 84' lang='grc' dir='ltr'>δὲ</span> <span class='ocrx_word' id='word_1_264' title='bbox 332 1795 379 1822; x_wconf 77' lang='grc' dir='ltr'>καὶ</span> <span class='ocrx_word' id='word_1_265' title='bbox 394 1796 503 1831; x_wconf 82' lang='grc' dir='ltr'>μένουσι</span> <span class='ocrx_word' id='word_1_266' title='bbox 524 1798 606 1830; x_wconf 77' lang='grc' dir='ltr'>κενοὶ,</span> <span class='ocrx_word' id='word_1_267' title='bbox 622 1798 668 1825; x_wconf 75' lang='grc' dir='ltr'><strong>ἐὰν</strong></span> <span class='ocrx_word' id='word_1_268' title='bbox 685 1798 792 1834; x_wconf 84' lang='grc' dir='ltr'>γνῶμεν</span> <span class='ocrx_word' id='word_1_269' title='bbox 809 1798 858 1830; x_wconf 83' lang='grc' dir='ltr'>τὰς</span> 
     </span>
    </p>
   </div>
   <div class='ocr_carea' id='block_1_40' title="bbox 59 1841 859 1879">
    <p class='ocr_par' dir='ltr' id='par_1_40' title="bbox 59 1841 859 1879">
     <span class='ocr_line' id='line_1_40' title="bbox 59 1841 859 1879; baseline 0.004 -12"><span class='ocrx_word' id='word_1_270' title='bbox 59 1842 117 1868; x_wconf 78' lang='grc' dir='ltr'><strong>τῶν</strong></span> <span class='ocrx_word' id='word_1_271' title='bbox 133 1842 214 1868; x_wconf 69' lang='grc' dir='ltr'>οἴνων</span> <span class='ocrx_word' id='word_1_272' title='bbox 233 1841 375 1877; x_wconf 81' lang='grc' dir='ltr'>διαφορὰς,</span> <span class='ocrx_word' id='word_1_273' title='bbox 393 1843 440 1869; x_wconf 83' lang='grc' dir='ltr'>καὶ</span> <span class='ocrx_word' id='word_1_274' title='bbox 459 1843 489 1869; x_wconf 81' lang='grc' dir='ltr'>τὺ</span> <span class='ocrx_word' id='word_1_275' title='bbox 504 1844 591 1878; x_wconf 79' lang='grc' dir='ltr'>παρὸν</span> <span class='ocrx_word' id='word_1_276' title='bbox 607 1843 706 1879; x_wconf 82' lang='grc' dir='ltr'>ἀληθὲς</span> <span class='ocrx_word' id='word_1_277' title='bbox 719 1843 859 1879; x_wconf 85' lang='grc' dir='ltr'>δειχθήσε-</span> 
     </span>
    </p>
   </div>
   <div class='ocr_carea' id='block_1_41' title="bbox 60 1885 858 1924">
    <p class='ocr_par' dir='ltr' id='par_1_41' title="bbox 60 1885 858 1924">
     <span class='ocr_line' id='line_1_41' title="bbox 60 1885 858 1924; baseline 0.004 -11"><span class='ocrx_word' id='word_1_278' title='bbox 60 1895 116 1914; x_wconf 69' lang='grc' dir='ltr'>ται.</span> <span class='ocrx_word' id='word_1_279' title='bbox 148 1887 244 1913; x_wconf 83' lang='grc' dir='ltr'>Ἔστιν</span> <span class='ocrx_word' id='word_1_280' title='bbox 257 1885 303 1914; x_wconf 70' lang='grc' dir='ltr'>οιῖιν</span> <span class='ocrx_word' id='word_1_281' title='bbox 327 1885 397 1920; x_wconf 76' lang='grc' dir='ltr'>οἶνος</span> <span class='ocrx_word' id='word_1_282' title='bbox 413 1888 498 1924; x_wconf 82' lang='grc' dir='ltr'>Θυμὺς</span> <span class='ocrx_word' id='word_1_283' title='bbox 524 1889 677 1924; x_wconf 79' lang='grc' dir='ltr'>δρακόντων</span> <span class='ocrx_word' id='word_1_284' title='bbox 695 1890 727 1916; x_wconf 82' lang='grc' dir='ltr'>ὲκ</span> <span class='ocrx_word' id='word_1_285' title='bbox 747 1889 858 1924; x_wconf 83' lang='grc' dir='ltr'>βότρυος</span> 
     </span>
    </p>
   </div>
   <div class='ocr_carea' id='block_1_42' title="bbox 60 1932 858 1969">
    <p class='ocr_par' dir='ltr' id='par_1_42' title="bbox 60 1932 858 1969">
     <span class='ocr_line' id='line_1_42' title="bbox 60 1932 858 1969; baseline 0.004 -11"><span class='ocrx_word' id='word_1_286' title='bbox 60 1932 191 1967; x_wconf 79' lang='grc' dir='ltr'>πικρίας,</span> <span class='ocrx_word' id='word_1_287' title='bbox 210 1932 257 1958; x_wconf 81' lang='grc' dir='ltr'>καὶ</span> <span class='ocrx_word' id='word_1_288' title='bbox 272 1932 395 1968; x_wconf 82' lang='grc' dir='ltr'><strong>ἀμπέλου</strong></span> <span class='ocrx_word' id='word_1_289' title='bbox 412 1933 545 1968; x_wconf 86' lang='grc' dir='ltr'>Σοδόμων,</span> <span class='ocrx_word' id='word_1_290' title='bbox 561 1934 599 1966; x_wconf 85' lang='grc' dir='ltr'>ὡς</span> <span class='ocrx_word' id='word_1_291' title='bbox 613 1934 776 1969; x_wconf 80' lang='grc' dir='ltr'>γέγραπται·</span> <span class='ocrx_word' id='word_1_292' title='bbox 800 1934 858 1961; x_wconf 78' lang='grc' dir='ltr'>ἐστι</span> 
     </span>
    </p>
   </div>
   <div class='ocr_carea' id='block_1_43' title="bbox 60 1978 858 2015">
    <p class='ocr_par' dir='ltr' id='par_1_43' title="bbox 60 1978 858 2015">
     <span class='ocr_line' id='line_1_43' title="bbox 60 1978 858 2015; baseline 0.004 -11"><span class='ocrx_word' id='word_1_293' title='bbox 60 1979 107 2004; x_wconf 78' lang='grc' dir='ltr'>καὶ</span> <span class='ocrx_word' id='word_1_294' title='bbox 123 1978 249 2012; x_wconf 73' lang='grc' dir='ltr'>ἄμπελος</span> <span class='ocrx_word' id='word_1_295' title='bbox 265 1978 422 2012; x_wconf 76' lang='grc' dir='ltr'><strong>Αἰγυπτίων</strong></span> <span class='ocrx_word' id='word_1_296' title='bbox 436 1979 469 2014; x_wconf 74' lang='grc' dir='ltr'>ἣν</span> <span class='ocrx_word' id='word_1_297' title='bbox 487 1980 620 2006; x_wconf 83' lang='grc' dir='ltr'>πατάσσει</span> <span class='ocrx_word' id='word_1_298' title='bbox 639 1981 654 2006; x_wconf 85' lang='grc' dir='ltr'><strong>ό</strong></span> <span class='ocrx_word' id='word_1_299' title='bbox 673 1979 738 2012; x_wconf 82' lang='grc' dir='ltr'>Θεὸς</span> <span class='ocrx_word' id='word_1_300' title='bbox 757 1980 786 2007; x_wconf 77' lang='grc' dir='ltr'><strong>ὲν</strong></span> <span class='ocrx_word' id='word_1_301' title='bbox 810 1989 858 2015; x_wconf 89' lang='grc' dir='ltr'><strong>χα-</strong></span> 
     </span>
    </p>
   </div>
   <div class='ocr_carea' id='block_1_44' title="bbox 60 2023 859 2061">
    <p class='ocr_par' dir='ltr' id='par_1_44' title="bbox 60 2023 859 2061">
     <span class='ocr_line' id='line_1_44' title="bbox 60 2023 859 2061; baseline 0.005 -12"><span class='ocrx_word' id='word_1_302' title='bbox 60 2023 143 2060; x_wconf 66' lang='grc' dir='ltr'>λάζῃ·</span> <span class='ocrx_word' id='word_1_303' title='bbox 159 2023 217 2050; x_wconf 81' lang='grc' dir='ltr'>ἔστι</span> <span class='ocrx_word' id='word_1_304' title='bbox 229 2023 275 2050; x_wconf 75' lang='grc' dir='ltr'><strong>καὶ</strong></span> <span class='ocrx_word' id='word_1_305' title='bbox 289 2024 419 2060; x_wconf 83' lang='grc' dir='ltr'>ποτήριον</span> <span class='ocrx_word' id='word_1_306' title='bbox 431 2025 533 2060; x_wconf 86' lang='grc' dir='ltr'>Κυρίου</span> <span class='ocrx_word' id='word_1_307' title='bbox 552 2025 696 2060; x_wconf 70' lang='grc' dir='ltr'>μεθύει-κον,</span> <span class='ocrx_word' id='word_1_308' title='bbox 708 2026 745 2058; x_wconf 84' lang='grc' dir='ltr'>ὡς</span> <span class='ocrx_word' id='word_1_309' title='bbox 756 2026 859 2061; x_wconf 70' lang='grc' dir='ltr'>γέγρα-</span> 
     </span>
    </p>
   </div>
   <div class='ocr_carea' id='block_1_45' title="bbox 60 2069 859 2105">
    <p class='ocr_par' dir='ltr' id='par_1_45' title="bbox 60 2069 859 2105">
     <span class='ocr_line' id='line_1_45' title="bbox 60 2069 859 2105; baseline 0.004 -10"><span class='ocrx_word' id='word_1_310' title='bbox 60 2078 141 2099; x_wconf 75' lang='grc' dir='ltr'>πται,</span> <span class='ocrx_word' id='word_1_311' title='bbox 157 2069 314 2104; x_wconf 85' lang='grc' dir='ltr'>κράτιστον·</span> <span class='ocrx_word' id='word_1_312' title='bbox 331 2070 377 2096; x_wconf 76' lang='grc' dir='ltr'>καὶ</span> <span class='ocrx_word' id='word_1_313' title='bbox 395 2070 412 2105; x_wconf 82' lang='grc' dir='ltr'><strong>ἡ</strong></span> <span class='ocrx_word' id='word_1_314' title='bbox 429 2071 509 2105; x_wconf 78' lang='grc' dir='ltr'>σοφία</span> <span class='ocrx_word' id='word_1_315' title='bbox 523 2071 653 2105; x_wconf 76' lang='grc' dir='ltr'>συγκαλεῖ</span> <span class='ocrx_word' id='word_1_316' title='bbox 669 2072 715 2098; x_wconf 74' lang='grc' dir='ltr'>ἐπὶ</span> <span class='ocrx_word' id='word_1_317' title='bbox 729 2071 775 2098; x_wconf 79' lang='grc' dir='ltr'>τὸν</span> <span class='ocrx_word' id='word_1_318' title='bbox 796 2072 859 2098; x_wconf 79' lang='grc' dir='ltr'>ἐαυ-</span> 
     </span>
    </p>
   </div>
   <div class='ocr_carea' id='block_1_46' title="bbox 58 2115 858 2153">
    <p class='ocr_par' dir='ltr' id='par_1_46' title="bbox 58 2115 858 2153">
     <span class='ocr_line' id='line_1_46' title="bbox 58 2115 858 2153; baseline 0.005 -13"><span class='ocrx_word' id='word_1_319' title='bbox 58 2115 109 2150; x_wconf 64' lang='grc' dir='ltr'>τῆς</span> <span class='ocrx_word' id='word_1_320' title='bbox 128 2115 266 2150; x_wconf 85' lang='grc' dir='ltr'>κρατῆρα,</span> <span class='ocrx_word' id='word_1_321' title='bbox 282 2115 375 2149; x_wconf 82' lang='grc' dir='ltr'>Δεῦτε,</span> <span class='ocrx_word' id='word_1_322' title='bbox 395 2116 523 2150; x_wconf 81' lang='grc' dir='ltr'>λέγουσα,</span> <span class='ocrx_word' id='word_1_323' title='bbox 542 2118 644 2152; x_wconf 83' lang='grc' dir='ltr'>φάγετε</span> <span class='ocrx_word' id='word_1_324' title='bbox 656 2118 710 2144; x_wconf 86' lang='grc' dir='ltr'><strong>τῶν</strong></span> <span class='ocrx_word' id='word_1_325' title='bbox 721 2117 795 2153; x_wconf 81' lang='grc' dir='ltr'><strong>ὲμῶν</strong></span> <span class='ocrx_word' id='word_1_326' title='bbox 809 2118 858 2153; x_wconf 76' lang='grc' dir='ltr'><strong>ἄρ-</strong></span> 
     </span>
    </p>
   </div>
   <div class='ocr_carea' id='block_1_47' title="bbox 59 2160 856 2199">
    <p class='ocr_par' dir='ltr' id='par_1_47' title="bbox 59 2160 856 2199">
     <span class='ocr_line' id='line_1_47' title="bbox 59 2160 856 2199; baseline 0.005 -12"><span class='ocrx_word' id='word_1_327' title='bbox 59 2169 126 2192; x_wconf 85' lang='grc' dir='ltr'>των,</span> <span class='ocrx_word' id='word_1_328' title='bbox 149 2162 198 2188; x_wconf 83' lang='grc' dir='ltr'>καὶ</span> <span class='ocrx_word' id='word_1_329' title='bbox 218 2162 295 2188; x_wconf 84' lang='grc' dir='ltr'>πίετε</span> <span class='ocrx_word' id='word_1_330' title='bbox 313 2160 384 2189; x_wconf 79' lang='grc' dir='ltr'>οῐνον</span> <span class='ocrx_word' id='word_1_331' title='bbox 404 2162 434 2190; x_wconf 83' lang='grc' dir='ltr'><strong>ὃν</strong></span> <span class='ocrx_word' id='word_1_332' title='bbox 456 2163 595 2198; x_wconf 80' lang='grc' dir='ltr'>κεκέρακα</span> <span class='ocrx_word' id='word_1_333' title='bbox 608 2164 684 2199; x_wconf 76' lang='grc' dir='ltr'><strong>ὑμῖνο</strong></span> <span class='ocrx_word' id='word_1_334' title='bbox 702 2164 748 2191; x_wconf 62' lang='grc' dir='ltr'><strong>καὶ¹</strong></span> <span class='ocrx_word' id='word_1_335' title='bbox 764 2163 856 2191; x_wconf 84' lang='grc' dir='ltr'>πάλιν·</span> 
     </span>
    </p>
   </div>
   <div class='ocr_carea' id='block_1_48' title="bbox 910 246 1697 280">
    <p class='ocr_par' dir='ltr' id='par_1_48' title="bbox 910 246 1697 280">
     <span class='ocr_line' id='line_1_48' title="bbox 910 246 1697 280; baseline 0.005 -8"><span class='ocrx_word' id='word_1_336' title='bbox 910 250 976 273; x_wconf 83' lang='lat' dir='ltr'><strong>tunc</strong></span> <span class='ocrx_word' id='word_1_337' title='bbox 986 246 1058 273; x_wconf 88' lang='lat' dir='ltr'><strong>enim</strong></span> <span class='ocrx_word' id='word_1_338' title='bbox 1073 253 1125 271; x_wconf 87' lang='lat' dir='ltr'><strong>non</strong></span> <span class='ocrx_word' id='word_1_339' title='bbox 1138 247 1367 280; x_wconf 77' lang='lat' dir='ltr'><strong>concupiscebam</strong></span> <span class='ocrx_word' id='word_1_340' title='bbox 1380 248 1509 275; x_wconf 82' lang='lat' dir='ltr'><strong>adversus</strong></span> <span class='ocrx_word' id='word_1_341' title='bbox 1526 256 1555 276; x_wconf 93' lang='lat' dir='ltr'><strong>se</strong></span> <span class='ocrx_word' id='word_1_342' title='bbox 1571 249 1697 276; x_wconf 86' lang='lat' dir='ltr'><strong>invicem.</strong></span> 
     </span>
    </p>
   </div>
   <div class='ocr_carea' id='block_1_49' title="bbox 907 291 1700 328">
    <p class='ocr_par' dir='ltr' id='par_1_49' title="bbox 907 291 1700 328">
     <span class='ocr_line' id='line_1_49' title="bbox 907 291 1700 328; baseline 0.005 -11"><span class='ocrx_word' id='word_1_343' title='bbox 907 291 960 324; x_wconf 82' lang='lat' dir='ltr'><strong>Qui</strong></span> <span class='ocrx_word' id='word_1_344' title='bbox 976 297 1066 318; x_wconf 89' lang='lat' dir='ltr'><strong>autem</strong></span> <span class='ocrx_word' id='word_1_345' title='bbox 1076 291 1223 325; x_wconf 65' lang='lat' dir='ltr'><strong>utriusque</strong></span> <span class='ocrx_word' id='word_1_346' title='bbox 1237 299 1318 326; x_wconf 85' lang='lat' dir='ltr'><strong>opera</strong></span> <span class='ocrx_word' id='word_1_347' title='bbox 1334 292 1437 325; x_wconf 75' lang='lat' dir='ltr'><strong>doeuit,</strong></span> <span class='ocrx_word' id='word_1_348' title='bbox 1451 294 1525 321; x_wconf 82' lang='lat' dir='ltr'><strong>misit</strong></span> <span class='ocrx_word' id='word_1_349' title='bbox 1538 294 1564 320; x_wconf 90' lang='lat' dir='ltr'><strong>in</strong></span> <span class='ocrx_word' id='word_1_350' title='bbox 1582 302 1631 322; x_wconf 89' lang='lat' dir='ltr'><strong>nos</strong></span> <span class='ocrx_word' id='word_1_351' title='bbox 1643 296 1700 328; x_wconf 65' lang='lat' dir='ltr'><strong>gla-</strong></span> 
     </span>
    </p>
   </div>
   <div class='ocr_carea' id='block_1_50' title="bbox 907 337 1699 371">
    <p class='ocr_par' dir='ltr' id='par_1_50' title="bbox 907 337 1699 371">
     <span class='ocr_line' id='line_1_50' title="bbox 907 337 1699 371; baseline 0.005 -8"><span class='ocrx_word' id='word_1_352' title='bbox 907 337 993 369; x_wconf 85' lang='lat' dir='ltr'><strong>dium,</strong></span> <span class='ocrx_word' id='word_1_353' title='bbox 1011 343 1164 363; x_wconf 80' lang='lat' dir='ltr'><strong>sermonem</strong></span> <span class='ocrx_word' id='word_1_354' title='bbox 1187 337 1346 371; x_wconf 86' lang='lat' dir='ltr'><strong>proprium;</strong></span> <span class='ocrx_word' id='word_1_355' title='bbox 1376 344 1402 365; x_wconf 86' lang='lat' dir='ltr'><strong>et</strong></span> <span class='ocrx_word' id='word_1_356' title='bbox 1427 339 1527 366; x_wconf 88' lang='lat' dir='ltr'><strong>Christi</strong></span> <span class='ocrx_word' id='word_1_357' title='bbox 1550 340 1699 368; x_wconf 77' lang='lat' dir='ltr'><strong>monition—</strong></span> 
     </span>
    </p>
   </div>
   <div class='ocr_carea' id='block_1_51' title="bbox 908 381 1699 419">
    <p class='ocr_par' dir='ltr' id='par_1_51' title="bbox 908 381 1699 419">
     <span class='ocr_line' id='line_1_51' title="bbox 908 381 1699 419; baseline 0.005 -11"><span class='ocrx_word' id='word_1_358' title='bbox 908 382 1009 409; x_wconf 84' lang='lat' dir='ltr'><strong>tionem</strong></span> <span class='ocrx_word' id='word_1_359' title='bbox 1025 381 1052 408; x_wconf 82' lang='lat' dir='ltr'><strong>in</strong></span> <span class='ocrx_word' id='word_1_360' title='bbox 1070 382 1147 408; x_wconf 83' lang='lat' dir='ltr'><strong>nobis</strong></span> <span class='ocrx_word' id='word_1_361' title='bbox 1165 381 1395 414; x_wconf 67' lang='lat' dir='ltr'><strong>circumfer-imus,</strong></span> <span class='ocrx_word' id='word_1_362' title='bbox 1418 391 1554 419; x_wconf 72' lang='lat' dir='ltr'><strong>cat-neque</strong></span> <span class='ocrx_word' id='word_1_363' title='bbox 1576 386 1602 412; x_wconf 91' lang='lat' dir='ltr'><strong>in</strong></span> <span class='ocrx_word' id='word_1_364' title='bbox 1622 386 1699 412; x_wconf 83' lang='lat' dir='ltr'><strong>nobis</strong></span> 
     </span>
    </p>
   </div>
   <div class='ocr_carea' id='block_1_52' title="bbox 906 427 1700 461">
    <p class='ocr_par' dir='ltr' id='par_1_52' title="bbox 906 427 1700 461">
     <span class='ocr_line' id='line_1_52' title="bbox 906 427 1700 461; baseline 0.004 -8"><span class='ocrx_word' id='word_1_365' title='bbox 906 432 1041 459; x_wconf 82' lang='lat' dir='ltr'><strong>emortua,</strong></span> <span class='ocrx_word' id='word_1_366' title='bbox 1065 427 1178 461; x_wconf 88' lang='lat' dir='ltr'><strong>spiritus</strong></span> <span class='ocrx_word' id='word_1_367' title='bbox 1204 427 1283 460; x_wconf 84' lang='lat' dir='ltr'><strong>vivit;</strong></span> <span class='ocrx_word' id='word_1_368' title='bbox 1305 427 1332 454; x_wconf 85' lang='lat' dir='ltr'><strong>in</strong></span> <span class='ocrx_word' id='word_1_369' title='bbox 1348 428 1395 455; x_wconf 84' lang='lat' dir='ltr'><strong>illo</strong></span> <span class='ocrx_word' id='word_1_370' title='bbox 1412 429 1502 460; x_wconf 83' lang='lat' dir='ltr'><strong>enim,</strong></span> <span class='ocrx_word' id='word_1_371' title='bbox 1524 437 1578 456; x_wconf 89' lang='lat' dir='ltr'><strong>non</strong></span> <span class='ocrx_word' id='word_1_372' title='bbox 1603 430 1628 456; x_wconf 92' lang='lat' dir='ltr'><strong>in</strong></span> <span class='ocrx_word' id='word_1_373' title='bbox 1649 430 1700 456; x_wconf 86' lang='lat' dir='ltr'><strong>hac</strong></span> 
     </span>
    </p>
   </div>
   <div class='ocr_carea' id='block_1_53' title="bbox 908 472 1697 507">
    <p class='ocr_par' dir='ltr' id='par_1_53' title="bbox 908 472 1697 507">
     <span class='ocr_line' id='line_1_53' title="bbox 908 472 1697 507; baseline 0.001 -8"><span class='ocrx_word' id='word_1_374' title='bbox 908 472 1085 503; x_wconf 83' lang='lat' dir='ltr'><strong>seminamus,</strong></span> <span class='ocrx_word' id='word_1_375' title='bbox 1100 480 1134 499; x_wconf 91' lang='lat' dir='ltr'><strong>nc</strong></span> <span class='ocrx_word' id='word_1_376' title='bbox 1155 473 1367 507; x_wconf 77' lang='lat' dir='ltr'><strong>corruptionem,</strong></span> <span class='ocrx_word' id='word_1_377' title='bbox 1393 473 1438 500; x_wconf 89' lang='lat' dir='ltr'><strong>sed</strong></span> <span class='ocrx_word' id='word_1_378' title='bbox 1462 474 1545 501; x_wconf 84' lang='lat' dir='ltr'><strong>vitam</strong></span> <span class='ocrx_word' id='word_1_379' title='bbox 1569 479 1697 501; x_wconf 62' lang='lat' dir='ltr'><strong>aeternam</strong></span> 
     </span>
    </p>
   </div>
   <div class='ocr_carea' id='block_1_54' title="bbox 908 523 1053 545">
    <p class='ocr_par' dir='ltr' id='par_1_54' title="bbox 908 523 1053 545">
     <span class='ocr_line' id='line_1_54' title="bbox 908 523 1053 545; baseline -0.007 0"><span class='ocrx_word' id='word_1_380' title='bbox 908 523 1053 545; x_wconf 81' lang='lat' dir='ltr'><strong>metamus.</strong></span> 
     </span>
    </p>
   </div>
   <div class='ocr_carea' id='block_1_55' title="bbox 945 559 1700 598">
    <p class='ocr_par' dir='ltr' id='par_1_55' title="bbox 945 559 1700 598">
     <span class='ocr_line' id='line_1_55' title="bbox 945 559 1700 598; baseline 0.004 -8"><span class='ocrx_word' id='word_1_381' title='bbox 945 564 987 590; x_wconf 78' lang='grc'><em>15.</em></span> <span class='ocrx_word' id='word_1_382' title='bbox 1009 563 1143 591; x_wconf 83' lang='lat' dir='ltr'><strong>Sentinate</strong></span> <span class='ocrx_word' id='word_1_383' title='bbox 1154 564 1288 598; x_wconf 81' lang='lat' dir='ltr'><strong>frumenta</strong></span> <span class='ocrx_word' id='word_1_384' title='bbox 1301 565 1334 591; x_wconf 72' lang='lat'><strong>’7.</strong></span> <span class='ocrx_word' id='word_1_385' title='bbox 1349 564 1489 592; x_wconf 75' lang='lat' dir='ltr'><strong>Seminant</strong></span> <span class='ocrx_word' id='word_1_386' title='bbox 1505 573 1568 592; x_wconf 81' lang='lat' dir='ltr'><strong>vero</strong></span> <span class='ocrx_word' id='word_1_387' title='bbox 1580 559 1700 593; x_wconf 38' lang='lat' dir='ltr'><strong>lrumcn-I</strong></span> 
     </span>
    </p>
   </div>
   <div class='ocr_carea' id='block_1_56' title="bbox 909 609 1700 644">
    <p class='ocr_par' dir='ltr' id='par_1_56' title="bbox 909 609 1700 644">
     <span class='ocr_line' id='line_1_56' title="bbox 909 609 1700 644; baseline 0.004 -8"><span class='ocrx_word' id='word_1_388' title='bbox 909 613 977 641; x_wconf 90' lang='lat' dir='ltr'><strong>tum,</strong></span> <span class='ocrx_word' id='word_1_389' title='bbox 993 617 1025 637; x_wconf 90' lang='lat' dir='ltr'><strong>ac</strong></span> <span class='ocrx_word' id='word_1_390' title='bbox 1041 610 1134 644; x_wconf 88' lang='lat' dir='ltr'><strong>spinas</strong></span> <span class='ocrx_word' id='word_1_391' title='bbox 1146 609 1287 636; x_wconf 80' lang='lat' dir='ltr'><strong>demetunt</strong></span> <span class='ocrx_word' id='word_1_392' title='bbox 1304 611 1351 644; x_wconf 88' lang='lat' dir='ltr'><strong>qui</strong></span> <span class='ocrx_word' id='word_1_393' title='bbox 1366 611 1446 638; x_wconf 80' lang='lat' dir='ltr'><strong>verba</strong></span> <span class='ocrx_word' id='word_1_394' title='bbox 1463 611 1509 638; x_wconf 88' lang='lat' dir='ltr'><strong>Dei</strong></span> <span class='ocrx_word' id='word_1_395' title='bbox 1526 612 1636 638; x_wconf 83' lang='lat' dir='ltr'><strong>assidue</strong></span> <span class='ocrx_word' id='word_1_396' title='bbox 1648 617 1700 639; x_wconf 87' lang='lat' dir='ltr'><strong>tra-</strong></span> 
     </span>
    </p>
   </div>
   <div class='ocr_carea' id='block_1_57' title="bbox 905 656 1700 691">
    <p class='ocr_par' dir='ltr' id='par_1_57' title="bbox 905 656 1700 691">
     <span class='ocr_line' id='line_1_57' title="bbox 905 656 1700 691; baseline 0.001 -8"><span class='ocrx_word' id='word_1_397' title='bbox 905 660 992 687; x_wconf 87' lang='lat' dir='ltr'><strong>ctant,</strong></span> <span class='ocrx_word' id='word_1_398' title='bbox 1007 657 1054 683; x_wconf 88' lang='lat' dir='ltr'><strong>sed</strong></span> <span class='ocrx_word' id='word_1_399' title='bbox 1067 663 1120 682; x_wconf 90' lang='lat' dir='ltr'><strong>non</strong></span> <span class='ocrx_word' id='word_1_400' title='bbox 1133 656 1229 683; x_wconf 88' lang='lat' dir='ltr'><strong>vivunt</strong></span> <span class='ocrx_word' id='word_1_401' title='bbox 1243 660 1272 683; x_wconf 87' lang='lat' dir='ltr'><strong>ut</strong></span> <span class='ocrx_word' id='word_1_402' title='bbox 1287 657 1332 683; x_wconf 82' lang='lat' dir='ltr'><strong>illa</strong></span> <span class='ocrx_word' id='word_1_403' title='bbox 1345 657 1517 691; x_wconf 51' lang='lat' dir='ltr'><strong>praecipiunt,</strong></span> <span class='ocrx_word' id='word_1_404' title='bbox 1527 657 1569 684; x_wconf 85' lang='lat' dir='ltr'><strong>vel</strong></span> <span class='ocrx_word' id='word_1_405' title='bbox 1583 658 1700 685; x_wconf 87' lang='lat' dir='ltr'><strong>credunt</strong></span> 
     </span>
    </p>
   </div>
   <div class='ocr_carea' id='block_1_58' title="bbox 907 701 1084 728">
    <p class='ocr_par' dir='ltr' id='par_1_58' title="bbox 907 701 1084 728">
     <span class='ocr_line' id='line_1_58' title="bbox 907 701 1084 728; baseline 0 -1"><span class='ocrx_word' id='word_1_406' title='bbox 907 705 937 727; x_wconf 88' lang='lat' dir='ltr'><strong>ut</strong></span> <span class='ocrx_word' id='word_1_407' title='bbox 954 701 1084 728; x_wconf 67' lang='lat' dir='ltr'><strong>haeretici.</strong></span> 
     </span>
    </p>
   </div>
   <div class='ocr_carea' id='block_1_59' title="bbox 944 745 1698 781">
    <p class='ocr_par' dir='ltr' id='par_1_59' title="bbox 944 745 1698 781">
     <span class='ocr_line' id='line_1_59' title="bbox 944 745 1698 781; baseline 0.005 -9"><span class='ocrx_word' id='word_1_408' title='bbox 944 746 987 772; x_wconf 74' lang='grc'><em>15.</em></span> <span class='ocrx_word' id='word_1_409' title='bbox 1009 745 1080 773; x_wconf 79' lang='lat' dir='ltr'><strong>Cleri</strong></span> <span class='ocrx_word' id='word_1_410' title='bbox 1100 755 1190 774; x_wconf 80' lang='lat' dir='ltr'><strong>eorum</strong></span> <span class='ocrx_word' id='word_1_411' title='bbox 1203 755 1253 774; x_wconf 81' lang='lat' dir='ltr'><strong>non</strong></span> <span class='ocrx_word' id='word_1_412' title='bbox 1267 747 1409 781; x_wconf 83' lang='lat' dir='ltr'><strong>proderunt</strong></span> <span class='ocrx_word' id='word_1_413' title='bbox 1426 748 1463 774; x_wconf 78' lang='lat' dir='ltr'><strong>eis</strong></span> <span class='ocrx_word' id='word_1_414' title='bbox 1475 748 1506 775; x_wconf 80' lang='grc'><strong>³⁸.</strong></span> <span class='ocrx_word' id='word_1_415' title='bbox 1522 748 1602 775; x_wconf 85' lang='lat' dir='ltr'><strong>Dicas</strong></span> <span class='ocrx_word' id='word_1_416' title='bbox 1615 748 1698 776; x_wconf 86' lang='lat' dir='ltr'><strong>etiam</strong></span> 
     </span>
    </p>
   </div>
   <div class='ocr_carea' id='block_1_60' title="bbox 906 792 1698 827">
    <p class='ocr_par' dir='ltr' id='par_1_60' title="bbox 906 792 1698 827">
     <span class='ocr_line' id='line_1_60' title="bbox 906 792 1698 827; baseline 0.003 -8"><span class='ocrx_word' id='word_1_417' title='bbox 906 796 933 818; x_wconf 85' lang='lat' dir='ltr'><strong>et</strong></span> <span class='ocrx_word' id='word_1_418' title='bbox 944 792 1018 819; x_wconf 87' lang='lat' dir='ltr'><strong>clero</strong></span> <span class='ocrx_word' id='word_1_419' title='bbox 1037 792 1226 820; x_wconf 86' lang='lat' dir='ltr'><strong>ecclesiastico</strong></span> <span class='ocrx_word' id='word_1_420' title='bbox 1240 793 1374 827; x_wconf 87' lang='lat' dir='ltr'><strong>ascriptos</strong></span> <span class='ocrx_word' id='word_1_421' title='bbox 1387 801 1440 820; x_wconf 92' lang='lat' dir='ltr'><strong>non</strong></span> <span class='ocrx_word' id='word_1_422' title='bbox 1454 793 1551 821; x_wconf 80' lang='lat' dir='ltr'><strong>debere</strong></span> <span class='ocrx_word' id='word_1_423' title='bbox 1565 794 1601 821; x_wconf 80' lang='lat' dir='ltr'><strong>illi</strong></span> <span class='ocrx_word' id='word_1_424' title='bbox 1616 795 1698 822; x_wconf 83' lang='lat' dir='ltr'><strong>ﬁdere</strong></span> 
     </span>
    </p>
   </div>
   <div class='ocr_carea' id='block_1_61' title="bbox 907 837 1700 873">
    <p class='ocr_par' dir='ltr' id='par_1_61' title="bbox 907 837 1700 873">
     <span class='ocr_line' id='line_1_61' title="bbox 907 837 1700 873; baseline 0.003 -9"><span class='ocrx_word' id='word_1_425' title='bbox 907 837 986 872; x_wconf 88' lang='lat' dir='ltr'><strong>quasi</strong></span> <span class='ocrx_word' id='word_1_426' title='bbox 1009 837 1097 872; x_wconf 86' lang='lat' dir='ltr'><strong>possit</strong></span> <span class='ocrx_word' id='word_1_427' title='bbox 1125 838 1170 865; x_wconf 88' lang='lat' dir='ltr'><strong>ille</strong></span> <span class='ocrx_word' id='word_1_428' title='bbox 1195 846 1291 865; x_wconf 87' lang='lat' dir='ltr'><strong>omnes</strong></span> <span class='ocrx_word' id='word_1_429' title='bbox 1314 839 1419 866; x_wconf 82' lang='lat' dir='ltr'><strong>salvare</strong></span> <span class='ocrx_word' id='word_1_430' title='bbox 1440 839 1467 865; x_wconf 92' lang='lat' dir='ltr'><strong>in</strong></span> <span class='ocrx_word' id='word_1_431' title='bbox 1494 839 1595 873; x_wconf 85' lang='lat' dir='ltr'><strong>quibus</strong></span> <span class='ocrx_word' id='word_1_432' title='bbox 1617 840 1700 867; x_wconf 85' lang='lat' dir='ltr'><strong>inest.</strong></span> 
     </span>
    </p>
   </div>
   <div class='ocr_carea' id='block_1_62' title="bbox 872 877 1700 917">
    <p class='ocr_par' dir='ltr' id='par_1_62' title="bbox 872 877 1700 917">
     <span class='ocr_line' id='line_1_62' title="bbox 872 877 1700 917; baseline 0.004 -9"><span class='ocrx_word' id='word_1_433' title='bbox 872 877 893 904; x_wconf 88' lang='grc' dir='ltr'><strong>Β</strong></span> <span class='ocrx_word' id='word_1_434' title='bbox 907 881 981 914; x_wconf 84' lang='lat' dir='ltr'><strong>Quot</strong></span> <span class='ocrx_word' id='word_1_435' title='bbox 1000 882 1072 909; x_wconf 91' lang='lat' dir='ltr'><strong>enim</strong></span> <span class='ocrx_word' id='word_1_436' title='bbox 1092 882 1171 910; x_wconf 81' lang='lat' dir='ltr'><strong>factis</strong></span> <span class='ocrx_word' id='word_1_437' title='bbox 1193 883 1259 917; x_wconf 83' lang='lat' dir='ltr'><strong>ipsis</strong></span> <span class='ocrx_word' id='word_1_438' title='bbox 1275 883 1423 910; x_wconf 81' lang='lat' dir='ltr'><strong>miserrimi</strong></span> <span class='ocrx_word' id='word_1_439' title='bbox 1444 884 1550 911; x_wconf 77' lang='lat' dir='ltr'><strong>ell&#39;ccti?</strong></span> <span class='ocrx_word' id='word_1_440' title='bbox 1581 884 1601 910; x_wconf 76' lang='grc' dir='ltr'>Ε</span> <span class='ocrx_word' id='word_1_441' title='bbox 1623 885 1700 912; x_wconf 80' lang='lat' dir='ltr'><strong>laicis</strong></span> 
     </span>
    </p>
   </div>
   <div class='ocr_carea' id='block_1_63' title="bbox 907 927 1700 962">
    <p class='ocr_par' dir='ltr' id='par_1_63' title="bbox 907 927 1700 962">
     <span class='ocr_line' id='line_1_63' title="bbox 907 927 1700 962; baseline 0.001 -9"><span class='ocrx_word' id='word_1_442' title='bbox 907 933 973 953; x_wconf 85' lang='lat' dir='ltr'><strong>vero</strong></span> <span class='ocrx_word' id='word_1_443' title='bbox 988 932 1056 962; x_wconf 89' lang='lat' dir='ltr'><strong>quot</strong></span> <span class='ocrx_word' id='word_1_444' title='bbox 1072 927 1268 954; x_wconf 82' lang='lat' dir='ltr'><strong>beatitudinem</strong></span> <span class='ocrx_word' id='word_1_445' title='bbox 1284 928 1421 955; x_wconf 83' lang='lat' dir='ltr'><strong>assecuti?</strong></span> <span class='ocrx_word' id='word_1_446' title='bbox 1434 927 1567 954; x_wconf 67' lang='lat' dir='ltr'><strong>(heterum</strong></span> <span class='ocrx_word' id='word_1_447' title='bbox 1583 933 1700 962; x_wconf 68' lang='lat' dir='ltr'><strong>potentes</strong></span> 
     </span>
    </p>
   </div>
   <div class='ocr_carea' id='block_1_64' title="bbox 907 971 1699 1005">
    <p class='ocr_par' dir='ltr' id='par_1_64' title="bbox 907 971 1699 1005">
     <span class='ocr_line' id='line_1_64' title="bbox 907 971 1699 1005; baseline 0.004 -9"><span class='ocrx_word' id='word_1_448' title='bbox 907 975 1025 1005; x_wconf 83' lang='lat' dir='ltr'><strong>potenter</strong></span> <span class='ocrx_word' id='word_1_449' title='bbox 1045 972 1271 998; x_wconf 62' lang='lat' dir='ltr'><strong>nominabuntur</strong></span> <span class='ocrx_word' id='word_1_450' title='bbox 1291 973 1325 998; x_wconf 85' lang='lat'><strong>&quot;.</strong></span> <span class='ocrx_word' id='word_1_451' title='bbox 1352 971 1387 999; x_wconf 90' lang='lat' dir='ltr'><strong>Ut</strong></span> <span class='ocrx_word' id='word_1_452' title='bbox 1405 972 1476 1000; x_wconf 86' lang='lat' dir='ltr'><strong>enim</strong></span> <span class='ocrx_word' id='word_1_453' title='bbox 1500 972 1602 1000; x_wconf 85' lang='lat' dir='ltr'><strong>Paulus</strong></span> <span class='ocrx_word' id='word_1_454' title='bbox 1618 973 1699 1000; x_wconf 76' lang='lat' dir='ltr'><strong>ait‘:</strong></span> 
     </span>
    </p>
   </div>
   <div class='ocr_carea' id='block_1_65' title="bbox 909 1015 1698 1053">
    <p class='ocr_par' dir='ltr' id='par_1_65' title="bbox 909 1015 1698 1053">
     <span class='ocr_line' id='line_1_65' title="bbox 909 1015 1698 1053; baseline 0.003 -11"><span class='ocrx_word' id='word_1_455' title='bbox 909 1015 1045 1048; x_wconf 66' lang='lat' dir='ltr'><strong>Qua&#39;ritur</strong></span> <span class='ocrx_word' id='word_1_456' title='bbox 1052 1017 1122 1044; x_wconf 86' lang='lat' dir='ltr'><strong>inter</strong></span> <span class='ocrx_word' id='word_1_457' title='bbox 1129 1017 1323 1052; x_wconf 66' lang='lat' dir='ltr'><strong>dispensatores</strong></span> <span class='ocrx_word' id='word_1_458' title='bbox 1335 1023 1364 1044; x_wconf 88' lang='lat' dir='ltr'><strong>ut</strong></span> <span class='ocrx_word' id='word_1_459' title='bbox 1374 1018 1461 1052; x_wconf 73' lang='lat' dir='ltr'><strong>ﬁdelis</strong></span> <span class='ocrx_word' id='word_1_460' title='bbox 1471 1019 1528 1053; x_wconf 76' lang='lat' dir='ltr'><strong>quis</strong></span> <span class='ocrx_word' id='word_1_461' title='bbox 1540 1019 1698 1045; x_wconf 71' lang='lat' dir='ltr'><strong>inveniatur.</strong></span> 
     </span>
    </p>
   </div>
   <div class='ocr_carea' id='block_1_66' title="bbox 943 1107 1700 1143">
    <p class='ocr_par' dir='ltr' id='par_1_66' title="bbox 943 1107 1700 1143">
     <span class='ocr_line' id='line_1_66' title="bbox 943 1107 1700 1143; baseline 0.001 -9"><span class='ocrx_word' id='word_1_462' title='bbox 943 1107 1080 1142; x_wconf 70' lang='grc'><strong>29215.</strong></span> <span class='ocrx_word' id='word_1_463' title='bbox 1098 1107 1299 1142; x_wconf 78' lang='lat' dir='ltr'><strong>Confundimini</strong></span> <span class='ocrx_word' id='word_1_464' title='bbox 1313 1117 1328 1134; x_wconf 82' lang='grc' dir='ltr'>α</span> <span class='ocrx_word' id='word_1_465' title='bbox 1345 1108 1501 1143; x_wconf 79' lang='lat' dir='ltr'><strong>gloriatione</strong></span> <span class='ocrx_word' id='word_1_466' title='bbox 1517 1114 1602 1135; x_wconf 80' lang='lat' dir='ltr'><strong>vestra</strong></span> <span class='ocrx_word' id='word_1_467' title='bbox 1616 1109 1635 1134; x_wconf 88' lang='lat'><strong>&#39;.</strong></span> <span class='ocrx_word' id='word_1_468' title='bbox 1656 1109 1700 1136; x_wconf 81' lang='lat' dir='ltr'><strong>Ja-</strong></span> 
     </span>
    </p>
   </div>
   <div class='ocr_carea' id='block_1_67' title="bbox 907 1152 1698 1188">
    <p class='ocr_par' dir='ltr' id='par_1_67' title="bbox 907 1152 1698 1188">
     <span class='ocr_line' id='line_1_67' title="bbox 907 1152 1698 1188; baseline 0.001 -9"><span class='ocrx_word' id='word_1_469' title='bbox 907 1153 1037 1179; x_wconf 88' lang='lat' dir='ltr'><strong>ctantiam</strong></span> <span class='ocrx_word' id='word_1_470' title='bbox 1053 1152 1145 1187; x_wconf 80' lang='lat' dir='ltr'><strong>probri</strong></span> <span class='ocrx_word' id='word_1_471' title='bbox 1163 1157 1190 1180; x_wconf 90' lang='lat' dir='ltr'><strong>et</strong></span> <span class='ocrx_word' id='word_1_472' title='bbox 1201 1153 1371 1180; x_wconf 68' lang='lat' dir='ltr'><strong>verecundia:</strong></span> <span class='ocrx_word' id='word_1_473' title='bbox 1383 1153 1431 1185; x_wconf 85' lang='lat' dir='ltr'><strong>ait,</strong></span> <span class='ocrx_word' id='word_1_474' title='bbox 1446 1161 1506 1188; x_wconf 72' lang='lat' dir='ltr'><strong>qua:</strong></span> <span class='ocrx_word' id='word_1_475' title='bbox 1524 1154 1638 1185; x_wconf 84' lang='lat' dir='ltr'><strong>divitiis,</strong></span> <span class='ocrx_word' id='word_1_476' title='bbox 1653 1162 1698 1181; x_wconf 90' lang='lat' dir='ltr'><strong>ro-</strong></span> 
     </span>
    </p>
   </div>
   <div class='ocr_carea' id='block_1_68' title="bbox 907 1197 1700 1233">
    <p class='ocr_par' dir='ltr' id='par_1_68' title="bbox 907 1197 1700 1233">
     <span class='ocr_line' id='line_1_68' title="bbox 907 1197 1700 1233; baseline 0.003 -9"><span class='ocrx_word' id='word_1_477' title='bbox 907 1197 990 1229; x_wconf 86' lang='lat' dir='ltr'><strong>bore,</strong></span> <span class='ocrx_word' id='word_1_478' title='bbox 1017 1198 1233 1232; x_wconf 78' lang='lat' dir='ltr'><strong>pulchritudine,</strong></span> <span class='ocrx_word' id='word_1_479' title='bbox 1260 1199 1420 1233; x_wconf 67' lang='lat' dir='ltr'><strong>caeterisque</strong></span> <span class='ocrx_word' id='word_1_480' title='bbox 1442 1199 1565 1233; x_wconf 88' lang='lat' dir='ltr'><strong>corporis</strong></span> <span class='ocrx_word' id='word_1_481' title='bbox 1589 1199 1700 1226; x_wconf 88' lang='lat' dir='ltr'><strong>dotibus</strong></span> 
     </span>
    </p>
   </div>
   <div class='ocr_carea' id='block_1_69' title="bbox 908 1243 1698 1279">
    <p class='ocr_par' dir='ltr' id='par_1_69' title="bbox 908 1243 1698 1279">
     <span class='ocr_line' id='line_1_69' title="bbox 908 1243 1698 1279; baseline 0 -8"><span class='ocrx_word' id='word_1_482' title='bbox 908 1244 1043 1271; x_wconf 88' lang='lat' dir='ltr'><strong>innititur.</strong></span> <span class='ocrx_word' id='word_1_483' title='bbox 1059 1243 1138 1276; x_wconf 88' lang='lat' dir='ltr'><strong>Quod</strong></span> <span class='ocrx_word' id='word_1_484' title='bbox 1159 1244 1181 1272; x_wconf 92' lang='lat' dir='ltr'><strong>si</strong></span> <span class='ocrx_word' id='word_1_485' title='bbox 1203 1244 1267 1271; x_wconf 88' lang='lat' dir='ltr'><strong>dote</strong></span> <span class='ocrx_word' id='word_1_486' title='bbox 1288 1244 1381 1279; x_wconf 87' lang='lat' dir='ltr'><strong>aliqua</strong></span> <span class='ocrx_word' id='word_1_487' title='bbox 1403 1244 1487 1271; x_wconf 84' lang='lat' dir='ltr'><strong>animi</strong></span> <span class='ocrx_word' id='word_1_488' title='bbox 1504 1249 1628 1279; x_wconf 73' lang='lat' dir='ltr'><strong>praestas,</strong></span> <span class='ocrx_word' id='word_1_489' title='bbox 1645 1253 1698 1272; x_wconf 92' lang='lat' dir='ltr'><strong>non</strong></span> 
     </span>
    </p>
   </div>
   <div class='ocr_carea' id='block_1_70' title="bbox 908 1289 1700 1326">
    <p class='ocr_par' dir='ltr' id='par_1_70' title="bbox 908 1289 1700 1326">
     <span class='ocr_line' id='line_1_70' title="bbox 908 1289 1700 1326; baseline 0 -10"><span class='ocrx_word' id='word_1_490' title='bbox 908 1289 1079 1324; x_wconf 76' lang='lat' dir='ltr'><strong>gloriaberis,</strong></span> <span class='ocrx_word' id='word_1_491' title='bbox 1106 1290 1297 1324; x_wconf 77' lang='lat' dir='ltr'><strong>obtemperans</strong></span> <span class='ocrx_word' id='word_1_492' title='bbox 1323 1290 1466 1317; x_wconf 79' lang='lat' dir='ltr'><strong>dicenti&#39;:</strong></span> <span class='ocrx_word' id='word_1_493' title='bbox 1491 1290 1553 1317; x_wconf 84' lang='lat' dir='ltr'><strong>Non</strong></span> <span class='ocrx_word' id='word_1_494' title='bbox 1573 1291 1700 1326; x_wconf 79' lang='lat' dir='ltr'><strong>glorietur</strong></span> 
     </span>
    </p>
   </div>
   <div class='ocr_carea' id='block_1_71' title="bbox 907 1335 1699 1370">
    <p class='ocr_par' dir='ltr' id='par_1_71' title="bbox 907 1335 1699 1370">
     <span class='ocr_line' id='line_1_71' title="bbox 907 1335 1699 1370; baseline 0.004 -9"><span class='ocrx_word' id='word_1_495' title='bbox 907 1335 1022 1370; x_wconf 75' lang='lat' dir='ltr'><strong>prudens</strong></span> <span class='ocrx_word' id='word_1_496' title='bbox 1036 1336 1063 1363; x_wconf 79' lang='lat' dir='ltr'><strong>in</strong></span> <span class='ocrx_word' id='word_1_497' title='bbox 1077 1335 1218 1370; x_wconf 79' lang='lat' dir='ltr'><strong>prudentia</strong></span> <span class='ocrx_word' id='word_1_498' title='bbox 1232 1344 1292 1368; x_wconf 68' lang='lat' dir='ltr'><strong>sua,</strong></span> <span class='ocrx_word' id='word_1_499' title='bbox 1316 1336 1408 1363; x_wconf 82' lang='lat' dir='ltr'><strong>robore</strong></span> <span class='ocrx_word' id='word_1_500' title='bbox 1425 1340 1449 1362; x_wconf 84' lang='lat' dir='ltr'><strong>et</strong></span> <span class='ocrx_word' id='word_1_501' title='bbox 1466 1336 1579 1369; x_wconf 72' lang='lat' dir='ltr'><strong>divitiis,</strong></span> <span class='ocrx_word' id='word_1_502' title='bbox 1602 1337 1649 1364; x_wconf 87' lang='lat' dir='ltr'><strong>sed</strong></span> <span class='ocrx_word' id='word_1_503' title='bbox 1673 1339 1699 1364; x_wconf 89' lang='lat' dir='ltr'><strong>in</strong></span> 
     </span>
    </p>
   </div>
   <div class='ocr_carea' id='block_1_72' title="bbox 909 1381 1700 1416">
    <p class='ocr_par' dir='ltr' id='par_1_72' title="bbox 909 1381 1700 1416">
     <span class='ocr_line' id='line_1_72' title="bbox 909 1381 1700 1416; baseline 0.004 -9"><span class='ocrx_word' id='word_1_504' title='bbox 909 1381 1064 1416; x_wconf 76' lang='lat' dir='ltr'><strong>cognitione</strong></span> <span class='ocrx_word' id='word_1_505' title='bbox 1085 1389 1117 1408; x_wconf 92' lang='lat' dir='ltr'><strong>ac</strong></span> <span class='ocrx_word' id='word_1_506' title='bbox 1140 1382 1313 1416; x_wconf 85' lang='lat' dir='ltr'><strong>perceptione</strong></span> <span class='ocrx_word' id='word_1_507' title='bbox 1333 1381 1458 1415; x_wconf 86' lang='lat' dir='ltr'><strong>Domini,</strong></span> <span class='ocrx_word' id='word_1_508' title='bbox 1479 1383 1613 1410; x_wconf 70' lang='lat' dir='ltr'><strong>dicens‘:</strong></span> <span class='ocrx_word' id='word_1_509' title='bbox 1631 1383 1700 1410; x_wconf 77' lang='lat' dir='ltr'><strong>Mihi</strong></span> 
     </span>
    </p>
   </div>
   <div class='ocr_carea' id='block_1_73' title="bbox 909 1426 1699 1462">
    <p class='ocr_par' dir='ltr' id='par_1_73' title="bbox 909 1426 1699 1462">
     <span class='ocr_line' id='line_1_73' title="bbox 909 1426 1699 1462; baseline 0.004 -9"><span class='ocrx_word' id='word_1_510' title='bbox 909 1431 996 1453; x_wconf 83' lang='lat' dir='ltr'><strong>autem</strong></span> <span class='ocrx_word' id='word_1_511' title='bbox 1016 1426 1084 1454; x_wconf 74' lang='lat' dir='ltr'><strong>absit</strong></span> <span class='ocrx_word' id='word_1_512' title='bbox 1099 1427 1229 1462; x_wconf 87' lang='lat' dir='ltr'><strong>gloriari,</strong></span> <span class='ocrx_word' id='word_1_513' title='bbox 1258 1428 1310 1454; x_wconf 76' lang='lat' dir='ltr'><strong>nisi</strong></span> <span class='ocrx_word' id='word_1_514' title='bbox 1336 1428 1362 1454; x_wconf 85' lang='lat' dir='ltr'><strong>in</strong></span> <span class='ocrx_word' id='word_1_515' title='bbox 1387 1436 1462 1455; x_wconf 81' lang='lat' dir='ltr'><strong>cruce</strong></span> <span class='ocrx_word' id='word_1_516' title='bbox 1489 1428 1594 1455; x_wconf 78' lang='lat' dir='ltr'><strong>Domini</strong></span> <span class='ocrx_word' id='word_1_517' title='bbox 1615 1429 1699 1456; x_wconf 73' lang='lat' dir='ltr'><strong>nostri</strong></span> 
     </span>
    </p>
   </div>
   <div class='ocr_carea' id='block_1_74' title="bbox 908 1471 1699 1509">
    <p class='ocr_par' dir='ltr' id='par_1_74' title="bbox 908 1471 1699 1509">
     <span class='ocr_line' id='line_1_74' title="bbox 908 1471 1699 1509; baseline 0.004 -11"><span class='ocrx_word' id='word_1_518' title='bbox 908 1471 972 1499; x_wconf 75' lang='lat' dir='ltr'><strong>Iesu</strong></span> <span class='ocrx_word' id='word_1_519' title='bbox 987 1472 1105 1504; x_wconf 77' lang='lat' dir='ltr'><strong>Christi;</strong></span> <span class='ocrx_word' id='word_1_520' title='bbox 1118 1476 1146 1499; x_wconf 91' lang='lat' dir='ltr'><strong>et</strong></span> <span class='ocrx_word' id='word_1_521' title='bbox 1162 1473 1260 1500; x_wconf 89' lang='lat' dir='ltr'><strong>iterum</strong></span> <span class='ocrx_word' id='word_1_522' title='bbox 1273 1474 1283 1489; x_wconf 84' lang='grc'><strong><em>⁸</em></strong></span> <span class='ocrx_word' id='word_1_523' title='bbox 1298 1483 1305 1500; x_wconf 93' lang='lat'>:</span> <span class='ocrx_word' id='word_1_524' title='bbox 1322 1473 1463 1501; x_wconf 82' lang='lat' dir='ltr'><strong>Gloriabor</strong></span> <span class='ocrx_word' id='word_1_525' title='bbox 1483 1475 1511 1501; x_wconf 87' lang='lat' dir='ltr'><strong>in</strong></span> <span class='ocrx_word' id='word_1_526' title='bbox 1530 1475 1699 1509; x_wconf 83' lang='lat' dir='ltr'><strong>inﬁrmitati-</strong></span> 
     </span>
    </p>
   </div>
   <div class='ocr_carea' id='block_1_75' title="bbox 911 1518 1545 1550">
    <p class='ocr_par' dir='ltr' id='par_1_75' title="bbox 911 1518 1545 1550">
     <span class='ocr_line' id='line_1_75' title="bbox 911 1518 1545 1550; baseline 0.003 -6"><span class='ocrx_word' id='word_1_527' title='bbox 911 1518 958 1544; x_wconf 74' lang='lat' dir='ltr'><strong>bus</strong></span> <span class='ocrx_word' id='word_1_528' title='bbox 972 1518 1049 1550; x_wconf 76' lang='lat' dir='ltr'><strong>meis,</strong></span> <span class='ocrx_word' id='word_1_529' title='bbox 1065 1522 1094 1544; x_wconf 83' lang='lat' dir='ltr'><strong>ut</strong></span> <span class='ocrx_word' id='word_1_530' title='bbox 1108 1518 1236 1545; x_wconf 81' lang='lat' dir='ltr'><strong>iztltabitet</strong></span> <span class='ocrx_word' id='word_1_531' title='bbox 1250 1519 1279 1545; x_wconf 84' lang='lat' dir='ltr'><strong>in</strong></span> <span class='ocrx_word' id='word_1_532' title='bbox 1291 1526 1330 1545; x_wconf 83' lang='lat' dir='ltr'><strong>nte</strong></span> <span class='ocrx_word' id='word_1_533' title='bbox 1343 1518 1426 1545; x_wconf 72' lang='lat' dir='ltr'><strong>virtus</strong></span> <span class='ocrx_word' id='word_1_534' title='bbox 1437 1518 1545 1547; x_wconf 79' lang='lat' dir='ltr'><strong>Christi.</strong></span> 
     </span>
    </p>
   </div>
   <div class='ocr_carea' id='block_1_76' title="bbox 1220 1619 1387 1647">
    <p class='ocr_par' dir='ltr' id='par_1_76' title="bbox 1220 1619 1387 1647">
     <span class='ocr_line' id='line_1_76' title="bbox 1220 1619 1387 1647; baseline 0 -1"><span class='ocrx_word' id='word_1_535' title='bbox 1220 1619 1296 1647; x_wconf 83' lang='lat' dir='ltr'><strong>CAP.</strong></span> <span class='ocrx_word' id='word_1_536' title='bbox 1318 1619 1387 1646; x_wconf 84' lang='grc' dir='ltr'><strong>ΧΙΙΙ.</strong></span> 
     </span>
    </p>
   </div>
   <div class='ocr_carea' id='block_1_77' title="bbox 945 1663 1700 1700">
    <p class='ocr_par' dir='ltr' id='par_1_77' title="bbox 945 1663 1700 1700">
     <span class='ocr_line' id='line_1_77' title="bbox 945 1663 1700 1700; baseline 0.001 -9"><span class='ocrx_word' id='word_1_537' title='bbox 945 1664 989 1691; x_wconf 70' lang='grc'><em>12.</em></span> <span class='ocrx_word' id='word_1_538' title='bbox 1011 1663 1104 1692; x_wconf 80' lang='lat' dir='ltr'><strong>Omnis</strong></span> <span class='ocrx_word' id='word_1_539' title='bbox 1124 1669 1183 1691; x_wconf 84' lang='lat' dir='ltr'><strong>uter</strong></span> <span class='ocrx_word' id='word_1_540' title='bbox 1199 1665 1353 1700; x_wconf 83' lang='lat' dir='ltr'><strong>implebitur</strong></span> <span class='ocrx_word' id='word_1_541' title='bbox 1376 1666 1434 1692; x_wconf 81' lang='lat' dir='ltr'><strong>vino</strong></span> <span class='ocrx_word' id='word_1_542' title='bbox 1453 1665 1473 1693; x_wconf 78' lang='lat'><strong>‘.</strong></span> <span class='ocrx_word' id='word_1_543' title='bbox 1496 1665 1622 1693; x_wconf 86' lang='lat' dir='ltr'><strong>Secundo</strong></span> <span class='ocrx_word' id='word_1_544' title='bbox 1649 1666 1700 1693; x_wconf 79' lang='lat' dir='ltr'><strong>hoc</strong></span> 
     </span>
    </p>
   </div>
   <div class='ocr_carea' id='block_1_78' title="bbox 910 1710 1699 1746">
    <p class='ocr_par' dir='ltr' id='par_1_78' title="bbox 910 1710 1699 1746">
     <span class='ocr_line' id='line_1_78' title="bbox 910 1710 1699 1746; baseline 0.003 -9"><span class='ocrx_word' id='word_1_545' title='bbox 910 1710 996 1738; x_wconf 88' lang='lat' dir='ltr'><strong>utitur</strong></span> <span class='ocrx_word' id='word_1_546' title='bbox 1010 1711 1112 1738; x_wconf 90' lang='lat' dir='ltr'><strong>utrium</strong></span> <span class='ocrx_word' id='word_1_547' title='bbox 1130 1712 1265 1746; x_wconf 82' lang='lat' dir='ltr'><strong>exemplo,</strong></span> <span class='ocrx_word' id='word_1_548' title='bbox 1275 1713 1346 1746; x_wconf 86' lang='lat' dir='ltr'><strong>quod</strong></span> <span class='ocrx_word' id='word_1_549' title='bbox 1369 1712 1458 1739; x_wconf 88' lang='lat' dir='ltr'><strong>omnis</strong></span> <span class='ocrx_word' id='word_1_550' title='bbox 1480 1716 1542 1739; x_wconf 86' lang='lat' dir='ltr'><strong>utcr</strong></span> <span class='ocrx_word' id='word_1_551' title='bbox 1563 1713 1627 1739; x_wconf 90' lang='lat' dir='ltr'><strong>vino</strong></span> <span class='ocrx_word' id='word_1_552' title='bbox 1647 1714 1699 1739; x_wconf 90' lang='lat' dir='ltr'><strong>im-</strong></span> 
     </span>
    </p>
   </div>
   <div class='ocr_carea' id='block_1_79' title="bbox 909 1755 1697 1793">
    <p class='ocr_par' dir='ltr' id='par_1_79' title="bbox 909 1755 1697 1793">
     <span class='ocr_line' id='line_1_79' title="bbox 909 1755 1697 1793; baseline 0.001 -10"><span class='ocrx_word' id='word_1_553' title='bbox 909 1756 1037 1791; x_wconf 80' lang='lat' dir='ltr'><strong>plebitur.</strong></span> <span class='ocrx_word' id='word_1_554' title='bbox 1054 1755 1108 1783; x_wconf 88' lang='lat' dir='ltr'><strong>Sed</strong></span> <span class='ocrx_word' id='word_1_555' title='bbox 1128 1757 1150 1783; x_wconf 89' lang='lat' dir='ltr'><strong>si</strong></span> <span class='ocrx_word' id='word_1_556' title='bbox 1168 1757 1294 1784; x_wconf 87' lang='lat' dir='ltr'><strong>vinorum</strong></span> <span class='ocrx_word' id='word_1_557' title='bbox 1319 1757 1484 1785; x_wconf 80' lang='lat' dir='ltr'><strong>diﬂ‘erentias</strong></span> <span class='ocrx_word' id='word_1_558' title='bbox 1507 1759 1697 1793; x_wconf 68' lang='lat' dir='ltr'><strong>percipiamus,</strong></span> 
     </span>
    </p>
   </div>
   <div class='ocr_carea' id='block_1_80' title="bbox 908 1802 1698 1839">
    <p class='ocr_par' dir='ltr' id='par_1_80' title="bbox 908 1802 1698 1839">
     <span class='ocr_line' id='line_1_80' title="bbox 908 1802 1698 1839; baseline 0.003 -12"><span class='ocrx_word' id='word_1_559' title='bbox 908 1805 936 1827; x_wconf 88' lang='lat' dir='ltr'><strong>et</strong></span> <span class='ocrx_word' id='word_1_560' title='bbox 949 1802 1001 1828; x_wconf 91' lang='lat' dir='ltr'><strong>hoc</strong></span> <span class='ocrx_word' id='word_1_561' title='bbox 1018 1802 1124 1828; x_wconf 83' lang='lat' dir='ltr'><strong>veritati</strong></span> <span class='ocrx_word' id='word_1_562' title='bbox 1145 1802 1270 1829; x_wconf 80' lang='lat' dir='ltr'><strong>innixum</strong></span> <span class='ocrx_word' id='word_1_563' title='bbox 1287 1804 1557 1832; x_wconf 87' lang='lat' dir='ltr'><strong>commonstrabitur.</strong></span> <span class='ocrx_word' id='word_1_564' title='bbox 1578 1804 1625 1830; x_wconf 83' lang='lat' dir='ltr'><strong>Est</strong></span> <span class='ocrx_word' id='word_1_565' title='bbox 1647 1805 1698 1839; x_wconf 81' lang='lat' dir='ltr'><strong>igi-</strong></span> 
     </span>
    </p>
   </div>
   <div class='ocr_carea' id='block_1_81' title="bbox 910 1846 1698 1880">
    <p class='ocr_par' dir='ltr' id='par_1_81' title="bbox 910 1846 1698 1880">
     <span class='ocr_line' id='line_1_81' title="bbox 910 1846 1698 1880; baseline 0.004 -7"><span class='ocrx_word' id='word_1_566' title='bbox 910 1851 953 1873; x_wconf 92' lang='lat' dir='ltr'><strong>tur</strong></span> <span class='ocrx_word' id='word_1_567' title='bbox 966 1846 1058 1873; x_wconf 88' lang='lat' dir='ltr'><strong>vinum</strong></span> <span class='ocrx_word' id='word_1_568' title='bbox 1080 1846 1158 1874; x_wconf 81' lang='lat' dir='ltr'><strong>furor</strong></span> <span class='ocrx_word' id='word_1_569' title='bbox 1177 1846 1328 1874; x_wconf 86' lang='lat' dir='ltr'><strong>draconum</strong></span> <span class='ocrx_word' id='word_1_570' title='bbox 1348 1855 1381 1875; x_wconf 82' lang='lat' dir='ltr'><strong>ex</strong></span> <span class='ocrx_word' id='word_1_571' title='bbox 1399 1848 1478 1876; x_wconf 90' lang='lat' dir='ltr'><strong>botro</strong></span> <span class='ocrx_word' id='word_1_572' title='bbox 1497 1850 1698 1880; x_wconf 68' lang='lat' dir='ltr'><strong>amaritudinis.</strong></span> 
     </span>
    </p>
   </div>
   <div class='ocr_carea' id='block_1_82' title="bbox 908 1890 1699 1928">
    <p class='ocr_par' dir='ltr' id='par_1_82' title="bbox 908 1890 1699 1928">
     <span class='ocr_line' id='line_1_82' title="bbox 908 1890 1699 1928; baseline 0.006 -11"><span class='ocrx_word' id='word_1_573' title='bbox 908 1895 936 1917; x_wconf 88' lang='lat' dir='ltr'><strong>et</strong></span> <span class='ocrx_word' id='word_1_574' title='bbox 951 1891 1029 1918; x_wconf 86' lang='lat' dir='ltr'><strong>vinea</strong></span> <span class='ocrx_word' id='word_1_575' title='bbox 1049 1890 1243 1925; x_wconf 85' lang='lat' dir='ltr'><strong>Sodomorum,</strong></span> <span class='ocrx_word' id='word_1_576' title='bbox 1258 1896 1287 1919; x_wconf 92' lang='lat' dir='ltr'><strong>ut</strong></span> <span class='ocrx_word' id='word_1_577' title='bbox 1301 1893 1432 1928; x_wconf 88' lang='lat' dir='ltr'><strong>scriptum</strong></span> <span class='ocrx_word' id='word_1_578' title='bbox 1443 1894 1453 1909; x_wconf 89' lang='grc'><strong>⁷</strong></span> <span class='ocrx_word' id='word_1_579' title='bbox 1466 1893 1598 1928; x_wconf 75' lang='lat' dir='ltr'><strong>legimus;</strong></span> <span class='ocrx_word' id='word_1_580' title='bbox 1616 1898 1657 1922; x_wconf 77' lang='lat' dir='ltr'><strong>est</strong></span> <span class='ocrx_word' id='word_1_581' title='bbox 1672 1899 1699 1921; x_wconf 88' lang='lat' dir='ltr'><strong>et</strong></span> 
     </span>
    </p>
   </div>
   <div class='ocr_carea' id='block_1_83' title="bbox 909 1937 1699 1975">
    <p class='ocr_par' dir='ltr' id='par_1_83' title="bbox 909 1937 1699 1975">
     <span class='ocr_line' id='line_1_83' title="bbox 909 1937 1699 1975; baseline 0.005 -12"><span class='ocrx_word' id='word_1_582' title='bbox 909 1937 1098 1972; x_wconf 64' lang='lat' dir='ltr'><strong>Egyptiorum</strong></span> <span class='ocrx_word' id='word_1_583' title='bbox 1114 1937 1188 1971; x_wconf 89' lang='lat' dir='ltr'><strong>vitis,</strong></span> <span class='ocrx_word' id='word_1_584' title='bbox 1210 1945 1292 1973; x_wconf 90' lang='lat' dir='ltr'><strong>quam</strong></span> <span class='ocrx_word' id='word_1_585' title='bbox 1310 1939 1465 1966; x_wconf 83' lang='lat' dir='ltr'><strong>diverberat</strong></span> <span class='ocrx_word' id='word_1_586' title='bbox 1481 1940 1553 1967; x_wconf 86' lang='lat' dir='ltr'><strong>Deus</strong></span> <span class='ocrx_word' id='word_1_587' title='bbox 1571 1940 1596 1967; x_wconf 93' lang='lat' dir='ltr'><strong>in</strong></span> <span class='ocrx_word' id='word_1_588' title='bbox 1617 1948 1699 1975; x_wconf 78' lang='lat' dir='ltr'><strong>gran-</strong></span> 
     </span>
    </p>
   </div>
   <div class='ocr_carea' id='block_1_84' title="bbox 908 1982 1697 2020">
    <p class='ocr_par' dir='ltr' id='par_1_84' title="bbox 908 1982 1697 2020">
     <span class='ocr_line' id='line_1_84' title="bbox 908 1982 1697 2020; baseline 0.004 -11"><span class='ocrx_word' id='word_1_589' title='bbox 908 1982 971 2009; x_wconf 87' lang='lat' dir='ltr'><strong>dine</strong></span> <span class='ocrx_word' id='word_1_590' title='bbox 981 1982 1003 2015; x_wconf 83' lang='grc'><strong>⁸;</strong></span> <span class='ocrx_word' id='word_1_591' title='bbox 1023 1986 1066 2009; x_wconf 87' lang='lat' dir='ltr'><strong>est</strong></span> <span class='ocrx_word' id='word_1_592' title='bbox 1085 1986 1113 2009; x_wconf 89' lang='lat' dir='ltr'><strong>et</strong></span> <span class='ocrx_word' id='word_1_593' title='bbox 1131 1982 1201 2009; x_wconf 84' lang='lat' dir='ltr'><strong>calix</strong></span> <span class='ocrx_word' id='word_1_594' title='bbox 1218 1982 1327 2010; x_wconf 89' lang='lat' dir='ltr'><strong>Domini</strong></span> <span class='ocrx_word' id='word_1_595' title='bbox 1346 1983 1496 2015; x_wconf 81' lang='lat' dir='ltr'><strong>inebrians,</strong></span> <span class='ocrx_word' id='word_1_596' title='bbox 1516 1989 1543 2011; x_wconf 90' lang='lat' dir='ltr'><strong>ut</strong></span> <span class='ocrx_word' id='word_1_597' title='bbox 1566 1986 1697 2020; x_wconf 81' lang='lat' dir='ltr'><strong>scriptum</strong></span> 
     </span>
    </p>
   </div>
   <div class='ocr_carea' id='block_1_85' title="bbox 908 2027 1696 2063">
    <p class='ocr_par' dir='ltr' id='par_1_85' title="bbox 908 2027 1696 2063">
     <span class='ocr_line' id='line_1_85' title="bbox 908 2027 1696 2063; baseline 0.005 -10"><span class='ocrx_word' id='word_1_598' title='bbox 908 2031 962 2059; x_wconf 87' lang='lat' dir='ltr'><strong>est,</strong></span> <span class='ocrx_word' id='word_1_599' title='bbox 976 2027 1242 2061; x_wconf 56' lang='lat' dir='ltr'><strong>praeclarissimus’:</strong></span> <span class='ocrx_word' id='word_1_600' title='bbox 1263 2032 1290 2055; x_wconf 89' lang='lat' dir='ltr'><strong>et</strong></span> <span class='ocrx_word' id='word_1_601' title='bbox 1307 2029 1440 2063; x_wconf 85' lang='lat' dir='ltr'><strong>sapientia</strong></span> <span class='ocrx_word' id='word_1_602' title='bbox 1461 2034 1540 2057; x_wconf 83' lang='lat' dir='ltr'><strong>vocat</strong></span> <span class='ocrx_word' id='word_1_603' title='bbox 1561 2031 1594 2057; x_wconf 86' lang='lat' dir='ltr'><strong>ad</strong></span> <span class='ocrx_word' id='word_1_604' title='bbox 1616 2039 1696 2057; x_wconf 88' lang='lat' dir='ltr'><strong>suum</strong></span> 
     </span>
    </p>
   </div>
   <div class='ocr_carea' id='block_1_86' title="bbox 908 2074 1697 2111">
    <p class='ocr_par' dir='ltr' id='par_1_86' title="bbox 908 2074 1697 2111">
     <span class='ocr_line' id='line_1_86' title="bbox 908 2074 1697 2111; baseline 0.006 -11"><span class='ocrx_word' id='word_1_605' title='bbox 908 2074 1048 2108; x_wconf 87' lang='lat' dir='ltr'><strong>poculum,</strong></span> <span class='ocrx_word' id='word_1_606' title='bbox 1068 2074 1110 2101; x_wconf 84' lang='lat' dir='ltr'><strong>eia</strong></span> <span class='ocrx_word' id='word_1_607' title='bbox 1131 2074 1213 2109; x_wconf 73' lang='lat' dir='ltr'><strong>agite,</strong></span> <span class='ocrx_word' id='word_1_608' title='bbox 1229 2074 1278 2106; x_wconf 86' lang='lat' dir='ltr'><strong>ait,</strong></span> <span class='ocrx_word' id='word_1_609' title='bbox 1301 2075 1435 2102; x_wconf 86' lang='lat' dir='ltr'><strong>comedite</strong></span> <span class='ocrx_word' id='word_1_610' title='bbox 1452 2083 1468 2102; x_wconf 92' lang='lat' dir='ltr'><strong>e</strong></span> <span class='ocrx_word' id='word_1_611' title='bbox 1484 2077 1551 2103; x_wconf 87' lang='lat' dir='ltr'><strong>meis</strong></span> <span class='ocrx_word' id='word_1_612' title='bbox 1569 2077 1697 2111; x_wconf 82' lang='lat' dir='ltr'><strong>panibus,</strong></span> 
     </span>
    </p>
   </div>
   <div class='ocr_carea' id='block_1_87' title="bbox 908 2119 1698 2155">
    <p class='ocr_par' dir='ltr' id='par_1_87' title="bbox 908 2119 1698 2155">
     <span class='ocr_line' id='line_1_87' title="bbox 908 2119 1698 2155; baseline 0.005 -9"><span class='ocrx_word' id='word_1_613' title='bbox 908 2124 936 2146; x_wconf 92' lang='lat' dir='ltr'><strong>et</strong></span> <span class='ocrx_word' id='word_1_614' title='bbox 960 2119 1044 2147; x_wconf 82' lang='lat' dir='ltr'><strong>bibite</strong></span> <span class='ocrx_word' id='word_1_615' title='bbox 1063 2120 1157 2147; x_wconf 85' lang='lat' dir='ltr'><strong>vinum</strong></span> <span class='ocrx_word' id='word_1_616' title='bbox 1175 2120 1250 2155; x_wconf 87' lang='lat' dir='ltr'><strong>quod</strong></span> <span class='ocrx_word' id='word_1_617' title='bbox 1274 2120 1435 2148; x_wconf 90' lang='lat' dir='ltr'><strong>commiscui</strong></span> <span class='ocrx_word' id='word_1_618' title='bbox 1460 2121 1538 2149; x_wconf 87' lang='lat' dir='ltr'><strong>vobis</strong></span> <span class='ocrx_word' id='word_1_619' title='bbox 1550 2123 1582 2154; x_wconf 84' lang='lat'><strong>&#39;°;</strong></span> <span class='ocrx_word' id='word_1_620' title='bbox 1598 2128 1623 2150; x_wconf 84' lang='lat' dir='ltr'><strong>et</strong></span> <span class='ocrx_word' id='word_1_621' title='bbox 1646 2123 1698 2150; x_wconf 84' lang='lat' dir='ltr'><strong>itc-</strong></span> 
     </span>
    </p>
   </div>
   <div class='ocr_carea' id='block_1_88' title="bbox 909 2165 1698 2196">
    <p class='ocr_par' dir='ltr' id='par_1_88' title="bbox 909 2165 1698 2196">
     <span class='ocr_line' id='line_1_88' title="bbox 909 2165 1698 2196; baseline 0.006 -5"><span class='ocrx_word' id='word_1_622' title='bbox 909 2173 992 2192; x_wconf 87' lang='lat' dir='ltr'><strong>rum:</strong></span> <span class='ocrx_word' id='word_1_623' title='bbox 1012 2165 1134 2192; x_wconf 87' lang='lat' dir='ltr'><strong>vinetum</strong></span> <span class='ocrx_word' id='word_1_624' title='bbox 1160 2165 1262 2193; x_wconf 76' lang='lat' dir='ltr'><strong>factum</strong></span> <span class='ocrx_word' id='word_1_625' title='bbox 1288 2169 1330 2192; x_wconf 89' lang='lat' dir='ltr'><strong>est</strong></span> <span class='ocrx_word' id='word_1_626' title='bbox 1353 2165 1485 2194; x_wconf 83' lang='lat' dir='ltr'><strong>dilecti&quot;.</strong></span> <span class='ocrx_word' id='word_1_627' title='bbox 1512 2167 1559 2195; x_wconf 86' lang='lat' dir='ltr'><strong>Est</strong></span> <span class='ocrx_word' id='word_1_628' title='bbox 1582 2173 1608 2195; x_wconf 84' lang='lat' dir='ltr'><strong>et</strong></span> <span class='ocrx_word' id='word_1_629' title='bbox 1634 2169 1698 2196; x_wconf 86' lang='lat' dir='ltr'><strong>vitis</strong></span> 
     </span>
    </p>
   </div>
   <div class='ocr_carea' id='block_1_89' title="bbox 65 2206 856 2248">
    <p class='ocr_par' dir='ltr' id='par_1_89' title="bbox 65 2206 856 2244">
     <span class='ocr_line' id='line_1_89' title="bbox 65 2206 856 2244; baseline 0.005 -12"><span class='ocrx_word' id='word_1_630' title='bbox 65 2206 214 2242; x_wconf 80' lang='grc' dir='ltr'>Ἀμπελὼν</span> <span class='ocrx_word' id='word_1_631' title='bbox 227 2207 345 2243; x_wconf 75' lang='grc' dir='ltr'>ἐγενήθη</span> <span class='ocrx_word' id='word_1_632' title='bbox 354 2207 393 2243; x_wconf 85' lang='grc' dir='ltr'>τῷ</span> <span class='ocrx_word' id='word_1_633' title='bbox 402 2209 582 2244; x_wconf 58' lang='grc' dir='ltr'><strong>⁴ἠγαπημένῳ·</strong></span> <span class='ocrx_word' id='word_1_634' title='bbox 598 2209 655 2235; x_wconf 76' lang='grc' dir='ltr'>ἐστι</span> <span class='ocrx_word' id='word_1_635' title='bbox 675 2210 722 2236; x_wconf 78' lang='grc' dir='ltr'>καὶ</span> <span class='ocrx_word' id='word_1_636' title='bbox 737 2209 856 2244; x_wconf 78' lang='grc' dir='ltr'>ἄμπελος</span> 
     </span>
    </p>
   </div>
   <div class='ocr_carea' id='block_1_90' title="bbox 944 2206 1698 2248">
    <p class='ocr_par' dir='ltr' id='par_1_90' title="bbox 944 2210 1698 2248">
     <span class='ocr_line' id='line_1_90' title="bbox 944 2210 1698 2248; baseline 0.007 -11"><span class='ocrx_word' id='word_1_637' title='bbox 944 2218 994 2238; x_wconf 64' lang='grc' dir='ltr'>σου</span> <span class='ocrx_word' id='word_1_638' title='bbox 1011 2211 1095 2238; x_wconf 88' lang='lat' dir='ltr'><strong>electa</strong></span> <span class='ocrx_word' id='word_1_639' title='bbox 1114 2211 1146 2237; x_wconf 81' lang='lat'><strong>“.</strong></span> <span class='ocrx_word' id='word_1_640' title='bbox 1167 2210 1263 2239; x_wconf 88' lang='lat' dir='ltr'><strong>Omnis</strong></span> <span class='ocrx_word' id='word_1_641' title='bbox 1283 2212 1376 2248; x_wconf 87' lang='lat' dir='ltr'><strong>itaque</strong></span> <span class='ocrx_word' id='word_1_642' title='bbox 1396 2213 1479 2240; x_wconf 90' lang='lat' dir='ltr'><strong>homo</strong></span> <span class='ocrx_word' id='word_1_643' title='bbox 1501 2214 1614 2248; x_wconf 74' lang='lat' dir='ltr'><strong>ﬁgurate</strong></span> <span class='ocrx_word' id='word_1_644' title='bbox 1634 2222 1698 2242; x_wconf 90' lang='lat' dir='ltr'><strong>cum</strong></span> 
     </span>
    </p>
   </div>
   <div class='ocr_carea' id='block_1_91' title="bbox 59 2251 857 2290">
    <p class='ocr_par' dir='ltr' id='par_1_91' title="bbox 59 2251 857 2290">
     <span class='ocr_line' id='line_1_91' title="bbox 59 2251 857 2290; baseline 0.004 -12"><span class='ocrx_word' id='word_1_645' title='bbox 59 2252 162 2288; x_wconf 79' lang='grc' dir='ltr'>Σωρὴκ</span> <span class='ocrx_word' id='word_1_646' title='bbox 174 2253 299 2289; x_wconf 84' lang='grc' dir='ltr'>ὲκλεκτή.</span> <span class='ocrx_word' id='word_1_647' title='bbox 314 2253 372 2285; x_wconf 73' lang='grc' dir='ltr'><strong>Πᾶς</strong></span> <span class='ocrx_word' id='word_1_648' title='bbox 382 2251 427 2281; x_wconf 71' lang='grc' dir='ltr'>οὖν</span> <span class='ocrx_word' id='word_1_649' title='bbox 441 2254 584 2290; x_wconf 77' lang='grc' dir='ltr'>ἄνθρωπος</span> <span class='ocrx_word' id='word_1_650' title='bbox 596 2254 734 2290; x_wconf 85' lang='grc' dir='ltr'>τροπικῶς</span> <span class='ocrx_word' id='word_1_651' title='bbox 749 2263 857 2290; x_wconf 81' lang='grc' dir='ltr'>χρημα-</span> 
     </span>
    </p>
   </div>
   <div class='ocr_carea' id='block_1_92' title="bbox 59 2299 857 2336">
    <p class='ocr_par' dir='ltr' id='par_1_92' title="bbox 59 2299 857 2336">
     <span class='ocr_line' id='line_1_92' title="bbox 59 2299 857 2336; baseline 0.003 -11"><span class='ocrx_word' id='word_1_652' title='bbox 59 2299 146 2331; x_wconf 78' lang='grc' dir='ltr'>τίζων</span> <span class='ocrx_word' id='word_1_653' title='bbox 161 2299 245 2330; x_wconf 84' lang='grc' dir='ltr'>ἀσκὸς</span> <span class='ocrx_word' id='word_1_654' title='bbox 261 2300 332 2326; x_wconf 74' lang='grc' dir='ltr'>οἴνου</span> <span class='ocrx_word' id='word_1_655' title='bbox 352 2300 505 2336; x_wconf 83' lang='grc' dir='ltr'>χωρητικός</span> <span class='ocrx_word' id='word_1_656' title='bbox 516 2301 574 2327; x_wconf 78' lang='grc' dir='ltr'>ἐστι</span> <span class='ocrx_word' id='word_1_657' title='bbox 589 2300 751 2336; x_wconf 81' lang='grc' dir='ltr'>κρείττονος,</span> <span class='ocrx_word' id='word_1_658' title='bbox 767 2301 783 2336; x_wconf 84' lang='grc' dir='ltr'>ἢ</span> <span class='ocrx_word' id='word_1_659' title='bbox 801 2300 857 2336; x_wconf 86' lang='grc' dir='ltr'>χεί-</span> 
     </span>
    </p>
   </div>
   <div class='ocr_carea' id='block_1_93' title="bbox 61 2343 854 2381">
    <p class='ocr_par' dir='ltr' id='par_1_93' title="bbox 61 2343 854 2381">
     <span class='ocr_line' id='line_1_93' title="bbox 61 2343 854 2381; baseline 0.003 -11"><span class='ocrx_word' id='word_1_660' title='bbox 61 2351 152 2379; x_wconf 80' lang='grc' dir='ltr'>ρονος,</span> <span class='ocrx_word' id='word_1_661' title='bbox 168 2343 184 2379; x_wconf 77' lang='grc' dir='ltr'><strong>ἢ</strong></span> <span class='ocrx_word' id='word_1_662' title='bbox 201 2344 303 2380; x_wconf 80' lang='grc' dir='ltr'>ἀναμὶξ</span> <span class='ocrx_word' id='word_1_663' title='bbox 315 2345 488 2380; x_wconf 75' lang='grc' dir='ltr'>ἀμφοτέρων,</span> <span class='ocrx_word' id='word_1_664' title='bbox 499 2346 545 2372; x_wconf 75' lang='grc' dir='ltr'>καὶ</span> <span class='ocrx_word' id='word_1_665' title='bbox 556 2346 573 2380; x_wconf 83' lang='grc' dir='ltr'>ἢ</span> <span class='ocrx_word' id='word_1_666' title='bbox 589 2346 695 2381; x_wconf 79' lang='grc' dir='ltr'>ἐπίσης,</span> <span class='ocrx_word' id='word_1_667' title='bbox 710 2347 727 2381; x_wconf 87' lang='grc' dir='ltr'><strong>ἢ</strong></span> <span class='ocrx_word' id='word_1_668' title='bbox 745 2346 854 2381; x_wconf 80' lang='grc' dir='ltr'>μᾶλλον,</span> 
     </span>
    </p>
   </div>
   <div class='ocr_carea' id='block_1_94' title="bbox 61 2388 856 2427">
    <p class='ocr_par' dir='ltr' id='par_1_94' title="bbox 61 2388 856 2427">
     <span class='ocr_line' id='line_1_94' title="bbox 61 2388 856 2427; baseline 0.001 -10"><span class='ocrx_word' id='word_1_669' title='bbox 61 2392 107 2417; x_wconf 83' lang='grc' dir='ltr'>καὶ</span> <span class='ocrx_word' id='word_1_670' title='bbox 126 2388 212 2426; x_wconf 81' lang='grc' dir='ltr'>ἦττον</span> <span class='ocrx_word' id='word_1_671' title='bbox 237 2390 363 2427; x_wconf 82' lang='grc' dir='ltr'>θατέρου·</span> <span class='ocrx_word' id='word_1_672' title='bbox 382 2391 428 2418; x_wconf 80' lang='grc' dir='ltr'>τοῦ</span> <span class='ocrx_word' id='word_1_673' title='bbox 444 2391 494 2427; x_wconf 86' lang='grc' dir='ltr'>μὲν</span> <span class='ocrx_word' id='word_1_674' title='bbox 512 2392 615 2427; x_wconf 83' lang='grc' dir='ltr'>φαύλου</span> <span class='ocrx_word' id='word_1_675' title='bbox 626 2391 770 2427; x_wconf 77' lang='grc' dir='ltr'>δεχομένου</span> <span class='ocrx_word' id='word_1_676' title='bbox 782 2392 813 2418; x_wconf 79' lang='grc' dir='ltr'>τὺ</span> <span class='ocrx_word' id='word_1_677' title='bbox 826 2392 856 2424; x_wconf 74' lang='grc' dir='ltr'><strong>ἐξ</strong></span> 
     </span>
    </p>
   </div>
   <div class='ocr_carea' id='block_1_95' title="bbox 60 2435 856 2472">
    <p class='ocr_par' dir='ltr' id='par_1_95' title="bbox 60 2435 856 2472">
     <span class='ocr_line' id='line_1_95' title="bbox 60 2435 856 2472; baseline 0 -10"><span class='ocrx_word' id='word_1_678' title='bbox 60 2435 244 2472; x_wconf 79' lang='grc' dir='ltr'>ἀμφοτέρων,</span> <span class='ocrx_word' id='word_1_679' title='bbox 263 2436 388 2471; x_wconf 86' lang='grc' dir='ltr'>Σοδόμων</span> <span class='ocrx_word' id='word_1_680' title='bbox 413 2437 459 2464; x_wconf 74' lang='grc' dir='ltr'>καὶ</span> <span class='ocrx_word' id='word_1_681' title='bbox 485 2437 654 2472; x_wconf 84' lang='grc' dir='ltr'>Αἰγυπτίων,</span> <span class='ocrx_word' id='word_1_682' title='bbox 676 2437 730 2464; x_wconf 85' lang='grc' dir='ltr'><strong>τῶν</strong></span> <span class='ocrx_word' id='word_1_683' title='bbox 751 2436 856 2472; x_wconf 79' lang='grc' dir='ltr'>ἐχθρῶν</span> 
     </span>
    </p>
   </div>
   <div class='ocr_carea' id='block_1_96' title="bbox 66 2480 857 2518">
    <p class='ocr_par' dir='ltr' id='par_1_96' title="bbox 66 2480 857 2518">
     <span class='ocr_line' id='line_1_96' title="bbox 66 2480 857 2518; baseline 0 -11"><span class='ocrx_word' id='word_1_684' title='bbox 66 2480 190 2517; x_wconf 78' lang='grc' dir='ltr'>Ἰσραὴλ,</span> <span class='ocrx_word' id='word_1_685' title='bbox 207 2480 255 2507; x_wconf 78' lang='grc' dir='ltr'>τοῦ</span> <span class='ocrx_word' id='word_1_686' title='bbox 273 2481 302 2507; x_wconf 84' lang='grc' dir='ltr'>δὲ</span> <span class='ocrx_word' id='word_1_687' title='bbox 315 2481 418 2516; x_wconf 80' lang='grc' dir='ltr'>ἀγαθοῦ</span> <span class='ocrx_word' id='word_1_688' title='bbox 437 2481 482 2508; x_wconf 78' lang='grc' dir='ltr'>τὸν</span> <span class='ocrx_word' id='word_1_689' title='bbox 496 2483 528 2509; x_wconf 80' lang='grc' dir='ltr'>ὲκ</span> <span class='ocrx_word' id='word_1_690' title='bbox 543 2483 673 2517; x_wconf 86' lang='grc' dir='ltr'>ποτηρίου</span> <span class='ocrx_word' id='word_1_691' title='bbox 692 2482 794 2518; x_wconf 86' lang='grc' dir='ltr'>Κυρίου</span> <span class='ocrx_word' id='word_1_692' title='bbox 809 2481 857 2507; x_wconf 78' lang='grc' dir='ltr'>καὶ</span> 
     </span>
    </p>
   </div>
   <div class='ocr_carea' id='block_1_97' title="bbox 61 2527 855 2564">
    <p class='ocr_par' dir='ltr' id='par_1_97' title="bbox 61 2527 855 2564">
     <span class='ocr_line' id='line_1_97' title="bbox 61 2527 855 2564; baseline 0.004 -12"><span class='ocrx_word' id='word_1_693' title='bbox 61 2527 191 2562; x_wconf 78' lang='grc' dir='ltr'>κρατῆρα</span> <span class='ocrx_word' id='word_1_694' title='bbox 206 2527 258 2561; x_wconf 81' lang='grc' dir='ltr'>τῆς</span> <span class='ocrx_word' id='word_1_695' title='bbox 276 2527 381 2560; x_wconf 81' lang='grc' dir='ltr'>σοφίας·</span> <span class='ocrx_word' id='word_1_696' title='bbox 394 2527 441 2554; x_wconf 76' lang='grc' dir='ltr'>καὶ</span> <span class='ocrx_word' id='word_1_697' title='bbox 452 2527 490 2562; x_wconf 83' lang='grc' dir='ltr'>τῷ</span> <span class='ocrx_word' id='word_1_698' title='bbox 504 2527 553 2563; x_wconf 82' lang='grc' dir='ltr'>μὲν</span> <span class='ocrx_word' id='word_1_699' title='bbox 570 2527 721 2563; x_wconf 82' lang='grc' dir='ltr'>παρέπεται</span> <span class='ocrx_word' id='word_1_700' title='bbox 735 2528 855 2564; x_wconf 86' lang='grc' dir='ltr'>τιμωρία</span> 
     </span>
    </p>
   </div>
   <div class='ocr_carea' id='block_1_98' title="bbox 61 2571 854 2608">
    <p class='ocr_par' dir='ltr' id='par_1_98' title="bbox 61 2571 854 2608">
     <span class='ocr_line' id='line_1_98' title="bbox 61 2571 854 2608; baseline 0.004 -10"><span class='ocrx_word' id='word_1_701' title='bbox 61 2572 134 2599; x_wconf 78' lang='grc' dir='ltr'>κατὰ</span> <span class='ocrx_word' id='word_1_702' title='bbox 147 2572 188 2605; x_wconf 75' lang='grc' dir='ltr'><strong>τὸ,</strong></span> <span class='ocrx_word' id='word_1_703' title='bbox 199 2571 278 2599; x_wconf 74' lang='grc' dir='ltr'><strong>Λάϐε</strong></span> <span class='ocrx_word' id='word_1_704' title='bbox 286 2572 319 2599; x_wconf 80' lang='grc' dir='ltr'>τὸ</span> <span class='ocrx_word' id='word_1_705' title='bbox 334 2572 477 2607; x_wconf 81' lang='grc' dir='ltr'>ποτήριον</span> <span class='ocrx_word' id='word_1_706' title='bbox 488 2573 541 2600; x_wconf 85' lang='grc' dir='ltr'>τοῦ</span> <span class='ocrx_word' id='word_1_707' title='bbox 550 2573 644 2604; x_wconf 74' lang='grc' dir='ltr'>οἴνου,</span> <span class='ocrx_word' id='word_1_708' title='bbox 661 2574 709 2600; x_wconf 71' lang='grc' dir='ltr'><strong>καὶ</strong></span> <span class='ocrx_word' id='word_1_709' title='bbox 722 2574 854 2608; x_wconf 80' lang='grc' dir='ltr'>ἀκράτου</span> 
     </span>
    </p>
   </div>
   <div class='ocr_carea' id='block_1_99' title="bbox 60 2619 854 2654">
    <p class='ocr_par' dir='ltr' id='par_1_99' title="bbox 60 2619 854 2654">
     <span class='ocr_line' id='line_1_99' title="bbox 60 2619 854 2654; baseline 0 -8"><span class='ocrx_word' id='word_1_710' title='bbox 60 2619 184 2652; x_wconf 72' lang='grc' dir='ltr'>τούτου,</span> <span class='ocrx_word' id='word_1_711' title='bbox 193 2619 243 2646; x_wconf 74' lang='grc' dir='ltr'><strong>καὶ</strong></span> <span class='ocrx_word' id='word_1_712' title='bbox 255 2619 366 2653; x_wconf 82' lang='grc' dir='ltr'>ποτιεῖς</span> <span class='ocrx_word' id='word_1_713' title='bbox 372 2629 393 2646; x_wconf 85' lang='grc' dir='ltr'><strong>π</strong></span> <span class='ocrx_word' id='word_1_714' title='bbox 398 2619 472 2646; x_wconf 77' lang='grc' dir='ltr'><em>σίν-τα</em></span> <span class='ocrx_word' id='word_1_715' title='bbox 479 2619 516 2646; x_wconf 83' lang='grc' dir='ltr'>τὰ</span> <span class='ocrx_word' id='word_1_716' title='bbox 522 2619 605 2654; x_wconf 72' lang='grc' dir='ltr'><em>ἔθνη,</em></span> <span class='ocrx_word' id='word_1_717' title='bbox 621 2621 696 2654; x_wconf 81' lang='grc' dir='ltr'>πρὸς</span> <span class='ocrx_word' id='word_1_718' title='bbox 701 2620 720 2646; x_wconf 79' lang='grc' dir='ltr'><em>ἃ</em></span> <span class='ocrx_word' id='word_1_719' title='bbox 727 2619 785 2654; x_wconf 75' lang='grc' dir='ltr'><strong>ἐγὼ</strong></span> <span class='ocrx_word' id='word_1_720' title='bbox 790 2621 854 2647; x_wconf 83' lang='grc' dir='ltr'>ἐπι-</span> 
     </span>
    </p>
   </div>
   <div class='ocr_carea' id='block_1_100' title="bbox 60 2661 854 2701">
    <p class='ocr_par' dir='ltr' id='par_1_100' title="bbox 60 2661 854 2701">
     <span class='ocr_line' id='line_1_100' title="bbox 60 2661 854 2701; baseline -0.001 -9"><span class='ocrx_word' id='word_1_721' title='bbox 60 2665 184 2692; x_wconf 77' lang='grc' dir='ltr'><em>στέλλω</em></span> <span class='ocrx_word' id='word_1_722' title='bbox 194 2673 230 2692; x_wconf 85' lang='grc' dir='ltr'><em>σε</em></span> <span class='ocrx_word' id='word_1_723' title='bbox 242 2665 316 2698; x_wconf 76' lang='grc' dir='ltr'><em>πρὸς</em></span> <span class='ocrx_word' id='word_1_724' title='bbox 330 2665 452 2698; x_wconf 78' lang='grc' dir='ltr'>αὐτοὺς,</span> <span class='ocrx_word' id='word_1_725' title='bbox 467 2664 506 2700; x_wconf 83' lang='grc' dir='ltr'>τῷ</span> <span class='ocrx_word' id='word_1_726' title='bbox 525 2665 644 2701; x_wconf 82' lang='grc' dir='ltr'>Ἱερεμίᾳ</span> <span class='ocrx_word' id='word_1_727' title='bbox 658 2666 749 2700; x_wconf 88' lang='grc' dir='ltr'>φησίν·</span> <span class='ocrx_word' id='word_1_728' title='bbox 762 2661 784 2699; x_wconf 81' lang='grc' dir='ltr'>ᾧ</span> <span class='ocrx_word' id='word_1_729' title='bbox 796 2666 854 2691; x_wconf 71' lang='grc' dir='ltr'>επι-</span> 
     </span>
    </p>
   </div>
   <div class='ocr_carea' id='block_1_101' title="bbox 907 2256 1699 2292">
    <p class='ocr_par' dir='ltr' id='par_1_101' title="bbox 907 2256 1699 2292">
     <span class='ocr_line' id='line_1_101' title="bbox 907 2256 1699 2292; baseline 0.003 -9"><span class='ocrx_word' id='word_1_730' title='bbox 907 2256 943 2283; x_wconf 89' lang='lat' dir='ltr'><strong>sit</strong></span> <span class='ocrx_word' id='word_1_731' title='bbox 957 2260 1028 2288; x_wconf 85' lang='lat' dir='ltr'><strong>uter,</strong></span> <span class='ocrx_word' id='word_1_732' title='bbox 1049 2263 1136 2290; x_wconf 81' lang='lat' dir='ltr'><strong>capax</strong></span> <span class='ocrx_word' id='word_1_733' title='bbox 1159 2260 1201 2283; x_wconf 86' lang='lat' dir='ltr'><strong>est</strong></span> <span class='ocrx_word' id='word_1_734' title='bbox 1222 2256 1278 2283; x_wconf 88' lang='lat' dir='ltr'><strong>vini</strong></span> <span class='ocrx_word' id='word_1_735' title='bbox 1297 2257 1428 2290; x_wconf 83' lang='lat' dir='ltr'><strong>melioris,</strong></span> <span class='ocrx_word' id='word_1_736' title='bbox 1446 2261 1495 2284; x_wconf 93' lang='lat' dir='ltr'><strong>aut</strong></span> <span class='ocrx_word' id='word_1_737' title='bbox 1515 2257 1627 2292; x_wconf 85' lang='lat' dir='ltr'><strong>pejoris,</strong></span> <span class='ocrx_word' id='word_1_738' title='bbox 1650 2264 1699 2285; x_wconf 84' lang='lat' dir='ltr'><strong>aut</strong></span> 
     </span>
    </p>
   </div>
   <div class='ocr_carea' id='block_1_102' title="bbox 907 2302 1699 2338">
    <p class='ocr_par' dir='ltr' id='par_1_102' title="bbox 907 2302 1699 2338">
     <span class='ocr_line' id='line_1_102' title="bbox 907 2302 1699 2338; baseline 0.003 -9"><span class='ocrx_word' id='word_1_739' title='bbox 907 2302 1009 2329; x_wconf 85' lang='lat' dir='ltr'><strong>mistim</strong></span> <span class='ocrx_word' id='word_1_740' title='bbox 1033 2302 1192 2336; x_wconf 83' lang='lat' dir='ltr'><strong>utriusque,</strong></span> <span class='ocrx_word' id='word_1_741' title='bbox 1215 2306 1243 2329; x_wconf 85' lang='lat' dir='ltr'><strong>et</strong></span> <span class='ocrx_word' id='word_1_742' title='bbox 1267 2302 1309 2330; x_wconf 89' lang='lat' dir='ltr'><strong>vel</strong></span> <span class='ocrx_word' id='word_1_743' title='bbox 1334 2303 1476 2338; x_wconf 64' lang='lat' dir='ltr'><strong>aequaliter</strong></span> <span class='ocrx_word' id='word_1_744' title='bbox 1497 2303 1538 2330; x_wconf 83' lang='lat' dir='ltr'><strong>vel</strong></span> <span class='ocrx_word' id='word_1_745' title='bbox 1562 2304 1649 2337; x_wconf 78' lang='lat' dir='ltr'><strong>magis</strong></span> <span class='ocrx_word' id='word_1_746' title='bbox 1669 2309 1699 2331; x_wconf 89' lang='lat' dir='ltr'><strong>et</strong></span> 
     </span>
    </p>
   </div>
   <div class='ocr_carea' id='block_1_103' title="bbox 907 2347 1696 2383">
    <p class='ocr_par' dir='ltr' id='par_1_103' title="bbox 907 2347 1696 2383">
     <span class='ocr_line' id='line_1_103' title="bbox 907 2347 1696 2383; baseline 0 -9"><span class='ocrx_word' id='word_1_747' title='bbox 907 2347 998 2375; x_wconf 89' lang='lat' dir='ltr'><strong>minus</strong></span> <span class='ocrx_word' id='word_1_748' title='bbox 1024 2347 1153 2379; x_wconf 85' lang='lat' dir='ltr'><strong>alterius;</strong></span> <span class='ocrx_word' id='word_1_749' title='bbox 1178 2355 1262 2382; x_wconf 84' lang='lat' dir='ltr'><strong>pravo</strong></span> <span class='ocrx_word' id='word_1_750' title='bbox 1285 2348 1395 2383; x_wconf 87' lang='lat' dir='ltr'><strong>quidem</strong></span> <span class='ocrx_word' id='word_1_751' title='bbox 1413 2356 1445 2376; x_wconf 80' lang='lat' dir='ltr'><strong>ex</strong></span> <span class='ocrx_word' id='word_1_752' title='bbox 1468 2352 1585 2383; x_wconf 82' lang='lat' dir='ltr'><strong>utroque</strong></span> <span class='ocrx_word' id='word_1_753' title='bbox 1603 2349 1696 2374; x_wconf 84' lang='lat' dir='ltr'><strong>vinum</strong></span> 
     </span>
    </p>
   </div>
   <div class='ocr_carea' id='block_1_104' title="bbox 906 2389 1697 2426">
    <p class='ocr_par' dir='ltr' id='par_1_104' title="bbox 906 2389 1697 2426">
     <span class='ocr_line' id='line_1_104' title="bbox 906 2389 1697 2426; baseline 0.001 -9"><span class='ocrx_word' id='word_1_754' title='bbox 906 2390 1030 2424; x_wconf 83' lang='lat' dir='ltr'><strong>capiente</strong></span> <span class='ocrx_word' id='word_1_755' title='bbox 1043 2389 1226 2417; x_wconf 88' lang='lat' dir='ltr'><strong>Sodomorum</strong></span> <span class='ocrx_word' id='word_1_756' title='bbox 1240 2390 1365 2418; x_wconf 87' lang='lat' dir='ltr'><strong>videlicet</strong></span> <span class='ocrx_word' id='word_1_757' title='bbox 1371 2395 1398 2418; x_wconf 89' lang='lat' dir='ltr'><strong>et</strong></span> <span class='ocrx_word' id='word_1_758' title='bbox 1405 2390 1606 2426; x_wconf 64' lang='lat' dir='ltr'><strong>Egyptiorum,</strong></span> <span class='ocrx_word' id='word_1_759' title='bbox 1614 2390 1697 2419; x_wconf 82' lang='lat' dir='ltr'><strong>Israel</strong></span> 
     </span>
    </p>
   </div>
   <div class='ocr_carea' id='block_1_105' title="bbox 908 2435 1697 2468">
    <p class='ocr_par' dir='ltr' id='par_1_105' title="bbox 908 2435 1697 2468">
     <span class='ocr_line' id='line_1_105' title="bbox 908 2435 1697 2468; baseline 0.001 -6"><span class='ocrx_word' id='word_1_760' title='bbox 908 2435 1044 2468; x_wconf 88' lang='lat' dir='ltr'><strong>hostium;</strong></span> <span class='ocrx_word' id='word_1_761' title='bbox 1059 2436 1131 2463; x_wconf 89' lang='lat' dir='ltr'><strong>bono</strong></span> <span class='ocrx_word' id='word_1_762' title='bbox 1143 2443 1208 2463; x_wconf 86' lang='lat' dir='ltr'><strong>vero</strong></span> <span class='ocrx_word' id='word_1_763' title='bbox 1220 2435 1313 2462; x_wconf 86' lang='lat' dir='ltr'><strong>vinum</strong></span> <span class='ocrx_word' id='word_1_764' title='bbox 1332 2443 1347 2463; x_wconf 92' lang='lat' dir='ltr'><strong>e</strong></span> <span class='ocrx_word' id='word_1_765' title='bbox 1364 2436 1448 2463; x_wconf 87' lang='lat' dir='ltr'><strong>calice</strong></span> <span class='ocrx_word' id='word_1_766' title='bbox 1463 2436 1570 2463; x_wconf 90' lang='lat' dir='ltr'><strong>Domini</strong></span> <span class='ocrx_word' id='word_1_767' title='bbox 1584 2441 1612 2464; x_wconf 85' lang='lat' dir='ltr'><strong>et</strong></span> <span class='ocrx_word' id='word_1_768' title='bbox 1631 2444 1697 2464; x_wconf 84' lang='lat' dir='ltr'><strong>cra-</strong></span> 
     </span>
    </p>
   </div>
   <div class='ocr_carea' id='block_1_106' title="bbox 907 2481 1695 2516">
    <p class='ocr_par' dir='ltr' id='par_1_106' title="bbox 907 2481 1695 2516">
     <span class='ocr_line' id='line_1_106' title="bbox 907 2481 1695 2516; baseline 0.003 -9"><span class='ocrx_word' id='word_1_769' title='bbox 907 2485 963 2508; x_wconf 89' lang='lat' dir='ltr'><strong>tere</strong></span> <span class='ocrx_word' id='word_1_770' title='bbox 977 2481 1116 2515; x_wconf 73' lang='lat' dir='ltr'><strong>sapientiaa</strong></span> <span class='ocrx_word' id='word_1_771' title='bbox 1129 2491 1135 2508; x_wconf 88' lang='lat'>:</span> <span class='ocrx_word' id='word_1_772' title='bbox 1150 2486 1177 2508; x_wconf 89' lang='lat' dir='ltr'><strong>et</strong></span> <span class='ocrx_word' id='word_1_773' title='bbox 1193 2481 1266 2508; x_wconf 86' lang='lat' dir='ltr'><strong>hunc</strong></span> <span class='ocrx_word' id='word_1_774' title='bbox 1280 2481 1389 2516; x_wconf 86' lang='lat' dir='ltr'><strong>quidem</strong></span> <span class='ocrx_word' id='word_1_775' title='bbox 1401 2482 1577 2516; x_wconf 85' lang='lat' dir='ltr'><strong>consequitur</strong></span> <span class='ocrx_word' id='word_1_776' title='bbox 1590 2482 1695 2516; x_wconf 81' lang='lat' dir='ltr'><strong>punitio</strong></span> 
     </span>
    </p>
   </div>
   <div class='ocr_carea' id='block_1_107' title="bbox 904 2526 1694 2562">
    <p class='ocr_par' dir='ltr' id='par_1_107' title="bbox 904 2526 1694 2562">
     <span class='ocr_line' id='line_1_107' title="bbox 904 2526 1694 2562; baseline 0.001 -8"><span class='ocrx_word' id='word_1_777' title='bbox 904 2527 982 2562; x_wconf 81' lang='lat' dir='ltr'><strong>juxta</strong></span> <span class='ocrx_word' id='word_1_778' title='bbox 1001 2528 1066 2555; x_wconf 87' lang='lat' dir='ltr'><strong>illud</strong></span> <span class='ocrx_word' id='word_1_779' title='bbox 1079 2528 1102 2543; x_wconf 83' lang='lat'>&quot;</span> <span class='ocrx_word' id='word_1_780' title='bbox 1116 2537 1122 2554; x_wconf 94' lang='lat'><strong>:</strong></span> <span class='ocrx_word' id='word_1_781' title='bbox 1136 2527 1231 2562; x_wconf 81' lang='lat' dir='ltr'><strong>Accipe</strong></span> <span class='ocrx_word' id='word_1_782' title='bbox 1246 2527 1370 2562; x_wconf 80' lang='lat' dir='ltr'><strong>poculum</strong></span> <span class='ocrx_word' id='word_1_783' title='bbox 1391 2528 1444 2554; x_wconf 74' lang='lat' dir='ltr'><strong>viui</strong></span> <span class='ocrx_word' id='word_1_784' title='bbox 1466 2532 1490 2554; x_wconf 76' lang='lat' dir='ltr'><strong>et</strong></span> <span class='ocrx_word' id='word_1_785' title='bbox 1512 2529 1576 2554; x_wconf 78' lang='lat' dir='ltr'><strong>meri</strong></span> <span class='ocrx_word' id='word_1_786' title='bbox 1597 2526 1694 2562; x_wconf 75' lang='lat' dir='ltr'><strong>hujus;</strong></span> 
     </span>
    </p>
   </div>
   <div class='ocr_carea' id='block_1_108' title="bbox 905 2573 1694 2608">
    <p class='ocr_par' dir='ltr' id='par_1_108' title="bbox 905 2573 1694 2608">
     <span class='ocr_line' id='line_1_108' title="bbox 905 2573 1694 2608; baseline 0 -8"><span class='ocrx_word' id='word_1_787' title='bbox 905 2579 929 2600; x_wconf 84' lang='lat' dir='ltr'><strong>et</strong></span> <span class='ocrx_word' id='word_1_788' title='bbox 945 2573 1021 2600; x_wconf 74' lang='lat' dir='ltr'><strong>dabis</strong></span> <span class='ocrx_word' id='word_1_789' title='bbox 1041 2577 1161 2608; x_wconf 77' lang='lat' dir='ltr'><strong>patulum</strong></span> <span class='ocrx_word' id='word_1_790' title='bbox 1182 2573 1302 2600; x_wconf 77' lang='lat' dir='ltr'><strong>omnibus</strong></span> <span class='ocrx_word' id='word_1_791' title='bbox 1321 2573 1439 2608; x_wconf 77' lang='lat' dir='ltr'><strong>gentibus</strong></span> <span class='ocrx_word' id='word_1_792' title='bbox 1459 2573 1494 2600; x_wconf 82' lang='lat' dir='ltr'><strong>ad</strong></span> <span class='ocrx_word' id='word_1_793' title='bbox 1515 2581 1580 2608; x_wconf 78' lang='lat' dir='ltr'><strong>quas</strong></span> <span class='ocrx_word' id='word_1_794' title='bbox 1601 2581 1647 2608; x_wconf 80' lang='lat' dir='ltr'><strong>ego</strong></span> <span class='ocrx_word' id='word_1_795' title='bbox 1670 2578 1694 2600; x_wconf 84' lang='lat' dir='ltr'><strong>te</strong></span> 
     </span>
    </p>
   </div>
   <div class='ocr_carea' id='block_1_109' title="bbox 906 2619 1694 2653">
    <p class='ocr_par' dir='ltr' id='par_1_109' title="bbox 906 2619 1694 2653">
     <span class='ocr_line' id='line_1_109' title="bbox 906 2619 1694 2653; baseline 0 -7"><span class='ocrx_word' id='word_1_796' title='bbox 906 2619 992 2653; x_wconf 89' lang='lat' dir='ltr'><strong>mitto,</strong></span> <span class='ocrx_word' id='word_1_797' title='bbox 1009 2619 1134 2647; x_wconf 61' lang='lat' dir='ltr'><strong>Jeremiua</strong></span> <span class='ocrx_word' id='word_1_798' title='bbox 1159 2619 1206 2651; x_wconf 82' lang='lat' dir='ltr'><strong>ait,</strong></span> <span class='ocrx_word' id='word_1_799' title='bbox 1230 2620 1330 2653; x_wconf 90' lang='lat' dir='ltr'><strong>quibus</strong></span> <span class='ocrx_word' id='word_1_800' title='bbox 1353 2619 1482 2651; x_wconf 87' lang='lat' dir='ltr'><strong>adnectit,</strong></span> <span class='ocrx_word' id='word_1_801' title='bbox 1506 2624 1531 2646; x_wconf 87' lang='lat' dir='ltr'><strong>et</strong></span> <span class='ocrx_word' id='word_1_802' title='bbox 1553 2619 1650 2651; x_wconf 66' lang='lat' dir='ltr'><strong>bibent,</strong></span> <span class='ocrx_word' id='word_1_803' title='bbox 1669 2624 1694 2646; x_wconf 80' lang='lat' dir='ltr'><strong>et</strong></span> 
     </span>
    </p>
   </div>
   <div class='ocr_carea' id='block_1_110' title="bbox 906 2664 1694 2697">
    <p class='ocr_par' dir='ltr' id='par_1_110' title="bbox 906 2664 1694 2697">
     <span class='ocr_line' id='line_1_110' title="bbox 906 2664 1694 2697; baseline 0.001 -5"><span class='ocrx_word' id='word_1_804' title='bbox 906 2669 1032 2697; x_wconf 69' lang='lat' dir='ltr'><strong>evomant,</strong></span> <span class='ocrx_word' id='word_1_805' title='bbox 1047 2668 1071 2691; x_wconf 81' lang='lat' dir='ltr'><strong>et</strong></span> <span class='ocrx_word' id='word_1_806' title='bbox 1086 2665 1202 2697; x_wconf 64' lang='lat' dir='ltr'><strong>saeuiunt,</strong></span> <span class='ocrx_word' id='word_1_807' title='bbox 1216 2669 1240 2691; x_wconf 78' lang='lat' dir='ltr'><strong>et</strong></span> <span class='ocrx_word' id='word_1_808' title='bbox 1259 2665 1405 2692; x_wconf 80' lang='lat' dir='ltr'><strong>concident.</strong></span> <span class='ocrx_word' id='word_1_809' title='bbox 1429 2664 1600 2692; x_wconf 88' lang='lat' dir='ltr'><strong>Punitionem</strong></span> <span class='ocrx_word' id='word_1_810' title='bbox 1620 2666 1694 2693; x_wconf 89' lang='lat' dir='ltr'><strong>enim</strong></span> 
     </span>
    </p>
   </div>
   <div class='ocr_carea' id='block_1_111' title="bbox 95 2774 856 2814">
    <p class='ocr_par' dir='ltr' id='par_1_111' title="bbox 95 2777 856 2814">
     <span class='ocr_line' id='line_1_111' title="bbox 95 2777 856 2814; baseline -0.003 -6"><span class='ocrx_word' id='word_1_811' title='bbox 95 2781 119 2798; x_wconf 87' lang='lat'><strong>&quot;</strong></span> <span class='ocrx_word' id='word_1_812' title='bbox 130 2779 216 2809; x_wconf 75' lang='lat' dir='ltr'><strong>Hom.</strong></span> <span class='ocrx_word' id='word_1_813' title='bbox 238 2780 282 2807; x_wconf 90' lang='grc'><em>10.</em></span> <span class='ocrx_word' id='word_1_814' title='bbox 321 2780 344 2796; x_wconf 81' lang='grc'><strong>³⁸</strong></span> <span class='ocrx_word' id='word_1_815' title='bbox 364 2779 443 2807; x_wconf 87' lang='lat' dir='ltr'><strong>Hom.</strong></span> <span class='ocrx_word' id='word_1_816' title='bbox 464 2780 507 2807; x_wconf 84' lang='grc'><strong>11.</strong></span> <span class='ocrx_word' id='word_1_817' title='bbox 547 2781 569 2797; x_wconf 69' lang='grc' dir='ltr'><strong>’θ</strong></span> <span class='ocrx_word' id='word_1_818' title='bbox 584 2779 648 2814; x_wconf 87' lang='lat' dir='ltr'><strong>Sap.</strong></span> <span class='ocrx_word' id='word_1_819' title='bbox 662 2788 698 2811; x_wconf 75' lang='lat' dir='ltr'><strong>VI,</strong></span> <span class='ocrx_word' id='word_1_820' title='bbox 712 2779 740 2806; x_wconf 90' lang='lat'><strong>7.</strong></span> <span class='ocrx_word' id='word_1_821' title='bbox 779 2777 856 2806; x_wconf 78' lang='lat' dir='ltr'><strong>‘lCc</strong></span> 
     </span>
    </p>
   </div>
   <div class='ocr_carea' id='block_1_112' title="bbox 944 2774 1658 2814">
    <p class='ocr_par' dir='ltr' id='par_1_112' title="bbox 949 2774 1658 2814">
     <span class='ocr_line' id='line_1_112' title="bbox 949 2774 1658 2814; baseline 0.003 -10"><span class='ocrx_word' id='word_1_822' title='bbox 949 2777 978 2814; x_wconf 19' lang='lat'><strong>72.</strong></span> <span class='ocrx_word' id='word_1_823' title='bbox 999 2775 1121 2814; x_wconf 21' lang='lat' dir='ltr'><strong>7’_llo_m.</strong></span> <span class='ocrx_word' id='word_1_824' title='bbox 1138 2775 1180 2802; x_wconf 91' lang='grc'><strong>11.</strong></span> <span class='ocrx_word' id='word_1_825' title='bbox 1223 2774 1352 2814; x_wconf 69' lang='lat' dir='ltr'><strong>&#39;_.!_erer_n._</strong></span> <span class='ocrx_word' id='word_1_826' title='bbox 1372 2784 1410 2814; x_wconf 62' lang='grc' dir='ltr'>ιξ,</span> <span class='ocrx_word' id='word_1_827' title='bbox 1425 2777 1471 2805; x_wconf 78' lang='grc'><strong>25.</strong></span> <span class='ocrx_word' id='word_1_828' title='bbox 1509 2777 1519 2793; x_wconf 76' lang='grc'>⁸</span> <span class='ocrx_word' id='word_1_829' title='bbox 1535 2778 1595 2806; x_wconf 85' lang='lat' dir='ltr'><strong>Gal.</strong></span> <span class='ocrx_word' id='word_1_830' title='bbox 1612 2787 1658 2814; x_wconf 28' lang='lat' dir='ltr'><strong>7V],</strong></span> 
     </span>
    </p>
   </div>
   <div class='ocr_carea' id='block_1_113' title="bbox 62 2809 856 2846">
    <p class='ocr_par' dir='ltr' id='par_1_113' title="bbox 62 2809 849 2846">
     <span class='ocr_line' id='line_1_113' title="bbox 62 2809 849 2846; baseline -0.003 -4"><span class='ocrx_word' id='word_1_831' title='bbox 62 2816 107 2843; x_wconf 75' lang='grc'><strong>14.</strong></span> <span class='ocrx_word' id='word_1_832' title='bbox 149 2817 159 2831; x_wconf 84' lang='grc'><strong><em>⁵</em></strong></span> <span class='ocrx_word' id='word_1_833' title='bbox 173 2815 196 2842; x_wconf 92' lang='lat' dir='ltr'><strong>ll</strong></span> <span class='ocrx_word' id='word_1_834' title='bbox 208 2815 274 2842; x_wconf 89' lang='lat' dir='ltr'><strong>Cor.</strong></span> <span class='ocrx_word' id='word_1_835' title='bbox 289 2823 337 2845; x_wconf 82' lang='lat' dir='ltr'><strong>xu,</strong></span> <span class='ocrx_word' id='word_1_836' title='bbox 352 2815 379 2842; x_wconf 89' lang='lat'><strong>9.</strong></span> <span class='ocrx_word' id='word_1_837' title='bbox 417 2815 427 2830; x_wconf 85' lang='lat'>‘</span> <span class='ocrx_word' id='word_1_838' title='bbox 447 2814 525 2841; x_wconf 92' lang='lat' dir='ltr'><strong>Hom.</strong></span> <span class='ocrx_word' id='word_1_839' title='bbox 543 2815 586 2842; x_wconf 67' lang='lat'><strong>12.</strong></span> <span class='ocrx_word' id='word_1_840' title='bbox 618 2809 629 2830; x_wconf 58' lang='grc' dir='ltr'><em>θ</em></span> <span class='ocrx_word' id='word_1_841' title='bbox 643 2809 749 2841; x_wconf 81' lang='lat' dir='ltr'><strong>Denter.</strong></span> <span class='ocrx_word' id='word_1_842' title='bbox 763 2821 849 2846; x_wconf 65' lang='grc' dir='ltr'>χχχιι,</span> 
     </span>
    </p>
   </div>
   <div class='ocr_carea' id='block_1_114' title="bbox 944 2809 1691 2846">
    <p class='ocr_par' dir='ltr' id='par_1_114' title="bbox 945 2809 1691 2844">
     <span class='ocr_line' id='line_1_114' title="bbox 945 2809 1691 2844; baseline 0.005 -6"><span class='ocrx_word' id='word_1_843' title='bbox 945 2813 971 2839; x_wconf 78' lang='grc'><em>5.</em></span> <span class='ocrx_word' id='word_1_844' title='bbox 996 2813 1007 2829; x_wconf 79' lang='grc'>⁸</span> <span class='ocrx_word' id='word_1_845' title='bbox 1029 2811 1102 2838; x_wconf 85' lang='lat' dir='ltr'><strong>Psal.</strong></span> <span class='ocrx_word' id='word_1_846' title='bbox 1116 2809 1273 2843; x_wconf 71' lang='lat' dir='ltr'><strong>Lxxvn,47.</strong></span> <span class='ocrx_word' id='word_1_847' title='bbox 1311 2812 1322 2826; x_wconf 73' lang='grc'><strong><em>⁵</em></strong></span> <span class='ocrx_word' id='word_1_848' title='bbox 1335 2810 1405 2838; x_wconf 79' lang='lat' dir='ltr'><strong>Psal.</strong></span> <span class='ocrx_word' id='word_1_849' title='bbox 1428 2821 1494 2842; x_wconf 64' lang='grc' dir='ltr'>χιιι.</span> <span class='ocrx_word' id='word_1_850' title='bbox 1508 2815 1533 2840; x_wconf 80' lang='grc'><em>5.</em></span> <span class='ocrx_word' id='word_1_851' title='bbox 1574 2814 1595 2829; x_wconf 86' lang='lat'><strong>&#39;°</strong></span> <span class='ocrx_word' id='word_1_852' title='bbox 1609 2809 1691 2844; x_wconf 70' lang='lat' dir='ltr'><strong>Prov.</strong></span> 
     </span>
    </p>
   </div>
   <div class='ocr_carea' id='block_1_115' title="bbox 63 2850 345 2884">
    <p class='ocr_par' dir='ltr' id='par_1_115' title="bbox 63 2850 345 2884">
     <span class='ocr_line' id='line_1_115' title="bbox 63 2850 345 2884; baseline -0.014 -4"><span class='ocrx_word' id='word_1_853' title='bbox 63 2859 101 2884; x_wconf 71' lang='lat' dir='ltr'><strong>II,</strong></span> <span class='ocrx_word' id='word_1_854' title='bbox 117 2851 145 2879; x_wconf 86' lang='lat'><strong>5.</strong></span> <span class='ocrx_word' id='word_1_855' title='bbox 186 2851 207 2866; x_wconf 88' lang='grc'>¹¹</span> <span class='ocrx_word' id='word_1_856' title='bbox 218 2850 272 2877; x_wconf 82' lang='lat' dir='ltr'><strong>lsa.</strong></span> <span class='ocrx_word' id='word_1_857' title='bbox 287 2858 313 2882; x_wconf 85' lang='grc' dir='ltr'><strong>ν,</strong></span> <span class='ocrx_word' id='word_1_858' title='bbox 327 2858 345 2877; x_wconf 89' lang='grc' dir='ltr'><em>ι.</em></span> 
     </span>
    </p>
   </div>
   <div class='ocr_carea' id='block_1_116' title="bbox 229 2898 548 2929">
    <p class='ocr_par' dir='ltr' id='par_1_116' title="bbox 229 2898 548 2929">
     <span class='ocr_line' id='line_1_116' title="bbox 229 2898 548 2929; baseline -0.006 0"><span class='ocrx_word' id='word_1_859' title='bbox 229 2899 364 2929; x_wconf 69' lang='lat' dir='ltr'><strong>Parnm.</strong></span> <span class='ocrx_word' id='word_1_860' title='bbox 387 2898 444 2928; x_wconf 74' lang='lat' dir='ltr'><strong>Gn.</strong></span> <span class='ocrx_word' id='word_1_861' title='bbox 463 2898 548 2927; x_wconf 74' lang='grc' dir='ltr'>χιιι.</span> 
     </span>
    </p>
   </div>
   <div class='ocr_carea' id='block_1_117' title="bbox 385 2848 991 2882">
    <p class='ocr_par' dir='ltr' id='par_1_117' title="bbox 385 2848 991 2882">
     <span class='ocr_line' id='line_1_117' title="bbox 385 2848 991 2882; baseline -0.003 -6"><span class='ocrx_word' id='word_1_862' title='bbox 385 2851 406 2865; x_wconf 74' lang='grc'><strong>’³</strong></span> <span class='ocrx_word' id='word_1_863' title='bbox 417 2849 517 2877; x_wconf 86' lang='lat' dir='ltr'><strong>Jerem.</strong></span> <span class='ocrx_word' id='word_1_864' title='bbox 535 2858 564 2881; x_wconf 88' lang='grc' dir='ltr'><strong>ιι,</strong></span> <span class='ocrx_word' id='word_1_865' title='bbox 580 2849 626 2877; x_wconf 76' lang='lat'><strong>2|.</strong></span> <span class='ocrx_word' id='word_1_866' title='bbox 664 2850 684 2864; x_wconf 84' lang='lat'>”</span> <span class='ocrx_word' id='word_1_867' title='bbox 698 2848 798 2876; x_wconf 75' lang='lat' dir='ltr'><strong>Jerem.</strong></span> <span class='ocrx_word' id='word_1_868' title='bbox 815 2857 877 2882; x_wconf 81' lang='lat' dir='ltr'><strong>xxv,</strong></span> <span class='ocrx_word' id='word_1_869' title='bbox 891 2848 991 2881; x_wconf 68' lang='lat'><strong>15,16.</strong></span> 
     </span>
    </p>
   </div>
   <div class='ocr_carea' id='block_1_118' title="bbox 1498 2894 1534 2922">
    <p class='ocr_par' dir='ltr' id='par_1_118' title="bbox 1498 2894 1534 2922">
     <span class='ocr_line' id='line_1_118' title="bbox 1498 2894 1534 2922; baseline 0 0"><span class='ocrx_word' id='word_1_870' title='bbox 1498 2894 1534 2922; x_wconf 84' lang='grc'><em>18</em></span> 
     </span>
    </p>
   </div>
  </div>
