1872 3048
201 93 253 123 555

884 89 933 119 ex
951 90 1102 134 ORlGENE

1778 91 1820 118 556

199 155 293 182 vinum
309 154 416 182 vocavit
428 161 532 181 merum
549 153 621 187 quod
637 160 716 187 pinna
730 152 905 180 acerbissima
919 153 962 188 dig

1068 152 1132 188 ἐρει·
1151 148 1203 178 Καὶ
1220 151 1348 182 πίονι-αι,
1365 151 1413 178 καί
1430 148 1633 184 ἐξεμέσω-ται,
1649 149 1700 176 καί
1712 149 1824 185 Expurig-

199 201 315 228 bibunt:
330 200 375 227 alii
390 208 454 228 vero
467 201 579 228 dilutam
598 200 692 227 bibunt
713 207 821 234 pugnam
843 200 883 226 vel
901 207 990 226 mera-

198 247 312 274 ciorem.
332 245 400 273 Nam
417 246 489 273 calix
501 246 528 273 in
544 254 623 273 manu
639 245 743 272 Domini
756 245 809 272 vini
824 245 888 272 meri
898 245 989 279 plenas

198 291 315 324 potione,
337 291 523 326 reclinavitque
543 299 575 318 ea:
596 291 644 317 hoc
665 291 691 316 in
714 290 780 323 lioc;
799 295 917 317 attamen
938 291 990 324 [tax

199 337 282 370 ipsius
297 345 346 363 non
358 342 396 363 est
409 341 543 368 evacuate,
566 336 651 363 bibent
668 344 756 362 omnes
773 340 920 370 peccatores
939 342 991 362 ter-

199 391 236 410 rm
250 383 281 410 “.
300 382 345 410 Est
361 390 426 410 vero
445 387 471 410 et
492 382 618 417 poculum
642 381 839 408 benedictionis
855 381 927 416 quod
951 381 992 407 bi-

199 428 354 463 buntjusti,
368 428 448 463 quale
462 432 503 454 est
517 427 583 454 illud
599 426 895 461 sapientiaa,‘quodque
909 426 992 453 disci-

198 474 269 509 pulis
286 475 311 500 in
328 474 517 501 remissionem
533 476 707 507 peccatorum
723 472 856 499 exhibuit.

1043 206 1158 230 σονται,
1174 198 1223 224 καὶ
1236 197 1409 224 πεσοῦνται.
1425 197 1483 232 Τὴν
1497 196 1551 231 γὰρ
1564 195 1676 223 κόλασιν
1690 193 1758 222 οἶνον
1773 196 1823 223 ἐκά-

1044 245 1122 271 λεσεν
1147 243 1281 280 ἄκρατον,
1307 243 1336 270 ὃν
1359 243 1481 270 πίνουσιν
1507 243 1531 268 οἱ
1555 242 1676 278 ἀκράτου
1704 242 1824 272 κολάσιος

1043 288 1122 322 ἄξιοι.
1137 288 1227 314 Ἀλλοι
1243 288 1271 314 δὲ
1311 288 1482 324 κεκραμένην
1500 287 1605 314 πίνουσι
1619 287 1740 319 κόλασιν,
1760 287 1776 322 ἢ
1790 288 1825 314 καὶ

1044 333 1247 370 ἀκρατωτέραν·
1266 343 1274 358 ι
1294 333 1426 369 Ποτήριον
1447 332 1501 368 γὰρ
1518 333 1546 359 ὲν
1559 333 1630 368 χειρὶ
1649 333 1753 368 Κυρίου
1765 333 1824 359 οἴνου

1046 379 1176 415 ἀκράτου,
1199 378 1303 414 πλῆρες
1324 378 1507 414 κεράσματος,
1530 378 1576 404 καὶ
1597 378 1702 405 ἔκλινεν
1718 379 1750 404 ἐκ
1773 378 1824 404 τού-

1044 433 1091 451 του
1108 425 1147 456 είς
1162 424 1250 450 τοῦτο’
1281 423 1350 458 πλὴν
1370 425 1384 450 ό
1416 424 1530 459 τρυγίας
1561 423 1644 450 αὑτοῦ
1668 423 1718 450 οὐκ
1747 423 1824 456 ἐξεχε-

1002 496 1007 500 ,
1043 470 1126 506 νὼθη·
1143 470 1248 497 πίονται
1264 470 1363 501 πάντες
1381 470 1405 495 οἱ
1421 469 1578 505 ἁμαρτωλοὶ
1588 470 1637 505 τῆς
1652 470 1714 504 γῆς.
1732 479 1741 495 ι
1760 469 1825 500 Ἔστι

190 508 225 548 ’δὲ
235 522 282 548 καὶ
296 522 422 556 ποτήριον
436 520 569 555 εὐλογίας,
585 520 599 546 ὅ
613 520 736 546 πίνουσιν
762 521 786 546 oi.
805 519 913 546 δίκαιοι·
935 516 991 545 οἶον
1021 518 1052 545 τὸ
1077 518 1127 553 τῆς
1159 518 1265 553 σοφίας,
1292 518 1338 544 καὶ
1359 518 1428 553 ὅπερ
1447 517 1539 544 δίδωσι
1565 519 1622 549 τοῖς
1646 517 1779 553 μαθηταῖς
1794 518 1825 549 εις

195 568 292 602 ἄφεσιν
305 567 459 603 ἁμαρτιῶν.

231 614 275 641 M.
297 613 331 640 Et
346 622 399 640 non
415 622 524 648 parcam
543 619 567 641 et
582 622 634 641 non
649 614 788 641 miserebor
800 614 832 641 ¹⁵.
846 613 904 640 Non
925 622 988 648 par-

192 667 253 686 cam
269 663 296 686 et
315 659 552 688 non-miserebor.
578 658 702 686 Hzerelici
727 659 770 686 hic
792 661 937 694 insurgunt
959 659 986 686 in

190 708 345 731 creatorem
358 704 608 738 prophetat-umque
623 703 719 734 Deum,
734 703 891 738 ignorantes
905 711 987 737 quan-

191 755 249 778 tum
267 749 302 776 sit
318 749 420 776 bonum
443 753 470 776 et
486 749 542 776 ‘sibi
559 753 586 775 et
602 749 662 776 aliis
678 752 821 784 peccantes
836 748 937 783 puniri.
952 756 986 776 ne

189 801 282 829 serpat
299 795 381 823 veluti
395 804 428 823 ex
443 796 523 831 293
539 797 662 822 membro
683 796 753 822 male
775 795 871 822 aifecto
889 802 984 822 corru-

194 842 266 877 ptela
282 842 308 868 in
326 846 413 869 totum
432 850 531 876 corpus
549 851 555 869 :
579 842 680 869 idcirco
701 846 727 868 et
746 841 828 876 judcx
848 842 936 876 punit,
958 846 986 868 et

194 892 288 915 secant
304 888 413 915 medici.

510 977 586 1005 CAP.
606 977 664 1004 XV.

230 1023 256 1050 5.
269 1022 335 1055 Quis
347 1029 449 1057 parcet,
464 1028 510 1050 aut
520 1024 578 1058 quis
596 1023 800 1050 contristabitur
812 1032 890 1057 super
908 1028 932 1050 te
945 1024 985 1051 ‘°?

194 1069 271 1096 Sicut
289 1069 362 1096 enim
384 1077 465 1096 nemo
490 1077 552 1096 cum
575 1069 686 1096 homine
703 1069 774 1105 regis
794 1070 906 1097 inimico
919 1078 985 1097 con-

192 1115 323 1149 greditur,
338 1123 371 1141 ne
391 1116 507 1142 decretis
532 1114 613 1150 regiis
629 1115 768 1142 adversari
793 1116 925 1148 videatur,
947 1116 985 1143 ita

192 1164 220 1187 et
234 1160 353 1187 hominis
370 1160 488 1194 peccatis
507 1160 607 1187 subditi
621 1165 648 1188 et
663 1160 742 1195 ejecti
758 1168 772 1187 a
788 1159 852 1191 Deo.
867 1166 895 1188 ut
909 1161 984 1189 locus

193 1205 231 1232 illi
260 1205 456 1233 misericordia:
476 1206 566 1233 nullus
589 1205 624 1233 sit
641 1206 712 1240 apud
735 1206 909 1233 mitissimum
934 1206 984 1232 hu-

191 1251 438 1286 manissimumque
455 1250 554 1283 Deum,
572 1252 665 1278 nullus
687 1251 845 1286 angelorum
871 1251 984 1279 misere-

190 1297 280 1330 bitur;
308 1296 416 1332 qualem
444 1304 517 1324 nunc
541 1296 691 1324 Jerusalem
719 1296 804 1330 ponit,
821 1300 851 1323 ut
872 1304 934 1331 quae
956 1297 984 1323 in

187 1339 282 1368 Jesum
307 1340 470 1375 peccaverit,
493 1348 543 1368 nec
561 1348 614 1368 non
631 1340 748 1368 audierit
760 1341 801 1367 ‘7:
822 1340 982 1374 Jerusalem,

192 1394 248 1421 qua
266 1386 365 1413 occidis
379 1387 519 1421 prophetas
532 1391 557 1413 et
570 1386 676 1421 lapides
694 1387 787 1413 missos
809 1387 844 1413 ad
860 1391 894 1419 te,
919 1395 984 1421 quo-

1077 614 1121 640 14.
1142 613 1197 640 Καὶ
1218 614 1253 640 οὺ
1277 613 1428 647 φείσομαι,
1454 612 1502 639 καὶ
1525 613 1581 640 οὐκ
1595 613 1780 647 οἰκτειρήσω.
1796 613 1824 639 Τὸ

1040 657 1079 689 δὲ,
1094 658 1132 684 Οὐ
1145 657 1283 692 φείσομαι,
1304 657 1363 684 οὺδέ
1384 658 1557 693 οἰκτειρήσω·
1572 659 1602 684 υῑ
1619 658 1675 684 ἀπὸ
1691 658 1745 685 τῶν
1763 658 1825 693 αἰρέ-

1040 712 1108 730 σεων
1125 703 1319 738 ἐπεμϐαίνουσι
1332 702 1371 738 τῷ
1394 703 1564 738 δημιουργῷ,
1581 704 1627 730 καὶ
1641 703 1680 738 τῷ
1695 703 1748 730 τῶν
1768 712 1823 738 προ-

1040 750 1132 785 φητῶν
1151 749 1226 784 Θεῷ,
1246 749 1408 783 ἀγνοοῦντες
1428 749 1510 776 πόσον
1531 749 1630 784 ἀγαθὸν
1647 749 1824 785 τιμωρηθῆναι

1037 796 1099 826 τοὺς
1114 794 1323 830 ἁμαρτάνοντας
1336 794 1383 821 καὶ
1395 794 1487 826 αὐτοῖς
1506 794 1552 821 καὶ
1566 795 1622 826 τοῖς
1632 794 1735 825 ἄλλοις,
1750 794 1785 825 ὡς
1795 795 1824 829 μὴ

1036 841 1079 867 διὰ
1090 840 1199 867 πάντων
1210 840 1320 875 δοθῆναι
1339 840 1389 876 τὴν
1405 839 1494 875 λύμην
1507 840 1544 872 ὡς
1563 841 1595 867 ἐκ
1616 840 1716 876 μέλους
1731 849 1827 874 νενοση-

1036 886 1114 917 κότος
1135 885 1208 912 ἆπαν
1227 886 1257 912 τὺ
1276 885 1364 921 σῶμα·
1379 885 1420 912 διὸ
1441 885 1487 912 καὶ
1503 885 1632 922 δικαστὴς
1649 884 1770 917 κολάζει,
1785 889 1824 914 καὶ

1035 931 1180 967 τέμνουσιν
1197 931 1294 967 ἰατροί.

1093 978 1097 979 ⁷
1367 977 1449 1004 ΚΕΦ.
1464 977 1515 1004 lE'.

1075 1023 1100 1050 5.
1115 1024 1162 1056 Τίς
1171 1024 1316 1057 φεΙσεται,
1325 1022 1344 1056 ἢ
1356 1023 1401 1055 τίς
1413 1022 1558 1050 ὃειλιὰσει
1570 1023 1619 1049 ἐπὶ
1631 1023 1683 1050 σοι’
1694 1029 1703 1054 ;
1722 1023 1763 1054 Ὠς
1776 1022 1821 1057 γὰρ

1037 1068 1124 1100 οὐδεὶς
1136 1068 1272 1104 ἀνθρώπῳ
1286 1068 1407 1103 πολεμίῳ
1420 1067 1551 1103 βασιλέως
1565 1069 1734 1104 συνέρχεται,
1745 1067 1782 1103 τῷ
1789 1067 1820 1102 μὴ

1031 1114 1122 1141 ’δοκεῖν
1141 1113 1365 1149 δυσαρεστεῖσθαι
1394 1114 1477 1149 ψήφῳ
1502 1113 1639 1148 βασιλικῇ,
1664 1113 1750 1145 οὓτως
1769 1113 1820 1139 οὐδὲ

1035 1160 1081 1187 τὸν
1112 1160 1179 1196 [ὂςῖ]
1211 1161 1252 1194 ἐφ’
1282 1160 1430 1195 ἁμαρτίαις
1454 1160 1574 1196 ἀποϐολῇ
1603 1161 1650 1187 τοῦ
1679 1160 1746 1186 Θεοῦ
1760 1180 1768 1192 ,
1790 1160 1822 1189 ὡ;

1037 1205 1104 1240 μηδέ
1123 1213 1215 1240 χωραν
1229 1204 1301 1239 ἐχειν
1322 1204 1414 1236 ἐλέους
1431 1205 1507 1239 παρὰ
1524 1204 1563 1240 τῷ
1580 1204 1821 1239 φιλανθρωποτάτῳ

1034 1249 1104 1284 θεῷ,
1115 1250 1169 1277 τῶν
1183 1250 1306 1283 ἀγγέλων
1317 1249 1404 1281 οὐδεὶς
1419 1249 1452 1276 ἂν
1464 1250 1584 1285 ἐλεήσεν.
1612 1250 1708 1276 ὁποίαν
1718 1250 1764 1276 νῦν
1780 1249 1821 1284 τὴν

1041 1295 1217 1332 Ἰερουσαλὴμ
1228 1296 1396 1327 ὑποτίθεται,
1406 1295 1585 1330 ἁμαρτοῦσαν
1602 1295 1651 1330 μὲν
1665 1296 1705 1326 εἰς
1716 1295 1761 1321 τὸν
1775 1296 1820 1328 Ἰη-

1035 1341 1109 1374 σοῦν,
1125 1341 1280 1368 ἀκούσασαν
1295 1341 1333 1373 δέ,
1358 1340 1568 1375 Ἰερουσαλὴμ,
1583 1341 1604 1375 ἠ
1626 1341 1821 1368 ἀποκτείνασα

1034 1387 1105 1420 τοὺς
1119 1387 1275 1422 προφήτας
1295 1386 1345 1413 καὶ
1365 1381 1568 1413 λιθοϐολοῦσα
1587 1387 1659 1419 τοὺς
1676 1387 1820 1413 ἀποστολ-

191 1433 240 1458 ties
253 1433 323 1459 volui
338 1440 495 1468 congregare
512 1433 583 1467 ﬁlios
600 1438 671 1466 tuos,
690 1433 907 1468 quemadmodum
926 1442 962 1460 am

1068 1440 1143 1464 ινους
1160 1432 1235 1466 πρὸς
1255 1431 1363 1465 αὐτὴν,
1385 1430 1515 1464 ποσάκις
1529 1431 1667 1465 ἠθέλησα
1685 1430 1821 1458 ἐπισυνά-

187 1483 328 1513 congregat
344 1477 430 1512 pullos
454 1486 516 1505 suos
539 1477 587 1505 sub
611 1478 675 1512 alia,
699 1483 724 1505 et
750 1478 872 1505 uoluistis
891 1476 980 1505 !Ecce

190 1523 351 1558 relinquetur
364 1523 458 1551 domus
477 1529 564 1551 vestra
577 1524 692 1551 deserta.
711 1524 805 1559 Angeli
823 1524 914 1558 itaque
932 1525 978 1559 qui

189 1573 297 1601 semper
308 1566 459 1594 Jerusalem
472 1575 551 1601 opem
574 1567 667 1600 tulere,
682 1575 729 1602 per
742 1575 811 1602 quos
827 1568 880 1595 lata
897 1573 923 1595 et
937 1569 980 1596 lex

178 1611 318 1643 Mosaica,
332 1620 428 1647 nempe
443 1612 471 1639 in
486 1613 667 1647 dispositione
679 1614 837 1648 angelorum
855 1614 882 1641 in
897 1622 978 1642 manu

189 1657 348 1685 mediatoris
363 1657 396 1689 ¹⁸,
409 1665 462 1685 non
475 1657 616 1692 adjuvant,
633 1666 687 1686 non
703 1659 911 1693 contristantur,
925 1668 978 1688 non

190 1702 305 1730 redeunt
330 1707 359 1730 ut
379 1702 413 1730 de
436 1703 509 1731 illius
532 1711 597 1738 pace
622 1711 716 1738 preces
738 1704 888 1732 eﬂ‘undant.
910 1705 979 1732 Dum

189 1748 261 1776 enim
278 1756 367 1783 parva:
382 1753 460 1776 erant
479 1749 647 1784 iniquitates,
663 1757 716 1777 non
739 1751 911 1782 deserebant,
933 1751 980 1779 sed

188 1792 243 1820 illis
264 1793 526 1829 ingravescentibus,
544 1795 581 1822 ita
607 1799 636 1822 ut
657 1799 684 1822 et
699 1795 791 1823 Jcsum
815 1797 979 1830 occiderent,

187 1838 360 1866 dimiserunt.
376 1837 446 1865 Nam
470 1839 493 1866 si
513 1839 552 1866 vir
570 1841 715 1874 peccaverit
736 1844 860 1868 adversus
883 1843 978 1875 virum,

184 1884 273 1912 adhuc
290 1884 404 1912 orabunt
417 1893 466 1920 pro
485 1884 544 1917 illo,
569 1885 592 1912 si
616 1894 675 1912 vero
691 1887 836 1921 peccaverit
855 1888 978 1914 adversus

185 1930 340 1967 Dominam,
357 1931 414 1966 qui;
427 1934 474 1964 pro
491 1938 521 1957 eo
537 1930 647 1965 supplex
665 1931 847 1965 deprecabitur
859 1932 897 1958 ‘9?

1034 1477 1082 1509 ξαι
1102 1478 1137 1504 τὰ
1162 1478 1253 1504 τέκνα
1278 1485 1347 1509 σου,
1369 1476 1406 1503 ὃν
1425 1478 1537 1510 τρόπον
1556 1477 1637 1510 ὅρνις
1653 1475 1820 1510 ἐπισυνάγει

1033 1523 1069 1550 τὰ
1079 1523 1191 1550 νοσσία
1206 1522 1301 1557 αὐτῆς
1313 1522 1373 1550 ὑπὸ
1387 1522 1441 1554 τὰς
1454 1522 1612 1557 πτέρυγας,
1628 1522 1678 1548 καὶ
1694 1523 1749 1548 οὐκ
1762 1522 1821 1555 ἠθε-

1030 1568 1147 1602 λήσατε
1161 1569 1171 1595 !
1196 1568 1268 1595 Ἰδοὺ
1288 1569 1407 1602 ἀφίεται
1424 1570 1440 1595 ὁ
1460 1566 1543 1601 οἶκος
1559 1567 1643 1603 ὑμῶν
1658 1567 1777 1602 ἕρημος.
1792 1566 1820 1591 Οἱ

1031 1614 1121 1640 τοίνυν
1137 1614 1257 1649 ἄγγελοι,
1275 1615 1298 1640 οἱ
1321 1615 1365 1640 ἀεὶ
1385 1613 1568 1650 βοηθήσαντες
1586 1615 1617 1649 τῇ
1636 1612 1818 1648 Ἰερουσαλὴμ,

1031 1660 1065 1687 δι’
1078 1657 1114 1687 ὦν
1128 1660 1175 1686 καὶ
1190 1660 1276 1695 ἐτάγη
1287 1662 1301 1686 ό
1315 1660 1453 1692 Μωῡσέως
1466 1660 1558 1695 νόμος,
1572 1659 1710 1693 διαταγεὶς
1725 1659 1758 1685 δι’
1774 1659 1820 1691 ἀγ-

1030 1704 1117 1738 γέλων
1135 1705 1164 1731 ἐν
1179 1705 1250 1740 χειρὶ
1265 1706 1384 1740 μεσίτου,
1403 1706 1433 1731 οὺ
1454 1705 1599 1739 φείδονται,
1614 1705 1644 1731 οὺ
1663 1704 1821 1741 σκυθρωπά-

1032 1749 1132 1781 ζουσιν,
1143 1749 1192 1775 οὐκ
1203 1750 1409 1786 ἐπανέρχονται,
1421 1749 1490 1776 ὥστε
1504 1750 1692 1785 παρακαλέσαι
1703 1749 1820 1785 περὶτῆς

1031 1795 1099 1830 πρὸς
1111 1795 1160 1831 τὴν
1177 1795 1301 1830 τοιαύτην
1316 1796 1437 1831 είρήνης.
1462 1795 1589 1831 Σμικρὼν
1608 1795 1657 1830 μὲν
1673 1795 1728 1831 γὰρ
1741 1795 1821 1821 όντων

1030 1841 1083 1867 τῶν
1098 1841 1303 1876 ἁμαρτημάτων
1316 1842 1461 1875 ἐφείδοντο,
1480 1840 1604 1876 μεγάλων
1615 1841 1644 1867 δέ
1662 1841 1818 1875 γεγονότων,

1029 1886 1067 1918 ὠς
1085 1888 1132 1914 καὶ
1153 1889 1312 1914 ἀποκτεῖναι
1331 1887 1375 1914 τὸν
1401 1886 1521 1922 Ἰησοῦν,
1543 1886 1731 1920 ἐγκατέλιπον.
1759 1887 1816 1912 Ἐὰν

1030 1933 1084 1968 γὰρ
1101 1934 1255 1968 ἁμαρτάνῃ
1272 1934 1350 1968 ἀνὴρ
1364 1934 1440 1968 πρὸς
1453 1933 1558 1967 ἄνδρα,
1572 1933 1622 1960 καί
1635 1933 1818 1967 προσεύξω-

184 1986 232 2006 tat
247 1980 313 2014 περὶ
326 1978 433 2006 αὑτοῦ·
449 1977 545 2005 ἐὰνδὲ
562 1980 606 2011 εις
620 1979 729 2013 Κύριον
744 1979 903 2014 ἁμαρτήσῃ
918 1981 964 2013 τίς
975 1980 1173 2014 προσεύξεται
1186 1981 1253 2016 περὶ
1267 1981 1373 2013 aurati;

219 2024 246 2052 6.
266 2024 299 2052 Et
320 2025 461 2052 extendam
475 2032 583 2051 manum
600 2032 696 2057 meam,
720 2029 745 2051 et
766 2026 917 2060 disperdam
939 2031 973 2053 te.

185 2069 393 2097 Derelictionem
410 2070 480 2097 dixit
497 2070 693 2104 operationem.
710 2070 781 2097 Deus
800 2071 872 2098 enim
893 2079 973 2098 suum

1064 2028 1090 2056 6.
1111 2028 1167 2055 Καὶ
1177 2027 1287 2054 ἐκτενῶ
1300 2027 1357 2062 τὴν
1370 2026 1455 2062 χεῖρά
1463 2035 1534 2062 μου,
1548 2027 1597 2053 καὶ
1611 2027 1759 2061 διαφθερῶ
1773 2034 1815 2052 σε.

1029 2073 1085 2108 Τὴν
1098 2073 1289 2108 ἐγκατάλειψιν
1304 2073 1444 2108 ἐνέργειαν
1463 2070 1534 2099 εἷπε.
1555 2072 1622 2104 Θεὸς
1640 2073 1706 2108 γὰρ,
1724 2071 1817 2099 ἑαυτοῦ

185 2115 389 2142 tabernaculum
409 2115 539 2142 deserens
556 2122 732 2149 corrumpere
753 2116 861 2143 dicitur.
884 2117 960 2150 Quan

1068 2119 1187 2154 ισκηνὴν
1204 2107 1334 2155 ἐπαίρων,
1347 2107 1455 2153 λέγεται
1473 2117 1646 2154 διαφθείρειν.
1668 2118 1773 2150 ’Δλλως
1791 2126 1816 2144 τε

185 2168 267 2195 quam
287 2161 429 2195 corruptio
452 2161 534 2196 digna
555 2169 637 2187 manu
658 2161 721 2193 Dei,
745 2162 859 2189 mutatio
878 2167 921 2189 est
940 2162 973 2189 ad

185 2204 311 2232 virtutem
327 2212 342 2232 a
357 2205 441 2237 vitiis,
452 2205 530 2240 juxta
548 2205 613 2232 illud
628 2214 634 2232 :
650 2205 768 2239 Alferam
780 2214 862 2240 :upra
879 2212 903 2233 te
918 2214 975 2234 ma-

184 2259 232 2278 nus
242 2260 312 2279 meas
319 2257 343 2279 et
354 2252 466 2287 ignitum
475 2256 498 2278 te
508 2251 605 2284 faciam
613 2251 653 2287 [ut
661 2260 742 2286 purus
751 2252 829 2288 ﬁas];
840 2253 974 2288 corruptis

183 2297 210 2324 in
223 2296 302 2324 nobis
318 2296 438 2331 antiquis
455 2296 556 2330 peccati
572 2297 766 2331 purgamentis.

217 2342 242 2368 7.
266 2341 299 2368 Et
314 2342 462 2377 dispergant
476 2349 529 2368 eos.
553 2341 647 2369 Simile
665 2346 692 2369 et
713 2342 796 2374 illud,
822 2347 849 2369 et
868 2342 971 2377 disper-

183 2394 243 2422 gam
259 2394 317 2415 eos.
333 2386 400 2414 Nam
418 2387 480 2422 quia
502 2387 644 2415 unanimes
665 2388 692 2414 in
718 2396 761 2416 me
782 2394 972 2423 peccaverunt,

182 2434 329 2469 pessimam
345 2441 439 2460 eorum
454 2433 628 2461 concordiam
646 2434 903 2469 contentionemque
914 2435 971 2462 dis-

181 2481 292 2515 perdam
305 2499 312 2511 ,
335 2479 406 2507 sicut
426 2484 452 2507 et
473 2480 580 2507 illorum
601 2480 646 2514 qui
665 2480 761 2507 turrim
781 2473 976 2513 aediﬁcabant,

180 2526 289 2560 linguas
303 2525 408 2559 divisit,
424 2525 587 2553 concordem
609 2526 775 2560 impietatem
792 2535 826 2554 ne
845 2534 972 2562 augesce-

179 2577 220 2599 ret
235 2571 392 2606 prohibens.
408 2571 474 2599 lllud
489 2579 553 2599 vero
567 2572 589 2587 ¹⁰
603 2580 609 2598 :
628 2571 706 2599 Filiis
721 2572 807 2598 orbati
817 2577 889 2605 sunt,
909 2581 968 2607 per-

180 2617 302 2645 diderant
314 2617 440 2652 papalum
456 2626 551 2650 meum,
570 2617 724 2652 principum
741 2618 970 2653 sacerdotumque

180 2663 298 2691 continet
313 2664 526 2691 accusationem.
545 2663 575 2690 lli
593 2664 677 2696 enim,
699 2671 760 2690 cum
784 2664 844 2691 loco
860 2670 968 2699 patrum

1024 2164 1167 2200 διαφθορὰ,
1181 2165 1271 2200 χειρὸς
1285 2164 1348 2198 ἀξία
1362 2163 1440 2196 Θεοῦ,
1455 2164 1471 2199 ἡ
1487 2164 1540 2190 ἀπὸ
1550 2165 1647 2195 κακίας
1660 2165 1700 2196 εἰς
1720 2163 1817 2199 ἀρετὴν

1026 2211 1203 2246 μεταποίησις
1224 2211 1293 2238 κατὰ
1310 2211 1350 2243 τὸ,
1373 2210 1485 2237 ὲποίσω
1508 2211 1556 2237 ἐπὶ
1587 2210 1625 2236 σὲ
1647 2211 1702 2243 τὰς
1719 2210 1816 2245 χεῂκίς

1022 2265 1091 2290 μου,
1119 2257 1168 2283 καὶ
1195 2255 1323 2290 πυρώσω
1347 2264 1384 2283 σε
1406 2257 1449 2289 είς
1466 2256 1607 2290 καθαρὸν,
1632 2256 1687 2282 τῶν
1710 2257 1776 2292 πρὶν
1790 2257 1815 2283 ἐν

1024 2302 1089 2336 ἡμῖν
1104 2302 1133 2334 ἐξ
1147 2302 1284 2337 ἁμαρτίας
1297 2301 1424 2336 λυμάτων
1436 2301 1652 2337 διεφθαρμένων.

1059 2347 1085 2373 7.
1106 2347 1161 2374 Καὶ
1182 2347 1332 2382 διασπερῶ
1354 2348 1474 2380 αὐτούς.
1497 2347 1622 2374 Τοιοῦτον
1639 2347 1686 2374 καὶ
1698 2346 1741 2378 τὸ,
1757 2348 1815 2373 Δια-

1024 2392 1117 2426 σπερῶ
1132 2382 1241 2423 αὐτούς.
1266 2393 1342 2419 Ἐπεὶ
1356 2393 1410 2428 γὰρ
1427 2392 1581 2427 συμφώνως
1594 2393 1634 2424 είς
1652 2393 1704 2428 ἐμὲ
1717 2392 1814 2428 ἠσέϐη-

1025 2445 1085 2468 σαν.
1101 2437 1148 2473 τὴν
1165 2439 1298 2474 κακίστην
1316 2439 1406 2466 αὐτῶν
1417 2439 1587 2466 διασκεδὰσω
1601 2439 1710 2467 σύνοδόν
1728 2449 1758 2466 τε
1770 2439 1814 2466 καὶ

1023 2484 1192 2518 συμφωνίαν·
1228 2484 1322 2519 ὥσπερ
1348 2482 1394 2511 οὖν
1420 2485 1466 2511 κα)⁸
1493 2485 1547 2511 τῶν
1575 2485 1812 2521 πυργοποιοὺντων

1020 2530 1100 2558 διεῖλε
1113 2531 1162 2563 τὰς
1173 2531 1307 2566 γλώσσας,
1318 2532 1443 2564 κωλύσας
1455 2532 1606 2569 αὐξομένην
1614 2534 1812 2568 συμφωνοῦσιν

1021 2576 1159 2603 ἀσέϐειαν.
1189 2578 1226 2603 Τὸ
1247 2577 1285 2609 δέ,
1313 2577 1546 2612 Ἡτεκνώθησαν,
1572 2579 1737 2606 ἀπώλεσαν
1760 2579 1811 2606 τέν-

1020 2623 1098 2649 υῑαόν
1107 2629 1179 2654 μου,
1199 2623 1364 2659 κατηγορίαν
1386 2624 1438 2650 τῶν
1462 2624 1598 2660 ἀρχόντων
1615 2626 1671 2660 ἔχει
1690 2626 1738 2652 καὶ
1756 2625 1809 2651 τῶν

1021 2668 1128 2703 ἱερέων·
1153 2665 1232 2694 Οὗτοι
1250 2667 1314 2703 γὰρ,
1340 2670 1370 2695 ὲν
1389 2669 1464 2701 τάξει
1490 2670 1614 2705 πατέρων
1641 2671 1808 2706 ὑπάρχοντες

215 2767 237 2810 ίς
246 2767 320 2796 Psat.
336 2778 427 2810 uitur.
444 2772 468 2799 ζ).
508 2772 528 2787 η
546 2771 622 2798 υοιιι.
642 2771 684 2798 12.
724 2771 745 2786 ¹⁶
758 2770 837 2798 Hom.
854 2771 895 2798 i5.
937 2773 957 2788 ”

1079 2772 1216 2807 “111,57,
1238 2773 1283 2800 58.
1322 2773 1342 2789 ⁸⁸
1359 2773 1419 2801 Act.
1434 2781 1479 2806 vn,
1493 2774 1536 2801 55.
1579 2775 1598 2789 "'
1614 2774 1696 2810 chg.
1715 2782 1745 2806 ιι,
1763 2774 1804 2801 25.

181 2802 204 2818 “
219 2800 317 2831 Jerent.
332 2812 358 2838 ι,
373 2807 399 2832 ti.
