1872 3048
55 130 105 159 557

664 124 820 153 SELECTA
841 123 874 152 IN
891 123 1075 152 JEREMIAM.

1633 121 1687 148 553

55 191 111 221 τοῖς
133 188 221 220 λαοῖς,
239 187 337 223 ἔρημοι
353 186 408 213 τῶν
419 186 520 212 τέκνων
537 185 669 219 ἐγένοντο,
688 185 745 211 ἀντ’
770 185 845 211 εὗσε-

937 184 1003 219 pulis
1026 187 1128 214 essent,
1151 181 1222 208 ﬁlios
1241 180 1410 210 amiserunt.
1435 188 1484 215 pro
1505 181 1626 207 dm'lliua
1646 182 1689 215 pie

55 234 120 267 σοῦς
143 233 319 265 διδασκαλίας
341 232 467 260 ἀσέϐειαν
489 231 693 263 ὑποϐάλλοντες.
721 232 798 266 Τάχα
820 232 848 258 δέ

55 279 117 306 οὐδὲ
141 279 215 306 ἐστιν
238 277 368 305 ἀπολέσαι
386 277 450 303 λαὸν
468 276 506 312 μὴ
527 276 658 312 πρότερον
681 276 777 303 ἑαυτοῦ
800 277 849 311 τὴν

54 324 145 360 ψυχὴν
155 325 188 350 ἐκ
204 324 382 360 γεννημάτων
395 322 449 350 τῶν
460 323 521 349 κατ’
534 322 634 358 ἀρετὴν
646 321 846 349 ἀτεκνώσαντα·

56 370 145 401 οὐδεὶς
155 369 220 405 γὰρ,
235 368 272 395 ὢν
286 368 398 403 ἀγαθὸς,
411 367 557 394 ἀπόλλυσιν
571 367 673 403 ἕτερον.

91 415 118 442 8.
155 415 408 450 Ἔπληθύνθῃσαν
428 415 458 440 al
483 412 572 447 χῆραι
587 412 686 440 αὐτῶν
702 412 748 439 καί
774 411 849 445 ὑπὲρ

56 463 114 497 τὴν
127 461 228 497 ἅμμον
248 460 304 495 τῆς
317 460 486 493 θαλάσσης.
505 457 566 485 Εἶεν
584 459 607 485 δ’
635 459 667 485 ἂν
690 459 774 494 χῆραι
795 457 849 484 τῶν

57 507 166 535 ἀσεϐῶν
177 508 205 534 αἱ
225 507 320 542 ψυχαὶ,
342 506 388 532 τὸν
409 506 524 540 νυμφίον
540 505 656 540 Χριστὸν
673 504 848 531 ἀπολέσασαι.

91 555 119 582 8.
147 553 316 588 'Emiqumr
332 552 381 579 ἐπὶ
395 551 453 585 τὴν
461 550 576 585 μητέρα
593 551 783 583 νεανίσκους,
800 547 850 576 ’Ὧν

56 600 254 635 ἀπολλυμένων
268 598 471 633 ταλαιπωροῦσι
486 597 533 624 καὶ¹
547 596 665 632 μητέρες
678 597 706 623 αἱ
719 597 850 631 γεννήσα-

58 656 104 675 σαι.
117 647 205 679 αὑτὰς
227 647 256 673 ἐν
271 645 391 682 Χριστῷ,
419 645 467 671 καὶ
483 644 648 679 ὠδινήσασαι
675 643 756 678 μέχρι
785 651 851 678 μορ-

58 693 136 728 σξωθῇ
151 692 269 728 Χριστὸς
285 693 313 717 ἐν
333 691 438 722 αὐταῖς,
461 689 531 717 κατὰ
546 689 576 715 τὸ
598 688 668 722 γάλα
690 689 724 723 τῇ
754 689 852 723 στερεᾷ

57 740 143 776 τροφῇ
174 738 242 774 πρὸς
259 737 416 768 νεανίσκους
437 735 613 771 ἐκθρέψασαι.
627 734 688 761 Τῶν
706 734 735 761 δὲ
759 735 851 770 χηρῶν

57 784 87 811 τὸ
99 784 204 819 πλῆθος
218 784 267 818 οὐχ
280 783 317 814 ὡς
332 782 367 809 τὰ
380 782 468 818 ἄστρα
489 781 537 808 τοῦ
553 780 680 816 οὐρανοῦ,
702 780 759 807 ἀλλ’
781 780 818 812 ὡς
833 782 850 815 ἡ

56 831 150 865 ἄμμος
166 829 216 864 τῆς
231 829 378 863 θαλάσσης·
401 828 472 854 κατὰ
487 827 516 854 δὲ
530 827 560 853 τὸ
576 826 704 862 γράμμα,
718 826 851 852 πλείστων

903 234 1080 265 suggerentes
1095 229 1270 264 impietatem.
1287 227 1415 254 Fortasse
1428 234 1493 254 vero
1507 234 1556 254 nec
1569 227 1625 254 lteri
1639 234 1690 261 po-

903 281 955 304 test
968 281 998 303 ut
1011 274 1105 310 perdat
1121 275 1183 309 quis
1197 274 1338 309 populum,
1351 274 1377 300 ni
1391 273 1466 307 prius
1478 279 1554 300 suam
1569 272 1692 299 animam

903 321 1071 357 germinibus
1087 320 1197 347 virtutis
1211 319 1365 351 orbaverit;
1380 326 1459 346 nemo
1472 318 1545 346 enim
1563 318 1610 352 qui
1630 325 1694 352 pro-

903 368 954 395 bus
969 367 1014 398 sit,
1030 367 1145 395 alterum
1159 365 1257 400 perdit.

938 412 964 438 8.
983 411 1170 446 Multiplicata
1189 415 1250 437 sunt
1268 410 1354 436 vidua:
1369 416 1460 436 eorum
1484 417 1562 444 super
1585 417 1692 437 arenam

904 458 996 491 maris,
1009 462 1062 485 etc.
1081 456 1176 484 Vidua:
1192 461 1282 484 autem
1310 455 1411 483 iuerint
1430 456 1575 491 impiorum
1595 456 1693 483 animm

904 512 964 540 qua:
978 511 1108 540 sponsum
1126 503 1266 531 Christum
1281 503 1444 530 amiserunt.

939 550 967 577 8.
997 549 1098 577 Induxi
1128 557 1207 583 super
1229 554 1339 575 matrem
1367 549 1555 576 adolescentes.
1587 548 1695 581 Quibus

904 592 986 629 29E,
1003 593 1178 629 pereuntibus
1197 593 1379 620 conﬁciuntur
1397 597 1499 621 matres
1520 601 1582 628 qua:
1598 601 1645 620 eas
1666 593 1694 619 in

904 638 1014 666 Christo
1032 642 1197 674 pepererunt
1212 642 1239 665 et
1261 639 1457 673 parturierunt,
1479 639 1565 666 donec
1589 639 1615 666 in
1641 639 1695 665 illis

904 683 1029 711 Christus
1046 683 1222 715 formaretur,
1240 687 1267 710 et
1279 683 1427 711 ablactatas
1449 684 1570 712 solidiori
1582 685 1643 712 cibo
1660 686 1693 712 ad

905 729 1116 756 adolescentiam
1131 729 1331 756 enutriverunt.
1348 729 1490 757 Multitudo
1508 737 1591 764 porro
1603 731 1696 758 vidua-

906 781 966 801 rum
983 781 1039 801 non
1060 774 1099 801 uti
1119 774 1205 802 stellas
1222 774 1296 807 caeli,
1319 774 1366 802 sed
1384 779 1414 802 ut
1439 782 1522 802 arena
1542 776 1643 808 maris;
1667 781 1696 803 at

903 819 980 854 juxta
995 819 1124 852 litteram,
1137 819 1264 854 plurimis
1277 820 1305 846 in
1318 820 1390 847 bello
1407 821 1578 853 cadentibus,
1595 829 1696 849 uxores

59 878 87 904 ἐν
101 875 217 911 πολέμῳ
233 875 399 906 πιπτόντων,
415 875 442 900 αἱ
453 875 582 909 γυναῖκες
598 873 746 908 ἐτύγχανον
759 873 853 908 χῆραι,

937 865 993 893 duae
1009 865 1168 897 manebant,
1183 870 1210 892 et
1223 869 1324 892 matres
1340 865 1473 900 angustiis
1491 867 1696 900 premebantur.

58 922 86 948 αἱ
101 920 130 947 δέ
145 920 262 956 μητέρες
273 918 486 954 ἐταλαιπώρουν.

94 966 141 994 10.
175 966 259 1000 οἶμοι
287 963 363 997 ἐγώ]
389 965 430 997 ὡς
447 964 522 996 τίνα,
544 963 648 998 μῆτερ,
672 963 712 998 μὲ
735 963 856 995 ἕτεκες;

64 1011 203 1039 Ἐοίκασιν
220 1011 320 1046 ἰατροῖς
335 1011 360 1036 οἱ
376 1009 524 1045 προφῆται·
543 1008 627 1045 ὁρῶσι
639 1008 688 1043 μὲν
697 1006 781 1039 δεινὰ,
800 1007 858 1041 θιγ-

58 1056 176 1090 γάνουσι
200 1056 229 1083 δὲ
244 1055 360 1091 ἀηδέων,
384 1056 427 1081 ἐπ’
448 1053 602 1090 ἀλλοτρίαις
618 1054 771 1089 συμφοραῖς
789 1053 857 1085 ιδίας

58 1101 248 1138 καρπούμενοι
267 1101 365 1133 λύπας,
382 1101 421 1127 ἔτι
435 1101 464 1127 δέ
481 1101 528 1127 καὶ
541 1100 699 1135 μισούμενοι
714 1099 788 1135 παρὰ
802 1099 857 1126 τῶν

56 1147 109 1175 οὐκ
136 1147 332 1183 ἀρεσκομένων
348 1148 405 1178 τοῖς
425 1146 516 1174 αὐτῶν
539 1146 733 1181 ἐπιτάγμασιν,
749 1146 786 1177 ὡς
801 1145 856 1172 τῶν

58 1195 120 1222 καθ’
129 1194 229 1230 ἡδονὴν
237 1193 489 1228 ἀποτρέπουσι.Καὶ
494 1192 534 1218 δεῖ
541 1191 627 1219 ταῦτα
634 1191 786 1227 προειδέναι
794 1191 857 1224 τοὺς

58 1240 108 1276 τὴν
130 1239 300 1275 προφητείαν
319 1239 387 1274 πρὸς
411 1237 532 1274 ἰατρικὴν
547 1237 782 1273 ἐπανῃρημένους.
807 1237 858 1264 Ἰα-

58 1284 125 1320 τρὸς
141 1284 198 1319 γὰρ
215 1283 263 1310 καὶ
276 1279 352 1314 οὗτος
370 1282 474 1317 ψυχῶν,
488 1282 545 1312 τοῖς
568 1281 597 1307 ἐν
614 1280 693 1316 χρείᾳ
708 1280 858 1316 Θεραπείας

59 1329 271 1366 προσκείμενος·
293 1329 328 1355 οὺ
349 1327 403 1362 γὰρ
423 1327 528 1361 χρείαν
552 1325 678 1360 ἔχουσιν
701 1325 802 1360 ἰατροῦ
830 1326 857 1352 οι

58 1375 262 1408 ὑγιαίνοντες,
280 1373 348 1400 ἀλλ’
370 1373 397 1399 ol
422 1371 523 1403 κακῶς
535 1370 668 1405 ἔχοντες.
683 1370 809 1402 Τοιοῦτος
823 1367 857 1405 ἧν

65 1420 204 1456 Ἱερεμίας
218 1419 276 1445 ἀνθ’
292 1415 328 1445 ὧν
345 1417 463 1452 ἐλέγχων
477 1416 651 1451 ἐπιστρέφειν
664 1416 754 1451 ἦθελε,
773 1425 857 1451 κατη-

59 1465 230 1501 γορούμενος
244 1464 290 1490 ἐπὶ
302 1462 437 1490 δικαστῶν
448 1464 505 1494 τοῖς
516 1461 678 1497 κατηγόροις
689 1461 797 1496 ὁμοίων·
810 1462 857 1488 καὶ

58 1509 93 1547 ἧν
113 1513 144 1538 ἐν
161 1511 253 1543 δίκαις
273 1510 316 1536 ἀεὶ
332 1509 383 1536 ὑπὸ
404 1508 458 1535 τῶν
474 1509 535 1535 ὅσον
548 1504 615 1544 ἧκεν
630 1508 669 1539 είς
685 1504 765 1534 αὺτδν
783 1507 858 1533 τεθε-

60 1555 254 1592 ραπευμὲνων.
272 1555 318 1581 Διὸ
341 1554 407 1581 ποτὲ
427 1554 476 1589 μὲν
494 1553 586 1588 φησιν’
607 1552 661 1580 Kal
673 1550 752 1584 εἶπα,
767 1553 802 1579 οὐ
812 1552 855 1586 μὴ

59 1600 202 1634 λαλήσω,
219 1599 290 1627 οὐδὲ
317 1599 360 1634 μὴ
386 1598 526 1633 ὀνομάσω
553 1597 587 1624 τὸ
611 1597 704 1632 ὄνομα
734 1597 854 1631 Κυρίουο

59 1647 129 1676 ποτὶ
138 1647 181 1679 δέ,
192 1645 264 1682 ὁρῶν
271 1645 366 1672 ἑαυτὸν
375 1644 550 1679 δικαζόμενον
562 1644 592 1670 οὑ
603 1643 758 1676 δικάζοντα,
772 1653 856 1680 προτ-

60 1691 101 1718 έτι
116 1690 166 1717 καὶ
178 1688 494 1726 ψευδομαρτυρούμενον,
509 1689 541 1714 τὸ
555 1688 650 1723 Otum,
662 1688 756 1722 μῆτερ
768 1689 778 1714 .’
801 1689 857 1715 Kal.

59 1737 124 1763 ἐπεὶ
140 1736 166 1762 οἱ
190 1735 338 1770 κάμνοντες
354 1735 404 1761 οὐκ
420 1734 519 1769 ἤκουον
537 1733 619 1760 αὑτοῦ
633 1733 722 1765 καλῶς
736 1733 856 1768 συμϐου-

60 1782 201 1813 λεύοντος,
218 1781 268 1808 οὐκ
282 1781 435 1815 ὠφέλησαν.
453 1780 541 1814 Ὅπερ
557 1780 589 1806 ἂν
608 1779 679 1806 εῐποι
701 1779 792 1815 ίατρδς
813 1779 857 1806 ἐπ’

60 1828 217 1855 ἀκολάστου
242 1826 392 1858 νοσοῦντος.
418 1826 478 1862 εἱκῆ
496 1825 719 1861 προσαναλίσκων
735 1825 770 1851 τὰ
788 1825 858 1860 φάρ-

63 1882 153 1909 μακα,
171 1873 221 1900 καὶ
236 1873 304 1908 μήτε
318 1872 439 1906 ὠφελῶν,
458 1873 527 1908 μήτε
546 1881 571 1898 τι
587 1871 786 1909 καρπούμενος.
798 1871 858 1898 Μα-

61 1920 162 1955 κάριος
179 1919 235 1954 γὰρ
248 1918 406 1949 διδάσκαλος
425 1919 440 1944 ὁ
458 1918 544 1952 λέγων
559 1918 598 1948 είς
615 1914 672 1944 ὦτα
693 1917 856 1948 ἀκουόντων,

61 1961 133 1997 ἔχων
153 1962 280 1996 καρποὺς
298 1962 327 1988 ἐν
346 1962 454 1994 αὐτοῖς.
467 1961 561 1993 Οὐδεὶς
583 1959 629 1988 οὖν
654 1970 688 1997 με
706 1961 857 1996 ὠφέλησεν,

61 2009 124 2035 ἐπεὶ
139 2008 178 2043 μὴ
193 2007 345 2041 ὠφελεῖται.
364 2007 420 2034 Καὶ
432 2007 518 2039 ἄλλως
537 2007 565 2034 δέ
581 2016 622 2039 τις
640 2007 772 2043 κρείττων
787 2009 828 2039 εἰς
844 2007 862 2033 ὃ,

61 2054 187 2081 διδάσκει
199 2053 314 2087 γίνεται,
329 2053 454 2084 συνετοὺς
471 2053 539 2088 ἔχων
552 2053 697 2088 ἀκροατὰς,
716 2053 859 2088 βεϐασανι-

62 2100 170 2135 σμένας
186 2099 262 2134 αὐτῷ
277 2099 464 2134 προσάγοντας
477 2098 634 2134 ἐρωτήσεις.
650 2098 688 2124 Τὸ
700 2098 728 2125 δὲ
750 2098 858 2134 Ἐϐραῖ-

61 2147 110 2174 κδγν
125 2146 215 2177 οὕτως
229 2144 295 2180 ἔχει·
308 2146 369 2171 οὐκ
384 2144 548 2179 ὼφείλησα,
559 2144 632 2171 οὐδὲ
644 2143 797 2178 ὠφείλησέ
807 2153 858 2178 μοι

942 955 986 982 10.
1007 955 1068 982 Heu
1093 963 1150 989 me,
1173 955 1277 982 mater!
1294 963 1375 990 quare
1392 957 1506 991 genuisti
1526 965 1566 985 me
1588 957 1697 986 "Hie-

907 1002 976 1030 dicis
1009 1003 1198 1030 assimilantur
1228 1003 1383 1037 prophetae,
1414 1003 1554 1031 intuentur
1586 1005 1697 1039 quidem

907 1050 991 1081 mala,
1012 1053 1125 1084 tangunt
1139 1049 1299 1084 injucunda,
1319 1057 1352 1076 ex
1372 1050 1468 1077 alienis
1481 1051 1611 1079 aerumnis
1632 1059 1697 1087 pro-

906 1095 997 1130 prium
1020 1095 1072 1122 sibi
1095 1102 1241 1122 maerorem
1264 1100 1454 1129 comparantes
1476 1106 1482 1123 :
1503 1097 1566 1124 odio
1588 1105 1698 1132 quoque

908 1146 973 1169 sunt
985 1141 1039 1168 illis
1052 1141 1153 1175 quibus
1170 1148 1264 1168 eorum
1283 1147 1417 1176 praecepta
1432 1149 1485 1169 non
1504 1142 1621 1176 placent,
1638 1147 1699 1169 tan-

908 1195 989 1223 quam
1014 1196 1028 1214 a
1054 1188 1225 1222 voluptuosis
1251 1190 1404 1216 avocantia.
1425 1189 1456 1216 Et
1484 1180 1542 1216 hac
1561 1197 1699 1223 praenosse

907 1240 955 1260 eos
968 1238 1076 1268 oportet
1089 1233 1136 1268 qui
1152 1234 1341 1268 propheticum
1359 1243 1458 1262 munus
1479 1235 1512 1262 ad
1534 1235 1697 1263 medendum

908 1283 1096 1313 susceperunt.
1120 1278 1241 1307 Medicus
1261 1281 1335 1307 enim
1357 1281 1400 1308 hic
1422 1282 1576 1308 animorum
1603 1288 1645 1309 est
1664 1283 1698 1309 iis

908 1324 1034 1351 addictus
1049 1324 1096 1359 qui
1124 1326 1266 1352 curatione
1291 1326 1412 1361 indigent
1433 1336 1440 1353 :
1466 1334 1527 1354 nam
1550 1329 1610 1354 εαιιί
1633 1337 1698 1363 opus

908 1378 960 1397 non
978 1370 1071 1397 habent
1090 1371 1203 1404 medici,
1225 1373 1270 1398 sed
1297 1373 1342 1407 qui
1365 1381 1448 1407 agros
1471 1382 1498 1400 se
1524 1375 1640 1401 sentiunt
1665 1376 1697 1402 ²’.

908 1414 982 1443 Talis
994 1420 1052 1443 erat
1066 1415 1198 1443 Jeremias
1212 1417 1260 1452 qui
1281 1418 1356 1452 quod
1378 1419 1578 1453 reprehendens
1595 1421 1700 1449 volebat

908 1465 1077 1494 convertere,
1093 1463 1274 1489 accusabatur
1285 1464 1356 1498 apud
1372 1464 1479 1498 judices
1493 1467 1700 1495 accusatoribus

909 1506 1032 1540 similes;
1046 1515 1209 1543 semperque
1221 1509 1314 1536 litibus
1328 1509 1506 1538 divexabatur
1519 1511 1552 1538 ab
1564 1512 1616 1546 his,
1630 1521 1700 1547 quos

910 1552 979 1587 ipse,
994 1557 1127 1587 quantum
1145 1554 1171 1580 in
1185 1561 1215 1581 se
1229 1558 1297 1585 erat.
1315 1555 1425 1582 sanitati
1450 1557 1612 1586 restituerat.
1633 1558 1700 1586 Pro-

908 1602 1001 1633 pterea
1025 1606 1098 1626 nunc
1121 1598 1231 1634 quidem
1254 1599 1292 1626 ait
1313 1599 1354 1627 “z
1371 1600 1407 1627 Et
1426 1601 1495 1634 dixi,
1517 1611 1567 1629 non
1596 1603 1701 1638 loquar,

908 1654 955 1674 nec
973 1647 1113 1674 nominabo
1135 1655 1227 1674 nomen
1241 1647 1365 1680 Domini;
1388 1656 1461 1676 nunc
1480 1657 1546 1677 vero
1560 1651 1655 1679 videns
1672 1660 1702 1680 se

908 1694 936 1720 in
955 1693 1089 1728 judicium
1112 1686 1250 1726 vocatum,
1279 1702 1332 1720 non
1360 1700 1514 1728 vocantem,
1542 1697 1652 1732 insuper
1674 1704 1702 1726 et

909 1737 986 1766 falsis
1004 1746 1165 1773 oppressum
1179 1739 1304 1771 testibus,
1319 1740 1368 1766 heu
1382 1741 1458 1772 mihi,
1480 1747 1572 1768 mater.
1587 1742 1620 1769 Et
1633 1750 1703 1777 quo-

909 1783 983 1810 niam
999 1783 1091 1818 tegroti
1107 1791 1161 1810 non
1176 1783 1324 1810 audiebant
1344 1784 1432 1818 ipsum
1448 1785 1549 1819 optima
1570 1786 1699 1815 ferentem

909 1828 1034 1862 consilia,
1049 1836 1103 1856 non
1118 1828 1296 1863 profuerunt.
1313 1829 1391 1862 Quod
1412 1831 1534 1858 medicus
1553 1832 1653 1859 dixerit
1667 1833 1701 1859 de

911 1875 1109 1909 intemperante
1129 1874 1255 1906 intirmo,
1277 1873 1378 1901 frustra
1400 1875 1597 1904 medicamenta
1621 1877 1700 1904 adhi-

908 1921 976 1948 bens
988 1924 1015 1947 et
1027 1927 1077 1948 nec
1088 1920 1171 1947 ullam
1182 1920 1325 1947 utilitatem
1339 1921 1465 1954 all‘erens,
1475 1929 1525 1949 nec
1535 1923 1586 1949 sibi
1598 1922 1701 1957 aliquid

909 1965 1064 2000 acquirens.
1081 1964 1185 1992 Etenim
1203 1965 1298 1992 beatus
1311 1965 1355 1992 ille
1364 1966 1492 1999 magister
1506 1972 1549 1994 est
1559 1968 1605 2002 qui
1614 1968 1646 1995 ad
1656 1976 1701 1995 au-

908 2018 952 2038 res
965 2010 1170 2045 iutelligentium
1183 2010 1314 2045 loquitur,
1325 2009 1428 2038 fructus
1440 2011 1492 2038 sibi
1501 2012 1526 2038 in
1539 2012 1591 2040 illis
1600 2014 1702 2040 consti-

909 2062 997 2085 tuens.
1007 2055 1101 2083 Nullus
1111 2056 1193 2092 igitur
1202 2055 1293 2093 [mihi]
1302 2057 1392 2084 attulit
1402 2057 1555 2086 utilitatem.
1565 2058 1629 2093 quia
1640 2059 1702 2086 nul-

908 2100 951 2129 lus
965 2101 1038 2136 capit
1046 2101 1199 2128 utilitatem.
1208 2099 1341 2128 Similiter
1351 2102 1397 2136 qui
1407 2101 1495 2134 docet,
1504 2110 1545 2136 per
1552 2101 1648 2129 {crtior
1656 2103 1704 2129 do-

908 2147 994 2174 cendo
1007 2147 1046 2178 tit.
1057 2147 1079 2173 si
1093 2146 1265 2181 perspicaces
1278 2147 1376 2174 habeat
1389 2147 1548 2182 discipulos.
1558 2154 1701 2176 accuratas

62 2193 178 2225 οὐδεὶς.
199 2192 296 2226 Ἔλεγε
313 2191 366 2227 γὰρ
378 2191 392 2217 ὁ
413 2190 580 2222 Ἀπόστολοςσ
612 2191 740 2224 Ἕλλησί
757 2199 790 2218 τε
808 2191 856 2218 καὶ

940 2191 947 2217 i
967 2195 1150 2226 proponentes
1168 2191 1342 2225 quastiones.
1364 2191 1513 2220 Hebraicus
1533 2201 1597 2221 Vero
1612 2199 1701 2221 :extus

59 2237 231 2271 βαρϐάροις
257 2235 413 2269 ὀφειλέτης
443 2234 511 2270 εἰμὶ,
536 2234 676 2265 ἀποδιδοὺς
696 2235 804 2270 ἑκάστῳ
828 2235 858 2262 τὸ

63 2282 219 2318 προσῆκον,
234 2281 282 2308 καὶ
301 2281 430 2316 τιμήσας,
453 2281 478 2306 εί
497 2280 585 2315 τύχοι,
604 2279 668 2310 τοὺς
689 2279 738 2315 μὲν
760 2280 798 2312 ὡς
813 2289 859 2314 γο-

63 2330 131 2361 νεῖς,
159 2327 225 2359 τοὺς
254 2327 284 2354 δὲ
305 2327 343 2358 ὡς
371 2327 512 2361 ἀδελφοὺς,
534 2325 597 2358 τοὺς
614 2325 643 2352 δέ
659 2325 697 2357 ὡς
711 2326 794 2358 υἱούς·
813 2326 860 2353 καὶ

63 2375 121 2405 τοῖς
136 2374 189 2409 μέν
212 2371 347 2408 Ἑϐραίοις
363 2372 416 2399 ἀπὸ
439 2371 553 2407 Γραφῶν
579 2371 778 2407 διαλεγόμενος,
803 2372 861 2402 τοῖς

63 2421 92 2448 δὲ
114 2420 249 2455 Ἕλλησιν
264 2421 297 2446 ἐκ
313 2419 366 2445 τῶν
380 2420 444 2453 παρ’
461 2419 552 2450 αὐτοῖς
581 2418 772 2453 σεϐασμάτων,
789 2418 860 2444 ὥστε

63 2467 169 2501 λέγειν·
187 2465 256 2500 τοῖς
267 2465 341 2492 πᾶσι
355 2466 390 2491 τὰ
402 2465 499 2492 πάντα
512 2464 629 2499 γέγονα,
643 2465 693 2491 ἵνα
705 2464 775 2497 τοὺς
788 2464 862 2491 πάν-

63 2511 288 2545 ταςικερδήσω·
305 2510 320 2536 ὃ
342 2510 371 2536 δὲ
397 2510 444 2536 καὶ
460 2511 588 2545 παραινεῖ
605 2510 726 2544 φάσκων·
748 2509 860 2543 Μηδενὶ

62 2557 170 2594 μηδὲν
191 2556 374 2591 ὀφείλοντες,
394 2557 420 2582 εί
429 2555 472 2590 μὴ
494 2555 527 2582 τὸ
549 2555 706 2588 ἀλλήλους
721 2554 842 2589 ἀγαπᾷν
854 2563 861 2570 ·

64 2605 114 2632 καὶ
136 2602 173 2630 τὺ
191 2602 246 2638 πρὸ
265 2601 367 2628 τούτων
380 2609 387 2616 ·
411 2601 548 2628 Ἀπόδοτε
566 2600 641 2628 πᾶσι
659 2600 712 2633 τὰς
728 2600 860 2635 ὀφειλάς.

64 2650 150 2678 οὕτω
173 2648 224 2684 μὲν
242 2645 290 2674 οὖν
306 2647 409 2681 ὀφείλει
428 2646 595 2677 διδάσκαλος·
619 2646 755 2680 ὀφείλεται
774 2646 812 2678 δὲ,
838 2647 861 2672 εί

64 2695 190 2727 δανείζει
223 2692 397 2728 πνευματικὰ
422 2692 551 2727 ἀργύρια.
580 2691 626 2725 Μὴ
656 2684 806 2726 δεχομένων
833 2690 862 2717 δὲ

63 2740 168 2772 ταῦτα,
185 2739 230 2765 ἵνα
244 2738 397 2773 ὀφείλωσιν,
409 2737 484 2763 οὐδὲν
497 2735 678 2770 ἐποφείλεται.
695 2735 798 2761 Γίνεται
808 2735 862 2770 γὰρ

143 2797 166 2813 ²¹
181 2795 264 2823 Hom.
281 2795 324 2822 Η.
364 2795 386 2810 ⁹¹
398 2794 492 2822 Matth.
507 2801 545 2826 Ix,
559 2793 600 2820 12.
640 2793 662 2809 ’³
673 2791 772 2820 Jcrem.
786 2800 833 2825 xx,
846 2792 872 2819 9.

104 2833 129 2849 "
147 2832 229 2859 Rom.
250 2838 311 2862 xui,
325 2830 353 2858 8.
390 2830 413 2845 "
429 2829 495 2856 ibid.
513 2828 537 2854 7.

909 2236 950 2263 sic
966 2236 1046 2263 habet
1056 2236 1100 2264 “:
1114 2235 1175 2262 Non
1191 2236 1269 2262 debui
1294 2244 1339 2263 nec
1355 2237 1442 2263 debuit
1464 2237 1530 2263 mihi
1549 2238 1698 2272 quisquam.

910 2281 1083 2309 Aiebatenim
1097 2281 1243 2315 Apostolus
1251 2282 1274 2297 ¹⁵
1288 2291 1295 2309 :
1310 2281 1409 2309 Grecis
1426 2287 1450 2308 et
1463 2283 1583 2309 barbaris
1597 2284 1700 2309 debitor

910 2335 980 2360 sum,
995 2327 1110 2354 reddens
1124 2327 1271 2361 unicuique
1288 2319 1362 2362 quod
1378 2327 1468 2359 debet,
1484 2332 1511 2355 et
1531 2333 1559 2355 ut
1580 2336 1639 2355 sese
1653 2336 1702 2356 oc-

910 2373 986 2400 casio
1002 2373 1094 2400 tulerit
1108 2372 1248 2400 honorans
1263 2374 1314 2400 hos
1328 2374 1436 2408 quidem
1450 2378 1480 2400 ut
1495 2379 1634 2408 parentes,
1649 2374 1700 2402 bos

912 2422 942 2444 ut
958 2417 1065 2450 fratres,
1083 2417 1143 2444 illos
1157 2425 1221 2445 vero
1234 2422 1263 2444 ut
1276 2418 1393 2450 liberos;
1408 2424 1435 2445 et
1455 2417 1573 2446 Hebraeis
1590 2419 1701 2454 quidem

912 2470 945 2489 cx
968 2462 1116 2497 Scripturis
1137 2463 1262 2497 loquens,
1285 2464 1431 2498 gentilibus
1451 2471 1514 2490 vero
1532 2471 1564 2490 ex
1584 2465 1617 2492 iis
1640 2472 1702 2499 quae

912 2508 963 2542 ipsi
989 2508 1124 2539 colebant,
1148 2509 1184 2535 ita
1212 2513 1242 2535 ut
1269 2509 1369 2536 diceret
1381 2509 1403 2525 "
1426 2517 1433 2535 :
1462 2508 1587 2536 Omnibus
1612 2504 1701 2537 omnia

911 2554 998 2588 factus
1009 2563 1078 2586 sum,
1090 2560 1118 2582 ut
1139 2563 1226 2582 omnes
1239 2555 1308 2582 lucri
1326 2555 1449 2589 facerem,
1461 2556 1532 2590 quod
1545 2556 1625 2582 etiam
1641 2556 1702 2583 hor-

912 2603 984 2626 tatur
1003 2600 1097 2627 dicens
1108 2601 1130 2617 "'
1146 2610 1153 2628 :
1169 2600 1276 2628 Nemini
1293 2601 1437 2636 quidquam
1455 2601 1581 2633 debeatis,
1604 2602 1654 2628 nisi
1673 2607 1700 2628 ut

914 2645 1022 2672 invicem
1043 2646 1172 2682 diligatis,
1189 2651 1215 2673 et.
1236 2646 1309 2681 quod
1333 2651 1396 2674 ante
1418 2647 1523 2675 dixerat
1533 2647 1572 2674 ηε
1593 2646 1702 2674 Reddite

915 2690 1035 2717 omnibus
1050 2692 1148 2718 debita.
1165 2691 1211 2719 Sic
1232 2692 1314 2727 igitur
1331 2691 1410 2719 debet
1429 2693 1568 2728 magister,
1590 2692 1703 2720 debetur

916 2743 980 2763 vero
1004 2737 1052 2770 illi,
1071 2737 1094 2764 si
1112 2737 1266 2772 spirituales
1288 2742 1431 2772 argenteos
1455 2743 1550 2765 mutuo
1576 2739 1630 2766 del.
1650 2738 1702 2771 Qui

931 2795 952 2809 ”
963 2793 1063 2822 Jcrem.
1078 2802 1123 2829 xv,
1136 2793 1179 2820 10.
1215 2795 1237 2810 ’⁸
1250 2793 1329 2823 Rom.
1349 2802 1368 2826 ι,
1383 2794 1425 2822 Η.
1465 2795 1487 2810 ’⁵
1500 2794 1508 2821 Ι
1520 2794 1583 2822 Cor.
1603 2803 1641 2827 ια,
1661 2795 1705 2825 19,

1124 2875 1159 2886 an.
