1872 3048
190 75 241 104 547

883 73 924 100 EX
948 73 1099 102 ORIGENE

1762 79 1810 107 5I8

189 136 360 164 addictorum
384 135 569 170 stupiditatcm
586 133 749 167 Ostendens,
765 133 837 169 ligna
862 132 965 168 lapides

1050 133 1067 158 ’ὸ
1080 131 1108 158 δὲ
1125 132 1179 159 τῶν
1203 132 1466 170 εἰδωλολατρούντων
1485 134 1647 170 ἀναίσθητον
1669 135 1811 171 ἐμφαίνων,

189 190 244 218 que
267 187 345 209 vocat
367 181 450 214 idola,
475 181 651 208 consideratus
675 181 829 208 daemonum
860 180 886 206 in
913 180 979 214 ipsis

190 227 319 255 latebras.
336 226 369 254 Et
385 232 474 254 tamen
498 227 590 262 potius
612 225 734 253 converti
755 226 886 253 debuerat
908 225 977 253 Juda

189 274 273 301 veluti
291 273 389 300 mulier
405 274 485 301 ducta
501 274 535 300 ob
546 272 753 299 fornicationem
766 272 873 307 ejectat;
888 273 977 307 majus

189 319 262 346 enim
283 319 385 346 crimen
409 318 431 346 si
454 319 512 353 ejus
533 318 651 345 imitetur
669 316 885 345 fornicationem.
903 317 977 345 Talis

190 369 248 393 erat
263 364 417 392 Judaaorum
441 364 572 399 populus:
589 371 650 391 cum
672 371 736 391 vere
757 364 876 390 converti
896 363 977 390 debe-

191 416 241 443 ret,
268 410 312 438 ille
335 409 488 442 simulabat,
511 408 594 435 Deum
621 408 699 436 labiis
721 409 878 436 honorans:
895 416 974 443 quem

189 455 319 490 populum
337 454 546 488 incompositum
563 453 691 488 appellat,
705 458 735 481 ut
749 454 795 488 qui
813 454 900 488 pactis
914 462 976 489 qua:

188 509 250 529 eum
271 500 327 528 Deo
349 501 455 531 inierat.
480 507 533 526 non
560 499 684 533 steterit;
709 500 784 534 atqui
809 500 975 529 erudiendus

187 547 278 581 potius
292 551 360 578 erat,
376 545 446 580 quod
471 549 498 572 et
523 545 652 579 templum
667 545 791 577 haberet,
813 550 840 572 et
862 553 922 580 qua!
947 546 973 573 in

189 593 248 627 ipso
264 591 471 627 peragebantur.
487 591 535 618 Sic
546 596 572 617 et
584 590 662 617 nobis
675 589 740 618 illud
757 591 906 618 maximum
923 591 974 618 im-

188 637 272 663 minet
285 636 452 670 periculum,
470 636 494 663 si
517 640 579 670 post
594 634 697 662 Christi
718 636 862 663 adventum
882 637 974 671 expia-

186 682 287 710 tionem
305 687 496 717 peccatorum,
519 682 692 716 Spiritusque
716 682 801 710 sancti
824 684 971 717 participa-

185 726 285 756 tionem
301 736 456 763 peccemus,
478 728 504 755 in
519 728 670 763 primisque
684 727 837 756 Iudaeorum
859 729 972 763 ejectio-

184 783 246 802 nem
262 782 316 809 [ιι-ω
329 774 417 801 oculis
434 775 573 801 habentes.
591 774 695 801 Etenim
710 775 732 801 si
746 774 829 802 ramis
849 775 900 802 sibi
924 772 983 802 na-'

185 825 246 848 tura
271 821 424 855 conjunctis
450 821 521 848 Deus
542 827 597 848 non
621 820 751 855 pepercit,
778 821 863 848 multo
886 821 972 855 magis
989 803 1009 830 Β

186 867 407 901 delinquentibus
420 867 499 894 nobis
513 874 567 894 non
579 871 681 901 parcet.

513 911 590 938 CAP.
614 910 643 939 V.

220 957 247 984 6.
269 956 332 984 Ideo
347 958 474 992 percussit
488 966 531 984 eos
545 957 595 990 leo,
612 963 664 985 etc.
687 957 755 984 Eum
776 958 821 992 qui
840 958 973 992 percussit

185 1012 244 1036 eos,
261 1008 342 1031 vocat
359 1004 473 1036 leonem,
495 1009 521 1031 et
539 1005 630 1039 lupum
650 1009 677 1031 et
698 1004 821 1038 pardum.
842 1002 973 1031 Videntur

185 1055 275 1077 autem
290 1049 394 1077 insidia}
407 1049 434 1076 in
447 1049 513 1083 ipsis
525 1048 678 1076 actionibus
690 1049 724 1076 ab
738 1048 781 1075 his
798 1049 844 1083 qui
857 1048 972 1083 ﬁgurate

185 1095 276 1122 leones
297 1099 429 1121 vocantur
451 1093 542 1127 factae;
569 1094 596 1121 in
618 1093 755 1121 intellectu
778 1101 842 1120 vero
863 1093 898 1120 ab
929 1093 971 1121 his

184 1142 229 1176 qui
244 1140 312 1176 parti
330 1140 424 1174 animi,
440 1147 494 1176 qua
510 1147 602 1167 verum
619 1139 792 1175 perspicitur.
812 1147 909 1167 nocere
922 1147 972 1167 vo-

183 1188 253 1216 lunt.
269 1187 373 1215 Pardus
388 1188 459 1215 enim
480 1187 506 1214 in
520 1188 594 1223 ipsos
612 1187 707 1214 oculos
726 1186 830 1214 insilirc
852 1186 968 1220 dicitur;

183 1234 225 1261 leo
238 1241 312 1266 vero,
328 1234 409 1261 sicuti
429 1241 460 1261 ex
480 1233 601 1261 historiis
617 1233 758 1264 habemus,
777 1232 915 1260 confectus
928 1240 972 1260 se-

183 1281 230 1307 nio
243 1281 313 1308 circa
337 1280 418 1307 urbes
440 1283 576 1311 versatur,
600 1279 741 1306 hominum
767 1279 854 1314 praeda
878 1279 972 1307 volens

183 1327 274 1362 potiri.
295 1326 363 1353 Illud
388 1332 516 1360 przeterea
534 1323 632 1358 fertur,
650 1333 683 1352 cx
701 1325 787 1359 ipsius
809 1326 929 1358 ossibus,
947 1325 971 1353 si

183 1372 356 1404 collidantur,
377 1375 425 1398 aut
441 1371 600 1403 tundantur,
619 1369 708 1405 ignem
728 1371 829 1398 excuti.
848 1369 882 1398 Et
903 1369 971 1398 forte

187 1427 244 1451 .eo,
271 1418 425 1452 pardusque
448 1417 500 1444 erit
524 1416 779 1444 Nabuchodonosor
802 1417 848 1451 qui
875 1417 970 1449 urbem

1031 178 1106 210 ξύλα⁷
1123 179 1169 205 καὶ
1184 179 1275 210 λίθους
1288 179 1367 206 καλεῖ
1379 180 1412 206 τὰ
1426 179 1522 206 εἴδωλα
1533 199 1540 210 ,
1560 181 1701 216 σκοπήσας
1714 182 1773 213 τοὺς
1787 183 1813 209 ὲν

1028 225 1120 256 αὐτοῖς
1133 224 1340 259 ὲμφωλεύοντας
1357 225 1495 260 δαίμονας.
1522 225 1618 252 Καίτοι
1639 226 1738 261 μᾶλλον
1759 228 1809 254 ἑπι-

1029 271 1155 306 στρέιρειν
1180 271 1263 306 ἐχρῆν
1283 271 1328 297 τὸν
1357 271 1473 302 Ἰούδαν,
1492 271 1587 307 ὥσπερ
1610 272 1812 300 ἐπεισελθοῦσαν

1027 318 1143 350 γυναῖκα
1161 317 1209 351 τὴν
1220 317 1263 343 διὰ
1276 316 1403 352 πορνείαν
1421 316 1640 352 ἐκϐεϐλημένην·
1660 317 1752 352 μεῖζον
1764 318 1811 353 γὰρ

1027 362 1152 397 ἔγκλημα
1174 362 1223 397 τῆς
1240 362 1348 397 ἐκείνης
1368 362 1392 388 εἰ
1411 364 1519 397 μιμοῖτο
1539 362 1676 398 πορνείαν.
1700 363 1810 399 Τοιαύτη

1025 407 1079 434 τῶν
1100 407 1234 434 Ἰουδαίων
1251 409 1267 442 ἡ
1286 407 1412 434 κατοικία
1422 416 1429 422 ·
1443 408 1502 435 δέον
1518 409 1694 444 ἐπιστρέφειν
1708 409 1737 441 ἐξ
1753 410 1811 444 ἀλη-

1025 452 1111 484 θείας,
1138 453 1200 488 ἡδὲ
1217 453 1323 487 ψευδῶς
1345 452 1531 479 ὑπεπλάττετο
1553 454 1598 480 τὸν
1620 454 1688 480 Θεὸν
1711 455 1811 489 aputu

1024 499 1080 530 τοῖς
1094 498 1220 534 χείλεσιν,
1237 500 1269 534 ἣν
1283 498 1428 525 ἀσύνθετον
1439 499 1524 529 καλεῖ,
1540 499 1578 530 ὡς
1597 499 1647 531 τὰς
1667 499 1736 534 πρὸς
1752 499 1811 526 Θεὸν

1025 546 1187 581 παραϐᾶσαν
1214 545 1363 581 συνθήκας·
1391 546 1480 572 καίτοι
1515 545 1691 572 παιδεύεσθαι
1719 547 1811 582 μᾶλλον

1023 591 1117 626 ἐχρῆν,
1132 591 1178 618 τὸν
1190 591 1254 618 ναὸν
1264 590 1373 626 ἔχουσα,
1391 591 1439 617 καὶ
1453 590 1487 617 τὰ
1502 592 1531 617 ὲν
1553 590 1627 626 αὐτῷ
1643 591 1716 617 κατὰ
1735 590 1810 626 νόμον

1024 636 1228 671 ἐπιτελούμενα.
1244 636 1321 663 Οὕτω
1339 637 1386 663 καὶ
1406 637 1472 671 ἡμῖν
1489 637 1617 663 κινδύνων
1636 638 1651 663 ό
1677 637 1809 672 μέγιστο·,

1022 681 1069 708 ἐὰν
1084 683 1285 718 ἁμαρτάνοιμεν
1303 682 1372 718 μετὰ
1385 682 1434 718 τὴν
1450 683 1568 719 Χριστοῦ
1590 683 1753 718 παρουσίαν.
1770 684 1811 710 καὶ

1022 726 1155 764 λύτρωσιν
1177 728 1335 764 ἁμαρτιῶν,
1349 729 1396 755 καὶ
1419 729 1530 764 μέθεξιν
1549 729 1626 763 ἁγίου
1646 729 1808 764 Πνεύματος,

1023 775 1071 800 καὶ
1086 774 1205 809 μάλιστα
1215 773 1263 808 τὴν
1286 773 1417 800 Ἰουδαίων
1429 773 1546 809 όρῶντες
1560 773 1711 809 ἀποϐολήν·
1725 775 1748 800 εἰ
1763 774 1810 808 γὰρ

1024 819 1078 845 τῶν
1097 819 1168 846 κατὰ
1183 819 1262 854 φύσιν
1275 819 1378 845 κλάδων
1393 820 1407 846 ὁ
1427 819 1492 851 Θεὸς
1504 820 1554 846 οὐκ
1571 820 1710 854 ἐφείσατο,
1727 821 1810 855 πολλῷ

1027 866 1125 901 μᾶλλον
1140 866 1351 901 ἁμαρτανόντων
1368 865 1445 900 ἡμῶν
1458 865 1472 891 ὁ
1488 864 1554 896 Θεὸς
1570 866 1620 891 οὐκ
1633 865 1768 897 ἀνέξεται.

1347 913 1425 939 xm.
1446 912 1484 939 E'.
1691 944 1694 946 _

1060 957 1085 984 6.
1106 958 1158 984 Διὰ
1172 958 1258 984 τοῦτο
1271 958 1397 985 ἔπαισεν
1409 958 1520 991 αὐτοὺς
1532 958 1619 989 λέων,
1635 967 1662 985 κ,
1677 967 1703 984 τ.
1723 960 1746 986 ἒ.
1763 958 1811 986 Τὸν

1024 1003 1225 1038 περιπαεσαντα
1248 1004 1346 1036 αὐτοὺς
1368 1004 1442 1038 λέγει
1466 1004 1570 1037 λέοντα,
1599 1005 1647 1031 καὶ
1660 1004 1743 1031 λύκον
1766 1004 1810 1032 καὶ

1024 1049 1166 1085 πάρδαλιν.
1182 1051 1260 1076 Δοκεῖ
1269 1049 1296 1076 δὲ
1312 1050 1328 1085 ἡ
1347 1051 1395 1085 μὲν
1413 1050 1482 1076 κατὰ
1494 1050 1542 1081 τὰς
1557 1049 1670 1085 πράξεις
1685 1050 1810 1080 ἐπιϐουλὴ

1024 1096 1076 1122 ὑπὸ
1092 1096 1144 1122 τῶν
1156 1096 1294 1132 τροπικῶς
1310 1096 1463 1132 λεγομένων
1479 1096 1593 1123 λεόντων
1606 1097 1746 1131 γίνεσθαι·
1759 1098 1774 1132 ἡ
1785 1097 1810 1123 δὲ

1023 1142 1093 1169 κατὰ
1105 1142 1153 1178 τὴν
1161 1142 1260 1176 γνῶσιν
1270 1143 1322 1169 ὑπὸ
1332 1143 1385 1169 τῶν
1398 1142 1495 1178 βλάψαι
1507 1143 1536 1169 τὸ
1547 1142 1700 1177 διορατικὺν
1709 1143 1758 1178 τῆς
1765 1143 1811 1178 ψυ-

1023 1188 1072 1223 χῆς
1088 1187 1265 1222 βουλομένων.
1287 1188 1319 1214 'H
1335 1187 1390 1224 γὰρ
1405 1187 1537 1223 ¹πάρδαλις
1547 1189 1685 1224 ὲπιπηδᾷν
1695 1189 1809 1224 μάλιστα

1022 1232 1131 1267 λέγεται
1143 1235 1198 1264 τοῖς
1209 1233 1371 1269 ὀφθαλμοῖς·
1385 1235 1398 1260 ὁ
1409 1233 1437 1260 δὲ
1448 1234 1525 1265 λέων,
1541 1233 1578 1265 ὡς
1594 1234 1752 1269 ἱστορεῖται,
1765 1242 1810 1269 γη-

1023 1279 1108 1315 ράσας
1123 1281 1185 1316 περὶ
1202 1280 1252 1312 τὰς
1264 1280 1353 1312 πόλεις
1368 1281 1478 1316 νέμεται
1488 1300 1495 1312 ,
1521 1279 1648 1316 θηρεύειν
1662 1280 1748 1307 Θέλων
1764 1281 1809 1306 ἀν-

1023 1325 1158 1360 θρώπους.
1183 1326 1299 1360 Λέγεται
1323 1326 1367 1358 δὲ,
1387 1327 1427 1353 ὅτι
1446 1328 1492 1354 καὶ
1513 1328 1546 1353 ὲκ
1560 1327 1614 1354 τῶν
1629 1326 1716 1355 ὀστῶν
1730 1326 1810 1353 αὐτοῦ

1022 1373 1196 1408 κοπτομένων
1213 1373 1230 1408 ἢ
1245 1373 1433 1408 πτισσομένων
1447 1373 1501 1408 πῦρ
1516 1373 1665 1408 ἐξέρχεται.
1677 1373 1735 1400 Καὶ
1750 1372 1812 1404 iam;

1023 1418 1090 1445 λέων
1106 1418 1138 1444 ἂν
1156 1417 1197 1453 εἴη
1215 1418 1261 1444 καὶ
1276 1417 1407 1454 πάρδαλις
1417 1419 1432 1444 ὸ
1451 1418 1687 1454 Ναϐουχοδονόσορ
1701 1418 1751 1454 τὴν
1766 1419 1810 1445 τιὰ

183 1465 305 1500 diripuit,
322 1469 348 1492 et
364 1464 447 1491 veluti
472 1464 573 1498 pardus
596 1462 656 1497 ejus
676 1464 780 1496 oculos,
800 1471 890 1498 regem
906 1471 965 1490 cum

1050 1471 1063 1489 ν
1076 1462 1160 1495 ἐλὼν,
1180 1462 1228 1489 καὶ
1251 1462 1289 1494 ὼς
1312 1461 1444 1497 πάρδαλις
1466 1464 1529 1494 τοὺς
1545 1462 1704 1498 ὀφθαλμοὺς
1729 1463 1811 1497 αὐτῆς

183 1511 344 1545 primatibus
360 1509 462 1541 eﬂotlit,
481 1517 512 1536 ac
530 1510 637 1536 tandem
653 1507 793 1536 Sedeciam
810 1508 896 1536 oculis
913 1509 969 1544 pri-

183 1556 264 1583 va'rit.
279 1556 346 1583 Ossa
364 1562 454 1582 autem
472 1556 531 1590 ejus
549 1554 659 1590 ttttclligi
682 1559 809 1590 poterunt
828 1554 968 1581 Nabuzar-

183 1602 247 1635 dan,
263 1602 310 1637 qui
324 1602 417 1628 urbem
435 1601 573 1627 cremavit.

446 1647 529 1682 239
553 1645 629 1674 CAP.
652 1646 705 1673 vn.

218 1692 262 1719 21.
286 1691 506 1718 Holocautomata
526 1697 610 1719 vestra
632 1698 793 1728 congregata.
810 1692 889 1720 Clare
909 1700 970 1727 per-

183 1738 291 1774 quirere
306 1738 394 1770 docet,
414 1746 474 1772 qua:
487 1738 685 1765 sacrificiorum
703 1738 782 1765 ratio.
800 1738 889 1766 Ansas
905 1746 969 1766 vero

183 1785 248 1810 dant
264 1784 343 1811 verba
353 1783 500 1818 Scriptura
511 1784 554 1811 7’:
571 1783 740 1819 Sacriﬁcium
766 1784 818 1810 Deo
841 1793 886 1811 cor
908 1792 970 1812 con-

183 1832 290 1862 tritum,
316 1830 395 1857 et“:
413 1830 568 1864 Sacriﬁcale
592 1830 753 1865 sacriﬁcium
769 1831 893 1865 justitiaz.
917 1831 970 1859 Eos

182 1884 247 1903 vero
268 1876 314 1911 qui
333 1876 411 1904 aliter
428 1883 458 1904 se
482 1876 598 1909 habent,
619 1881 646 1903 et
667 1877 806 1911 corporeis
827 1877 970 1904 sacriliciis

182 1920 261 1957 plane
278 1921 361 1948 dediti
375 1925 449 1954 sunt,
465 1921 617 1956 corrigebat
634 1920 759 1948 Salvator
773 1921 867 1949 dicens
877 1921 900 1936 ⁷⁸
915 1930 921 1947 :
940 1919 970 1947 Si

182 1969 283 1995 sciretis
297 1968 359 2002 quid
372 1971 422 1999 est,
444 1966 657 1994 Misericordiam
677 1966 733 1993 volo
752 1970 776 1993 et
796 1974 847 1993 non
865 1967 971 2001 sacri/i-

181 2014 262 2047 cium,
286 2020 421 2048 nusquam
445 2013 571 2040 innoxios
592 2012 861 2040 eondemnavissetis.
890 2012 970 2045 Quod

181 2064 272 2086 autem
294 2059 328 2086 ad
355 2059 468 2093 mystica
494 2063 596 2093 spectet
620 2059 677 2086 haec
702 2059 853 2092 legislatio.
878 2059 971 2086 docuit

181 2103 282 2131 Paulus
297 2104 390 2131 dicens
400 2104 423 2120 ⁷⁸
439 2113 445 2129 :
462 2103 512 2135 Qui
530 2103 648 2138 exemplo
661 2108 684 2130 et
699 2105 792 2130 umbra
812 2104 900 2130 colunt
920 2113 970 2131 ra:-

182 2149 268 2177 Iastia.

490 2195 566 2222 CAP.
586 2194 652 2224 VIII.

1023 1507 1148 1544 ἐξαίρων,
1163 1508 1209 1534 τδν
1225 1507 1337 1543 βασιλέα
1355 1509 1402 1535 σὺν
1424 1509 1480 1540 τοῖς
1501 1508 1636 1544 πρώτοις,
1657 1508 1773 1544 ὕστερον
1787 1508 1812 1535 δὲ

1023 1555 1146 1581 Σεδεκίου
1166 1556 1228 1586 τοὺς
1251 1554 1405 1590 ὀφθαλμοὺς
1425 1554 1553 1589 ἐκκόψας.
1579 1553 1662 1581 Ὀστᾶ
1680 1555 1710 1582 δὲ
1733 1555 1813 1582 αὐτοῦ

1023 1600 1131 1635 νοηθείη
1142 1600 1337 1636 Ναϐουζαρδὰν
1352 1601 1400 1636 τὴν
1415 1601 1491 1627 πόλιν
1507 1600 1662 1636 ἐμπρήσας.

1351 1646 1429 1672 ΚΕΦ.
1450 1647 1488 1674 Ζ’.

1058 1692 1102 1718 21.
1127 1692 1165 1719 Τὰ
1179 1693 1409 1727 ὁλοκαυτώματα
1431 1692 1515 1727 ὑμῶν
1537 1692 1696 1727 συνάγετε.
1718 1692 1814 1728 Σαφῶς

1023 1737 1158 1771 ἐξετάζειν
1171 1738 1291 1765 διδάσκει
1310 1738 1377 1770 τίςό
1394 1738 1458 1773 περὶ
1479 1738 1578 1764 θυσιῶν
1596 1738 1685 1772 λόγος.
1720 1739 1815 1774 Ἀφορ-

1024 1786 1077 1821 μάς
1092 1793 1123 1811 τε
1143 1785 1178 1812 τὰ
1198 1784 1276 1819 λόγια
1295 1785 1387 1812 δίδωσι
1403 1785 1532 1819 λέγοντα·
1561 1786 1658 1811 Quota
1686 1784 1730 1818 τῷ
1757 1785 1815 1818 θεῷ

1022 1831 1140 1866 πνεῦμα
1155 1833 1407 1867 συντετριμμένον
1416 1841 1422 1847 -
1437 1833 1494 1864 καὶ,
1514 1832 1631 1859 Θύσατε
1644 1833 1761 1859 θυσίαν
1776 1833 1816 1859 ὄι-

1022 1878 1196 1911 καιοσύνης.
1210 1877 1279 1909 Τοὺς
1297 1877 1325 1904 δὲ
1341 1878 1377 1913 μὴ
1390 1876 1475 1910 οὕτως
1491 1878 1613 1913 ἔχοντας,
1639 1878 1708 1913 περὶ
1725 1878 1754 1904 δὲ
1772 1878 1815 1904 θυ-

1023 1924 1083 1955 σίας
1112 1923 1297 1959 ἐπτοημένους
1316 1924 1474 1959 σωματικῆς
1502 1924 1669 1960 ἐπέστρεφεν
1691 1926 1706 1951 ὁ
1722 1925 1816 1960 Σωτὴρ

1024 1968 1122 2003 λέγων·
1135 1968 1171 1996 E2
1185 1968 1220 1995 δὲ
1229 1969 1384 2004 ἐγνώκειτε
1397 1969 1425 1996 τι
1435 1969 1530 2002 ἐστιν,
1545 1968 1651 1996 Ἵζλεον
1663 1970 1755 2002 θέλω,
1770 1970 1816 1996 καί

1022 2015 1057 2041 οὺ
1072 2014 1196 2047 ουσίαν,
1221 2014 1272 2040 οὐκ
1295 2013 1329 2041 ειν
1356 2013 1552 2040 κατεδικάσατε
1577 2015 1640 2044 τοὺς
1663 2016 1815 2046 ἀναιτίους.

1024 2060 1082 2086 Ὅτι
1099 2060 1127 2086 δὲ
1145 2060 1208 2095 περὶ
1222 2057 1386 2096 μυστικῶνῇ
1399 2059 1509 2095 τοιαύτη
1523 2060 1688 2095 νομοθίσία,
1711 2061 1815 2093 Παῦλος

1023 2104 1125 2138 ἐδίδαξε
1141 2105 1227 2139 λέγων
1238 2114 1245 2120 ·
1268 2106 1381 2138 Οἵτινες
1396 2106 1589 2141 ὑποδείγματι
1605 2107 1655 2133 καὶ
1671 2107 1750 2141 σκιᾷ
1764 2111 1816 2135 .Iu-

1024 2153 1162 2186 τρεύουσι
1174 2152 1232 2179 τῶν
1247 2153 1441 2187 ἐπουρανίων.

1345 2200 1423 2226 ΚΕΦ.
1451 2201 1490 2226 [l'.

220 2241 244 2269 7.
265 2239 364 2268 Turtur
376 2246 400 2268 et
419 2241 532 2267 hirundo
551 2242 609 2276 agri
622 2248 750 2276 passeres.
770 2240 871 2269 Turtur
886 2247 913 2269 et
928 2243 965 2269 hi-

1057 2243 1083 2270 7.
1107 2243 1225 2278 ﬂzvrt‘or
1240 2244 1289 2270 καὶ
1306 2244 1434 2278 χελιδὼν
1450 2244 1542 2279 ἀγροῦ
1557 2245 1716 2278 στρουθία.
1745 2246 1812 2281 Τρυ-

183 2288 270 2315 rundo
288 2287 353 2322 pulli
371 2288 443 2322 agri:
467 2287 612 2322 prudentes
638 2287 775 2315 auditores
797 2293 824 2315 ct
843 2289 876 2315 ad
899 2289 969 2316 hona

182 2341 297 2369 quaeque
311 2333 469 2368 explicanda
486 2333 573 2361 idonei
594 2334 780 2361 custodierunt
795 2338 902 2369 tempus
918 2342 969 2369 op-

182 2384 329 2414 portunum
350 2378 482 2406 adventus
500 2379 559 2410 sui,
577 2383 605 2406 ut
621 2379 722 2406 dictum
738 2383 840 2414 pungat
854 2380 963 2407 audien~

182 2431 232 2458 tes,
247 2425 363 2453 adventu
379 2425 494 2452 turturis
517 2432 578 2452 cum
598 2425 714 2452 adventu
731 2425 887 2453 hirundinis
906 2433 972 2453 con-

181 2477 318 2500 currente.

510 2518 584 2545 CAP.
606 2517 640 2544 Χ.

217 2564 261 2592 I3.
277 2563 310 2591 Et
324 2563 490 2598 congregavit
506 2564 584 2590 nubes
599 2563 631 2589 ab
644 2568 761 2590 extremo
774 2568 861 2590 terraz.
879 2562 972 2590 Elerat

181 2615 273 2638 autem
297 2614 323 2637 et
347 2610 433 2637 nubes
460 2610 493 2636 ab
515 2613 637 2637 extremo
660 2613 756 2641 terrm,
781 2609 865 2635 maris
885 2615 971 2643 aquas

182 2656 332 2689 advocatis,
353 2662 454 2690 easque
478 2662 559 2689 super
588 2659 666 2682 terrm
696 2654 791 2681 faciem
817 2653 970 2682 effundens.

182 2702 242 2729 Alio
261 2709 342 2729 sensu
364 2703 446 2729 etiam
469 2705 578 2730 sanctos
598 2699 741 2736 Scriptura
761 2699 848 2727 nubes
872 2705 967 2732 vocat,

219 2791 241 2806 "
254 2791 326 2819 Psat.
346 2800 372 2825 L,
388 2793 430 2820 I9.
467 2793 490 2809 7"
511 2792 580 2820 I’sal.
596 2800 633 2825 tv,
647 2792 674 2819 ϐ.
694 2792 717 2809 ’⁸
732 2792 826 2820 Matth.
851 2799 900 2824 xtl,
923 2791 948 2818 7.

1023 2289 1078 2324 γὼν
1087 2290 1133 2316 καὶ
1143 2289 1251 2324 χελιδὼν
1265 2289 1350 2325 ἀγροῦ
1364 2290 1505 2326 στρουθία·
1520 2291 1545 2317 οἱ
1558 2291 1663 2318 συνετοὶ
1680 2293 1817 2326 ἀκροαταὶ

1023 2335 1069 2362 καὶ
1085 2335 1110 2361 οἱ
1125 2336 1165 2366 είς
1182 2335 1212 2362 τὸ
1225 2335 1314 2369 λέγειν
1326 2334 1360 2362 τὰ
1374 2336 1515 2371 κρείττονα
1532 2336 1618 2362 ἱκανοὶ
1631 2336 1776 2370 ἐφύλαξαν
1791 2338 1816 2362 ἐν

1024 2381 1112 2416 καιρῷ
1131 2381 1265 2407 ποιεῖσθαι
1278 2381 1327 2412 τὰς
1345 2380 1412 2412 ιδίας
1424 2381 1542 2413 εἰσόδους
1553 2401 1560 2412 ,
1573 2381 1644 2408 ὥστε
1655 2381 1687 2407 τὸ
1701 2381 1819 2416 λεγόμε-

1023 2435 1068 2452 νον
1081 2426 1267 2453 καθικνεῖσθαι
1282 2426 1337 2453 τῶν
1356 2427 1524 2459 ἀκουόντων,
1547 2428 1755 2464 συντρεχούσης
1770 2428 1817 2462 τῆς

1024 2473 1126 2499 εἰσόδου
1145 2471 1193 2506 τῆς
1209 2471 1340 2506 χελιδόνος
1353 2473 1385 2507 τῇ
1401 2471 1494 2507 εἰσόδῳ
1508 2472 1557 2507 τῆς
1569 2472 1714 2507 τρυγόνος.

1353 2518 1430 2544 ΚΕΦ.
1452 2518 1478 2545 l'.

1058 2563 1112 2592 Καὶ
1126 2563 1257 2598 ἀνήγαγε
1270 2563 1398 2598 νεφέλας
1407 2563 1441 2596 ἐξ
1451 2563 1581 2598 ἐσχάτου
1591 2563 1647 2597 τῆς
1655 2563 1725 2598 τῆς.
1743 2563 1817 2591 Ἀνάσ

1023 2618 1066 2644 γει
1081 2609 1110 2636 δὲ
1124 2610 1171 2636 καὶ
1182 2610 1296 2644 νεφέλας
1310 2609 1340 2641 ἐξ
1355 2609 1470 2644 ἐσχάτου
1483 2609 1532 2644 τῆς
1552 2609 1615 2644 γῆς,
1641 2609 1816 2644 προσκαλούο

1025 2663 1104 2690 μενος
1113 2655 1143 2680 τὸ
1161 2654 1233 2690 ὕδωρ
1256 2655 1304 2690 τῆς
1325 2654 1458 2690 θαλάττης
1480 2654 1526 2681 καὶ
1551 2654 1656 2689 ὲκχέων
1676 2654 1748 2682 αὐτὸ
1772 2654 1817 2680 ἐπὶ

1024 2700 1168 2736 πρόσωπον
1179 2700 1227 2736 τῆς
1235 2700 1297 2736 γῆς.
1308 2700 1363 2727 Καὶ
1374 2699 1460 2732 ἄλλως
1473 2699 1501 2726 δὲ
1511 2700 1572 2732 τοὺς
1582 2700 1678 2732 ἁγίους
1690 2701 1710 2736 ἡ
1720 2698 1815 2736 Γραφὴ

986 2791 1008 2807 ⁷⁵
1030 2790 1108 2818 Ileltt‘.
1137 2800 1196 2823 Vrit,
1214 2792 1240 2820 5.
