1872 3048
65 141 115 170 555

669 139 825 168 8ΕΜΞΟΤᾹ
846 140 878 168 IN
898 139 1081 168 IEREMIAM.

1642 143 1694 170 δεδι

65 210 110 236 ρον
122 199 297 235 εἶρηνεὺοντα
311 199 402 230 κακῶς
423 198 529 234 πνεῦμα
549 200 595 225 καὶ
612 199 709 234 σάρκαι
729 199 789 225 τότε
807 199 861 233 γὰρ

950 198 988 225 ius
1006 197 1102 232 iniqua
1117 197 1265 225 utebantur
1279 206 1354 232 pace,
1373 199 1499 233 spiritum
1523 205 1549 228 et
1574 208 1685 228 carnem

65 247 114 272 οὐκ
128 245 286 280 ἐπεθύμουν
304 245 364 272 κατ’
383 244 515 280 ἀλλήλων.
535 245 566 270 ὐ
584 245 612 271 δὲ
626 245 734 277 διδάξας
748 245 783 271 τὰ
795 245 861 271 ὲκα-

65 290 143 326 ’τέρου
168 290 237 325 ἔργα
254 289 369 325 βέϐληκε
388 290 524 325 μάχαιραν
540 290 568 315 ὲν
585 290 650 324 ἡμῖν
665 289 711 315 τὸν
731 289 795 315 ἴδιον
820 289 863 315 λό-

65 343 122 368 γον·
141 335 188 362 καὶ
204 335 253 370 τὴν
272 334 389 370 Χριστοῦ
404 334 537 370 νέκρωσιν
552 336 580 361 ἐν
595 336 700 366 ἑαυτοῖς
714 335 860 371 περιφέρο-

67 391 127 418 μεν,
141 382 188 408 καὶ
201 382 235 417 ζῇ
253 382 283 408 τδ
299 382 417 416 πνεῦμα,
437 381 571 416 θανούσης
594 383 658 416 ἡμῖν
676 382 726 416 τῆς
749 382 860 417 σαρκός

67 428 94 454 ἐν
110 428 209 462 ἐκείνῳ
223 427 288 462 γὰρ,
302 427 353 453 οὐχ
368 428 396 453 ἐν
409 426 495 463 ταύτῃ
511 427 667 462 σπείρομεν,
681 427 724 454 ἵνα
742 427 777 463 μὴ
793 427 862 462 θερί-

67 482 158 510 σωμεν
172 474 286 510 φθορὰν,
301 473 368 500 ἀλλὰ
384 472 456 509 ζωὴν
471 472 590 499 αἰώνιον.

102 565 147 591 I5.
169 564 311 597 Σπείρατε
333 563 457 597 πυρούς.
485 562 668 598 Σπείρουσιδὲ
683 563 789 598 πυροὺς
812 563 861 589 καὶ

64 609 221 645 Θερίζουσιν
240 609 361 640 ἀκάνθας
373 609 397 635 oi
408 609 463 640 τοῖς
477 609 526 644 μὲν
540 608 629 642 λόγοις
640 608 796 642 ὁμιλοῦντες
813 607 861 634 τοῦ

65 654 144 687 Θεοῦ,
165 654 202 690 μὴ
224 654 324 686 ζῶντες
345 654 373 680 δὲ
393 654 454 680 κατ’
479 653 559 686 αὐτὰ,
585 653 602 689 ἢ
630 653 802 684 πιστεύοντες
824 653 862 685 ὡς

67 701 164 732 παῖδες
181 700 337 736 αἱρετικῶν.

102 746 147 772 15.
170 745 224 772 Καὶ
247 744 352 779 κλῆροι
375 744 474 771 αὐτῶν
493 745 550 771 οὐκ
574 743 790 778 ὠφελήσουσιν
807 744 861 770 αὺ-

66 791 146 823 τούς.
166 790 263 824 Δέγοις
279 789 302 816 δ’
320 789 353 816 ἂν
372 789 438 824 μηδὲ
449 790 513 821 τοὺς
526 789 637 825 ἔχοντας
649 789 747 824 κλῆρον
762 788 861 823 ἐκκλη-

67 836 209 862 σιαστικὸν
223 835 339 870 ὀφείλειν
352 835 398 861 ἐπὶ
412 834 499 870 τοῦτῳ
512 835 636 871 θαρρεῖν,
651 835 689 867 ὡς
710 835 806 867 σώζειν
817 834 862 861 δυ-

916 248 982 270 tunc
992 243 1064 270 enim
1079 251 1132 269 non
1144 244 1373 278 concupiscebam
1387 245 1515 273 adversus
1533 253 1562 273 se
1578 246 1703 274 invicem.

913 288 966 321 Qui
982 293 1072 315 autem
1082 288 1229 323 ,ulriusque
1243 297 1325 323 opera
1340 290 1443 322 docuit,
1457 291 1532 318 misit
1544 292 1571 318 in
1588 299 1638 318 nos
1650 293 1706 325 gla-

913 334 1000 367 dium,
1018 341 1170 361 sermonem
1194 335 1352 369 proprium;
1382 341 1408 362 et
1433 337 1533 364 Christi
1556 337 1706 365 mortiﬁca-

915 379 1015 407 tionem
1032 379 1058 406 in
1076 379 1154 406 nobis
1171 379 1401 411 eircuml'erimus.
1424 389 1560 417 carnequ
1582 383 1608 409 in
1628 384 1705 409 nobis

912 429 1047 457 emortua,
1071 424 1184 459 spiritus
1210 425 1290 457 vivit;
1312 425 1338 452 in
1355 425 1402 452 illo
1418 426 1509 458 enim,
1531 435 1585 453 non
1609 428 1634 453 in
1655 427 1706 454 hac

914 470 1091 501 semiuamus,
1107 478 1140 496 ne
1161 470 1374 505 corruptionem,
1399 471 1444 498 sed
1468 471 1551 498 vitam
1576 476 1704 498 aeternam

915 520 1060 543 metamus.

952 562 994 588 I5.
1015 561 1149 588 Sentinate
1161 561 1294 596 frumenta
1307 563 1341 589 '7.
1356 562 1496 589 Seminant
1511 571 1574 590 vero
1586 556 1706 591 Irumen;

915 611 983 638 tum,
999 615 1031 634 ac
1047 607 1140 642 spinas
1153 608 1294 634 demetunt
1310 609 1357 642 qui
1372 609 1453 635 verba
1469 608 1516 635 Dei
1533 609 1642 636 assidue
1655 615 1707 636 tra-

911 658 998 685 ctant,
1014 655 1060 681 sed
1073 661 1126 680 non
1139 653 1236 680 vivunt
1249 658 1279 680 ut
1294 654 1338 681 illa
1352 655 1524 689 praecipiunt,
1534 655 1575 681 vel
1590 655 1707 682 credunt.

913 703 944 726 ut
960 699 1090 726 haeretici.

950 744 994 770 I5.
1015 743 1086 771 Cleri
1106 753 1197 771 eorum
1209 753 1260 772 non
1273 745 1415 779 proderunt
1433 745 1469 772 eis
1481 746 1513 773 9‘.
1529 745 1608 773 Dicas
1622 745 1704 773 etiam

913 793 939 816 et
950 789 1024 817 clero
1044 790 1232 818 ecclesiastico
1247 791 1381 825 ascriptus
1393 798 1446 818 nou
1460 791 1558 819 debere
1571 792 1608 818 illi
1622 792 1705 819 ﬁdere

913 835 992 869 quasi
1015 835 1103 869 possit
1131 836 1177 863 ille
1201 843 1297 863 omnes
1320 837 1425 863 salvare
1447 837 1473 862 in
1501 836 1601 871 quibus
1624 837 1706 864 inest.

66 883 178 918 ναμένῳ
191 883 295 914 πάντας
317 883 382 914 τοὺς
402 882 521 917 ἔχοντας.
540 882 622 908 Πόσοι
648 881 702 916 γὰρ
721 882 756 908 δι’
775 881 862 916 έργων

950 883 988 906 IOI.
1006 880 1079 907 enim
1098 879 1177 908 factis
1200 881 1265 915 ipsis
1282 881 1429 908 miserrimi
1451 881 1557 908 eﬂ'ecti?
1587 881 1608 907 Ε
1629 883 1706 908 Iaicis

70 928 212 963 ιιγόνασιν
237 928 342 961 ἄθλιοι;
369 929 402 954 ὲκ
425 927 527 954 λαῑκῶν
554 927 583 954 δὲ
608 927 686 954 πόσοι
713 927 861 962 μακάριοι;

64 974 140 1009 Πλὴν
171 974 279 1000 δυνατοὶ
306 973 426 1005 δυνατῶς
457 972 664 1008 ὲτασθήσονται.
699 972 780 999 Καθὰ
808 972 863 1008 γὰρ

66 1020 175 1051 Παῦλός
187 1029 263 1055 φησι·
288 1019 421 1054 Ζητεῖται
436 1018 471 1046 δὲ
487 1019 521 1045 ἐν
534 1019 596 1052 τοῖς
619 1019 796 1053 οἰκονόμοις,
814 1019 864 1045 ἵνα

66 1066 177 1098 πιστός
191 1074 236 1098 τις
249 1064 366 1099 εὑρεθῇ.

103 1112 148 1138 15.
169 1111 358 1146 Αισχύνθητε
378 1111 436 1138 ἀπὸ
453 1110 630 1145 καυχήσεως
642 1109 734 1144 ὑμῶν.
752 1110 863 1146 Καὺχη-

67 1166 110 1184 σιν
120 1157 275 1192 ὀνειδισμοῦ
292 1157 340 1184 καὶ
354 1157 483 1192 αἰσχύνης
497 1157 564 1191 φησὶ
574 1155 623 1191 τὴν
635 1157 682 1182 ἐπὶ
698 1155 805 1191 πλούτῳ
817 1156 865 1182 καὶ

67 1203 149 1239 ῥώμῃ
164 1203 212 1230 καὶ
233 1203 325 1229 κάλλει
343 1203 391 1230 καὶ
409 1202 465 1229 τῶν
488 1201 589 1237 ὁμοίων
606 1202 781 1237 σωματικῶν.
800 1202 860 1228 Κᾶν

67 1247 134 1284 ἔχῃς
145 1247 175 1274 δέ
191 1256 217 1274 τι
235 1247 395 1283 προτέρημα
414 1247 538 1282 ψυχικὸν,
554 1247 585 1273 οὐ
603 1247 729 1282 καυχήσῃ
741 1246 865 1282 πειθόμε-

67 1299 112 1322 νος
137 1290 177 1325 τῷ
194 1290 308 1325 λέγοντι·
332 1290 379 1325 Μὴ
403 1290 565 1325 καυχάσθω
588 1292 604 1317 ό
624 1291 813 1326 φρόνιμοςὲν
826 1290 865 1325 τῇ

66 1335 216 1370 φρονήσει
230 1335 333 1368 αὑτοῦ,
348 1336 434 1370 ἰσχύϊ
448 1344 479 1362 τε
503 1336 552 1362 καὶ
568 1337 698 1369 πλούτῳ,
716 1336 764 1363 ἀλλ
781 1337 809 1364 ὲν
825 1337 866 1372 τῷ

67 1381 189 1408 συνιέναι
204 1382 251 1407 καὶ
263 1380 408 1415 γινώσκειν
422 1381 466 1407 τὸν
487 1380 600 1416 Κύριον,
617 1381 714 1415 λέγων·
740 1381 816 1416 Ἐμοὶ
831 1381 865 1408 δὲ

63 1427 109 1462 μὴ
123 1427 239 1462 γένοιτο
254 1426 423 1461 καυχᾶσθαι
443 1428 469 1453 ει
487 1426 530 1461 μὴ
557 1421 592 1453 ἐν
612 1426 652 1459 τῷ
672 1426 792 1461 σταυρῷ
810 1428 865 1454 τοῦ

67 1473 181 1506 Κυρίου
195 1472 279 1507 ἡμῶν
302 1472 399 1506 Ἰησοῦ
420 1472 559 1506 Χριστοῦ·
582 1473 629 1499 καὶ
645 1473 735 1500 πάλιν·
756 1473 865 1507 ἣδιστα

67 1518 261 1553 καυχήσομαι
279 1519 314 1545 ἐν
329 1518 394 1551 ταῖς
408 1518 578 1551 ἀσθενείαις
589 1527 660 1552 μου,
676 1519 727 1545 ἵνα
741 1519 868 1554 ἐπισκη-

66 1565 153 1600 νώσῃ
166 1565 213 1591 ἐπ’
229 1564 281 1599 ἐμὲ
300 1565 318 1599 ἡ
332 1564 459 1600 δύναμις
471 1565 525 1592 τοῦ
540 1564 680 1598 Χριστοῦ.

398 1611 476 1638 ΚΕΦ.
497 1611 546 1639 II".

105 1657 150 1683 12.
172 1656 235 1689 Πᾶς
256 1656 353 1689 ἀσκὸς
376 1657 605 1691 πληρωθήσεται
624 1660 719 1687 οἴνου.
741 1658 865 1694 Δευτέρῳ

67 1702 170 1738 χρῆται
196 1702 395 1737 παραδείγματι
417 1702 470 1729 τῶν
489 1703 598 1735 ἀσκῶν,
628 1704 669 1731 ὅτι
699 1705 752 1736 πᾶς
783 1704 865 1735 ἀσκὸς

68 1747 281 1784 πληρωθήσεται
305 1748 387 1780 οἴνου,
410 1748 496 1777 καίτοι
534 1751 581 1777 καὶ
606 1751 696 1777 ἐλαίου
716 1751 763 1777 καὶ
776 1750 865 1777 ἄλλων

67 1793 173 1829 ὑγρῶν·
196 1794 268 1825 τινὲς
293 1793 321 1820 δὲ
338 1794 385 1820 καὶ
400 1794 510 1829 μένουσι
531 1796 613 1828 κενοὶ,
629 1795 675 1823 ἐὰν
691 1796 799 1831 γνῶμεν
816 1795 865 1828 τὰς

66 1840 126 1866 τῶν
141 1840 222 1866 οἴνων
240 1839 381 1875 διαφορὰς,
400 1841 447 1867 καὶ
465 1841 496 1867 τὸ
510 1841 597 1876 παρὸν
614 1841 713 1877 ἀληθὲς
726 1841 866 1877 δειχθήσε-

67 1893 125 1912 ται.
155 1885 251 1911 Ἔστιν
264 1883 310 1912 οὖν
333 1884 404 1918 οἶνος
420 1886 505 1922 θυμὸς
530 1887 684 1922 δρακόντων
701 1888 733 1914 ὲκ
754 1887 864 1922 βότρυος

66 1930 199 1965 πικρίας,
217 1930 264 1956 καὶ
279 1931 401 1966 ἀμπέλου
418 1931 553 1966 Σοδόμων,
568 1932 606 1964 ὡς
619 1932 783 1967 γέγραπται·
807 1932 864 1959 ἐστι

66 1977 116 2002 καὶ
132 1976 256 2010 ἄμπελος
272 1976 428 2010 Αἰγυπτίων
443 1977 476 2012 ῆν
493 1978 627 2005 πατάσσει
646 1979 660 2004 ὁ
679 1977 745 2010 Θεὸς
763 1978 793 2004 ὲν
817 1987 865 2013 χα-

66 2021 149 2057 λάζῃι
167 2021 225 2048 ἔστι
236 2022 282 2048 καὶ
296 2022 425 2058 ποτήριον
438 2023 540 2058 Κυρίου
559 2023 703 2058 μεθύσκον,
715 2024 752 2056 ὡς
763 2024 866 2059 γέγρα-

65 2076 148 2098 mat,
164 2067 321 2102 κράτιστον
337 2068 383 2094 καὶ
401 2068 418 2102 ἡ
436 2068 516 2103 σοφία
530 2068 660 2103 συγκαλεῖ
676 2069 722 2096 ἐπὶ
735 2069 782 2096 τὸν
802 2069 865 2095 ἑαυ-

63 2114 118 2149 τῆς
136 2113 272 2148 κρατῆρα,
288 2113 381 2146 Δεῦτε,
402 2114 530 2148 λέγουσα,
549 2116 650 2150 φάγετε
663 2116 717 2143 τῶν
728 2115 802 2151 ἐμῶν
815 2115 865 2151 ἄρ-

63 2167 134 2190 των,
155 2160 205 2186 καὶ
225 2160 302 2186 πίετε
320 2157 391 2187 οἶνον
410 2160 441 2188 ὃν
462 2161 602 2196 κεκέρακα
615 2162 690 2197 ὑμῖν·
708 2162 755 2188 καὶ
771 2161 862 2189 πάλιν·
886 2183 888 2185 .

915 931 980 951 vero
994 929 1062 959 quot
1078 925 1274 952 beatitudinem
1291 926 1427 952 assecuti?
1440 925 1573 952 Caeterum
1589 931 1706 960 potente;

913 972 1032 1002 potenter
1052 969 1278 996 examinabuntur
1297 970 1332 996 '°.
1359 969 1393 997 Ut
1411 971 1483 997 enim
1507 969 1608 997 Paulus
1625 970 1705 997 ait‘:

915 1013 1051 1046 Quwritur
1058 1015 1129 1042 inter
1136 1015 1330 1049 dispensatores
1342 1020 1370 1042 ut
1381 1016 1468 1050 ﬁdelis
1477 1017 1535 1051 quis
1546 1017 1705 1043 inveniatur.

950 1105 1031 1139 292
1044 1105 1087 1132 15.
1105 1105 1306 1140 Confundimini
1319 1114 1335 1132 α
1351 1106 1508 1140 gloriatione
1524 1112 1609 1133 vestra
1622 1107 1642 1132 ’.
1662 1107 1707 1133 Ja-

914 1150 1043 1177 ctantiam
1059 1150 1152 1184 probri
1170 1155 1197 1177 et
1207 1151 1378 1178 verecundia:
1389 1151 1437 1182 ait,
1452 1159 1513 1185 quae
1531 1151 1643 1183 divitiis,
1659 1159 1704 1178 ro—

913 1195 996 1228 bore,
1024 1195 1240 1230 pulchritudine,
1266 1196 1427 1230 ceterisque
1449 1196 1572 1231 corporis
1596 1197 1706 1224 dotibus

915 1241 1050 1269 innititur.
1066 1241 1144 1274 Quod
1165 1242 1188 1269 si
1209 1242 1273 1268 dote
1295 1241 1388 1276 aliqua
1409 1242 1493 1268 animi
1511 1247 1634 1276 prastas,
1652 1251 1705 1270 non

915 1287 1086 1322 gloriabor-is,
1112 1287 1304 1322 obtemperans
1330 1288 1428 1314 dicenti
1442 1287 1472 1315 ἐ
1497 1287 1560 1314 Non
1579 1289 1707 1323 glorielur

914 1333 1028 1368 prudens
1042 1333 1070 1361 iu
1083 1333 1225 1367 prudentia
1239 1341 1299 1366 sua,
1322 1333 1414 1360 robore
1431 1338 1456 1360 et
1473 1333 1585 1366 divitiis,
1609 1335 1656 1361 sed
1679 1336 1705 1361 in

915 1379 1071 1414 cognitione
1092 1386 1124 1406 ac
1146 1379 1320 1414 perceptione
1339 1379 1465 1412 Domini,
1485 1380 1620 1408 dicens‘:
1638 1380 1706 1408 Milli

916 1430 1003 1451 autem
1022 1424 1091 1451 absit
1106 1425 1235 1460 gloriari,
1265 1426 1317 1452 nisi
1342 1426 1369 1452 in
1393 1434 1468 1452 cruce
1496 1426 1600 1453 Domini
1622 1427 1706 1453 nostri

914 1469 978 1497 Iesu
993 1470 1111 1502 Christi;
1124 1475 1152 1497 et
1168 1471 1266 1498 iterum
1280 1471 1290 1486 ³
1305 1480 1311 1498 ;
1328 1470 1470 1498 Gloriabor
1490 1473 1517 1498 in
1536 1472 1706 1507 inﬁrmitati-

917 1515 964 1542 bus
979 1515 1056 1548 meis,
1072 1520 1100 1542 ιιι
1114 1515 1243 1542 inhabitet
1257 1516 1285 1542 in
1298 1524 1337 1542 me
1350 1516 1432 1543 virtus
1443 1516 1552 1544 Christi.

1226 1617 1302 1644 CAP.
1324 1616 1394 1644 XIII.

951 1662 995 1689 12.
1018 1661 1110 1689 Omnis
1131 1666 1190 1688 uter
1205 1662 1360 1697 implebitur
1383 1663 1441 1689 vino
1460 1663 1480 1691 ‘.
1503 1662 1629 1690 Secundo
1655 1664 1706 1691 hoc

916 1708 1002 1736 utitur
1017 1709 1119 1736 utrium
1137 1709 1272 1744 exemplo,
1282 1710 1353 1744 quod
1376 1710 1465 1737 omnis
1487 1714 1548 1737 uter
1570 1711 1634 1737 vino
1654 1711 1705 1736 im-

916 1753 1044 1788 plebitur.
1061 1753 1114 1781 Sed
1134 1754 1157 1781 si
1174 1755 1300 1782 vinorum
1325 1755 1491 1783 differentias
1514 1756 1704 1791 percipiamus,

915 1802 943 1825 et
956 1800 1008 1826 hoc
1025 1799 1131 1826 veritati
1152 1799 1277 1827 innixum
1294 1801 1564 1829 commonstrabitur.
1585 1801 1632 1828 Est
1654 1802 1705 1836 igi-

916 1849 960 1871 tur
972 1844 1066 1871 viuum
1087 1844 1164 1871 furor
1184 1844 1335 1872 draconum
1355 1853 1388 1873 ex
1406 1845 1485 1873 botro
1504 1847 1705 1878 amaritudinis.

915 1893 943 1915 et
958 1889 1035 1916 vinea
1055 1888 1250 1923 Sodomorum,
1265 1893 1294 1916 ut
1308 1891 1439 1925 scriptum
1449 1892 1459 1907 ⁷
1472 1891 1605 1926 legimus;
1622 1896 1664 1919 est
1679 1897 1706 1919 et

916 1934 1105 1970 Egyptiorum
1120 1935 1194 1969 vitis,
1217 1943 1300 1970 quam
1317 1936 1472 1964 diverberat
1488 1937 1560 1964 Deus
1577 1938 1603 1964 in
1624 1946 1705 1972 gran-

915 1981 978 2007 dine
988 1980 1010 2013 ⁸;
1030 1984 1072 2007 est
1092 1984 1120 2007 et
1138 1980 1207 2007 calix
1225 1980 1334 2008 Domini
1353 1981 1503 2013 inebrians,
1523 1986 1551 2008 ut
1573 1983 1704 2017 scriptum

915 2029 969 2057 est,
983 2025 1249 2059 praeclarissimus’:
1270 2030 1298 2052 et
1313 2026 1447 2061 sapientia
1468 2032 1548 2054 vocat
1568 2028 1601 2055 ad
1623 2036 1703 2055 suum

915 2072 1055 2105 poculum,
1075 2072 1116 2098 eia
1137 2072 1219 2107 agite,
1236 2072 1284 2104 ait,
1308 2072 1442 2100 comedite
1459 2080 1475 2099 ε
1491 2074 1558 2101 meis
1576 2075 1704 2108 panibus,

915 2121 942 2144 et
967 2117 1051 2144 bibite
1069 2118 1164 2144 vinum
1182 2117 1256 2152 quod
1281 2118 1442 2145 commiscui
1467 2119 1545 2146 vobis
1557 2119 1589 2152 ‘°;
1605 2125 1630 2147 et
1653 2120 1705 2147 ite-

915 2171 999 2190 rum:
1019 2163 1140 2190 viuetum
1166 2163 1269 2191 factum
1294 2167 1337 2190 est
1359 2163 1492 2191 dilecti".
1518 2164 1566 2192 Est
1589 2170 1615 2192 et
1641 2167 1705 2194 vitis

69 2205 221 2240 ’Δμπελὼν
234 2205 351 2241 ἐγενήθη
360 2205 399 2241 τῷ
409 2206 589 2242 ἠγαπημένῳ·
605 2206 662 2233 ἐστι
681 2207 729 2234 καὶ
743 2207 862 2242 ἄμπελος

950 2216 1000 2236 »νοις
1017 2209 1101 2236 electa
1121 2209 1153 2235 ".
1174 2207 1270 2237 Omnis
1290 2210 1383 2245 itaque
1402 2210 1485 2238 homo
1508 2211 1621 2246 ﬁgurate
1641 2220 1705 2239 cum

62 2250 168 2286 Σωρὴκ
181 2251 307 2286 ὲκλεκτή.
321 2251 378 2283 Πᾶς
389 2248 434 2278 οὖν
448 2251 590 2288 ἄνθρωπος
603 2253 741 2288 τροπικῶς
756 2261 864 2289 χρημα-

61 2297 152 2330 τίζων
167 2297 252 2328 ἀσκὸς
267 2298 339 2324 οἴνου
359 2298 512 2333 χωρητικός
523 2299 580 2325 ἐστι
596 2298 758 2334 κρείττονος,
774 2298 790 2333 ἢ
808 2298 864 2334 χεί-

63 2351 157 2378 ρονος,
174 2341 192 2377 ἢ
208 2342 309 2377 ἀναμὶξ
321 2342 494 2378 ἀμφοτέρων,
505 2343 552 2370 καὶ
563 2343 580 2378 ἢ
595 2344 702 2379 ἐπίσης,
717 2344 734 2379 ἢ
751 2343 861 2378 μᾶλλον,

62 2390 113 2415 καὶ
133 2386 219 2424 ἦττον
244 2388 370 2425 θατέρου·
388 2389 435 2416 τοῦ
450 2390 501 2425 μὲν
519 2390 621 2424 φαύλου
633 2389 777 2425 δεχομένου
788 2390 819 2416 τὸ
833 2389 863 2422 ἐξ

62 2434 251 2470 ἀμφοτέρων,
270 2434 395 2469 Σοδόμων
419 2435 466 2461 καὶ
492 2435 661 2469 Αἰγυπτίων,
683 2434 737 2462 τῶν
758 2434 863 2470 ἐχθρῶν

68 2479 198 2515 Ἰσραὴλ,
215 2478 262 2505 τοῦ
281 2479 308 2505 δὲ
322 2479 425 2514 ἀγαθοῦ
444 2479 489 2506 τὸν
503 2480 535 2507 ὲκ
550 2481 681 2515 ποτηρίου
699 2480 801 2516 Κυρίου
816 2479 864 2506 καὶ

61 2525 198 2561 κρατῆρα
214 2524 265 2559 τῆς
283 2525 388 2559 σοφίας·
401 2525 448 2552 καὶ
459 2525 497 2560 τῷ
511 2526 560 2561 μὲν
577 2525 728 2561 παρέπεται
742 2526 862 2561 τιμωρία

61 2571 140 2598 κατὰ
152 2570 195 2602 τδ,
206 2569 285 2597 Λάϐε
293 2570 326 2597 τὸ
340 2570 484 2605 ποτήριον
495 2571 548 2598 τοῦ
557 2571 651 2602 οινου,
668 2572 716 2598 καὶ
729 2571 861 2605 ἀκράτου

60 2618 191 2650 τούτου,
201 2617 250 2644 καὶ
262 2617 373 2651 «anei;-
379 2617 480 2644 ,πάντα
486 2617 522 2644 τὰ
529 2617 601 2651 ἔθνη
606 2638 612 2650 ,
629 2618 703 2651 πρὸς
709 2618 727 2644 ἃ
734 2617 792 2651 ἐγὼ
797 2618 861 2644 ἐπι-

59 2663 191 2691 στέλλω
201 2670 237 2690 σε
249 2662 323 2697 πρὸς
337 2663 459 2696 αὐτοὺς,
474 2662 513 2698 τῷ
533 2663 651 2698 Ἱερεμίᾳ
665 2663 757 2698 φησίνο
803 2663 861 2689 ἑπι-

914 2254 950 2281 sit
964 2258 1034 2285 uter,
1056 2261 1142 2288 capax
1166 2257 1207 2281 est
1229 2254 1285 2281 vini
1303 2254 1435 2288 melioris,
1453 2260 1501 2282 aut
1521 2255 1634 2290 pejoris,
1657 2261 1706 2282 aut

914 2299 1015 2327 mistim
1041 2299 1199 2334 utriusque,
1222 2304 1250 2327 et
1274 2300 1316 2327 vel
1341 2300 1482 2335 aequaliter
1503 2301 1546 2328 vel
1569 2301 1656 2335 magis
1676 2307 1706 2329 et

913 2345 1005 2372 minus
1030 2345 1160 2377 alterius;
1184 2353 1269 2380 pravo
1292 2345 1401 2380 quidem
1419 2354 1452 2373 ex
1475 2350 1592 2380 utroque
1610 2346 1703 2372 vinum

913 2387 1037 2422 capiente
1050 2387 1234 2415 Sodomorum
1247 2387 1372 2415 videlicet
1378 2392 1405 2416 et
1412 2387 1613 2424 Egyptiorum,
1621 2388 1704 2417 Israel

915 2433 1051 2466 hostium;
1066 2433 1137 2460 bono
1150 2440 1215 2460 vero
1226 2433 1320 2460 vinum
1339 2441 1355 2461 e
1371 2433 1455 2461 calice
1470 2433 1576 2461 Domini
1591 2438 1619 2462 et
1638 2441 1704 2461 cra-

914 2483 970 2506 tere
984 2479 1124 2513 sapientiae
1136 2489 1142 2506 :
1157 2484 1184 2506 et
1200 2479 1273 2506 hunc
1287 2479 1396 2514 quidem
1407 2479 1584 2514 consequitur
1597 2480 1702 2514 punitio

911 2524 989 2559 juxta
1008 2525 1073 2552 illud
1086 2525 1109 2541 ¹³
1122 2535 1128 2552 :
1143 2525 1238 2560 Accipe
1253 2525 1377 2559 poculum
1397 2526 1451 2552 riui
1472 2530 1497 2552 et
1518 2527 1583 2552 meri
1604 2524 1701 2560 Imjits;

911 2576 936 2598 et
952 2570 1028 2598 dabis
1048 2575 1168 2606 palatum
1189 2570 1308 2597 omnibus
1327 2571 1445 2605 gentibus
1466 2571 1501 2598 ad
1522 2579 1587 2606 quas
1608 2579 1654 2606 ego
1676 2576 1701 2598 te

913 2617 1000 2651 mitto,
1016 2616 1141 2645 Jeremim
1166 2617 1213 2649 ait,
1237 2617 1337 2651 quibus
1360 2617 1489 2649 adnectit,
1513 2622 1538 2644 et
1559 2618 1657 2649 bibent,
1675 2622 1701 2644 et

913 2667 1039 2694 evoment,
1054 2666 1078 2689 et
1093 2662 1210 2695 savium,
1223 2666 1247 2688 et
1266 2662 1412 2690 concident.
1436 2662 1607 2691 Punitionem
1627 2664 1700 2691 enim

97 2780 123 2797 "
135 2777 223 2808 Hom.
244 2777 288 2805 10.
328 2778 350 2794 ’⁸
371 2777 450 2805 Hom.
471 2777 514 2804 II.
554 2778 576 2794 "
591 2777 655 2811 Sap.
669 2785 705 2807 rt,
719 2776 747 2803 7.
787 2775 862 2803 'ICc

959 2775 985 2801 2.
1007 2773 1128 2811 7’_Ilo_m.
1145 2773 1188 2800 Il.
1231 2772 1358 2811 ’.ξω-ειηζ
1379 2782 1417 2811 ut.
1432 2775 1478 2802 23.
1516 2775 1526 2790 ⁸
1542 2776 1601 2804 Gal.
1628 2785 1665 2810 vt,

62 2815 110 2842 η.
153 2815 165 2830 ⁵
179 2813 203 2840 II
216 2812 281 2840 Cor.
296 2821 344 2844 xu,
359 2813 386 2840 9.
423 2813 434 2828 ⁸
453 2812 532 2839 Ηοιιι.
550 2812 593 2839 l2.
625 2807 636 2827 θ
651 2811 756 2838 Denter.
770 2818 856 2843 xxxn,

953 2811 978 2836 ὖ.
1003 2810 1015 2826 ⁸
1037 2808 1109 2835 Psal.
1123 2807 1280 2841 cxxvtt,47.
1319 2808 1412 2836 ‘Psal.
1436 2818 1501 2841 xxu,
1515 2812 1541 2838 5.

1581 2812 1602 2827 '°
1616 2811 1697 2841 Prov.

62 2859 103 2883 ix,
121 2850 150 2877 5.
193 2848 278 2875 “Isa.
294 2856 319 2879 ν,
333 2856 352 2874 ι.
392 2848 412 2863 ¹¹
424 2847 524 2874 Jcretn.
542 2855 571 2878 ιι,
586 2847 633 2875 ‘21.
671 2847 692 2861 ’³
705 2845 805 2873 Jerem.
822 2854 862 2872 ην

955 2846 998 2872 lii.

236 2897 371 2927 ΡΑτιιοι.
393 2896 451 2926 Gn.
470 2895 555 2925 XIII.

1505 2891 1542 2921 18
