1872 3048
202 113 254 142 555

885 109 934 138 ΣΧ
952 110 1102 154 οιυοεΝε

1778 110 1820 137 ξίἴῦ

199 175 293 201 vinum
309 174 417 202 vocavit
429 181 534 201 merum
550 170 622 207 quod
639 180 717 207 pwna
730 172 906 200 acerbissima
920 173 964 208 dig

1069 172 1132 208 έρει·
1151 168 1203 198 Kal
1221 171 1349 202 πιόνται,
1366 170 1414 197 καὶ
1430 168 1633 203 ἐξεμέσονται,
1649 169 1699 195 καὶ
1711 168 1824 204 ἐκμανῆ-

199 221 316 248 bibunt:
330 221 376 248 alii
391 228 455 248 vero
467 221 579 248 dilutam
598 220 693 247 bibunt
713 227 822 254 poenam
844 219 884 246 vcl
902 227 990 246 mera-

199 267 312 294 ciorem.
333 265 401 293 Nam
417 266 490 293 ralia:
502 267 529 293 in
545 273 624 293 manu
640 265 743 291 Domini
757 265 810 292 vini
825 265 889 291 meri
899 265 989 299 plenus

199 311 315 344 potione,
338 311 524 346 reclinavitque
544 319 576 337 ea:
597 311 645 336 ltoc
665 311 691 336 in
715 310 781 342 ltoc;
800 315 918 337 attamen
938 310 991 344 [tum

200 357 282 390 ipsius
297 364 347 382 non
359 362 397 383 est
409 361 543 387 evacuate,
567 355 651 382 bibent
669 363 756 382 omnes
773 359 921 390 peccatores
939 361 992 382 ter-

199 411 237 430 ra'
250 402 281 430 “.
300 402 346 430 Est
362 410 426 430 vero
446 406 472 429 et
493 402 619 436 poculum
642 401 840 428 benedictionis
856 401 928 435 quod
951 400 992 427 bi-

200 448 356 483 buntjusti,
369 448 449 482 quale
462 452 504 474 est
519 447 584 474 illud
599 446 896 481 sapientiae,‘quodque
910 446 992 473 disci-

199 494 270 529 pulis
286 495 311 520 in
329 494 517 520 remissionem
533 497 707 527 peccatorum
723 492 857 519 exhibuit.

1044 226 1159 250 σον-ται,
1174 217 1224 244 καὶ
1236 217 1410 244 πεσοῦνται.
1426 217 1483 251 Τὴν
1498 216 1551 251 γὰρ
1564 215 1676 242 κόλασιν
1690 212 1758 241 οῐνον
1773 216 1825 242 ἑκά-

1044 264 1122 291 λεσεν
1147 263 1282 299 ἄκρατον,
1307 263 1336 289 ὃν
1360 263 1481 289 πίνουσιν
1507 263 1531 288 οἰ
1555 262 1676 297 ἀκράτου
1704 261 1825 291 κολάσεως

1044 308 1123 341 ἄξιοι.
1137 308 1228 334 ’Δλλοι
1244 307 1272 334 δὲ
1311 307 1482 343 κεκραμένην
1500 307 1605 334 πίνουσι
1620 307 1740 339 κόλασιν,
1759 305 1775 341 ἢ
1789 306 1826 332 καὶ

1045 353 1247 389 ἀκρατωτέραν·
1266 362 1275 378 ι
1294 353 1426 388 Ποτήριον
1447 352 1501 388 γὰρ
1518 353 1546 378 ὲν
1559 353 1631 387 χειρὶ
1649 352 1753 387 Κυρίου
1765 352 1824 378 οίνου

1046 399 1177 434 ἀκράτου,
1199 398 1303 434 πλῆρες
1324 398 1508 433 κεράσματος,
1531 398 1577 424 καὶ
1597 397 1702 424 ἔκλινεν
1719 398 1750 423 ἐκ
1773 397 1825 423 τοὺ-

1045 453 1091 471 του
1109 445 1148 476 είς
1162 443 1250 470 τοῦτο*
1282 443 1351 478 πλὴν
1371 444 1385 469 ὁ
1416 443 1530 478 τρυγίας
1561 443 1645 469 αὑτοῦ
1669 443 1719 469 οὐκ
1748 443 1825 475 ἐξεκε-

1003 516 1008 520 ,
1043 490 1127 526 νώθη·
1144 490 1249 517 πίονται
1265 490 1364 521 πάντες
1381 490 1405 516 οἱ
1421 489 1579 525 ἁμαρτωλοὶ
1588 489 1638 524 τῆς
1653 489 1715 523 γῆς.
1733 499 1742 514 ι
1760 488 1827 518 Ἔστι

191 528 225 568 δὲ
236 542 282 568 καὶ
296 541 423 576 ποτήριον
437 540 570 574 εὐλογίας,
586 539 600 566 ὃ
614 539 736 566 πίνουσιν
762 540 787 566 οἱ
806 539 914 566 δίκαιοι·
936 536 991 566 οἷον
1022 538 1052 565 τὸ
1077 538 1128 574 τῆς
1159 538 1266 573 σοφίας,
1292 538 1339 564 καὶ
1359 538 1428 573 ὅπερ
1448 537 1540 564 δίδωσι
1565 538 1623 568 τοῖς
1647 537 1779 572 μαθηταῖς
1794 537 1827 568 tl;

196 588 293 622 ἄφεσιν
306 586 459 622 ἁμαρτιῶν.

232 634 275 661 14.
297 633 331 660 Et
347 641 399 660 non
416 642 525 668 parcam
544 638 568 660 et
583 642 634 660 non
649 634 790 660 miserebor
801 634 833 660 η.
847 633 905 660 Non
927 641 989 668 par-

195 687 254 706 eam
270 683 296 706 et
315 679 553 707 non-miserebor.
579 678 703 706 [heretici
727 679 770 706 hic
793 680 938 713 insurgunt
960 679 987 705 in

191 728 345 751 creatorem
359 723 608 758 prophetarumquc
624 723 719 754 Deum,
735 723 892 757 ignorantes
906 730 988 757 quan-

191 775 250 798 tum
267 769 302 796 sit
318 769 420 796 bonum
443 774 470 796 et
487 769 543 796 ‘sibi
560 773 586 795 et
603 769 664 796 aliis
679 772 821 804 pcceantes
837 768 938 802 puniri.
953 776 986 795 ne

189 820 282 849 serpat
299 815 382 843 veluti
396 823 428 843 ex
443 816 523 851 293
539 817 662 842 membro
684 816 754 842 male
776 815 872 842 atl'ecto
890 822 985 841 corru-

195 862 266 896 ptela
283 862 309 888 in
327 866 413 888 totum
433 870 531 896 corpus
549 871 555 889 :
579 862 681 889 idcirco
701 865 728 888 et
747 861 829 896 judex
849 862 937 896 punit,
959 866 986 888 et

195 912 289 935 secant
305 908 414 935 medici.

511 997 587 1024 CAP.
607 997 664 1024 XV.

230 1043 257 1070 5.
270 1041 335 1075 Quis
348 1049 449 1078 parcet,
464 1047 510 1069 aut
521 1044 579 1077 quis
597 1043 802 1069 contristabitur
813 1052 892 1077 super
909 1047 933 1070 te
946 1044 986 1071 ”?

195 1088 272 1116 Sicut
290 1089 363 1116 enim
385 1097 465 1116 nemo
491 1097 553 1116 cum
576 1089 687 1116 homine
705 1089 775 1125 regis
795 1089 907 1117 inimico
920 1097 986 1117 con-

193 1134 324 1169 greditur,
338 1142 371 1161 ne
392 1135 508 1162 decretis
533 1134 614 1169 regiis
630 1135 769 1162 adversari
795 1135 926 1167 videatur,
948 1136 986 1162 ita

192 1184 220 1207 et
235 1180 354 1207 hominis
371 1180 489 1214 peccatis
507 1180 608 1207 subditi
622 1184 649 1207 et
663 1180 743 1215 ejecli
759 1188 773 1207 ιι
789 1179 853 1211 Deo,
868 1185 896 1207 ut
910 1181 985 1208 locus

193 1225 232 1252 illi
260 1225 456 1252 misericordia!
477 1226 567 1252 nullus
590 1225 625 1252 sit
642 1226 713 1260 apud
736 1225 910 1253 mitissimum
935 1225 986 1252 hu-

191 1271 439 1306 manissimumque
455 1271 555 1302 Deum.
573 1272 666 1298 nullus
689 1271 846 1306 angelorum
871 1271 986 1299 misere-

191 1317 281 1350 bitur;
309 1316 417 1352 qualem
445 1324 518 1343 nunc
541 1316 692 1344 Jerusalem
720 1315 805 1350 ponit,
822 1319 852 1342 ut
874 1323 935 1351 quae
957 1316 985 1342 in

188 1360 282 1388 Jesum
308 1361 470 1394 peccaverit,
494 1368 544 1387 nec
561 1368 615 1387 non
632 1360 748 1388 audierit
762 1361 781 1375 ”
797 1370 802 1387 :
823 1359 983 1394 Jerusalem,

192 1415 249 1441 qua:
267 1406 365 1433 occidis
379 1407 519 1441 prophetas
533 1411 558 1433 et
571 1406 677 1441 Iapidas
695 1407 789 1433 missos
810 1406 845 1432 ad
861 1411 895 1438 te,
920 1414 985 1440 quo-

191 1453 240 1478 ties
254 1453 323 1479 volui
339 1459 496 1487 congregare
512 1452 584 1487 ﬁlios
601 1458 671 1486 tuos,
691 1453 908 1487 quemadmodum
928 1453 982 1479 avis
997 1466 1017 1494 Ο

188 1503 328 1532 congregat
344 1498 431 1532 pullos
454 1506 516 1525 suos
540 1497 588 1525 sub
612 1498 676 1532 alis,
700 1503 725 1525 et
751 1497 873 1525 noluistis
892 1496 981 1525 lEcce

190 1543 351 1578 relinquetur
365 1544 459 1570 donius
478 1548 565 1570 vestra
578 1544 693 1570 deserta.
712 1543 806 1579 Angeli
824 1543 915 1578 itaque
934 1545 979 1578 qui

189 1593 298 1620 semper
309 1586 460 1613 Jerusalem
473 1595 552 1621 opem
574 1587 669 1620 tulere,
683 1595 730 1621 per
744 1595 813 1622 quos
829 1588 882 1615 lata
898 1593 924 1614 et
939 1588 981 1615 lex

178 1631 319 1663 Mosaica,
333 1640 429 1666 nempe
444 1632 472 1659 in
487 1633 668 1667 dispositione
680 1634 839 1668 angelorum
856 1634 883 1660 in
898 1641 979 1661 manu

190 1676 349 1704 mediatoris
363 1677 396 1709 η,
410 1685 463 1704 non
476 1677 617 1712 adjuvant,
634 1686 688 1705 non
704 1679 912 1712 contristantur,
926 1687 980 1707 non

190 1722 306 1749 redeunt
331 1727 360 1749 ut
380 1722 414 1750 de
437 1723 510 1750 illius
533 1731 598 1758 pace
623 1731 717 1758 preces
740 1723 890 1751 etfundant.
911 1724 980 1752 Dum

189 1768 262 1795 enim
278 1776 368 1803 parva:
383 1773 461 1796 erant
479 1769 648 1803 iniquitates,
664 1777 717 1797 non
740 1770 912 1802 deserebant,
934 1771 981 1798 sed

188 1812 244 1840 illis
265 1813 527 1848 ingravescentibus,
545 1814 582 1841 ita
608 1819 637 1841 ut
658 1819 684 1841 et
700 1814 792 1842 Jcsum
816 1817 980 1849 occiderem,

188 1858 360 1886 dimiserunt.
377 1857 447 1885 Nam
471 1859 494 1885 si
514 1859 553 1886 vir
571 1860 716 1893 peccaverit
737 1864 861 1888 adversus
885 1862 980 1894 virum,

185 1905 274 1932 adhuc
290 1904 404 1931 orabunt
419 1912 467 1939 pro
486 1904 545 1937 illo,
570 1905 593 1932 si
617 1913 676 1932 vero
693 1907 837 1940 peccat-erit
856 1907 980 1934 adversus

186 1950 341 1987 Dominum,
357 1951 415 1985 quis
428 1954 475 1984 pr‘o
492 1958 522 1976 eo
538 1950 648 1985 supplex
666 1951 848 1985 deprecabitur
861 1951 899 1978 ”?

1078 633 1121 660 14.
1142 633 1198 660 Καὶ
1218 633 1254 660 σὺ
1278 633 1429 667 φείσομαι,
1454 632 1502 659 καὶ
1526 632 1581 659 οὐκ
1595 632 1780 666 οίιιτειρήσω.
1796 632 1826 658 Τὸ

1041 677 1080 709 δὲ,
1096 678 1132 703 Οὐ
1146 677 1284 712 φείσομαι,
1305 677 1365 703 οὐδὲ
1385 677 1558 712 οἰκτειρήσω·
1572 677 1603 703 UE
1620 677 1677 704 ἀπὸ
1692 677 1746 704 τῶν
1763 677 1827 712 αἱρέ-

1041 732 1109 750 σεων
1126 723 1320 758 ἑπεμϐαἰνουσι
1333 722 1372 758 τῷ
1394 722 1565 758 δημιουργῷ,
1582 723 1628 749 καὶ
1643 722 1682 758 τῷ
1696 722 1749 749 τῶν
1768 730 1825 757 προ-

1041 769 1133 805 φητῶν
1152 768 1227 804 θεῷ,
1247 769 1409 802 ἀγνοοῦντες
1429 769 1511 795 πόσον
1531 768 1632 803 ἀγαθὸν
1648 767 1827 804 τιμωρηθῆναι

1037 815 1100 846 τοὺς
1115 815 1324 849 ἁμαρτάνοντας
1337 814 1384 840 καὶ
1396 813 1487 845 αὐτοῖς
1507 813 1553 840 καὶ
1566 814 1623 845 τοῖς
1633 813 1736 845 ἄλλοις,
1751 812 1786 844 ὡς
1796 813 1826 848 μὴ

1037 860 1080 887 διὰ⁵
1091 860 1200 887 πάντων
1211 860 1321 895 δοθῆναι
1340 860 1390 895 τὴν
1406 859 1494 895 λύμην
1507 860 1545 891 ὼς
1563 860 1596 886 ἐκ
1617 859 1718 895 μέλους
1733 867 1831 893 νενοση-

1037 905 1115 937 κότος
1136 905 1209 932 ἂπαν
1228 905 1258 931 τὸ
1277 905 1365 940 σῶμα·
1380 905 1420 931 διὸ
1442 905 1488 931 καὶ
1504 904 1634 940 δικαστὴς
1651 903 1771 936 κολάζει,
1786 907 1827 933 καὶ

1036 951 1181 987 τέμνουσιν
1198 951 1294 987 ἰατροί.

1368 997 1450 1023 ΚΕΦ.
1465 997 1516 1024 ΙΕ’.

1075 1042 1101 1070 5.
1116 1043 1163 1076 Τίς
1171 1043 1317 1077 φείσεται,
1326 1041 1345 1076 ἢ
1357 1042 1402 1074 τίς
1414 1042 1558 1069 δειλιάσει
1571 1042 1620 1068 ἐπὶ
1633 1042 1686 1069 σοι’
1697 1049 1705 1073 ;
1724 1042 1766 1073 Ὠς
1778 1041 1824 1077 γὰρ

1037 1088 1124 1120 οὐδεὶς
1137 1088 1274 1123 ἀνθρώπῳ
1287 1087 1408 1122 πολεμίῳ
1421 1086 1552 1122 βασιλέως
1565 1088 1738 1123 συνέρχεται,
1747 1086 1784 1122 τῷ
1792 1086 1823 1121 μὴ

1036 1134 1123 1161 δοκεῖν
1142 1133 1366 1169 δυσαρεστεῐσθαι
1395 1133 1478 1168 ψήφῳ
1503 1132 1641 1167 βασιλικῇ,
1666 1132 1753 1164 οὕτως
1771 1131 1823 1158 οὐδὲ

1036 1180 1083 1207 τὸν
1113 1179 1180 1215 [ὃςῗ]
1213 1181 1254 1214 ἐφ’
1283 1179 1431 1214 ἁμαρτίαις
1455 1179 1575 1215 ἀποὸολῇ
1604 1179 1652 1206 τοῦ
1682 1178 1772 1212 Θεοῦ,
1794 1178 1825 1208 ὡς

1038 1224 1105 1260 μηδὲ
1124 1232 1216 1259 χωραν
1230 1223 1301 1258 ἔχειν
1323 1224 1415 1255 ἐλέους
1432 1224 1507 1259 παρὰ
1525 1223 1564 1259 τῷ
1581 1222 1824 1259 φιλανθρωποτάτψ

1035 1269 1105 1304 Θεῷ,
1116 1269 1170 1296 τῶν
1184 1269 1307 1303 ἀγγέλων
1318 1269 1405 1300 οὐδεὶς
1421 1268 1453 1295 ἂν
1465 1269 1585 1304 ἐλεήσεν.
1613 1269 1711 1295 ὁποίαν
1722 1269 1768 1295 νῦν
1783 1268 1825 1302 τὴν

1042 1314 1218 1351 Ἰερουσαλὴμ
1229 1315 1397 1346 ὑποτίθεται,
1407 1314 1586 1350 ἁμαρτοῦσαν
1603 1314 1653 1349 μὲν
1667 1315 1709 1346 εἰς
1720 1314 1764 1340 τὸν
1779 1315 1824 1347 ἰη-

1037 1361 1110 1393 σοῦν,
1126 1361 1281 1387 ἀκούσασαν
1296 1360 1335 1392 δὲ,
1359 1360 1569 1394 Ἰερουσαλὴμ,
1585 1360 1605 1394 ἡ
1628 1360 1826 1387 ἀποκτείνασα

1035 1406 1106 1439 τοὺς
1120 1406 1276 1441 προφήτας
1297 1405 1346 1432 καὶ
1366 1400 1569 1432 λιθοϐολοῦσα
1589 1405 1661 1438 τοὺς
1678 1405 1824 1432 ἀπεσταλ-

1032 1451 1144 1485 μένους
1161 1451 1235 1485 πρὸς
1256 1450 1364 1484 αὐτὴν,
1386 1450 1516 1483 ποσάκις
1530 1450 1669 1484 ἠθέλησα
1688 1450 1825 1477 extumui-

1035 1497 1084 1528 ξαι
1103 1497 1139 1523 τὰ
1163 1497 1254 1523 τέκνα
1279 1504 1348 1528 σου,
1370 1495 1407 1522 ὃν
1426 1497 1538 1529 τρόπον
1557 1496 1640 1529 ὅρνις
1655 1494 1824 1528 ἐπισυνάγει

1034 1543 1070 1569 τὰ
1080 1542 1192 1569 νοσσία
1207 1541 1302 1576 αὐτῆς
1314 1541 1374 1569 ὑπὸ
1389 1541 1442 1574 τὰς
1455 1541 1614 1576 πτέρυγγις,
1630 1541 1681 1568 καὶ
1697 1542 1754 1568 οὐκ
1766 1541 1825 1574 ἠθε-

1032 1587 1147 1621 λήσατε
1161 1587 1172 1614 .’
1197 1587 1269 1614 Ἰδοὺ
1289 1588 1408 1621 ἀφίεται
1426 1589 1442 1614 ό
1461 1585 1545 1620 οἶκος
1560 1586 1645 1622 ὑμῶν
1660 1586 1781 1620 ἕρημος.
1797 1585 1824 1610 Oi

1033 1634 1122 1660 τοίνυν
1139 1633 1258 1668 ἄγγελοι,
1276 1634 1299 1659 οἱ
1322 1634 1366 1659 ἀεὶ
1386 1632 1570 1668 βοηθήσαντες
1588 1634 1619 1667 τῇ
1638 1631 1822 1667 Ἰερουσαλὴμ,

1033 1679 1066 1706 δι’
1079 1676 1116 1706 ὧν
1130 1680 1176 1706 καὶ
1191 1679 1277 1714 ἑτάγη
1288 1681 1302 1705 ὁ
1316 1679 1455 1711 Μωῦσέως
1467 1680 1559 1714 νόμος,
1573 1679 1714 1712 διαταγεὶς
1729 1678 1763 1704 δι’
1779 1678 1825 1710 ἁγ-

1031 1723 1119 1758 γέλων
1136 1724 1166 1750 ὲν
1180 1725 1251 1759 χειρὶ
1266 1724 1386 1759 μεσίτου,
1405 1725 1435 1750 οὺ
1456 1724 1601 1758 φείδονται,
1615 1725 1646 1750 οὐ
1665 1723 1827 1759 σκυθρωπά-

1033 1769 1133 1800 ζουσιν,
1145 1769 1193 1794 οὐκ
1205 1769 1410 1805 ἐπανέρχονται,
1423 1768 1492 1795 ὥστε
1505 1769 1696 1804 παρακαλέσαι
1707 1768 1825 1804 περὶτῆς

1033 1814 1100 1849 πρὸς
1112 1814 1161 1849 τὴν
1178 1813 1303 1849 τοιαύτην
1317 1815 1439 1850 εἰρήνης.
1463 1815 1591 1850 Σμικρὼν
1610 1814 1660 1849 μὲν
1676 1814 1733 1850 γὰρ
1746 1815 1826 1840 ὄντων

1031 1860 1084 1886 τῶν
1099 1860 1304 1895 ἁμαρτημάτων
1317 1861 1462 1894 ἐφείδοντο,
1482 1860 1606 1895 μεγάλων
1618 1860 1647 1886 δὲ
1665 1860 1824 1894 γεγονότων,

1031 1905 1069 1938 ὡς
1087 1907 1133 1933 καὶ
1154 1907 1314 1933 ἀποκτεῖναι
1332 1906 1377 1933 τὸν
1402 1905 1522 1941 Ἰησοῦν,
1544 1905 1736 1939 ἐγκατέλιπον.
1764 1906 1822 1931 'an

1032 1952 1085 1987 γὰρ
1103 1953 1257 1987 ἁμαρτάνῃ
1274 1953 1352 1986 ἀνὴρ
1366 1953 1442 1987 πρὸς
1455 1952 1561 1986 ἄνδρα,
1574 1952 1624 1979 καὶ
1638 1952 1823 1986 προσ-εὐερν-

185 2006 233 2026 (at
248 2000 314 2034 περὶ
327 1998 434 2025 αὐτοῦ’
450 1998 504 2024 ἐὰν
512 1997 546 2024 δὲ
562 2000 607 2031 εις
621 1999 730 2032 Κύριον
745 1999 904 2034 ἁμαρτήσῃ
919 1999 965 2032 τις
977 1999 1175 2034 προσεύξεται
1188 2000 1255 2034 περὶ
1269 1999 1375 2032 aurai);

219 2045 246 2072 6.
267 2044 300 2072 Et
320 2044 462 2072 extendam
476 2051 584 2070 manum
601 2052 698 2077 meam,
721 2049 746 2071 et
768 2045 918 2078 disperdam
941 2050 974 2072 te.

185 2089 393 2117 Derelictionem
411 2090 480 2117 dixit
497 2089 694 2123 operationem.
711 2089 782 2117 Deus
802 2090 874 2116 enim
894 2098 974 2117 suum

1065 2047 1092 2075 ϐ,
1113 2047 1168 2073 Kal
1178 2046 1288 2073 ἐκτενῶ
1301 2047 1359 2080 τὴν
1372 2045 1457 2081 χεῖρά
1465 2053 1535 2080 μου,
1551 2046 1599 2072 καὶ
1614 2045 1765 2080 διαφθερῶ
1779 2053 1821 2071 σε.

1031 2092 1086 2127 Τὴν
1100 2091 1290 2126 ὲγκατάλειψιν
1305 2091 1446 2127 ἐνέργειαν
1464 2088 1536 2118 εἶπε.
1558 2091 1626 2123 Θεὸς
1643 2091 1711 2126 γὰρ,
1730 2090 1822 2118 ἑαυτοῦ

186 2135 390 2162 tabernaculum
411 2135 540 2162 deserens
557 2142 734 2169 corrumpere
754 2135 863 2162 dicitur.
885 2135 962 2168 Quan

1069 2137 1189 2174 ισκηνὴν
1205 2138 1336 2173 ἐπαίρων,
1348 2126 1456 2171 λέγεται
1475 2136 1650 2172 διαφθείρειν.
1672 2137 1779 2168 ’Δλλως
1796 2145 1821 2163 τε

185 2188 268 2215 quam
288 2181 430 2215 corruptio
453 2181 535 2216 digna
556 2188 638 2207 manu
659 2179 722 2213 Dei,
746 2181 861 2208 mutatio
880 2185 922 2208 est
942 2181 975 2208 ad

185 2225 311 2252 virtutem
327 2232 343 2252 a
358 2225 441 2257 vitiis.
453 2225 531 2260 juxta
549 2225 615 2252 illud
629 2234 636 2252 :
652 2225 769 2258 Alferam
782 2233 863 2258 supra
881 2230 905 2252 te
919 2233 977 2252 ma-

184 2280 233 2298 nus
242 2279 312 2298 nteas
320 2277 343 2298 et
355 2272 467 2306 ignitum
476 2276 499 2297 te
509 2271 605 2304 faciam
614 2270 654 2307 [ut
662 2279 743 2306 purus
752 2271 830 2307 ﬁas];
841 2272 977 2306 corruptis

184 2317 211 2344 in
224 2316 303 2343 nobis
318 2316 439 2351 antiquis
455 2316 558 2350 peccati
573 2316 767 2350 purgamentis.

217 2362 243 2388 7.
267 2361 300 2388 Et
314 2362 463 2397 dispergam
476 2369 530 2388 eos.
554 2360 648 2388 Simile
666 2365 693 2388 et
714 2361 779 2388 illud
791 2381 798 2393 ,
824 2365 851 2388 et
870 2361 973 2396 disper-

184 2415 244 2442 gam
260 2415 318 2434 eos.
334 2405 401 2433 Nam
419 2407 481 2441 quia
503 2407 646 2434 unanimes
666 2407 693 2434 in
719 2415 762 2435 me
783 2413 975 2442 peccaverunt,

183 2454 329 2488 pessimam
345 2460 440 2480 eorum
455 2453 629 2480 concordiam
647 2453 904 2488 contentionemque
916 2453 974 2481 disi

181 2500 293 2534 perdam
306 2519 313 2531 ,
336 2499 407 2526 sicut
426 2504 453 2526 et
474 2499 581 2526 illorum
601 2499 647 2534 qui
666 2500 762 2526 turrim
783 2492 979 2532 aediﬁcabant,

181 2545 290 2580 linguas
304 2545 409 2579 divisit,
425 2545 588 2572 concordem
610 2545 776 2580 impietatem
795 2553 828 2572 ne
848 2552 975 2580 augesce-

180 2597 221 2618 ret
236 2591 392 2626 prohibens.
410 2590 475 2618 Illud
491 2599 554 2618 vero
568 2591 590 2606 ¹⁰
604 2599 610 2617 :
630 2590 708 2618 Filiis
723 2590 809 2617 orbati
819 2595 892 2624 sunt,
912 2599 971 2625 per-

181 2637 304 2664 diderunt
316 2636 442 2671 populant
457 2645 552 2669 meum.
571 2637 726 2671 principum
743 2636 973 2671 sacerdotumque

181 2683 300 2710 continet
315 2683 528 2710 accusationem.
546 2682 577 2708 lli
594 2682 679 2712 enim.
701 2690 763 2708 cum
787 2682 847 2709 loco
863 2687 971 2717 patrum

1026 2183 1169 2219 διαφθορὰ,
1183 2184 1272 2219 χειρὸς
1287 2183 1350 2216 ἀξία
1364 2182 1441 2215 Θεοῦ,
1456 2182 1473 2218 ἡ
1488 2183 1542 2209 ἀπὸ
1552 2184 1651 2214 κακίας
1664 2184 1705 2214 εἰς
1726 2183 1822 2218 ἀρετὴν

1028 2230 1204 2265 μεταποίησις
1225 2230 1294 2256 κατὰ
1311 2230 1352 2262 τὸ,
1375 2229 1487 2256 ἐποίσω
1510 2229 1559 2256 ἐπὶ
1590 2229 1628 2255 σὲ
1651 2229 1707 2262 τὰς
1724 2228 1822 2264 χεῷἁς

1023 2283 1093 2309 μου,
1121 2275 1170 2302 καὶ
1197 2273 1325 2308 πυρώσω
1349 2282 1386 2301 σε
1407 2276 1451 2307 εις
1468 2275 1611 2309 καθαρὸν,
1635 2275 1691 2301 τῶν
1716 2275 1782 2311 πρὶν
1797 2275 1821 2302 ἐν

1026 2320 1090 2355 ἡμῖν
1107 2321 1135 2353 ἐξ
1149 2320 1286 2356 ἁμαρτίας
1299 2319 1425 2355 λυμάτων
1438 2319 1656 2355 διεφθαρμένων,

1061 2365 1087 2392 7.
1108 2366 1163 2392 Kal
1184 2365 1334 2404 διασπερῶ
1356 2366 1476 2398 αὐτούς.
1499 2366 1626 2392 Τοιοῦτον
1642 2366 1690 2393 καὶ
1704 2366 1748 2397 τὸ,
1763 2367 1821 2392 Δια-

1026 2410 1119 2445 σπερῶ
1134 2410 1242 2441 αὐτούς.
1267 2411 1344 2437 Ἐπεὶ
1358 2411 1412 2447 γὰρ
1429 2410 1583 2445 συμφώνως
1597 2412 1637 2442 είς
1656 2412 1709 2446 ἐμὲ
1723 2412 1820 2446 ﬁes-€61;-

1027 2463 1087 2486 σαν.
1103 2455 1150 2491 τὴν
1166 2457 1300 2492 κακίστην
1318 2457 1408 2484 αὐτῶν
1419 2457 1590 2484 διασκεδάσω
1604 2458 1716 2486 σύνοδόν
1734 2468 1764 2485 τε
1777 2459 1819 2485 καὶ

1025 2502 1193 2536 συμφωνίαν·
1230 2502 1325 2537 ὥσπερ
1350 2501 1396 2529 οὖν
1422 2504 1467 2529 καὶ
1496 2503 1550 2529 τῶν
1578 2504 1819 2540 πυργοποιούντων

1022 2549 1102 2575 διεῖλε
1116 2549 1164 2581 τὰς
1175 2548 1309 2584 γλώσσας,
1320 2550 1444 2582 κωλύσας
1457 2550 1609 2587 αὐξομένην
1618 2553 1818 2587 συμφωνοῦσαν

1024 2594 1161 2621 ἀσέϐειαν.
1191 2595 1228 2620 Τὸ
1249 2595 1287 2627 δὲ,
1315 2595 1549 2630 Ἡτεκνὼθησαν,
1576 2598 1744 2624 ἀπώλεσαν
1767 2598 1818 2624 alr

1023 2641 1100 2666 λαόν
1109 2647 1181 2673 μου,
1201 2641 1366 2676 κατηγορίαν
1388 2642 1440 2668 τῶν
1464 2642 1602 2677 ἀρχόντων
1620 2645 1676 2678 ἔχει
1694 2645 1745 2671 καὶ
1764 2643 1816 2670 τῶν

1023 2686 1129 2721 ἱερέων·
1155 2683 1234 2712 Οὗτοι
1252 2685 1316 2721 γὰρ,
1343 2687 1372 2712 ἐν
1392 2687 1467 2719 τάξει
1493 2688 1619 2723 πατέρων
1646 2689 1816 2725 ὑπάρχοντες

216 2786 322 2829 ’ςγᾈέειιμ
337 2796 429 2829 uisu.
446 2790 470 2817 ξ).
510 2790 530 2805 η
548 2789 625 2816 lium.
644 2789 687 2815 12.
726 2789 747 2804 ¹⁶
761 2788 840 2816 Hom.
857 2789 898 2816 15.
940 2790 960 2805 ³⁷

1082 2797 1160 2824 xxui,
1173 2790 1218 2824 57,
1239 2790 1285 2818 58.
1324 2791 1345 2807 ⁸⁸
1360 2791 1421 2819 Act.
1436 2799 1482 2824 vn.
1496 2792 1539 2819 53.
1583 2793 1602 2808 ¹¹¹
1619 2791 1702 2829 Πίος.
1723 2801 1753 2825 n,

183 2820 206 2836 ¹¹¹
221 2819 319 2849 Jerem.
334 2831 360 2856 ι..
375 2826 401 2850 ti.
