1872 3048
61 127 109 155 557

669 120 825 149 SELECTA
846 119 878 148 IN
896 119 1080 149 JEREMIAM.

1637 118 1691 145 553

62 188 117 218 τοῖς
139 185 226 217 λαοῖς,
244 184 342 220 ἔρημοι
358 182 412 210 τῶν
424 183 526 209 τέκνων
541 181 674 215 ἐγένοντο,
693 181 750 208 ἀντ’
775 181 850 207 εὐσε-

942 181 1008 215 pulis
1031 183 1132 210 essent,
1156 178 1227 205 ﬁlios
1246 176 1415 207 amiserunt.
1440 184 1489 211 pro
1510 177 1631 203 tht‘ll'iIlit
1651 178 1694 212 [θῆκε

62 231 126 264 δοῦς
148 230 324 261 διδασκαλίας
345 229 472 256 ἀσέϐειαν
493 227 698 259 ὑποϐάλλοντες.
726 228 803 263 Τάχα
825 228 853 254 δὲ

62 275 123 302 οὐδὲ
146 276 220 302 ἔστιν
243 274 373 302 ἀπολέσαι
391 273 455 300 λαὺν
472 273 511 309 μὴ
532 273 663 308 πρότερον
686 272 782 300 ἑαυτοῦ
804 273 854 308 τὴν

62 320 150 356 ψυχὴν
160 321 193 347 ὲκ
209 321 387 356 γεννημάτων
400 319 453 346 τῶν
465 320 526 346 κατ’
539 319 639 354 ἀρετὴν
650 318 851 345 ἁτεκνώσαντα·

63 366 150 398 οὐδεὶς
161 366 225 402 γὰρ,
240 365 277 392 ὢν
291 365 403 400 ἀγαθὸς,
416 364 562 391 ἀπόλλυσιν
576 364 678 399 ἕτερον.

96 412 124 439 8.
161 412 413 446 ἐπληθύνθῃσαν
432 411 462 436 αἱ
487 409 577 444 χῆραι
592 409 691 436 αὐτῶν
707 409 753 435 καὶ
779 408 854 442 ὑπὲρ

63 459 119 493 τὴν
133 458 233 493 ἄμμον
253 457 309 492 τῆς
322 457 491 490 θαλάσσης.
510 454 572 482 Εἶεν
589 456 612 481 δ’
640 455 673 482 ἂν
695 455 778 490 χῆραι
801 454 854 481 τῶν

63 504 172 532 ἀσεϐῶν
182 505 210 531 αἱ
231 503 325 538 ψυχαὶ,
347 503 393 528 τὸν
413 502 529 537 νυμφίον
545 501 661 537 Χριστὸν
678 501 852 527 ἀπολέσασαι.

96 551 125 579 8.
152 550 322 584 Ἑπήταγον
337 548 386 576 ἐπὶ
400 548 458 582 τὴν
465 547 581 582 μητέρα
598 548 788 579 νεανίσκους.
805 543 855 573 Ὧν

62 597 259 632 ἀπολλυμένων
272 594 476 630 ταλαιπωροῦσι
491 593 538 620 καὶ
552 593 670 629 μητέρες
683 594 711 619 αἱ
723 593 855 628 γεννήσα-

64 653 110 671 σαι
122 644 210 675 αὑτὰς
232 643 261 670 ὲν
276 642 397 678 Χριστῷ,
424 641 472 668 καὶ
488 640 653 675 ὼδινήσασαι
680 640 761 675 μέχρι
790 648 856 674 μορ-

63 689 142 725 φωθῇ
156 689 274 724 Χριστὸς
289 689 317 714 ὲν
338 688 442 718 αὑταῖς,
466 686 536 713 κατὰ
551 686 581 711 τὸ
603 685 674 719 γάλα
695 686 729 720 τῇ
759 685 857 720 στερεᾷ

63 737 149 772 τροφῇ
180 735 247 770 πρὸς
264 734 421 765 νεανίσκους
442 732 618 768 ἐκθρέψασαι.
632 731 693 758 Τῶν
711 731 740 757 δὲ
763 731 856 767 χηρῶν

63 781 93 807 τὸ
106 780 209 815 πλῆθος
223 780 272 814 οὐχ
285 779 322 811 ὡς
338 779 372 805 τὰ
385 778 473 814 ἄστρα
495 777 543 804 τοῦ
558 776 684 813 οὐρανοῦ,
707 777 764 804 ἀλλ’
785 777 823 808 ὡς
838 779 854 812 ὴ

62 827 156 861 ἄμμος
171 826 220 860 τῆς
236 825 383 860 θαλάσσης·
405 824 477 851 κατὰ
493 824 521 850 δὲ
535 823 565 850 τὸ
581 823 709 859 γράμμα,
723 822 856 849 πλείστων

908 231 1085 262 suggerentes
1100 226 1275 260 impietatem.
1292 223 1420 251 Fortasse
1433 231 1497 250 vero
1512 231 1561 250 nec
1574 223 1630 250 lteri
1644 231 1695 258 νο-

908 278 960 300 test
973 277 1003 299 ut
1016 271 1110 306 perdat
1127 271 1188 305 quis
1202 270 1343 305 populum,
1356 270 1382 296 ni
1396 269 1472 304 prius
1483 276 1559 296 suam
1574 268 1696 296 animam

908 318 1077 353 germinibus
1092 317 1202 344 virtutis
1216 315 1370 347 orbaverit;
1385 322 1464 342 nemo
1477 315 1550 342 enim
1568 314 1615 349 qui
1635 321 1699 349 pro-

908 365 959 391 bus
974 363 1020 395 sit,
1035 363 1150 392 alterum
1164 362 1262 396 perdit.

943 408 969 435 8.
989 407 1175 442 Multiplicatw
1194 411 1256 434 sunt
1273 407 1359 433 uidua:
1374 412 1465 433 eorum
1489 414 1567 440 super
1590 414 1697 433 arenam

909 454 1001 487 maris,
1014 458 1067 482 etc.
1085 453 1181 481 Vidua
1197 457 1287 480 autem
1315 452 1416 480 fuerint
1435 452 1580 487 impiorum
1599 452 1698 479 animat

908 509 969 536 quae
983 508 1113 536 sponsum
1131 500 1271 527 Christum
1286 499 1450 526 amiserunt.

944 546 972 574 8.
1003 545 1103 574 Induxi
1133 553 1212 580 super
1234 551 1344 572 matrem
1372 545 1560 572 adolescentes.
1592 544 1700 577 Quibus

909 589 991 626 295.
1008 589 1183 625 pereuntibus
1202 589 1384 617 conﬁciuntur
1402 593 1504 617 matres
1526 597 1587 624 qua:
1603 597 1650 616 eas
1671 589 1699 616 in

909 635 1019 662 Christo
1037 639 1202 670 pepererunt
1217 639 1244 662 et
1266 635 1462 669 parturierunt,
1484 635 1571 662 donec
1594 636 1620 662 in
1646 635 1700 662 illis

909 680 1034 708 Christus
1051 679 1227 712 formaretur,
1245 683 1273 706 et
1284 680 1432 708 ablactatas
1455 681 1575 708 solidiori
1587 682 1648 708 cibo
1665 682 1698 709 ad

910 725 1121 753 adolescentiam
1136 725 1336 752 enutriverunt.
1353 726 1495 754 Multitudo
1514 734 1596 761 porro
1608 727 1701 754 vidua-

911 778 971 798 rum
989 778 1044 798 non
1064 770 1104 798 uti
1125 770 1210 798 stella:
1227 770 1301 804 coeli,
1324 771 1372 798 sed
1389 776 1419 798 ut
1444 779 1528 799 arena
1548 773 1648 805 maris;
1672 777 1701 800 at

908 816 986 851 juxta
999 816 1129 849 litteram,
1142 816 1268 851 plurimis
1282 816 1309 843 in
1323 816 1395 844 bello
1412 818 1583 850 cadentibus,
1599 826 1701 846 uxores

65 874 94 899 ἐν
108 872 221 907 πολέμῳ
238 872 404 903 πιπτόντων,
420 872 447 897 αἱ
458 871 587 905 γυναῖκες
603 869 751 904 ἐτύγχανον
764 869 856 904 χῆραι,

942 862 998 889 dua:
1014 861 1173 893 manebant,
1188 867 1215 888 et
1228 866 1329 889 matres
1344 862 1478 897 angustiis
1496 863 1700 897 premebantur.

63 918 93 944 αἱ
108 916 136 943 δὲ
151 916 267 952 μητέρες
278 914 490 950 ἐταλαιπώρουν.

101 962 147 990 10.
180 962 264 997 Οτμοι
291 959 368 993 ἐγώ]
395 961 436 993 ὼς
452 960 527 992 τινα,
549 959 653 994 μῆτερ,
677 959 717 994 μὲ
740 959 861 991 haec;

70 1008 209 1035 Ἐοίκασιν
225 1007 325 1042 ἰατροῖς
340 1007 365 1033 οἰ
381 1006 529 1041 προφῆται·
548 1004 631 1041 ὁρῶσι
644 1005 693 1040 μὲν
703 1003 786 1035 δεινὰ,
804 1003 863 1038 θιγ-

63 1053 181 1086 γάνουσι
206 1052 234 1079 δὲ
250 1051 365 1087 ἀηδέων,
389 1052 432 1077 ἐπ’
454 1050 607 1086 ἀλλοτρίαις
623 1050 776 1085 συμφοραῖς
794 1049 862 1081 ιδίας

63 1097 254 1134 καρπούμενοι
273 1097 370 1129 λύπας,
387 1097 426 1124 ἔτι
441 1097 469 1124 δὲ
486 1097 533 1123 καὶ
546 1096 704 1131 μισούμενοι
719 1096 793 1131 παρὰ
807 1095 862 1122 τῶν

61 1144 116 1171 οὐκ
141 1143 337 1179 ἀρεσκομένων
353 1144 410 1174 τοῖς
430 1142 521 1170 αὐτῶν
544 1142 738 1177 ἐπιτάγμασιν,
754 1142 791 1173 ὡς
806 1141 861 1168 τῶν

63 1191 126 1218 καθ’
135 1190 234 1226 ἡδονὴν
242 1188 539 1224 ἀποτρέπουσι.Κα¹ιδεί
546 1187 633 1215 ταῦτα
640 1187 792 1224 προειδέναι
799 1188 862 1220 τοὺς

63 1236 116 1272 τὴν
136 1235 306 1272 προφητείαν
324 1235 393 1270 πρὸς
416 1234 538 1270 ἰατρικὴν
552 1233 787 1269 ἐπανῃρημένους.
811 1234 863 1260 Ἰα-

63 1280 131 1316 τρὸς
148 1279 204 1316 γὰρ
220 1280 268 1307 καὶ
281 1275 358 1311 οὗτος
375 1278 479 1313 ψυχῶν,
493 1278 551 1309 τοῖς
574 1278 602 1303 ὲν
619 1276 698 1312 χρείᾳ
713 1276 862 1312 θεραπείας

64 1325 276 1361 ’προσκείμενος⁸
298 1325 334 1351 οὺ
354 1323 408 1358 γὰρ
428 1323 534 1358 χρείαν
557 1322 684 1356 ἔχουσιν
706 1321 807 1355 ἰατροῦ
835 1323 862 1348 οι

63 1371 267 1404 ὑγιαίνοντες,
285 1369 353 1396 ἀλλ’
375 1369 402 1396 οι
428 1367 528 1400 κακῶς
540 1367 673 1401 ἔχοντες.
688 1366 814 1398 Τοιοῦτος
828 1364 862 1401 ἦν

70 1416 210 1452 Ἱερεμίας
223 1415 281 1442 ἀνθ’
297 1411 334 1441 ὧν
350 1413 468 1448 ἐλέγχων
482 1413 656 1447 ἐπιστρέφειν
670 1412 759 1447 ἤθελε,
779 1421 863 1447 κατη-

63 1461 235 1497 γορούμενος
249 1461 295 1486 ἐπὶ
307 1458 442 1486 δικαστῶν
454 1460 510 1490 τοῖς
521 1458 684 1493 κατηγόροις
694 1457 803 1493 ὁμοίων·
816 1458 862 1484 καὶ¹

63 1505 99 1543 ἦν
120 1509 151 1534 ὲν
167 1507 258 1539 δίκαις
278 1506 322 1533 ἀεὶ
337 1505 389 1532 ὑπὸ
410 1504 463 1531 τῶν
479 1505 540 1531 ὅσον
553 1501 620 1540 ἧκεν
635 1504 674 1535 είς
690 1503 771 1530 αὑτὸν
788 1503 863 1530 τεθε-

66 1551 260 1588 ραπευμὲνων.
277 1551 323 1577 Διὸ
347 1551 413 1577 ποτὲ
432 1549 591 1585 μὲννφησίν·
612 1548 666 1576 Καὶ
679 1547 757 1580 εἶπα,
772 1549 807 1576 οὺ
818 1548 860 1583 μὴ

64 1597 207 1630 λαλήσω,
224 1596 295 1623 οὐδὲ
322 1595 366 1630 μὴ
392 1595 531 1629 ὀνομάσω
558 1593 591 1620 τὸ
617 1594 710 1628 ὄνομα
739 1594 859 1627 Κυρίουο

64 1643 136 1672 ποτὶ
145 1643 187 1675 δὲ,
197 1642 269 1678 ὁρῶν
277 1642 372 1668 ἑαυτὸν
381 1641 555 1675 δικαζόμενον
566 1640 597 1666 οὑ
608 1640 764 1672 δικάζοντα,
778 1649 862 1676 προτ-

65 1688 108 1714 έτι
123 1686 173 1713 καὶ
185 1684 500 1721 ψευδομαρτυρούμενον,
514 1685 546 1711 τὸ
561 1685 655 1719 οῑμοι,
667 1684 761 1719 μῆτερ
774 1685 784 1711 !
806 1686 862 1712 Καὶ

65 1733 131 1760 ἐπεὶ
147 1733 173 1758 ol.
195 1731 344 1767 κάμνοντες
360 1731 410 1757 οὐκ
426 1730 524 1766 ἢκουον
542 1729 625 1756 αὑτοῦ
639 1729 728 1761 καλῶς
741 1730 861 1765 συμϐου-

65 1779 206 1809 λεύοντος,
223 1777 273 1804 οὐκ
287 1777 441 1812 ὠφέλησαν.
459 1776 547 1811 Ὅπερ
562 1776 594 1803 ἂν
613 1776 685 1802 εἴποι
707 1776 797 1811 ἰατρὸς
819 1776 862 1802 ἐπ’

65 1824 222 1852 ἀκολάστου
247 1822 398 1855 νοσοῦντος,
424 1823 484 1858 εικῆ
501 1821 724 1858 προσαναλίσκων
740 1822 775 1848 τὰ
794 1822 864 1857 φάρ-

68 1879 159 1905 μακα,
177 1870 226 1897 καὶ
241 1870 310 1905 μήτε
324 1868 445 1903 ὠφελῶν,
463 1870 533 1904 μήτε
551 1877 577 1895 τι
592 1867 791 1905 καρπούμενος.
803 1868 863 1894 Μα-

66 1916 168 1951 κάριος
185 1915 240 1951 γὰρ
253 1914 411 1946 διδάσκαλος
431 1915 445 1940 ὁ
463 1914 549 1948 λέγων
564 1915 604 1945 εἰς
620 1910 678 1940 ὦτα
698 1914 862 1945 ἀκουόντων,

66 1958 140 1993 ἔχων
160 1958 285 1993 καρποὺς
303 1959 332 1984 ὲν
352 1959 460 1990 αὐτοῖς.
473 1958 566 1989 υὺδεὶς
589 1956 635 1984 οὖν
660 1966 693 1993 με
712 1957 862 1993 ὠφέλησεν,

67 2005 129 2031 ἐπεὶ
145 2005 184 2040 μὴ
200 2003 351 2038 ὠφελεῖται.
369 2003 425 2030 Καὶ
438 2003 524 2036 ἄλλως
542 2004 570 2030 δέ
587 2013 628 2035 τις
646 2003 777 2039 κρείττων
793 2005 833 2036 εὶς
849 2004 863 2030 ὃ

65 2051 193 2078 διδάσκει
204 2050 319 2084 γίνεται,
335 2050 460 2081 συνετοὺς
476 2049 544 2084 ἔχων
558 2050 703 2085 ἀκροατὰς,
722 2049 864 2084 βεϐασανι-

67 2096 176 2132 σμένας
193 2096 267 2130 αὐτῷ
282 2095 469 2131 προσάγοντας
482 2095 639 2130 ἐρωτήσεις.
656 2094 695 2121 Τὸ
706 2094 734 2121 δὲ
756 2095 863 2130 Ἐϐραῖ-

66 2144 117 2170 κδν
132 2142 221 2174 οὕτως
234 2141 300 2177 ἔχει·
312 2142 374 2168 Οὐκ
389 2141 553 2175 ὼφείλησα,
565 2140 637 2168 οὐδὲ
650 2140 802 2175 ὠφείλησέ
812 2149 864 2175 μοι

947 951 990 979 i0.
1013 951 1072 979 Heu
1098 960 1155 985 me,
1177 952 1281 978 mater!
1299 960 1380 986 quare
1396 953 1511 987 genuisti
1531 961 1571 981 me
1593 953 1702 982 "Hie-

912 999 980 1027 dicis
1014 999 1202 1027 assimilantur
1233 999 1388 1033 prophetat,
1419 999 1559 1027 intuentur
1591 1001 1702 1035 quidem

912 1046 996 1077 mala,
1016 1049 1130 1080 tangunt
1145 1045 1304 1080 injucunda,
1324 1053 1357 1073 ex
1377 1047 1474 1074 alienis
1486 1048 1616 1076 aerumnis
1637 1055 1702 1083 pro-

911 1091 1002 1126 prium
1024 1091 1077 1118 sibi
1100 1099 1246 1119 maerorem
1269 1096 1459 1126 comparantes
1481 1102 1487 1120 :
1508 1093 1571 1120 odio
1593 1101 1703 1128 quoque

913 1142 978 1165 sunt
990 1137 1044 1164 illis
1057 1137 1158 1172 quibus
1175 1145 1269 1164 eorum
1288 1144 1422 1173 praecepta
1436 1146 1490 1165 non
1509 1139 1625 1173 placent,
1643 1144 1704 1166 tan-

912 1192 994 1219 quam
1019 1192 1033 1211 a
1059 1184 1230 1218 voluptuosis
1256 1186 1409 1212 evocantia.
1429 1186 1461 1213 Et
1489 1177 1546 1213 haec
1566 1193 1704 1219 praenosse

913 1237 960 1257 eos
973 1234 1081 1264 oportet
1095 1230 1141 1264 qui
1158 1231 1346 1264 propheticum
1364 1239 1464 1258 munus
1484 1232 1517 1259 ad
1539 1232 1701 1259 medendum

913 1279 1102 1309 susceperunt.
1125 1274 1246 1303 Medicus
1267 1277 1340 1304 enim
1361 1277 1405 1304 hic
1427 1278 1582 1305 animorum
1609 1285 1650 1306 est
1669 1279 1703 1305 iis

913 1320 1038 1348 addictus
1054 1321 1101 1355 qui
1129 1322 1271 1349 curatione
1295 1322 1417 1358 indigent
1439 1333 1445 1350 :
1471 1331 1532 1350 nam
1555 1325 1614 1351 sani
1639 1334 1703 1360 opus

913 1374 965 1393 non
983 1367 1076 1394 habent
1095 1368 1208 1400 medici,
1230 1369 1275 1395 sed
1302 1369 1347 1403 qui
1370 1377 1453 1404 egros
1476 1378 1503 1396 se
1529 1371 1645 1398 sentitth
1670 1373 1702 1398 υ.

913 1411 987 1439 Talis
999 1417 1057 1439 erat
1071 1412 1203 1440 Jcremias
1218 1414 1265 1448 qui
1287 1415 1360 1448 quod
1383 1416 1583 1449 reprehendens
1599 1418 1705 1445 volebat

913 1462 1083 1490 convertere,
1098 1459 1279 1486 accusabatur
1290 1460 1361 1495 apud
1377 1460 1484 1494 judices
1498 1464 1705 1491 accusatoribus

915 1503 1037 1537 similes;
1052 1512 1214 1540 semperque
1226 1505 1319 1532 litibus
1332 1505 1511 1534 divexabatur
1523 1508 1558 1535 ab
1568 1509 1621 1542 his,
1635 1517 1705 1543 quos

915 1549 984 1583 ipse,
999 1554 1132 1584 quantum
1151 1550 1176 1576 in
1190 1558 1220 1577 se
1234 1555 1303 1582 erat,
1320 1552 1430 1579 sanitati
1455 1553 1617 1582 restituerat.
1637 1554 1705 1583 Pro-

914 1598 1006 1629 pterea
1030 1603 1103 1622 nunc
1127 1595 1236 1630 quidem
1259 1596 1297 1623 ait
1318 1596 1359 1623 “z
1377 1596 1412 1623 Et
1431 1597 1499 1630 dixi,
1521 1607 1572 1625 non
1601 1599 1705 1635 loquar,

914 1651 960 1670 nec
978 1643 1119 1670 nominabo
1140 1651 1232 1670 nomen
1246 1643 1370 1676 Domini;
1393 1653 1466 1673 nunc
1485 1654 1550 1673 vero
1564 1647 1660 1676 videns
1676 1656 1707 1676 sc

914 1691 941 1716 in
961 1689 1095 1724 judicium
1117 1682 1255 1722 vocatum,
1284 1698 1338 1717 non
1365 1696 1518 1724 vocantem,
1547 1693 1658 1729 insuper
1679 1700 1707 1722 et

915 1734 991 1763 falsis
1010 1742 1170 1770 oppressum
1184 1735 1309 1767 testibus,
1325 1736 1373 1762 heu
1387 1737 1463 1769 mihi,
1485 1743 1577 1765 mater.
1592 1738 1625 1766 Et
1638 1746 1708 1773 quo-

914 1779 988 1807 niam
1005 1779 1097 1814 mgroti
1112 1787 1166 1807 non
1182 1779 1329 1807 audiebant
1348 1781 1437 1815 ipsum
1453 1782 1554 1816 optima
1574 1783 1704 1812 ferentem

914 1825 1039 1858 consilia,
1055 1833 1108 1852 non
1123 1825 1301 1860 profuerunt.
1318 1826 1396 1858 Quod
1417 1827 1539 1855 medicus
1559 1828 1658 1856 dixerit
1672 1829 1705 1856 de

916 1871 1115 1906 intemperante
1134 1871 1260 1902 inlirmo,
1283 1870 1384 1898 frustra
1405 1872 1603 1901 medicamenta
1626 1874 1706 1901 aditi-

913 1917 981 1944 bens
993 1921 1020 1943 et
1032 1924 1083 1944 nec
1093 1917 1176 1944 ullam
1187 1916 1330 1944 utilitatem
1344 1917 1470 1951 afferens,
1481 1926 1530 1945 nec
1541 1919 1591 1946 sibi
1603 1919 1705 1954 aliquid

914 1961 1069 1996 acquirens.
1087 1961 1190 1988 Etenim
1209 1961 1303 1989 beatus
1317 1961 1361 1989 ille
1369 1963 1498 1996 magister
1511 1968 1554 1991 est
1565 1965 1610 1998 qui
1619 1965 1652 1991 ad
1661 1973 1706 1992 au-

913 2015 957 2035 res
970 2007 1175 2042 intelligentium
1188 2007 1319 2041 loquitur,
1330 2006 1434 2035 fructus
1445 2008 1497 2035 sibi
1506 2009 1531 2035 in
1544 2009 1596 2037 illis
1605 2011 1707 2037 consti-

914 2058 1002 2081 tuens.
1013 2052 1107 2080 Nullus
1117 2053 1199 2088 igitur
1207 2052 1298 2089 [mihi]
1307 2053 1397 2080 attulit
1407 2054 1560 2083 utilitatem.
1571 2054 1634 2089 quia
1645 2056 1707 2083 nul-

913 2097 956 2126 lus
970 2098 1043 2133 capit
1052 2097 1205 2125 utilitatem.
1213 2096 1346 2124 Similiter
1356 2098 1402 2132 qui
1412 2098 1500 2130 docet,
1509 2106 1550 2133 pet
1557 2098 1652 2126 fortior
1661 2100 1709 2126 do-

913 2144 999 2170 cendo
1012 2144 1051 2175 fit,
1063 2143 1084 2170 si
1099 2143 1270 2177 perspicaces
1284 2143 1381 2170 habeat
1395 2143 1554 2178 discipulos.
1563 2150 1706 2173 accuratas

67 2190 185 2222 οὐδείς.
205 2189 301 2223 Ἔλεγε
318 2187 371 2223 γὰρ
383 2189 398 2214 ὁ
418 2187 585 2219 ’Λπόστολος-
618 2187 746 2220 Ἕλλησι
763 2196 795 2214 τε
813 2187 856 2214 καὶ

945 2187 952 2214 i
973 2192 1155 2222 proponentes
1173 2188 1347 2221 quaestiones.
1369 2187 1518 2216 Hebraicus
1539 2197 1602 2217 vero
1617 2195 1706 2217 textui

64 2233 236 2268 βαρϐάροις
262 2232 418 2267 ὀφειλέτης
448 2231 516 2266 ειμι,
541 2231 681 2262 ἀποδιδοὺς
702 2231 809 2266 ἑκάστῳ
833 2232 864 2258 τὸ

69 2279 225 2315 προσῆκον,
240 2278 288 2304 καὶ
306 2278 435 2313 τιμήσας,
458 2278 483 2303 ει
503 2277 590 2312 τύχοι,
610 2276 673 2307 τοὺς
694 2277 744 2311 μὲν
766 2277 804 2308 ὡς
818 2285 865 2311 γο-

69 2327 139 2357 νεῖς,
164 2324 230 2355 τοὺς
259 2324 289 2351 δὲ
310 2324 348 2354 ὡς
376 2323 517 2357 ἀδελφοὺς,
540 2323 602 2354 τοὺς
620 2322 648 2349 δὲ
665 2322 702 2354 ὡς
717 2322 800 2355 υἱούς·
818 2323 866 2349 καὶ

69 2372 128 2402 τοίς
143 2370 194 2405 μὲν
217 2368 352 2405 Ἑϐραίοις
368 2368 422 2395 ἀπὺ
444 2368 559 2404 Γραφῶν
584 2368 783 2403 διαλεγόμενος,
809 2369 866 2399 τοῖς

68 2417 99 2444 δὲ
122 2417 254 2452 Ἕλλησιν
269 2417 302 2442 ἐκ
318 2415 371 2442 τῶν
386 2416 450 2450 παρ’
467 2415 557 2446 αὐτοῖς
587 2415 777 2450 σεὸασμάτων,
795 2415 865 2441 ὥστε

70 2464 174 2498 λέγειν·
192 2462 261 2496 Τοῖς
272 2462 347 2489 πᾶσι
360 2462 396 2488 τὰ
408 2461 505 2488 πάντα
518 2461 634 2496 γέγονα,
648 2461 698 2487 ἵνα
710 2460 781 2493 τοὺς
793 2461 868 2487 πάν-

70 2507 293 2542 ταςικερδήσω·
310 2507 325 2533 ὃ
348 2507 377 2533 δὲ
403 2507 449 2533 καὶ
466 2507 593 2542 παραινεῖ
611 2506 731 2540 φάσκωψ
753 2505 865 2539 Μηδενὶ

68 2554 174 2591 μηδὲν
196 2553 380 2588 ὀφείλοντες,
399 2553 425 2579 el
435 2552 478 2586 μὴ
499 2551 532 2578 τὸ
555 2551 712 2585 ἀλλήλους
726 2551 847 2586 ἀγαπᾷν
859 2559 867 2566 ·

70 2601 122 2628 καὶ
144 2599 177 2626 τδ
196 2599 251 2634 πρὸ
269 2598 372 2625 τούτων
386 2606 392 2613 ·
417 2597 554 2624 Ἀπόδοτε
571 2596 646 2624 πᾶσι
664 2596 717 2630 τὰς
734 2596 865 2631 ὀφειλάς.

70 2647 157 2675 οὕτω
177 2645 229 2681 μὲν
247 2642 295 2671 οὖν
311 2643 414 2678 ὀφείλει
433 2642 601 2673 διδάσκαλος·
625 2643 760 2677 ὀφείλεται
779 2642 818 2674 δὲ,
843 2643 867 2668 ει

69 2691 196 2723 δανείζει
228 2689 402 2724 πνευματικὰ
428 2688 556 2724 ἀργύρια.
586 2687 631 2722 Μὴ
661 2682 812 2722 δεχομένων
839 2686 867 2713 δὲ

69 2737 174 2767 ταῦτα,
191 2736 235 2762 ἵνα
249 2735 403 2769 ὀφείλωσιν,
415 2734 490 2760 οὐδὲν
502 2732 683 2766 ἐποφείλεται.
700 2732 803 2758 Γίνεται
813 2731 867 2766 γὰρ

87 2778 92 2781 Ι
150 2794 172 2810 "
186 2792 268 2820 Hom.
285 2792 330 2819 Η.
369 2792 392 2806 ¹¹
404 2791 498 2818 Matth.
512 2798 551 2822 ιι,
565 2789 606 2816 12.
645 2789 668 2805 ’³
678 2788 777 2817 Jerem.
791 2796 838 2822 xx,
850 2788 877 2815 9.

112 2830 136 2846 ’τ
154 2828 234 2855 Rom.
255 2835 316 2859 xlu,
331 2826 358 2855 8.
396 2826 418 2841 "
435 2826 500 2852 ibid.
518 2825 542 2851 7.

915 2233 955 2260 sic
971 2233 1052 2259 habet
1062 2233 1084 2248 “
1097 2241 1105 2260 :
1119 2231 1181 2258 Non
1196 2232 1274 2259 debui
1299 2241 1344 2259 nec
1360 2233 1447 2260 debuit
1470 2233 1535 2260 mihi
1554 2234 1703 2269 quisquam.

915 2277 1088 2305 Aiebatenim
1102 2277 1248 2312 Apostolus
1257 2278 1279 2294 ¹⁵
1293 2287 1300 2305 :
1315 2277 1414 2305 Grtecis
1431 2284 1456 2305 et
1469 2279 1589 2305 barbaris
1602 2279 1705 2306 debitor

915 2332 985 2356 sum,
1000 2324 1115 2350 reddens
1129 2323 1276 2358 unicuique
1293 2316 1367 2358 quod
1383 2324 1474 2356 debet,
1490 2329 1517 2351 et
1536 2329 1565 2351 ut
1585 2332 1644 2352 sese
1659 2333 1707 2352 oc-

915 2369 991 2397 casio
1008 2369 1099 2396 tulerit
1113 2369 1253 2396 honorans
1267 2370 1318 2397 hos
1333 2370 1442 2404 quidem
1456 2374 1486 2396 ut
1501 2375 1639 2404 parentes,
1655 2371 1705 2398 hos

917 2419 948 2441 ut
964 2414 1071 2446 fratres,
1088 2414 1148 2440 illos
1162 2421 1226 2441 vero
1239 2418 1268 2441 ut
1280 2415 1398 2447 liberos;
1413 2421 1440 2442 et
1460 2414 1578 2443 Hebraeis
1595 2416 1707 2450 quidem

918 2467 950 2486 ex
973 2458 1120 2494 Scripturis
1142 2459 1266 2493 loquens,
1290 2460 1436 2494 gentilibus
1456 2467 1519 2486 vero
1537 2467 1570 2487 ex
1589 2461 1622 2488 iis
1645 2469 1707 2495 quae

917 2504 968 2539 ipsi
994 2505 1129 2535 colebant,
1154 2505 1190 2531 ita
1217 2509 1247 2531 ut
1274 2505 1408 2532 diceret“
1431 2514 1438 2532 :
1467 2504 1593 2532 Omnibus
1617 2500 1707 2533 munia

916 2550 1004 2584 factus
1014 2559 1083 2583 sum,
1096 2557 1123 2578 ut
1144 2559 1231 2578 omnes
1244 2551 1312 2578 lucri
1331 2551 1454 2586 facerem,
1466 2552 1538 2586 quod
1550 2553 1631 2579 etiam
1647 2553 1707 2579 hor-

917 2600 990 2622 tatur
1008 2596 1103 2624 dicens
1113 2597 1136 2614 "
1151 2606 1158 2624 :
1174 2596 1281 2624 Nemini
1298 2597 1443 2632 quidquam
1460 2598 1586 2630 debeatis,
1609 2599 1660 2624 nisi
1678 2603 1706 2624 ut

919 2641 1027 2668 invicem
1048 2642 1177 2678 diligatis,
1194 2647 1220 2670 et
1241 2642 1314 2677 quod
1338 2647 1401 2670 ante
1423 2643 1577 2671 dixerat":
1599 2642 1708 2670 Reddita

920 2686 1040 2713 omnibus
1055 2688 1153 2715 debita.
1171 2688 1216 2715 Sic
1237 2688 1319 2724 igitur
1336 2688 1416 2715 debet
1434 2689 1573 2725 magister,
1595 2689 1709 2716 debetur

920 2739 985 2760 vero
1009 2733 1058 2766 illi,
1077 2733 1099 2760 si
1117 2734 1271 2768 spirituales
1294 2738 1436 2769 argenteos
1460 2739 1556 2762 mutuo
1581 2735 1636 2762 dot.
1655 2735 1708 2767 Qui

936 2789 1068 2818 “Jcrem.
1084 2799 1128 2826 xv,
1141 2790 1184 2817 10.
1220 2791 1242 2807 ³⁵
1255 2790 1334 2822 Rom.
1354 2799 1374 2823 ι,
1387 2790 1430 2818 M.
1470 2790 1588 2818 “lCor.
1608 2799 1646 2823 ix,
1666 2791 1710 2820 19.
