1872 3048
176 126 227 154 550

884 124 928 152 EX
948 123 1097 152 ORIGENE

1751 127 1800 154 550

175 193 238 212 vero
252 184 312 218 hos,
332 192 365 212 nc
381 184 516 212 debitores
542 184 617 217 ﬁant,
631 192 683 211 non
706 184 868 218 acceperint,
891 184 958 210 nihil

1051 191 1121 214 ιστος
1134 178 1171 208 ὧν
1187 183 1301 217 ἣκουσεν
1319 181 1470 216 όρειλέτης,
1496 185 1557 216 τοὺς
1573 184 1629 211 τῶν
1649 185 1800 221 είρημὲνων

175 231 229 258 illis
241 231 312 258 ultra
325 231 446 257 debetur.
463 231 504 256 Fit
519 230 591 256 enim
607 229 795 263 unusquisque
806 233 901 255 eorum
916 229 962 254 ιΙου

175 276 247 304 bitur
267 284 328 311 qua:
351 276 494 309 audiverit,
511 281 538 302 et
557 276 702 310 exiguntur
723 275 757 302 ab
773 282 806 302 eo
825 274 960 301 dictorum

176 330 277 349 usurae.
294 321 351 349 Huc
369 322 485 356 pertinet
504 326 530 348 ct
550 321 700 348 Salvatoris
719 319 819 347 dictum
837 319 870 346 ad
886 319 960 345 incr-

175 373 230 395 tem
246 368 415 402 magistrum,
434 367 505 401 quod
521 374 604 392 meum
622 370 757 400 argentum
771 363 851 399 295
865 371 959 398 ponere

1013 227 1210 264 ἀπαιτούμενος
1225 228 1330 259 τόκους.
1355 229 1480 255 Τοιοῦτον
1501 230 1548 256 καὶ
1561 230 1591 256 τὸ
1611 230 1659 257 τοῦ
1678 231 1799 266 Σωτῆρος

1013 275 1081 309 πρὸς
1097 275 1142 301 τὸν
1158 275 1272 310 ὀκνηρὸν
1285 275 1454 307 διδάσκαλον,
1469 275 1509 302 ὅτι
1521 277 1581 303 ἔδει
1594 285 1632 304 σε
1642 277 1754 309 βαλεῖν
1767 277 1800 304 τὸ

1013 320 1155 354 ἀργύριόν
1172 329 1232 355 μου
1254 321 1317 353 τοῖς
1346 322 1539 356 τραπεζίταις,
1561 323 1609 350 καὶ
1630 323 1689 358 ἐγὼ
1707 322 1800 351 ἐλθὼν

1012 365 1156 400 ἀπῄτησα
1170 365 1208 392 ἂν
1221 366 1294 393 αὐτὸ
1311 366 1372 393 σὺν
1391 369 1477 401 τόκῳ.

175 414 286 442 debebas
303 414 373 448 apud
386 412 586 443 nuntmulurios,
598 417 622 438 et
635 419 680 446 ego
692 410 794 437 veniens
805 417 863 436 cum
882 416 964 436 usura
979 411 1120 444 exegissem
1137 411 1204 438 illud
1218 413 1251 439 ".

211 461 255 488 il.
277 459 352 493 Fiat,
366 459 485 491 Domine,
503 458 679 492 dirigentibus
698 457 762 484 illis.
781 456 851 489 Quid
869 459 911 483 est
933 454 959 482 id

174 506 246 542 quod
260 507 318 534 tieri
334 505 428 540 optat?
442 504 526 531 robur
539 511 636 537 nempe
651 503 723 537 quod
737 502 829 529 deﬁcit
841 502 868 528 in
884 508 960 528 exse-

175 552 329 583 crantibus,
348 550 458 585 quando
480 554 542 584 post
571 547 781 582 imprecationcs
800 546 958 581 poenitentia

174 598 248 626 ducti
272 598 342 625 viam
364 600 465 623 rectam
491 594 683 629 ingrediuntur
707 598 734 620 et
756 593 957 628 perambulant.

173 643 241 671 Nam
258 643 328 670 tlecti
346 642 380 669 ad
398 640 597 676 paenitentiam,
620 639 702 667 robur
722 638 892 673 impietatum
912 637 960 665 de-

173 695 278 718 struere
290 693 341 716 εει.

208 735 252 762 i2.
274 734 387 761 Ferrum
409 738 434 760 et
452 731 641 768 operimentum
656 738 757 758 trneum
777 728 857 755 robur
873 734 959 755 tuum.

173 781 236 810 Haec
257 782 295 809 ait
308 781 380 808 Deus
401 780 435 807 ad
448 779 578 814 populum
599 777 666 804 diris
683 776 843 811 proiihctam
865 781 961 809 prose-

173 833 267 856 cutum
279 836 287 860 ;
304 828 406 862 quippe
419 826 466 861 qui
480 828 572 852 essent
585 823 677 850 animo
690 822 717 848 in
730 821 809 849 malis
824 820 961 848 obstinato

173 874 324 908 letbalique
335 879 441 900 veneno
454 871 574 906 oppleto.

212 920 255 947 l5.
269 919 304 946 Et
320 919 456 946 thesauros
472 921 530 943 tuo:
545 916 572 942 in
585 914 755 949 direptionem
769 912 847 939 dabo.
859 912 883 928 ’°
892 911 961 939 The-

175 964 251 993 sauri
272 963 344 991 enim
360 963 468 990 illorum
486 968 539 988 non
561 960 587 987 in
600 960 677 987 coelis
691 962 778 990 erant,
793 958 839 985 sed
860 957 887 984 in
907 960 962 984 ter-

174 1010 225 1037 ris.
248 1008 304 1036 Hos
316 1012 343 1036 et
361 1008 389 1035 in
411 1006 590 1040 direptionem
606 1005 653 1032 dat
668 1003 748 1031 Deus.
763 1002 859 1029 Dicere
879 1002 961 1029 etiam

175 1054 280 1090 poteris
297 1057 324 1080 et
342 1053 462 1088 potiores
481 1050 571 1086 populi
591 1050 664 1076 illius
683 1049 829 1076 thesauros
849 1047 876 1074 in
891 1046 963 1074 dire-

175 1102 296 1137 ptionem
315 1101 405 1128 datos.
432 1098 539 1126 Etenim
566 1098 711 1124 thesaurOs
733 1094 855 1130 Moysem
878 1094 962 1121 habe-

177 1147 244 1174 bant
260 1150 286 1173 et
297 1145 458 1180 prophetas,
469 1150 538 1179 quos
551 1142 585 1169 ab
610 1141 664 1168 illis
682 1140 795 1168 abstulit
819 1139 962 1172 Christus;

174 1192 222 1228 qui
236 1192 318 1219 etiam
334 1189 399 1218 dicit
411 1189 433 1204 "
445 1198 452 1216 :
466 1188 608 1222 [inferetur
623 1195 639 1213 a
653 1186 725 1213 vobis
742 1193 851 1220 regnum
862 1184 923 1217 Dei,
937 1188 962 1211 et

174 1237 284 1264 dubitur
297 1235 367 1271 genti
381 1234 490 1269 facienti
502 1233 605 1267 fructus
616 1231 685 1263 ejus.
699 1230 798 1257 Primis
810 1231 882 1257 enim
897 1228 961 1260 illis,

176 1283 274 1311 deinde
300 1281 380 1309 nobis
403 1279 487 1308 verba
513 1278 560 1306 Dei
582 1277 739 1306 concredita
765 1281 839 1303 sunt.
866 1276 963 1302 Ablata

175 1329 254 1357 luere
269 1328 304 1355 ab
321 1327 406 1362 ipsis;
429 1330 457 1353 et
474 1332 547 1352 nunc
565 1323 683 1351 inaniter
697 1321 854 1357 Scripturas
877 1321 965 1356 possi—

175 1374 251 1406 dent,
273 1373 346 1408 quod
367 1373 475 1399 illorum
501 1376 613 1397 sensum
637 1376 690 1395 non
704 1368 866 1402 percipiant.
895 1365 964 1392 Nam

175 1420 354 1454 adimpletum
379 1422 421 1446 est
447 1417 513 1444 illud
540 1420 602 1451 post
625 1414 728 1442 Christi
754 1413 900 1441 adventum
924 1412 962 1438 ³¹;

178 1466 278 1493 Audita
296 1464 421 1496 audietis,
436 1467 460 1490 et
482 1470 534 1489 non
546 1460 708 1496 pereipietis,
723 1463 747 1486 et
764 1458 879 1485 videntes
893 1457 965 1484 vid:-

177 1512 251 1544 bitis,
268 1515 294 1538 et
312 1519 363 1537 non
380 1508 562 1544 perspiciatis;
579 1514 624 1533 eor
644 1505 714 1533 enim
730 1504 821 1539 populi
833 1503 912 1538 hujus
927 1503 966 1529 in-
979 1520 1000 1548 Ο

177 1562 329 1586 crassatum
344 1560 394 1583 est.

214 1647 259 1674 Η.
286 1645 320 1672 Et
344 1644 439 1671 servire
465 1647 489 1669 te
515 1641 614 1676 faciam
637 1639 666 1666 in
690 1638 810 1666 omnibus
834 1636 964 1672 gentibus.

177 1691 208 1720 In
227 1691 385 1719 servitutem
405 1687 530 1715 redactus
545 1691 587 1714 est
606 1684 723 1720 populus
739 1683 783 1710 ille
796 1682 925 1715 hostium,
940 1685 967 1709 et

179 1738 314 1766 abductus
327 1736 354 1762 in
367 1739 467 1762 terram
481 1739 563 1767 quam
577 1730 724 1758 nesciebat.

217 1783 261 1810 l5.
279 1781 402 1812 Domine,
426 1778 563 1806 recordare
585 1776 645 1803 mei.
667 1776 688 1791 ³³
702 1774 765 1803 Haec
777 1775 815 1802 ait
835 1773 967 1810 propheta

180 1837 210 1858 se
233 1829 322 1864 ipsum
345 1826 440 1855 videns
471 1823 539 1852 nihil
560 1822 765 1858 proﬁcientem,
787 1826 814 1848 et
835 1820 966 1855 agitatum

179 1876 283 1904 flustra
306 1872 424 1903 insidiis.
448 1878 517 1906 quas
538 1869 576 1896 illi
601 1868 697 1896 crebro
718 1866 866 1894 machinati
891 1869 965 1893 sunt.

179 1920 279 1948 Factus
307 1923 349 1946 cst
368 1917 442 1945 enim
469 1914 598 1942 inimicus
623 1913 808 1945 audientibus,
829 1912 894 1939 dum
913 1911 967 1938 illis

179 1973 243 1993 vera
267 1964 378 1992 indicat.
404 1959 583 1995 Longanimis
605 1959 695 1986 factus
719 1965 760 1990 es,
773 1958 873 1992 inquit,
885 1963 967 1991 super

179 2009 279 2046 populo
305 2015 356 2043 pro
390 2005 524 2041 peccatis;
543 2004 571 2031 in
603 2003 647 2030 his
673 2010 735 2038 quae
770 2002 901 2029 adversus
923 2008 967 2028 me

180 2055 241 2085 ausi
253 2058 318 2082 sunt
331 2060 364 2080 ne
378 2052 417 2079 sis
429 2049 603 2085 longanimis.
622 2047 675 2081 Qui
687 2048 759 2075 enim
779 2047 898 2075 sermoni
913 2054 966 2074 non

180 2101 380 2135 obtemperant,
392 2098 446 2124 illis
459 2096 499 2124 ira
511 2100 557 2122 tua
569 2097 694 2129 superest
705 2094 738 2121 ad
749 2093 967 2128 expurgandum.

181 2147 283 2174 Faveat
302 2151 367 2179 ergo
387 2142 454 2170 mihi
473 2147 519 2169 tua
537 2139 732 2175 longanimitas
746 2146 797 2174 pro
815 2138 968 2173 opprobriis

182 2199 244 2227 qua!
256 2194 366 2226 propter
378 2194 404 2215 te
413 2187 546 2216 sustinui.

217 2237 263 2266 i5.
284 2236 446 2264 Cattsumma
467 2241 521 2260 eos.
544 2233 567 2248 ”
581 2231 790 2259 Consummatio
815 2230 895 2257 malis
914 2233 966 2263 est,

182 2281 312 2316 nequitiae
323 2279 406 2307 linem
423 2277 537 2312 imponi,
550 2281 578 2304 et
591 2275 754 2304 sensibiliter
768 2275 967 2303 consummatio

182 2327 235 2354 fuit
246 2325 300 2353 illis
313 2323 424 2360 quando
442 2321 556 2349 insidias
569 2320 596 2347 in
609 2319 776 2347 Salvatorem
791 2320 876 2346 moliti
890 2324 964 2347 sunt.

182 2372 242 2400 Non
261 2370 333 2398 enim
354 2368 473 2403 amplius
483 2366 634 2394 Jerusalem
647 2365 747 2393 Judmas
771 2366 843 2401 regia
865 2371 965 2394 inetro-

184 2419 264 2455 polis,
280 2425 331 2444 nec
341 2414 424 2443 lsrael
435 2413 483 2440 Dei
496 2413 614 2448 populus
627 2412 786 2447 appellatur.

220 2505 264 2533 16.
286 2504 320 2531 Ει
335 2504 385 2530 erit
399 2503 463 2529 mihi
479 2501 584 2529 verbum
599 2505 671 2527 tuum
689 2499 860 2527 iniustitiam.
871 2500 893 2517 ³⁵
901 2501 966 2528 Nam

183 2553 236 2581 etsi
253 2551 280 2579 in
294 2549 437 2586 praesentia
454 2548 567 2575 verbum
581 2551 657 2573 tuum
670 2546 703 2573 ad
716 2546 833 2578 vincula,
847 2547 879 2573 ad
896 2547 966 2579 lites,

184 2597 218 2625 ad
231 2595 407 2625 vexationes,
424 2592 457 2619 ad
472 2590 695 2626 vituperationes,
712 2590 745 2617 ad
762 2590 887 2623 dolores;
907 2591 968 2618 linis

184 2647 277 2670 tamen
292 2641 391 2668 horum
412 2638 465 2665 erit
487 2637 512 2664 in
536 2636 658 2664 laetitiam
683 2644 689 2661 :
713 2636 785 2670 quod
806 2635 970 2664 Christianis

186 2686 313 2722 congruit
340 2684 411 2713 male
430 2683 530 2710 habitis
553 2687 580 2709 ct
602 2681 712 2716 praunia
736 2682 969 2716 exspectantibus,

221 2790 244 2805 "
263 2789 328 2815 Luc.
347 2797 404 2816 xu.
421 2789 465 2815 23.
511 2788 532 2804 ³⁸
554 2788 628 2815 hom.
649 2787 690 2814 M.

192 2822 213 2837 ³⁵
232 2822 322 2852 bomil.
341 2823 383 2850 M.

1048 456 1092 484 Η.
1110 458 1243 490 Peracto,
1261 459 1406 491 Δέσποτα,
1434 461 1678 487 κατευθυνόντων
1693 460 1800 488 αὐτῶν·

1012 501 1046 527 Τί
1062 501 1183 535 γένοιτο;
1198 503 1318 539 δηλονότι
1346 505 1363 540 ἠ
1391 506 1494 541 ίσχὺςή
1511 505 1676 532 ἐκλείπουσα
1698 507 1728 532 ὲν
1746 507 1803 538 τοῖς

1012 547 1227 582 καταρωμένας,
1243 548 1298 580 ὅτε,
1313 549 1381 583 μετὰ
1406 550 1456 585 τὴν
1482 551 1603 585 κατάραν
1620 551 1804 585 μετανοήσαν-

1012 601 1068 624 τες,
1081 593 1205 629 τραπῶσι
1233 594 1282 630 τὴν
1296 595 1401 622 εὐθεῖαν
1418 596 1465 622 καὶ
1489 596 1572 631 αὐτὴν
1590 596 1746 622 ὸδεὺσωσιν.
1770 597 1802 623 Ἠ

1011 638 1067 674 γὰρ
1078 639 1146 674 πρὸς
1172 641 1315 675 μετάνοιαν
1343 641 1414 677 ῥοπὴ
1443 641 1602 677 καθαίρεσίς
1627 642 1684 668 ἐστι
1711 640 1760 677 τῆς
1774 643 1803 668 ὲν

1015 685 1156 716 ἀσεϐείαις
1174 685 1274 720 ἰσχύος.

1048 731 1091 758 12.
1110 731 1237 765 Σίδηρον
1251 732 1301 758 καὶ
1319 734 1509 766 περιϐόλαιον
1528 732 1666 767 χαλκοῦν
1680 733 1699 766 ἡ
1714 733 1803 766 ἰσχὺς

1012 784 1080 804 σου.
1097 777 1190 804 Ταῦτά
1203 786 1284 812 φησιν
1295 779 1309 804 ὁ
1323 778 1388 810 Θεὸς
1407 779 1475 814 πρὸς
1486 780 1532 805 τὸν
1548 779 1754 814 ὲναρασὰμενον
1765 777 1803 813 τῷ

1012 823 1140 859 προφήτῃ
1157 823 1230 855 λαὸν,
1248 823 1287 855 ὡς
1297 824 1347 858 τῆς
1359 824 1448 859 ψυχῆς
1461 824 1550 850 αὐτῶν
1568 825 1597 850 ὲν
1614 825 1710 855 κακοῖς
1725 824 1803 850 ἀνεν-

978 859 999 886 Β
1013 868 1089 894 δότου
1105 868 1199 904 οὔσης,
1213 869 1261 895 καὶ
1273 868 1392 904 πλήρους
1404 869 1444 896 ἰοῦ
1457 870 1618 905 φθαρτικοῦ.

1049 913 1092 940 l5.
1112 914 1167 940 Kal
1204 913 1273 947 τοὺς
1299 915 1471 948 θησαυρούς
1494 924 1552 942 σου
1578 916 1622 948 εις
1648 914 1803 949 προνομὴν

1011 956 1106 984 δώσω.
1121 959 1152 984 Οἱ
1165 958 1296 994 θησαυροὶ
1310 959 1364 994 γὰρ
1381 960 1471 987 αὐτῶν
1482 961 1532 987 οὐκ
1546 961 1574 987 ὲν
1582 961 1707 996 οὐρανοῖς
1721 958 1801 995 ἦσαν,

1013 1003 1070 1030 ἀλλ’
1087 1004 1134 1030 ἐπὶ
1157 1005 1218 1040 γῆς.
1237 1004 1354 1036 Τούτους
1369 1005 1416 1031 καὶ
1440 1005 1547 1033 δίδωσιν
1562 1007 1601 1038 εἰς
1623 1007 1765 1042 προνομὴν
1787 1007 1802 1033 6

1012 1048 1088 1081 Θεός.
1100 1050 1194 1081 Εἵποις
1206 1049 1227 1076 δ’
1243 1050 1277 1077 ἂν
1293 1051 1340 1077 καὶ
1365 1050 1522 1086 κρείττονας
1537 1051 1585 1078 τοῦ
1616 1051 1682 1078 λαοῦ
1699 1051 1802 1078 ἐκείνω

1013 1095 1166 1131 θησαυροὺς
1183 1096 1223 1127 εἰς
1238 1097 1376 1132 προνομὴν
1389 1096 1548 1123 ἐκδίδοσθαι.
1571 1097 1734 1133 Θησαυροὺς
1749 1098 1802 1132 γὰρ

1013 1139 1086 1176 εἶχον
1100 1141 1217 1175 Μωῡσῆν
1244 1142 1291 1168 καὶ
1315 1142 1378 1173 τοὺς
1402 1143 1555 1178 προφήτας,
1581 1143 1629 1175 οὓς
1644 1143 1740 1170 ἐλαϐεν
1755 1145 1802 1170 ἀπ’

1014 1187 1104 1213 αὐτῶν
1119 1188 1133 1213 ὁ
1162 1186 1288 1222 Χριστὸς,
1318 1187 1332 1214 δ
1361 1188 1407 1214 καί
1437 1196 1530 1223 φησιν’
1563 1188 1737 1222 Ἀρθήσεται
1753 1190 1803 1223 ἀφ’

1013 1233 1097 1268 ὑμῶν
1112 1234 1131 1267 ἠ
1145 1233 1291 1265 βασιλεία
1303 1233 1355 1260 τοῦ
1381 1233 1465 1265 Θεοῦ,
1488 1233 1536 1260 καί
1551 1234 1712 1267 δοθήσεται
1725 1235 1802 1261 ἔθνει

1014 1279 1149 1306 ποιοῦντι
1166 1279 1237 1312 τοὺς
1261 1279 1396 1312 καρποὺς
1408 1279 1512 1314 αὐτῆς.
1537 1280 1644 1315 Πρῶτοι
1663 1280 1719 1315 γὰρ
1733 1281 1803 1306 ἐκεῖ·

1015 1333 1055 1352 νοι
1071 1324 1270 1360 ἐπιστεύθησαν
1286 1324 1320 1351 τὰ
1334 1325 1412 1359 λόγια
1427 1325 1473 1351 τοῦ
1486 1325 1565 1357 Θεοῦ,
1586 1325 1634 1352 καὶ
1659 1327 1718 1360 μετ’
1731 1325 1802 1352 ἑκεί-

1015 1379 1076 1402 νους
1089 1371 1180 1405 ἡμεῖς.
1199 1369 1288 1405 Ἤρθη
1304 1369 1332 1396 δὲ
1345 1370 1391 1397 ἀπ’
1404 1370 1502 1396 αὐτῶν·
1519 1371 1566 1397 καὶ
1575 1371 1623 1397 νῦν
1636 1371 1744 1405 ἔχουσιν
1758 1371 1804 1397 αὐ-

1015 1414 1068 1441 τῶν
1088 1414 1136 1445 τὰς
1154 1413 1264 1450 Γραφὰς
1282 1414 1312 1440 τδ
1328 1414 1366 1449 μὴ
1384 1414 1495 1449 θεωρεῖν
1521 1415 1566 1441 τὸν
1580 1415 1609 1442 ὲν
1625 1416 1718 1447 αὐτοῖς
1731 1415 1801 1442 νοῦν.

1015 1459 1197 1495 Πεπλήρωται
1211 1459 1266 1494 γὰρ
1281 1459 1349 1495 μετὰ
1364 1459 1413 1495 τὴν
1431 1459 1518 1495 Ἰησοῦ
1538 1461 1695 1496 ἐπιδημίαν·
1715 1460 1803 1494 Ἀκοῇ

1017 1506 1174 1538 ἀκούσετε,
1200 1506 1250 1533 καὶ
1277 1507 1312 1533 οὺ
1334 1506 1375 1540 μὴ
1401 1505 1524 1539 συνῆτε,
1562 1507 1609 1533 καὶ
1634 1506 1800 1539 ,βλέποντες

1013 1551 1158 1586 βλέψετε,
1171 1552 1220 1579 καὶ
1237 1553 1272 1579 οὐ
1282 1552 1326 1586 μὴ
1342 1551 1435 1585 ἴδητε·
1454 1552 1609 1587 ἐπαχύνθη
1626 1553 1682 1587 γὰρ
1701 1554 1722 1586 ἠ
1739 1561 1805 1586 κορ-

1015 1597 1065 1624 δια
1076 1597 1129 1624 τοῦ
1144 1597 1219 1624 λαοῦ
1232 1598 1349 1624 τούτου.

1052 1642 1095 1669 14.
1109 1641 1165 1669 Καὶ
1176 1641 1394 1668 καταδουλώσω
1410 1649 1447 1668 σε
1466 1642 1501 1669 ἐν
1514 1641 1589 1668 πᾶσι
1603 1642 1666 1675 τοῖς
1674 1642 1802 1676 ἐχθροῖς.

1016 1686 1254 1714 Καταδεδούλωται
1275 1687 1290 1712 ό
1315 1687 1379 1718 λαὸς
1394 1687 1498 1718 ἐκεῖνος
1516 1688 1544 1714 ἐν
1557 1687 1614 1718 τοῖς
1625 1687 1743 1723 ἐχθροῖς,
1760 1688 1806 1713 καὶ

1016 1732 1128 1767 γέγονεν
1143 1733 1171 1759 ἐν
1185 1733 1218 1767 τῇ
1235 1733 1270 1767 γῇ
1287 1733 1320 1768 ἣν
1334 1733 1383 1759 οὐκ
1399 1733 1467 1767 ᾔδει.

1053 1779 1098 1805 15.
1115 1779 1213 1812 Κύριε.
1226 1778 1378 1813 μνήσθητί
1403 1787 1472 1813 μου.
1500 1778 1592 1806 Ταῦτα
1617 1779 1632 1804 ό
1662 1779 1807 1814 τιμὴς-ης

1017 1824 1100 1859 φησὶν
1116 1822 1186 1859 ὁρῶν
1199 1823 1295 1850 suum
1314 1823 1397 1858 μηδὲν
1411 1823 1569 1858 ὠφελοῦντα
1589 1824 1637 1850 καὶ
1655 1824 1744 1859 μάτην
1759 1832 1807 1850 τα-

1018 1868 1242 1905 λαιπωρούμενον
1255 1869 1314 1899 ταῖς
1329 1867 1359 1900 ἐξ
1383 1868 1471 1894 αὐτῶν
1497 1868 1677 1904 πυκνατέραις
1695 1868 1806 1894 ἐπιδου-

1018 1914 1088 1946 λαῖς.
1113 1913 1226 1948 Ἐχθρὸς
1241 1912 1296 1948 γὰρ
1309 1912 1404 1946 γέγονε
1421 1914 1477 1943 τοῖς
1498 1912 1651 1944 ἀκούουσιν,
1666 1912 1807 1947 ἀληθεύων

1018 1959 1120 1991 αὐτοῖς.
1138 1957 1386 1994 Ἐμακροθύμησας
1396 1957 1435 1990 δὲ,
1449 1958 1542 1993 φησὶν,
1558 1958 1605 1984 ἐπὶ
1617 1958 1662 1984 τδν
1676 1958 1742 1985 λαὸν
1761 1958 1807 1984 ἐπὶ

1017 2006 1073 2036 τοῖς
1086 2004 1290 2039 ἁμαρτήμασιν·
1307 2003 1354 2030 ἐπὶ
1369 2003 1397 2029 δὲ
1409 2004 1466 2034 τοῖς
1481 2003 1541 2029 κατ’
1557 2003 1625 2038 ἐμοῦ
1638 2003 1808 2038 τετολμημέ-

1019 2058 1073 2082 νοις
1089 2049 1126 2085 μὴ
1144 2048 1369 2084 μακροθυμήσῃς·
1385 2049 1441 2079 τοῖς
1457 2048 1511 2083 γὰρ
1538 2048 1611 2075 οὕτω
1625 2048 1663 2083 μὴ
1679 2048 1806 2083 πειϐεμέ-

1018 2103 1073 2126 νοις
1087 2096 1101 2121 ὸ
1118 2094 1164 2126 σὸς
1176 2093 1261 2128 θυμὸς
1275 2095 1315 2125 εἰς
1327 2093 1459 2129 κάθαρσιν
1482 2094 1670 2120 ὑπολείπεται.
1689 2093 1806 2128 Τύχοιμι

1018 2140 1108 2167 τοίνυν
1119 2139 1178 2166 ἀνθ’
1192 2136 1229 2166 ὧν
1243 2138 1400 2173 ὠνειδίσθην
1419 2139 1489 2174 ὑπὲρ
1504 2138 1550 2165 σοῦ
1567 2138 1618 2173 τῆς
1634 2138 1684 2174 σῆς
1704 2147 1809 2174 μακρο-

982 2181 1007 2212 D
1020 2185 1120 2221 θυμίας
1131 2186 1138 2211 l

1055 2231 1099 2257 15.
1115 2229 1313 2257 ⁴Συντέλεσον
1336 2229 1456 2262 αὐτούς.
1489 2229 1632 2256 Συντέλεια
1663 2230 1761 2260 κακοῖς
1779 2227 1809 2254 τὸ

1021 2275 1108 2312 πέρας
1121 2275 1172 2311 τὴν
1187 2276 1285 2302 κακίαν
1301 2276 1403 2302 λαϐεῖν.
1432 2276 1487 2302 Καὶ
1516 2275 1654 2311 αίσθητῶς
1679 2275 1708 2302 δὲ
1734 2282 1809 2301 συνε-

1020 2321 1185 2357 τελέσθησαν
1216 2321 1264 2348 ἐπὶ
1287 2322 1320 2356 τῇ
1348 2321 1419 2347 κατὰ
1447 2320 1493 2348 τοῦ
1520 2321 1645 2356 Σωτῆρος
1666 2320 1806 2355 ἐπιϐουλῇ·

1021 2368 1119 2395 Οὐκέτι
1153 2367 1207 2403 γὰρ
1242 2367 1420 2403 Ἰερουσαλὴμ
1458 2367 1624 2402 μητρόπολις
1654 2368 1705 2402 τῆς
1743 2368 1807 2394 Ἰου-

1021 2413 1098 2444 δαίας
1135 2412 1279 2448 βασιλικὴ,
1304 2412 1364 2439 οὐδὲ
1407 2412 1516 2448 Ἰσραὴλ
1542 2413 1611 2439 Θεοῦ
1643 2412 1809 2449 χρηματίζει

1021 2458 1094 2490 λαός.

1058 2504 1100 2530 16.
1118 2504 1171 2530 Καὶ
1196 2502 1281 2529 ἔσται
1296 2504 1312 2529 ό
1325 2503 1416 2536 λόγος
1431 2510 1490 2529 σου
1512 2502 1578 2536 ἐμοὶ
1600 2504 1644 2535 είς
1662 2503 1809 2536 εὐφροσύ-

1021 2557 1088 2583 νην.
1106 2549 1138 2575 Ei
1158 2548 1212 2584 γὰρ
1225 2549 1272 2575 καὶ
1285 2549 1331 2575 ἐπὶ
1345 2548 1392 2575 τοῦ
1418 2549 1549 2584 παρόντος
1573 2550 1587 2575 ὁ
1603 2549 1681 2583 λόγος
1700 2556 1749 2575 σου
1770 2549 1808 2579 είς

1020 2594 1118 2630 δεσμὰ,
1136 2595 1176 2625 εις
1190 2594 1279 2626 δίκας,
1296 2595 1335 2625 εἰς
1353 2594 1514 2629 πράγματα,
1535 2595 1575 2626 είς
1589 2594 1752 2630 δυσφημίας,
1770 2595 1808 2624 εἰς

1024 2640 1130 2672 πόνους,
1148 2639 1216 2666 ἀλλὰ
1232 2640 1263 2666 τὸ
1276 2639 1351 2671 τέλος
1364 2639 1465 2666 τούτων
1481 2640 1521 2671 εἰς
1538 2640 1706 2675 εὐφροσύνην
1720 2639 1806 2665 ἐστιν

1023 2686 1091 2720 ὅπερ
1120 2685 1250 2720 ἁρμόττει
1268 2685 1440 2720 Χριπιανοίς
1468 2684 1736 2721 ταλαιπωρουμένοις
1762 2683 1807 2710 καὶ

738 2787 757 2801 ³¹
779 2786 874 2814 Matth.
888 2795 932 2816 xx:
944 2807 952 2820 .

1054 2789 1075 2805 ³⁸
1096 2788 1189 2815 Matth.
1206 2796 1272 2821 xm,
1292 2788 1335 2815 15.
1375 2789 1397 2804 ³³
1417 2789 1509 2816 ltomil.
1530 2789 1574 2817 M.
1614 2789 1637 2804 "
1657 2788 1749 2817 bomil.
1763 2787 1804 2816 id.
