1872 3048
70 167 119 195 5131

673 163 830 192 SELECTA
847 162 880 190 IN
899 161 1081 190 ιΕΒΕΜιΑΜ.

1647 162 1701 190 563

71 224 246 260 προσδοκῶσι
267 224 315 256 τὰς
336 225 461 260 ἀμοιϐάς
493 224 538 256 οὖς
564 225 610 252 καὶ
641 224 756 259 μάλιστα
771 223 856 256 λέγειν

946 229 981 248 os
1001 220 1082 248 etiam
1099 219 1181 255 296
1199 226 1230 247 ea
1250 219 1342 246 dicere
1360 218 1438 246 decet
1452 226 1458 244 :
1473 217 1602 253 quoniam
1622 219 1701 248 invo-

71 270 156 301 elx/tc'
171 270 212 297 ὅτι
229 271 407 305 ἐπικέκληται
418 271 448 298 τὺ
464 271 551 306 ὄνομα
567 280 614 298 σου
631 271 674 296 ἐπ’
688 270 749 305 ἐμὲ,
775 269 862 304 Κύριε

72 316 281 351 παντόκρατορ,
298 316 414 352 Χριστὸς
431 317 521 348 αὐτοῖς
537 317 631 351 ὄνομα.

110 362 155 389 17.
170 363 231 390 Οὐκ
258 362 384 389 ἐκάθισα
399 362 434 389 ἐν
449 362 596 396 συνεδρίῳ
612 362 724 388 τίύτων
743 360 861 391 παιζόν-

71 415 141 434 των.
170 408 311 443 Συνέδρων
337 407 540 439 σπουδαζόντων
569 408 656 434 πάντα
680 408 766 434 ποιεῖν
794 407 863 442 μετὰ

72 453 202 488 σπουδῆς,
217 453 264 479 καὶ
278 452 395 488 σπουδῆς
408 453 480 486 ἄξια,
499 453 547 479 καὶ
569 452 639 478 κατὰ
659 452 689 478 τὸ
705 451 859 486 λεγόμενον,

72 497 176 532 σπουδὴ
190 499 204 524 ὁ
220 497 287 532 βίος,
306 496 407 532 σπουδὴ
424 497 441 532 ἡ
465 495 575 532 πρᾶξις.
602 495 755 527 Παιζόντων
772 494 800 520 δὲ
816 503 861 520 συ-

70 544 186 578 νέδριον,
195 543 344 570 καταλιπὸν
354 544 402 579 τὴν
413 543 530 578 σπουδὴν
538 543 587 578 τὴν
598 543 661 578 περὶ
671 542 704 569 τὰ
714 542 859 575 ἀναγκαῖα,

69 589 127 619 τοῖς
144 588 279 622 παιγνίοις
293 588 417 623 σχολάζει
429 587 476 614 τοῦ
492 588 587 619 αἰῶνος
599 587 703 614 τούτου.

107 634 152 660 17.
181 635 354 668 Καταμόνας
380 633 542 668 ἐκαθήμην.
568 633 712 668 Μιμείσοω
723 641 766 665 τις
782 632 861 659 τοῦτο

70 679 174 715 πλῆθος
189 679 260 715 ὁρῶν
274 680 454 716 ἁμαρτωλῶν,
471 681 509 717 μὴ
527 682 608 718 φέρον
626 681 708 709 αὑτοῦ
723 681 860 708 δικαιοῦν-

69 733 117 756 τος
132 725 178 752 τδν
196 725 263 760 βίον.
282 726 407 758 Τοιοῦτος
429 725 464 762 ἦν
480 727 527 754 καὶ
543 729 557 754 ὁ
571 727 657 762 λέγων
685 727 785 759 Ἠλίας·
801 727 859 754 Κύ-

67 777 125 802 με,
141 769 214 802 τοὺς
226 770 380 805 προφήτας
406 779 464 798 σου
482 771 672 805 ἀπέκτειναν,
694 773 731 800 τὰ
757 775 860 800 θυσια-

69 815 181 853 στήριά
192 823 251 843 σου
262 817 469 852 κατέσκαψαν.
490 819 570 855 κάγὼ
594 819 781 853 ὑπελείφθην
803 828 859 854 μο-

68 859 212 893 νώτατος,
223 860 272 887 καὶ
283 861 401 895 ζητοῦσι
419 863 477 897 τὴν
488 864 594 898 ψυχήν
609 873 669 899 μου
693 863 797 891 λαϐεῖν
811 865 860 891 αὺ-

54 905 134 937 ·τιὶν.
145 905 223 940 Τάχα
237 906 265 932 δὲ
279 908 294 932 ό
307 907 361 934 τῶν
375 908 479 936 πολλῶν
497 910 534 945 μὴ
545 909 614 945 ἔχων
631 910 859 945 ἀνακεχωρηκότα

68 950 126 985 βίον
141 951 172 977 οὺ
194 951 302 979 δύναται
319 952 419 987 λέγειν’
451 956 625 990 Καταμόνας
645 953 806 989 ἐκαθήμην.
831 955 859 982 ’0

65 996 165 1031 δὲβίςω
179 997 249 1032 ἔχων
277 998 456 1035 δυσμίμητον,
483 1001 521 1032 ὡς
546 1001 646 1036 μηδένα
669 1001 859 1037 παραπλήσιον

65 1042 139 1078 ἔχειν
152 1043 181 1068 ὲν
199 1043 264 1075 εοει,
278 1045 306 1070 ὲν
318 1045 399 1080 λόγῳ,
414 1047 443 1072 ὲν
469 1046 584 1082 πράξεσι
604 1047 651 1074 καὶ
677 1046 768 1083 σοφίᾳ,
784 1047 859 1081 λέγοι

66 1086 99 1112 ξίν
114 1087 227 1119 εξκότως
254 1090 410 1124 καταμόνας
437 1091 609 1123 καθέζεσθαι.
638 1092 698 1119 Ἔτι
724 1092 751 1118 δὲ
780 1092 859 1128 μόνος

65 1133 183 1168 κάθηται
198 1135 213 1160 ὁ
229 1134 266 1169 μὴ
282 1135 320 1170 τῷ
334 1134 388 1162 τῶν
407 1136 500 1163 παθῶν
527 1137 775 1173 παρενοχλούμενος
790 1136 858 1172 πλή-

66 1179 125 1211 ῡει,
157 1180 268 1213 ἀλλἐἰς
294 1181 357 1208 νοῦν
375 1182 436 1215 ὅλος
451 1183 498 1210 καὶ
522 1183 552 1210 τὺ
581 1184 610 1211 ἓν
627 1184 807 1220 ἀναχωρήσας
828 1183 858 1210 τὸ

66 1225 93 1250 ἐν
107 1224 196 1260 αὐτῷ.

100 1270 146 1297 17.
165 1271 226 1298 Ὀτι
236 1272 355 1306 πικρίας
369 1272 573 1308 ἐνεπλήσθην.
588 1275 672 1311 Στενὴ
690 1275 735 1302 καὶ
749 1275 858 1311 τεθλιμ-

66 1316 135 1351 μένη
152 1316 170 1352 ἡ
183 1316 242 1349 ὁδὸς
258 1318 275 1352 ἡ
289 1318 432 1353 ἀπάγουσα
458 1320 498 1351 εις
513 1320 564 1356 τὴν
577 1319 659 1356 ζωήν.
680 1322 725 1347 Δεῖ
746 1321 859 1358 πικρίας

64 1361 220 1388 ἀπολαῦσαι
252 1363 323 1390 κατὰ
351 1365 396 1391 τὸν
426 1365 548 1401 παρόντα
578 1365 645 1400 βίον,
672 1366 719 1392 καὶ
743 1367 857 1402 μηδενὸς

64 1407 219 1435 ἀπολαῦσαι
248 1409 372 1442 γλυκέος.
400 1411 485 1438 Ὅταν
511 1411 566 1447 γὰρ
593 1411 735 1448 ὲορτάζῃς,
764 1413 855 1448 φησὶν,

67 1453 189 1489 Ἀζυμα,
205 1455 251 1483 ἐπὶ
264 1456 395 1492 πικρίδων
414 1457 543 1491 φάγεσαι,
561 1458 608 1484 καὶ
627 1458 652 1484 εί
683 1457 718 1484 τὰ
746 1457 857 1493 ’Δζυμα

64 1499 241 1537 εἰλικρινείας
258 1501 315 1528 ἐστὶ
332 1502 377 1532 καὶ
395 1502 523 1539 ἀληθείας
535 1504 605 1530 κατὰ
620 1503 665 1531 τὸν
686 1504 757 1530 θεῖον
779 1504 856 1531 Ἀπό-

915 273 1009 295 catum
1027 271 1069 294 est
1083 274 1181 294 nomen
1198 271 1274 293 tuum
1287 273 1369 299 super
1384 273 1436 298 tne,
1452 264 1565 292 Domine
1576 265 1703 300 omnipo-

917 319 989 344 tens.
1004 318 1031 341 et
1043 313 1170 340 Christus
1183 320 1280 339 nomen
1295 311 1362 346 ipsis
1373 316 1426 338 est.

949 359 992 386 17.
1025 357 1086 385 Non
1113 358 1170 384 sedi
1197 358 1224 384 in
1249 364 1373 384 contum
1403 356 1514 383 istorum
1541 356 1699 384 ludentium.

914 404 937 420 "‘
948 404 1099 431 Concilium
1122 404 1195 430 serio
1215 403 1351 438 agentium
1365 407 1417 434 cst,
1431 407 1461 430 ut
1472 402 1563 429 omnia
1580 401 1701 429 studioso

913 454 1028 483 agantur
1051 449 1132 483 digna
1154 449 1255 481 studio,
1266 448 1343 482 juxta
1365 448 1437 482 quod
1459 447 1559 475 dicitur
1579 447 1701 474 studium

911 495 983 526 vita,
1009 494 1131 521 studium
1161 494 1242 521 actio.
1268 493 1431 520 Ludcntium
1455 500 1519 521 vero
1540 493 1698 524 concilium.

911 539 1034 573 deposito
1054 547 1143 566 rerum
1172 539 1392 566 necessariarum
1418 539 1520 571 studio,
1545 539 1572 566 in
1586 539 1700 567 ludicris

912 585 994 618 hu}us
1007 585 1098 612 saeculi
1109 587 1271 618 occupatur.

947 629 990 656 17.
1014 629 1092 657 Solus
1111 630 1242 656 aedebam.
1258 628 1443 657 "Emuletur
1458 629 1522 664 quis
1533 629 1586 658 hoc
1605 629 1698 660 vident

913 674 1114 702 multitudinem
1128 674 1344 708 delinquentium
1365 682 1419 702 non
1433 673 1563 702 ferentem
1582 682 1644 702 eum
1659 674 1699 703 vi~

911 725 965 746 tam
976 720 1048 754 iuste
1061 719 1256 747 tratlurcntem.
1272 719 1346 746 Talis
1358 723 1417 746 erat
1428 723 1456 746 et
1467 718 1540 747 Elias
1553 719 1647 747 dicens
1657 719 1698 747 “z

912 764 1031 795 Domine,
1045 764 1184 798 prop/tetas
1205 769 1263 790 tuos
1277 763 1439 795 occiderunt,
1452 762 1551 789 altaria
1565 768 1613 789 tua
1631 763 1700 798 effu-

909 810 1020 842 derunt,
1034 813 1059 835 et
1076 817 1122 843 ego
1141 809 1251 836 relictus
1268 817 1327 835 sum
1343 808 1430 841 solus,
1450 812 1475 835 et
1494 814 1615 843 quaerunt
1639 809 1700 835 ani-

910 863 981 881 mam
994 862 1077 881 meam
1090 855 1207 889 accipere
1224 855 1322 889 ipsam.
1347 853 1428 880 Forte
1450 861 1514 880 vero
1539 853 1586 888 qui
1615 853 1698 890 vitam

910 900 1029 927 amultis
1053 900 1169 927 alienam
1193 907 1247 927 non
1269 899 1362 932 ducit,
1385 899 1457 927 haud
1480 903 1568 934 potest
1588 899 1696 926 dicere:

909 943 987 971 Solus
1003 944 1135 971 sedebam.
1157 944 1209 977 Qui
1228 952 1292 971 vero
1310 944 1393 971 vitam
1414 943 1480 978 agit,
1494 951 1577 977 quam
1598 943 1699 970 imitari

908 989 1015 1016 diliicile
1037 989 1090 1022 sit.
1112 989 1149 1016 ita
1171 993 1201 1016 ut
1214 989 1318 1016 nullum
1343 988 1394 1016 sibi
1415 988 1532 1016 similem
1553 987 1651 1015 habeat
1672 987 1697 1015 in

909 1035 1041 1066 moribus,
1068 1035 1095 1061 in
1116 1042 1260 1066 sermone,
1284 1034 1311 1061 in
1331 1034 1486 1062 actionibus
1507 1038 1535 1061 et
1553 1033 1698 1069 sapientia,

908 1087 962 1108 non
978 1080 1126 1115 incongrue
1142 1081 1241 1108 dixerit
1260 1081 1348 1108 solum
1364 1088 1393 1106 se
1410 1080 1514 1107 sedere.
1535 1079 1616 1107 Solus
1629 1086 1698 1114 quo-

908 1133 961 1160 que
979 1126 1055 1154 sedet
1065 1126 1112 1161 qui
1129 1126 1288 1161 passionum
1312 1125 1486 1153 multitudine
1505 1133 1558 1152 non
1571 1129 1696 1157 vexatur,

908 1170 954 1198 sed
975 1171 1007 1198 ad
1028 1175 1145 1198 mentem
1165 1175 1239 1199 totus
1258 1177 1399 1205 unumque
1423 1171 1547 1202 secessit,
1572 1171 1646 1206 quod
1669 1169 1697 1197 in

908 1217 969 1252 ipso
981 1221 1031 1245 est.

945 1276 988 1303 17.
1008 1275 1141 1308 Quoniam
1155 1276 1335 1304 amaritudine
1351 1275 1466 1311 repletus
1482 1283 1551 1302 eum.
1570 1275 1592 1292 "
1604 1274 1698 1310 Angu-

907 1325 950 1348 sta
960 1325 987 1348 et
1001 1325 1075 1348 arcta
1087 1321 1131 1348 via
1142 1325 1184 1348 est
1196 1328 1256 1355 quae
1269 1320 1347 1348 ducit
1357 1320 1394 1347 ad
1403 1320 1497 1346 vitam.
1511 1319 1698 1347 Amaritudine

907 1365 1051 1394 fruendum
1064 1371 1106 1394 est
1120 1367 1147 1393 in
1166 1367 1218 1394 hac
1232 1366 1286 1393 vita
1305 1371 1333 1393 et
1345 1366 1418 1393 nulla
1438 1365 1582 1393 fruendum
1602 1365 1698 1393 dulce.

906 1412 979 1439 dine.
995 1412 1064 1440 Cum
1080 1412 1164 1446 enim,
1183 1412 1235 1444 ait,
1252 1412 1374 1440 celebras
1393 1419 1501 1447 azyma,
1516 1419 1599 1446 super
1613 1412 1699 1439 lactu-

906 1464 953 1484 cas
970 1462 1091 1492 agrestes
1115 1457 1258 1491 comedes;
1287 1461 1316 1484 et
1335 1457 1359 1484 si
1382 1465 1476 1492 azyma
1491 1457 1655 1485 sinceritatis
1671 1461 1700 1485 et

906 1501 1028 1528 veritatis
1050 1506 1115 1528 sunt
1138 1501 1289 1529 secundum
1306 1500 1436 1529 divinum
1451 1501 1612 1536 Apostolum
1642 1503 1690 1537 qui

66 1545 159 1572 στολον
175 1546 204 1578 ὃς
222 1547 316 1581 φαγὼν
333 1547 419 1580 οὕτως
433 1548 503 1575 αὐτὰ
517 1548 624 1581 Παῦλος
651 1550 698 1576 καὶ
728 1550 856 1585 πικρίδας

946 1567 947 1570 η
964 1554 996 1574 ea
1009 1545 1138 1579 comedit,
1152 1545 1253 1574 Paulus
1266 1551 1294 1574 et
1308 1554 1417 1575 amras
1433 1546 1590 1575 comederat
1607 1547 1698 1576 lactu-

64 1589 141 1624 ἤσθιε
157 1591 254 1625 λέγων’
275 1592 394 1627 Ἐχθρὸς
411 1593 519 1628 γέγονα
534 1594 606 1628 ὑμῖν
626 1594 791 1627 ἀληθεύων·
807 1595 855 1622 καὶ

63 1636 156 1663 πάλιν·
181 1637 232 1663 Ἐν
249 1638 333 1672 κόπῳ
355 1639 403 1666 καὶ
418 1640 531 1674 μόχθῳ,
555 1640 590 1666 ἑν
605 1640 854 1674 cippum-largum

64 1682 152 1716 λιμῷ,
169 1683 219 1710 καὶ
238 1683 315 1718 δίψῃ
334 1684 423 1718 χωρὶς
443 1685 502 1712 τῶν
520 1686 677 1719 napezto’q.
705 1686 733 1712 Ὁ
747 1686 795 1722 μὲν
811 1686 855 1713 νό-

64 1736 114 1761 μος
128 1725 215 1754 εἶπεν·
236 1727 343 1764 Ἄζυμα
359 1729 433 1764 μετὰ
455 1731 599 1765 πικρίὃων
615 1732 730 1764 Medos,
745 1733 792 1759 καὶ
805 1732 856 1759 οὐκ

62 1771 150 1804 εἶπεν,
167 1774 245 1806 ’Ἑως
260 1775 429 1810 πλησθῆτε.
457 1776 552 1812 ὥσπερ
577 1777 620 1804 ἐπ’
643 1777 742 1810 ἄλλων,
767 1777 855 1813 idre-

61 1820 127 1849 σθε,
153 1819 201 1845 καὶ
215 1819 481 1854 ἐμπλησθήσεσθε.
516 1822 547 1849 ’0
563 1822 592 1849 δὲ
618 1823 759 1858 προφήτης
772 1831 855 1859 προσ-

61 1864 192 1890 επιτείνει
207 1864 305 1898 λέγων,
335 1866 386 1898 ὃτι,
416 1868 483 1903 Οὐχὶ
502 1868 614 1904 πικρίαν
631 1868 743 1904 ἔφαγον,
775 1869 853 1904 ἀλλὰ,

61 1911 186 1943 Πικριάς
201 1910 407 1946 ἐνεπλήσθην.

100 1957 144 1984 18.
162 1958 224 1985 ἰνα
240 1959 268 1985 τί
286 1961 313 1986 οἱ
331 1960 501 1994 λυποῦντές
513 1970 552 1996 με
567 1964 769 1997 κατισχύουσί
775 1971 853 1998 μου;

65 2002 279 2030 Ἐπεὸουλεύετο
295 2005 349 2041 γὰρ
369 2006 421 2032 ὑπὸ
431 2006 485 2032 τῶν
500 2008 534 2042 τῇ
553 2007 666 2043 ἀληθείᾳ
676 2009 854 2046 δυσαρεστου-

62 2048 153 2082 μὲνων
164 2049 211 2075 τοῦ
226 2049 317 2083 λόγον’
333 2051 379 2077 καὶ
393 2049 463 2086 ἦσαν
484 2052 566 2078 αὐτοῦ
583 2054 612 2079 ὲν
627 2053 666 2089 τῷ
678 2054 755 2081 αἰῶνι
766 2054 853 2090 τούτῳ

58 2093 250 2130 δυνατώτεροι.
264 2096 301 2122 Οὺ
315 2096 370 2132 γάρ
386 2097 459 2124 ἐστιν
473 2099 489 2133 ἡ
503 2098 626 2133 βασιλεία
637 2099 683 2125 τοῦ
701 2099 804 2126 δικαίου
820 2101 853 2127 ὲκ

59 2138 105 2164 τοῦ
122 2138 221 2170 αἰῶνος
238 2139 343 2172 τούτου,
360 2140 398 2172 ὡς
412 2142 458 2167 ὲπὶ
478 2142 533 2169 τῶν
553 2143 699 2179 μαρτύρων
713 2144 728 2170 ὀ
751 2144 800 2179 μὲν
812 2145 851 2172 δι-

59 2183 164 2218 καστὴς
184 2183 301 2219 ἐκάθητο
316 2185 425 2220 τρυφῶν
439 2187 467 2213 ὲν
477 2187 517 2222 τῷ
530 2187 706 2223 δικαστηρίῳ,
719 2188 851 2224 Χριστια-

907 1600 954 1620 cas
977 1591 1071 1620 dicens
1084 1591 1124 1620 ‘°:
1140 1591 1270 1620 Inimicus
1290 1592 1378 1627 foetus
1393 1600 1452 1620 sum
1472 1593 1542 1620 vobis
1558 1594 1696 1620 veritatem

907 1637 1019 1669 dicens;
1044 1642 1071 1664 et
1090 1637 1188 1665 iterum
1207 1636 1228 1654 ⁸¹
1248 1647 1256 1665 :
1281 1637 1316 1664 In
1337 1638 1473 1665 laboribus
1495 1643 1520 1665 et
1543 1638 1694 1671 sudanbuc,

907 1683 934 1709 in
950 1683 1059 1718 vigiliis,
1076 1684 1102 1710 in
1115 1684 1186 1718 fame
1199 1688 1224 1711 et
1240 1684 1296 1716 siti,
1308 1689 1406 1718 pra’ter
1425 1692 1455 1711 ea
1470 1692 1529 1718 quae
1541 1684 1607 1718 foris
1622 1689 1694 1712 sunt.

906 1727 962 1756 Lex
979 1729 1088 1764 quidem
1103 1729 1174 1757 dixit
1183 1729 1224 1757 δίε
1246 1730 1349 1764 Azyma
1369 1737 1428 1756 cum
1445 1729 1558 1756 lactucis
1579 1730 1694 1765 agresti,

906 1773 953 1800 bus
984 1774 1197 1806 manducabitis,
1221 1779 1248 1802 et
1265 1782 1319 1802 non
1332 1774 1419 1806 dixit,
1441 1774 1511 1802 sicut
1528 1780 1555 1802 et
1576 1775 1603 1802 iu
1623 1775 1697 1810 aliis,

906 1819 1101 1846 manducabitis
1124 1825 1149 1847 et
1169 1819 1341 1855 replebimini.
1370 1818 1504 1854 Propheta
1523 1826 1614 1847 autem
1639 1828 1697 1849 rem

905 1865 1022 1901 adauget
1047 1866 1161 1893 dicens:
1195 1874 1249 1893 non
1281 1866 1491 1894 amaritudinem
1518 1867 1696 1900 manducavi,

905 1912 952 1939 sed
971 1920 977 1938 :
1000 1912 1178 1939 amaritudine
1191 1911 1305 1946 repletus
1321 1920 1391 1940 sum.

950 1955 993 1983 18.
1027 1955 1124 1990 thuid
1146 1956 1190 1990 qui
1214 1956 1371 1983 contristam
1396 1963 1454 1988 me,
1481 1954 1696 1990 pravalentad-

903 2009 1006 2028 uersum
1022 2002 1083 2028 me?
1104 2001 1281 2028 “Petebatur
1297 2001 1369 2028 enim
1390 2000 1498 2028 insidiis
1519 2008 1613 2028 eorum
1628 2001 1692 2036 qui-

903 2046 955 2074 bus
974 2046 1076 2073 veritas
1099 2046 1236 2074 sermonis
1260 2052 1372 2081 accepta
1394 2053 1449 2072 non
1467 2050 1543 2078 erat,
1563 2051 1696 2081 erantque

904 2092 932 2118 in
949 2092 1002 2120 hoc
1022 2092 1122 2120 saeculo
1135 2092 1303 2127 potentiores
1326 2091 1395 2127 ipso.
1414 2090 1482 2118 Nam
1495 2091 1563 2126 justi
1580 2099 1695 2127 regnum

903 2145 958 2165 non
970 2144 1012 2165 est
1024 2145 1058 2165 ex
1069 2137 1122 2165 hoc
1133 2138 1244 2171 saeculo,
1259 2141 1288 2164 ut
1308 2137 1335 2164 in
1352 2137 1519 2172 martyribus
1532 2137 1623 2165 videre
1641 2142 1693 2165 est.

903 2182 990 2210 Judex
1003 2183 1113 2217 quidem
1127 2182 1232 2210 deliciis
1244 2182 1358 2210 atlluens
1370 2190 1420 2217 pro
1434 2183 1562 2210 tribunali
1573 2183 1696 2217 sedebat,

59 2229 103 2260 νὸς
117 2228 157 2258 δὲ.
174 2229 203 2254 ὲν
219 2226 242 2262 ᾧ
256 2230 373 2264 Χριστός
390 2231 447 2258 ἐστι
464 2232 651 2268 δικαζόμενος,
669 2234 781 2270 πικρίας
794 2235 852 2261 ἑνε-

948 2229 1079 2257 ristianus
1094 2236 1159 2256 vero
1175 2230 1202 2257 in
1215 2237 1272 2264 quo
1283 2229 1410 2257 Christus
1420 2229 1607 2264 judicabatur,
1619 2237 1695 2257 ama-

59 2273 201 2308 πιμπλατο
227 2274 297 2309 πρὸς
329 2275 377 2302 τοῦ
417 2276 510 2303 ἀδίκου
545 2279 787 2314 κατακρινόμενος.
820 2280 852 2306 ει

58 2319 86 2345 δὲ
107 2320 155 2346 καὶ
182 2320 274 2356 πληγὴ
306 2322 421 2357 στερεὰ,
449 2322 516 2350 ἀλλά
548 2324 617 2359 μετὰ
649 2324 751 2360 ταύτην
781 2325 853 2358 ἴασις

59 2364 175 2397 γίνεται.

380 2413 459 2441 xm.
475 2415 534 2448 ις’.

94 2454 137 2481 16.
171 2454 245 2482 Ἰδοὺ
271 2455 330 2490 ἐγὼ
357 2456 538 2484 ἀποστέλλω
563 2457 634 2491 τοὺς
661 2458 757 2492 ἁλιεῖς
780 2459 851 2493 τοὺς

59 2502 205 2533 πολλοὺς.
225 2500 331 2536 Πέμπει
357 2502 412 2537 γὰρ
441 2503 455 2529 ὁ
479 2503 546 2535 Θεὸς
569 2503 662 2536 ἁλιέας
687 2505 849 2540 ἀνθρώπων,

59 2546 184 2581 καθάπερ
215 2551 280 2577 τους
299 2547 474 2579 ἀποστόλους.
500 2549 598 2584 τέχνην
622 2550 713 2583 αὐτοῖς
724 2551 850 2586 ὲμσαλὼν

59 2592 227 2627 ἁλιευτικὴν,
239 2591 300 2618 καθ’
315 2592 348 2627 ἢν
365 2593 397 2619 ἐκ
412 2593 467 2620 τῶν
482 2594 561 2621 θείων
581 2595 697 2631 Γραφῶν
722 2596 850 2623 πλέκουσι

60 2637 106 2671 τῆς
121 2636 215 2668 ἁλείας
239 2637 275 2662 τὰ
294 2637 408 2672 ὄργανα,
424 2638 471 2665 καὶ
497 2639 530 2666 δι’
544 2640 632 2666 αὐτῶν
652 2641 703 2675 τῆς
727 2641 851 2676 ἁλμυρᾶς

58 2682 102 2708 τοῦ
129 2682 186 2717 βίου
214 2682 360 2709 ἀνέλκουσι
397 2683 533 2720 Θαλάττης
562 2686 609 2712 καὶ
636 2686 780 2712 θανατοῦσι
811 2686 850 2721 τῷ

57 2729 152 2765 κόσμῳ
167 2729 300 2764 καθάπερ
317 2729 411 2765 ἰχθύας
437 2731 582 2766 θαλάττης.
600 2732 731 2758 Ζωοποιεϊ
743 2732 772 2758 δὲ
783 2732 850 2764 Θεὸς

95 2832 117 2847 ³⁸
131 2831 224 2859 homil.
243 2831 284 2858 14.
335 2829 356 2845 ³⁷
372 2827 464 2856 homil.
482 2828 525 2855 M.

60 2865 81 2883 ⁸
94 2868 175 2895 Exod.
195 2875 243 2896 xu.
258 2866 285 2892 8.
323 2865 346 2880 ⁸³
361 2863 454 2892 homil.
471 2863 511 2890 14.
550 2862 571 2877 ⁵⁸
587 2860 679 2888 homil.
696 2860 737 2888 16.

576 2826 597 2841 ³⁸
610 2825 644 2852 111
660 2825 725 2859 Reg.
741 2832 801 2859 xix,
816 2823 857 2852 10.

904 2274 1025 2301 ritudine
1050 2274 1216 2308 replebatur,
1241 2282 1306 2302 cum
1335 2274 1370 2302 ab
1392 2274 1476 2310 impio
1506 2274 1693 2304 damnaretur.

905 2318 984 2352 Quod
1005 2319 1028 2347 si
1042 2320 1130 2347 valida
1148 2320 1238 2355 plaga,
1262 2324 1356 2355 postea
1384 2319 1458 2347 illam
1479 2319 1613 2348 medicina
1627 2320 1694 2348 sub-

906 2365 1042 2399 sequitur.

1195 2410 1310 2438 CAPUT
1333 2411 1404 2438 XVI.

941 2455 984 2484 16.
1013 2455 1081 2483 Ecce
1096 2464 1142 2491 ego
1165 2457 1243 2484 mitto
1262 2458 1406 2492 piscatores
1429 2457 1536 2484 mullos.
1571 2457 1598 2474 ⁸³·
1612 2457 1695 2486 Mittit

903 2503 977 2530 enim
1002 2502 1075 2530 Deus
1094 2503 1243 2537 piscatores
1269 2504 1425 2536 hominum,
1440 2504 1520 2531 sicuti
1541 2504 1690 2538 apostolos,

905 2554 990 2576 artem
1008 2549 1074 2583 ipsis
1093 2549 1194 2576 indens
1202 2549 1389 2584 piscatoriam,
1402 2556 1449 2584 per
1463 2556 1545 2583 quam
1559 2557 1590 2576 ex
1603 2549 1692 2577 sacris

906 2594 1018 2622 Litteris
1032 2595 1191 2629 pisczttionis
1205 2597 1385 2622 instrumenta
1405 2594 1484 2631 297
1502 2599 1607 2628 texunt,
1623 2603 1692 2630 quo-

905 2648 966 2667 rum
981 2648 1033 2675 ope
1048 2648 1081 2667 ex
1094 2642 1170 2668 salso
1185 2641 1247 2667 vitae
1265 2641 1404 2668 attrahunt
1424 2641 1504 2674 mari,
1520 2645 1546 2668 et
1566 2645 1690 2669 mortuos

904 2686 1008 2712 mundo
1019 2685 1134 2713 reddunt
1148 2685 1230 2712 veluti
1242 2686 1331 2720 pisces
1347 2687 1442 2714 maris.
1458 2686 1584 2714 Viviticat
1598 2691 1690 2714 autem

904 2731 954 2758 hos
979 2730 1048 2758 Deus
1069 2731 1286 2765 praestantiorem
1310 2731 1364 2758 illis
1391 2731 1515 2759 tribuens
1536 2732 1636 2766 vitam,
1660 2731 1690 2760 in

1446 2821 1466 2838 “
1483 2822 1504 2850 ll
1516 2822 1579 2850 Cor.
1597 2831 1633 2856 vt,
1650 2822 1676 2850 6.

912 2824 932 2840 "
951 2823 1042 2851 homil.
1062 2823 1102 2850 11.
1155 2822 1176 2838 ⁸⁸
1191 2821 1276 2850 Galat.
1296 2830 1335 2856 tv,
1354 2822 1395 2849 16.
