1872 3048
186 174 240 207 563

187 237 270 264 quam
291 227 338 262 qui
355 226 577 254 transformatur,
592 231 645 250 non
659 220 776 255 amplius
793 217 866 252 degit
880 215 973 242 analo-
989 215 1013 242 Α

187 261 228 309 gis
245 261 366 308 piscibus
389 272 415 298 in
435 271 508 298 salso
526 269 606 301 mari,
625 267 700 302 juxta
720 265 786 292 illud
797 263 837 289 ‘5:
855 261 888 288 In
903 268 976 287 cani-

187 321 247 347 dem
261 318 403 353 imaginem
420 318 458 343 uti
474 325 488 342 a
506 315 601 349 spiritu
615 313 767 340 dontinante
782 309 974 337 convertimur;

189 366 236 394 sed
250 365 312 392 inde
327 363 520 392 asecndamus,
535 366 564 387 ut
576 360 658 386 vitam
678 358 705 384 in
727 356 865 384 montibus
878 352 976 380 transi-

190 418 297 445 gamus.
315 410 366 436 hoc
377 414 419 436 est
433 416 494 435 cum
509 406 658 441 prophetis,
675 409 701 431 et
720 403 746 430 in
760 402 886 432 collibus,
903 399 976 427 scili-

190 462 233 483 cet
249 455 341 491 justis,
360 454 405 482 ubi
423 462 438 480 a
456 451 638 487 piscatoribus
657 457 710 477 non
729 448 845 482 amplius
858 445 975 480 capitur,

190 502 237 529 sed
253 509 268 529 a
281 499 455 528 venatoribus
480 497 593 532 angelis,
616 504 631 523 a
645 496 744 530 quibus
763 494 785 521 si
803 496 900 520 venatu
916 489 975 523 capi

190 551 308 582 oportet,
327 547 354 572 in
375 543 514 572 montibus
537 550 568 569 ac
585 542 701 569 collibus
718 540 771 566 vita
789 542 830 565 est
841 536 975 564 ducenda.

190 593 253 621 Inde
266 593 336 619 enim
347 594 480 618 venantur
495 589 583 623 angeli
598 585 754 622 hujusmodi
768 584 875 612 animas
885 590 901 609 e
915 589 976 609 cor-

190 647 256 674 pore
280 641 430 669 exeuntes,
458 643 514 663 non
540 634 617 662 humi
641 633 775 668 iacentes.
806 629 978 663 Quapropter

190 672 390 713 ascendentium
408 686 450 710 est
470 681 504 708 ad
518 684 651 710 montem,
667 677 713 705 ubi
728 676 855 704 Christus
869 672 978 700 transti-

189 736 302 766 guratus
321 734 378 762 est,
402 728 449 755 ubi
465 727 614 761 discipulos
630 722 812 752 beatitudines
837 718 976 749 edocebat,

188 775 300 810 quando
311 774 432 801 vidimus
445 771 647 803 multitudinem
660 768 810 803 copiosam.

227 876 270 902 16.
293 874 326 901 Ει
340 873 372 900 de
390 872 508 900 cavernis
523 876 668 906 petrarum.
685 868 708 883 “
720 866 826 894 Rursus
839 872 900 900 qua:
915 867 980 890 sunt
996 879 1018 907 Β

193 931 316 953 cavernae
345 920 500 957 petrarum?
520 918 588 946 Nam
614 921 641 944 et
664 916 697 944 de
720 915 763 942 his
785 913 866 941 etiam
890 910 977 945 angeli

193 955 375 997 venabuntur.
397 966 425 993 In
447 964 579 992 foramine
598 964 689 996 itaque
706 965 789 995 petrae
805 957 897 993 posuit
908 955 979 983 Deus

193 1014 324 1050 Moyscm,
338 1018 364 1040 et
384 1013 441 1039 haec
455 1014 514 1038 erat
529 1009 656 1037 Christus
678 1013 803 1037 caverna,
819 1003 865 1038 qui
880 1009 979 1030 secun-

193 1049 257 1088 dum
286 1059 453 1086 divinitatem
477 1055 585 1091 quidem
613 1057 672 1080 erat
693 1055 785 1086 petra;
816 1049 916 1076 dictum
939 1050 981 1073 est

192 1105 265 1133 enim
276 1105 298 1123 δτ
313 1115 319 1131 :
335 1104 414 1131 Petra
440 1107 528 1129 autem
551 1105 608 1128 erat
625 1099 758 1128 Christus,
781 1100 808 1123 et
830 1092 979 1122 secundum

193 1150 408 1179 incarnationem
429 1148 568 1179 foramen,
587 1154 634 1181 per
650 1144 723 1180 quod
741 1143 869 1170 videntur
890 1143 981 1174 poste-

194 1198 264 1225 riora
281 1195 337 1223 Dei.
355 1195 447 1222 Multa:
460 1198 550 1221 autem
566 1197 661 1227 petrae,
673 1191 707 1218 de
720 1189 821 1225 quibus
835 1187 879 1214 hic
890 1192 981 1212 sermo

194 1243 318 1271 habetur,
332 1245 396 1267 sunt
408 1244 435 1267 et
453 1238 602 1274 prophetae,
626 1241 652 1264 et
666 1233 792 1270 apostoli,
807 1237 834 1260 et
848 1230 982 1266 prrecipue

194 1288 300 1323 angeli,
326 1286 372 1321 qui
397 1289 461 1312 sunt
485 1283 639 1310 imitatores
665 1279 778 1311 Christi,
804 1277 982 1310 foramcnque

193 1333 317 1364 habent,
343 1339 392 1366 per
418 1330 491 1365 quod
525 1327 678 1363 posteriora
702 1325 747 1352 Dei
783 1323 981 1357 intelliguntur.

197 1378 391 1413 Unusquisque
406 1383 470 1403 vero
491 1383 538 1409 per
555 1381 586 1401 ea
601 1380 661 1408 quae
680 1372 714 1398 de
728 1371 782 1397 Deo
797 1370 864 1397 dicit
882 1367 916 1396 ad
939 1368 982 1394 in-

195 1424 370 1459 lclligendum
389 1423 477 1457 ipsum
497 1419 636 1451 facientia,
657 1418 684 1445 in
697 1415 843 1450 semetipso
861 1414 983 1441 foramen

195 1458 283 1504 aperit
306 1468 338 1495 ad
364 1465 570 1501 intelligendum
594 1463 697 1495 Deum;
719 1461 789 1489 sicut
805 1467 853 1495 per
863 1458 982 1493 Moysem

196 1515 297 1549 legem,
323 1519 370 1546 per
394 1511 492 1538 Isaiam
520 1507 691 1544 prophetiam
716 1504 913 1538 intelligimus.
937 1509 985 1536 per

197 1561 280 1587 alium
304 1557 389 1584 aliud.
412 1554 533 1589 Contigit
559 1553 643 1581 etiam
671 1559 704 1578 ex
728 1550 825 1585 angelo
845 1549 983 1582 loquente,
999 1554 1020 1583 ο

196 1604 278 1632 sicuti
303 1602 425 1637 loquitur
447 1600 471 1616 ⁸³
493 1609 499 1626 :
525 1598 639 1633 Angelus
667 1597 711 1632 qui
735 1595 853 1630 loquitur
878 1594 907 1620 in
928 1601 983 1625 me,

196 1653 314 1678 stantem
330 1647 412 1674 veluti
431 1653 463 1673 ex
478 1649 554 1680 petra
568 1648 595 1671 et
613 1642 745 1670 foramine
765 1640 885 1675 angelice
901 1638 984 1665 Deum

199 1693 300 1725 videre,
318 1693 358 1719 sic
372 1691 442 1718 rubo
457 1690 570 1725 angelus
583 1687 692 1723 quidem
711 1691 769 1714 erat
786 1685 832 1720 qui
850 1684 984 1720 apparuit,

198 1741 245 1768 sed
270 1739 316 1774 qui
340 1739 367 1765 in
389 1738 447 1772 ipso
469 1740 529 1763 erat
549 1735 586 1762 ait
605 1734 627 1750 ”
648 1743 654 1761 :
674 1733 731 1768 Ego
753 1732 822 1759 Deus
839 1731 984 1758 Abraham.

199 1785 300 1812 Verum
316 1787 476 1810 venatorum
489 1781 634 1808 adventum
648 1778 816 1813 ignorantes,
837 1783 870 1802 ne
890 1783 906 1802 ο
922 1782 988 1809 ιιι-ιιι-

198 1830 278 1857 dictis
293 1827 501 1856 descendamus.
520 1825 600 1852 Foris
610 1823 684 1851 enim
700 1821 871 1856 permanenti
886 1819 987 1847 dicitur

198 1875 266 1903 illud
277 1876 300 1891 '°
314 1883 319 1900 :
350 1873 446 1904 Stulte,
461 1876 535 1898 nocte
548 1870 600 1896 hac
624 1869 742 1895 animant
759 1874 832 1893 tuam
854 1865 986 1900 requirent

200 1931 215 1948 α
231 1926 271 1952 te;
289 1927 346 1955 qua:
360 1927 420 1946 vero
433 1916 602 1952 pra’parasti,
625 1914 702 1948 cujus
724 1912 821 1939 erunt?
846 1910 890 1938 Uti
913 1910 986 1938 enim

200 1966 277 1993 lmmi
299 1964 436 2000 projectus
461 1962 624 1990 dicebat“:
644 1959 732 1987 Habes
758 1957 827 1984 bona
851 1957 988 1991 proposita

200 2012 287 2039 adhuc
304 2010 398 2041 multa,
419 2009 446 2035 in
467 2008 602 2035 bonorum
619 2004 723 2039 judicio
739 2002 879 2029 oberrans.
907 2001 987 2036 Igno-

199 2057 277 2085 rabat
287 2056 359 2083 enim
369 2062 433 2081 vere
448 2054 519 2080 bona
534 2059 588 2078 non
602 2051 710 2078 interra
721 2047 878 2079 maledicta,
894 2046 941 2073 sed
959 2046 986 2073 in

200 2102 271 2129 coelo
293 2101 345 2127 sita
368 2107 439 2127 esse.
466 2099 495 2124 In
516 2097 568 2124 hoc
588 2096 662 2124 enim
683 2094 791 2128 requies
803 2093 945 2120 beatorum
961 2092 988 2118 in

200 2147 311 2174 Christo
322 2144 397 2171 Iesu.

237 2190 282 2217 17.
308 2189 379 2221 Quia
409 2187 479 2214 oculi
504 2187 556 2213 mei
581 2193 660 2220 super
686 2193 774 2211 omnes
802 2183 857 2210 vias
886 2188 987 2209 eorum.

201 2236 225 2252 "
238 2235 326 2270 Super
350 2233 505 2268 hujusmodi
529 2230 672 2258 hominum
692 2230 751 2258 vias
774 2229 846 2257 oculi
862 2227 958 2255 Domin

202 2289 258 2308 non
283 2280 356 2307 enim
376 2279 411 2305 ab
433 2279 492 2312 ipso
513 2275 736 2308 absconduntur,
758 2272 987 2309 quemadmodum

202 2326 291 2362 pravi,
313 2326 386 2353 sicut
410 2325 436 2351 in
461 2323 588 2358 paradiso
616 2321 713 2348 Adam.
745 2319 812 2347 Nam
838 2317 989 2347 secundum

203 2372 357 2407 apostolum
370 2371 402 2402 ",
413 2370 436 2396 si
449 2368 609 2395 conscientia
623 2375 672 2393 non
687 2367 796 2392 damnat
811 2373 869 2397 nos,
879 2363 989 2391 liberta-

204 2425 256 2446 tem
273 2418 397 2445 habemus
414 2416 448 2442 ad
461 2414 555 2441 Deum.

239 2505 323 2540 298
341 2504 386 2532 19.
403 2503 490 2536 Quam
513 2501 583 2537 falsa
605 2499 776 2535 possederunt
802 2503 890 2533 patres
906 2497 993 2524 nostri

204 2551 288 2578 idola.
303 2550 327 2566 "
338 2549 417 2577 Falsa
442 2553 531 2575 autem
556 2546 627 2574 idola
649 2549 727 2573 vocat
752 2544 779 2571 id
799 2543 872 2578 quod
892 2546 934 2570 est
951 2542 994 2569 di-

204 2604 286 2624 cens:
299 2603 353 2623 non
365 2594 443 2630 quasi
455 2593 523 2622 falsa
536 2593 592 2620 sint
604 2591 638 2619 ad
649 2588 870 2624 distinguendum
883 2587 917 2614 ab
932 2586 994 2613 aliis

205 2643 286 2669 veris.
308 2641 384 2668 Facit
403 2648 468 2668 vero
490 2639 556 2666 deos
579 2645 632 2665 non
659 2636 748 2663 solum
763 2633 810 2668 qui
826 2636 931 2660 statuas
950 2631 992 2658 fa-

206 2686 303 2719 bricat,
325 2685 372 2713 sed
393 2684 473 2711 etiam
492 2683 540 2718 qui
561 2682 630 2709 falsa
642 2681 770 2715 dogmata
784 2677 835 2706 sibi
849 2676 991 2708 conﬁnxit,

206 2735 233 2758 et
248 2735 377 2766 tanquam
392 2737 456 2757 vera
471 2730 568 2757 adorat
584 2726 669 2754 animi
685 2726 824 2760 ﬁgmenta.

244 2864 267 2880 “
286 2863 307 2889 Il
319 2865 381 2890 Cor.
394 2872 433 2895 Ill,
449 2865 489 2890 l8.
529 2863 550 2879 “
571 2863 664 2889 homil.
679 2862 721 2888 16.

210 2898 232 2914 ¹¹
253 2898 318 2926 ibid.
341 2899 381 2925 l9.

780 2860 800 2875 ⁸⁷
820 2859 904 2885 lCor.
925 2867 950 2890 χ,
969 2859 994 2885 ι.

891 157 936 185 EX
951 154 1102 183 ORIGENE

1763 143 1814 170 εισι

1028 212 1137 243 τούτους
1153 211 1202 246 τὴν
1215 209 1318 245 ἀμείνω
1343 207 1425 242 ζωήν·
1447 205 1507 232 καθ’
1523 205 1555 239 ἦν
1576 211 1618 234 τις
1633 207 1813 237 μεταμορφω-

1027 257 1084 287 θεὶς
1099 256 1192 282 οὐκέτι
1222 255 1269 282 σὺν
1285 255 1340 285 τοῖς
1365 252 1495 285 ἀνάλογον
1521 249 1625 284 ἰχθύσιν
1653 249 1684 274 ἐν
1708 246 1815 280 ἀλμυρᾷ

1026 301 1113 335 διάγει
1129 300 1247 336 Θαλάττῃ
1279 299 1350 325 κατά
1375 297 1421 329 τὸ,
1452 298 1502 328 Εἰς
1531 294 1587 328 τὴν
1603 292 1703 326 αὐτὴν
1715 292 1815 318 εἰκόνα

1024 343 1434 381 μεταμορφούμεθαλαθιὶπερ
1447 342 1504 369 ἀπὸ
1519 340 1624 374 κυρίου
1636 338 1814 372 πνεύματος·

1026 392 1225 427 ἁναδράμωμεν
1254 391 1281 417 δὲ
1309 389 1432 416 ἐντεῦθεν
1453 388 1501 423 τὴν
1520 387 1550 412 ὲν
1580 385 1656 421 ὄρεσι
1674 382 1817 414 ποιοῦντες

1026 437 1176 473 διατριϐὴν,
1190 435 1290 472 δηλαδὴ
1300 437 1357 466 τοῖς
1366 433 1531 469 προφήταις,
1543 432 1589 458 καὶ
1599 430 1649 465 τὴν
1664 430 1694 456 ὲν
1712 428 1815 464 βουνοῖς

1026 485 1083 514 τοῖς
1095 482 1217 513 δικαίοις·
1238 481 1298 508 ὅθεν
1312 480 1365 506 ὑπὸ
1385 479 1481 506 ἁλιέων
1499 478 1548 513 μὲν
1570 477 1665 503 οὐκέτι
1679 474 1816 510 λαμϐάνε-

1026 537 1083 560 ται,
1100 527 1153 554 ὑπὸ
1170 526 1310 563 θηρευτῶν
1325 526 1353 551 δὲ
1369 523 1500 558 ἀγγέλων,
1516 522 1561 557 ὑφ’
1576 518 1613 548 ὦν
1623 522 1647 547 εξ
1662 521 1704 547 δεῖ
1716 520 1818 553 διάγειν

1027 575 1056 600 ὲν
1069 574 1144 608 ὄρεσι
1161 573 1208 600 καὶ
1225 572 1339 607 βουνοῖς.
1367 570 1486 597 Ἐκεῖθεν
1504 568 1559 603 γὰρ
1577 567 1698 603 θηρῶσιν
1711 565 1818 600 ἄγγελοι

1026 619 1076 651 τὰς
1088 620 1121 645 ὲκ
1132 618 1179 645 τοῦ
1196 618 1323 654 σώματος
1341 616 1469 646 τοιαύτας
1483 614 1607 647 ἐξιούσας
1636 612 1736 647 ψυχὰς,
1763 611 1818 639 ἀλλ’

1028 665 1058 691 οὗ
1071 665 1121 696 τὰς
1135 664 1210 691 κάτω
1222 663 1361 698 κειμένας.
1384 661 1463 688 Ὅθεν
1479 660 1583 687 ἀνιτέον
1611 659 1651 689 εἰς
1667 658 1742 693 ὅρος,
1757 657 1820 683 ἔνθα

1031 708 1228 745 μετεμορφώθη
1257 707 1393 743 Χριστὸς.
1422 705 1485 732 ἔνθα
1520 705 1583 735 τοὺς
1615 702 1741 738 μαθητὰς
1771 702 1821 728 ἐδί-

1029 756 1111 782 δασκε
1138 753 1201 786 τοὺς
1229 753 1438 789 μακαρισμοὺς,
1467 751 1512 777 ὅτε
1541 750 1604 781 τοὺς
1620 747 1716 783 δχλους
1735 747 1822 782 ἑωρά-

1030 810 1064 827 κα
1068 810 1127 836 μεν.

1068 847 1108 874 16.
1124 847 1177 874 Καὶ
1203 847 1237 872 ἐκ
1253 845 1312 872 τῶν
1330 841 1499 878 multum}?
1517 841 1576 867 τῶν
1599 838 1726 872 πετρῶν.
1740 837 1821 868 Τίνες

1031 894 1063 920 δὲ
1076 893 1156 921 πάλιν
1171 891 1361 928 αίτρυμαλιαὶ
1388 890 1442 917 τῶν
1457 888 1581 924 πετρῶν;
1610 886 1666 914 Καὶ
1687 885 1741 913 ἀπὸ
1763 884 1823 911 τού-

1032 949 1085 966 των
1101 939 1154 974 γὰρ
1183 938 1361 974 θηρεύσουσιν
1378 936 1497 970 ἄγγελοι.
1513 935 1560 966 Εἰς
1582 932 1652 968 ὀπὴν
1664 932 1756 958 τοίνυν
1773 930 1822 956 πέ-

1032 995 1100 1022 τρας
1115 985 1197 1020 ἔθηκε
1208 985 1255 1011 τὸν
1267 984 1386 1018 Μωῦσῆν
1400 983 1415 1008 ὁ
1433 981 1509 1012 Θεός·
1524 978 1558 1015 ἦν
1573 979 1602 1005 δὲ
1618 977 1690 1013 αὕτη
1706 976 1823 1012 Χριστὸς

1032 1032 1049 1066 ἡ
1064 1030 1111 1065 μία
1123 1029 1270 1065 τρυμαλιὰ,
1288 1028 1360 1055 κατὰ
1377 1028 1426 1062 μὲν
1437 1027 1486 1061 τὴν
1513 1025 1629 1059 θεότητα
1652 1023 1743 1058 πέτρα
1757 1031 1824 1058 χρη-

1037 1065 1166 1112 ματίζων,
1186 1074 1256 1102 κατά
1269 1074 1310 1106 τὸ,
1335 1073 1365 1100 Ἠ
1379 1071 1413 1098 δὲ
1439 1071 1533 1104 πέτρα
1547 1068 1586 1104 ἦν
1598 1068 1736 1102 Χριστός·
1755 1065 1822 1093 κατά

1034 1123 1062 1150 δὲ
1078 1122 1127 1158 τὴν
1143 1120 1299 1155 οἰκονομίαν
1314 1118 1379 1154 ὀπὴ,
1394 1117 1427 1143 δι’
1439 1115 1474 1153 ἦς
1492 1115 1526 1142 τὰ
1534 1113 1614 1158 ᾃμετὰ
1635 1112 1703 1139 Θεὸν
1714 1112 1823 1147 θεωρεῖ-

1034 1176 1089 1194 ται.
1106 1156 1144 1193 'Ai
1160 1165 1256 1193 πολλαὶ
1271 1165 1299 1191 δὲ
1316 1163 1423 1199 πέτραι,
1447 1160 1511 1196 περὶ
1530 1156 1567 1186 ὧν
1593 1157 1641 1185 νῦν
1667 1158 1682 1185 ὁ
1698 1157 1788 1191 λόγος,
1799 1156 1825 1182 οἵ

1034 1223 1064 1240 τε
1090 1213 1227 1248 προφῆται
1250 1211 1297 1237 καὶ
1322 1207 1476 1238 ἀπόστολοι,
1501 1206 1549 1232 καὶ
1574 1203 1705 1239 μειζόνως
1734 1203 1759 1229 οι
1777 1202 1824 1236 ἄγ-

1035 1247 1122 1295 γελοιζ
1146 1257 1264 1293 μιμηταὶ
1288 1255 1455 1289 ὑπάρχοντες
1484 1249 1602 1286 Χριστοῦ
1615 1269 1622 1279 ,
1647 1248 1695 1275 καὶ
1721 1247 1824 1282 ἔχοντες

1036 1291 1106 1340 ἐπὴν
1125 1291 1157 1330 δι’
1175 1291 1394 1337 ἦςνκατανοεῐται
1413 1297 1447 1323 τὰ
1469 1295 1579 1323 ὀπίσθια
1599 1293 1647 1320 τοῦ
1667 1292 1746 1319 Θεοῦ.
1773 1291 1824 1317 Καὶ

1034 1336 1151 1380 ἕκαστος
1165 1336 1193 1374 δὲ
1206 1347 1238 1373 δι’
1250 1343 1287 1376 ὧν
1299 1344 1372 1378 λέγει
1396 1343 1462 1378 περὶ
1479 1340 1559 1373 Θεοῦ,
1578 1340 1671 1374 νόησιν
1686 1336 1825 1373 ἐμποιούν-

1035 1404 1089 1422 των
1103 1393 1196 1425 οιύτοῦ,
1214 1393 1285 1419 ποιεῖ
1299 1393 1328 1418 ἐν
1345 1389 1433 1424 ἐαυτῷ
1444 1387 1514 1424 ὀπὴν
1532 1387 1580 1414 τοῦ
1605 1384 1725 1412 νοεῖσθαι
1749 1383 1823 1410 Θεὸν·

1036 1441 1119 1475 ἧγουν
1131 1439 1175 1465 διὰ
1188 1438 1237 1474 μὲν
1250 1436 1389 1467 Μωῦσέως
1409 1435 1455 1461 τὸν
1480 1433 1574 1468 νόμον,
1593 1431 1639 1458 διὰ
1662 1430 1691 1457 δὲ
1715 1429 1824 1456 Ἤσαῖου

1036 1486 1085 1520 τὴν
1096 1483 1264 1520 προφητείαν
1276 1482 1401 1516 νοοῦμεν,
1418 1480 1452 1506 δι’
1466 1479 1546 1506 ἄλλου
1560 1477 1589 1505 δὲ
1612 1476 1678 1504 ἄλλο
1691 1484 1727 1502 τι.
1750 1475 1826 1501 Ἔστι

1037 1531 1066 1558 δὲ
1077 1531 1124 1557 καὶ
1149 1530 1192 1556 ἐπ’
1205 1528 1321 1564 ἀγογέλου
1345 1526 1487 1557 λαλοῦντος
1519 1524 1676 1558 ἱστάμενον,
1695 1521 1768 1548 κατά
1786 1520 1824 1551 τδ,

1039 1578 1178 1611 Ἄγγελος
1202 1577 1218 1602 ὁ
1239 1574 1343 1601 λαλῶν
1359 1574 1393 1599 ὲν
1416 1571 1492 1607 ἐμοὶ,
1515 1571 1555 1602 ὡς
1576 1569 1631 1596 ἀπὸ
1652 1568 1758 1603 πέτρας
1782 1565 1826 1592 καὶ

1036 1623 1106 1658 ὀπῆς
1117 1620 1270 1656 ἀγγελικῶς
1291 1620 1354 1646 ἰδεῖν
1377 1617 1423 1644 τὸν
1438 1616 1514 1649 Θεὸν,
1540 1614 1628 1646 οὕτως
1647 1614 1694 1640 ἐπὶ
1717 1612 1768 1646 τῆς
1780 1611 1825 1646 βά-

1036 1657 1089 1695 τουν
1107 1666 1222 1702 ἄγγελος
1251 1665 1302 1700 μὲν
1320 1665 1335 1691 ὁ
1353 1662 1457 1698 φανεὶς,
1472 1660 1529 1688 ἀλλ’
1549 1661 1564 1686 ὁ
1588 1659 1617 1685 ἐν
1644 1657 1720 1692 αὐτῷ
1734 1663 1825 1692 φησιν·

1043 1714 1113 1749 Ἐγὼ
1143 1713 1215 1746 Θεὸς
1249 1710 1381 1745 Ἁϐραάμ.
1422 1709 1501 1736 Ἀλλὰ
1529 1707 1584 1734 τῶν
1613 1704 1755 1741 θηρευτῶν
1780 1703 1826 1738 τὴν

1037 1748 1129 1796 ἄφιξιν
1148 1758 1319 1793 ἀγνοοῦντες,
1335 1756 1372 1792 μὴ
1384 1754 1548 1790 καταόῶμεν
1573 1752 1629 1779 ἀπὸ
1641 1751 1697 1778 τῶν
1714 1748 1827 1785 εἰρημέ-

1037 1815 1100 1834 νων.
1124 1805 1168 1840 Τῷ
1181 1804 1235 1840 γὰρ
1254 1803 1306 1836 ἔξω
1326 1801 1487 1836 τυγχάνοντι
1512 1798 1621 1833 λέγεται
1642 1796 1686 1822 τόο
1705 1796 1827 1829 Ἀερρον,

1037 1853 1129 1886 ταύτῃ
1143 1850 1180 1885 τῇ
1195 1850 1280 1877 νυκτὶ
1301 1847 1359 1882 τὴν
1385 1845 1490 1881 ψυχήν
1503 1853 1561 1871 σου
1577 1840 1762 1870 ἀπαιτοῦσιν
1773 1838 1829 1866 ἀπὸ

1038 1885 1144 1926 σοῦ-νᾶ
1159 1897 1193 1923 δὲ
1215 1895 1390 1929 ἡτοίμασας,
1403 1893 1461 1919 τίνι
1489 1891 1594 1921 Eatur;
1620 1889 1663 1920 Ὡς
1679 1887 1736 1923 γὰρ
1758 1885 1829 1913 κάτω

1039 1944 1165 1978 κείμενος
1188 1941 1289 1975 ἔλεγεν-
1321 1939 1418 1973 Ἔχεις
1446 1935 1542 1970 ἀγαθὰ
1574 1934 1696 1968 κείμενα
1718 1933 1765 1964 εἰς
1791 1929 1830 1956 ἔτι

1040 1976 1149 2021 naida,
1174 1988 1203 2013 ὲν
1230 1986 1263 2020 τῇ
1290 1984 1344 2010 τῶν
1374 1981 1484 2017 ἀγαθῶν
1518 1978 1697 2013 πλανώμενος
1731 1976 1829 2012 κρίσει.

1046 2034 1152 2069 Ὴγνὸει
1163 2033 1228 2068 γὰρ,
1242 2030 1327 2058 ὂτιτὰ
1339 2029 1422 2059 ὅντως
1441 2025 1531 2061 ἀγαθὰ
1552 2025 1602 2051 οὐκ
1618 2024 1648 2050 ὲν
1665 2025 1699 2058 τῇ
1711 2030 1831 2057 κατηρα-

1044 2068 1114 2116 μένῃ
1131 2080 1177 2113 γῇ,
1200 2077 1257 2103 ἀλλ’
1273 2077 1301 2102 ἐν
1313 2073 1431 2111 οὐρανῷ.
1450 2073 1495 2098 Ἑν
1510 2070 1599 2105 τούτῳ
1615 2070 1671 2105 γὰρ
1684 2070 1702 2104 ἡ
1714 2068 1770 2094 τῶν
1782 2075 1830 2102 μα-

1041 2125 1144 2161 καρίων
1158 2123 1310 2153 ἀνάπαυσις
1322 2121 1351 2147 ὲν
1368 2117 1479 2154 Χριστῷ
1496 2115 1596 2151 Ἰησοῦ.

1076 2158 1119 2197 d7.
1136 2170 1195 2195 ’Ότι
1212 2169 1239 2194 ol
1253 2165 1403 2202 ὀφθαλμοί
1418 2172 1477 2198 μου
1494 2162 1543 2189 ἐπὶ
1559 2161 1662 2193 πάσας
1674 2159 1731 2192 τὰς
1747 2158 1831 2189 ὀδοὺς

1007 2217 1029 2244 ι)
1042 2215 1149 2243 αὐτῶν.
1168 2213 1228 2241 Τῶν
1244 2213 1273 2239 δὲ
1289 2212 1417 2238 τοιούτων
1431 2210 1477 2236 ἐπὶ
1504 2209 1553 2239 τὰς
1565 2207 1642 2238 ὁδοὺς
1662 2206 1687 2231 οι
1701 2201 1831 2239 ὀφθαλμοὶ

1042 2261 1088 2289 τοῦ
1106 2261 1218 2295 Κυρῐοψ
1235 2258 1265 2284 οὺ
1278 2257 1443 2292 κρύπτονται
1457 2254 1511 2288 γάρ
1539 2252 1586 2279 ἀπ’
1606 2249 1831 2283 αὖτοῦ,καθάπερ

1042 2309 1067 2334 ot
1085 2293 1191 2341 φαῦλοι,
1215 2303 1341 2338 καθάπερ
1363 2301 1448 2336 ’Δδὰμ
1474 2301 1502 2326 ἐν
1519 2298 1557 2334 τῷ
1570 2296 1739 2333 παραδείσῳ.
1757 2293 1831 2322 Κατὰ

1043 2353 1097 2388 γὰρ
1109 2352 1154 2378 τὸν
1172 2349 1342 2380 ’Λπόστολον,
1365 2347 1432 2374 Ἐὰν
1453 2345 1495 2381 μὴ
1517 2346 1537 2378 ὴ
1552 2343 1733 2376 συνείδησις
1749 2348 1832 2368 κατα-

1044 2385 1175 2433 ᾆινώσκῃ
1211 2395 1311 2429 ἡμῶν,
1341 2391 1515 2427 παῤῥηο-ίαν
1538 2389 1651 2423 ἔχομεν
1680 2387 1757 2421 πρὸς
1784 2385 1832 2412 τὸν

1045 2445 1128 2472 Geor.

1079 2490 1120 2517 l9.
1149 2489 1198 2521 Ὧς
1221 2484 1320 2520 ψευδῆ
1348 2483 1517 2515 ἐκτήσαντο
1552 2481 1579 2507 οἱ
1605 2479 1732 2513 πατέρες
1754 2475 1832 2512 ἡμῶν

1042 2535 1160 2561 εἴδωλα.
1175 2532 1266 2567 Ψευδῆ
1282 2530 1310 2557 δὲ
1337 2528 1435 2556 εῐδωλά
1461 2536 1529 2567 (gnat
1558 2526 1589 2552 τὸ
1613 2524 1644 2552 δν
1660 2525 1759 2558 λέγων,
1780 2520 1831 2548 ἀλλ’

1042 2581 1091 2615 οὺχ
1105 2580 1143 2611 ὡς
1156 2577 1283 2612 ἀληθέσιν
1307 2574 1416 2602 ἐναντία
1430 2572 1593 2600 διαστέλλων
1620 2570 1733 2606 ἑτέροις.
1764 2567 1831 2594 noti?

1044 2626 1072 2652 δὲ
1087 2624 1174 2659 ἑαυτῷ
1191 2623 1268 2654 θεοὺς
1284 2622 1314 2648 οὺ
1334 2621 1413 2656 μόνον
1429 2621 1443 2646 ό
1455 2617 1668 2649 κατασκευάζων
1682 2615 1830 2650 ἀγάλματι.

1046 2670 1113 2697 ἀλλὰ
1138 2669 1185 2695 καὶ
1211 2669 1225 2694 ὁ
1248 2666 1333 2701 ψευδῆ
1359 2665 1481 2700 δόγματα
1506 2661 1596 2696 ἐαυτῷ
1621 2660 1829 2695 συστησάμενος,

1046 2716 1094 2742 καὶ
1123 2714 1161 2745 ὡς
1191 2712 1278 2748 ἀληθῆ
1309 2709 1470 2747 προσκυνῶν
1510 2707 1546 2734 τὰ
1576 2707 1626 2742 τῆς
1657 2705 1745 2741 ψυχῆς
1772 2703 1830 2729 ἀνα-

1047 2760 1202 2795 πλάσματα.

1603 2848 1626 2864 ⁵⁸
1644 2847 1709 2876 Luc.
1727 2852 1776 2876 ut,
1788 2841 1827 2869 ‘20.

1052 2857 1072 2872 δ’
1086 2855 1168 2882 Zach.
1189 2863 1218 2888 ιι,
1233 2855 1258 2882 5.
1321 2853 1340 2870 δν
1363 2851 1447 2880 Exod.
1465 2858 1506 2884 ιιι,
1525 2849 1552 2876 0.

428 2891 449 2914 δ’
470 2898 562 2926 homil.
583 2897 625 2926 16.
662 2897 684 2912 ⁸³
704 2895 806 2923 Hoan.
821 2901 861 2929 tu,
877 2894 921 2921 21.
961 2893 983 2909 ³⁸
1001 2893 1075 2921 hom.
1097 2891 1138 2918 lb’.
