1872 3048
71 150 120 177 564

400 211 478 237 ΚΕΦ.
494 210 543 236 ΙΖ’.

106 255 134 284 5.
150 255 287 289 Στ-ηρίξει
306 255 341 281 δὲ
373 255 430 288 τὴν
454 255 552 290 σάρκα
566 255 731 290 ,βραχίονος
757 254 861 282 αὐτοῦ.

77 300 107 327 '0
118 300 189 327 κατὰ
201 300 291 335 σάρκα
308 300 523 336 στρατευόμενος
538 301 586 326 καὶ
612 301 640 327 ἐν
668 300 750 335 σαρκὶ
769 308 864 326 πεποι-

72 345 137 378 θώς.
161 345 191 372 ’0
207 346 262 381 γὰρ
277 346 356 379 ἅγιος
377 345 492 372 πάντοτε
511 346 561 381 τὴν
587 346 722 381 νέκρωσιν
739 345 786 371 τοῦ
810 346 863 379 Ἰη-

72 391 120 419 σοῦ
142 392 171 418 ὲν
187 391 226 426 τῷ
243 391 349 426 σώματι
371 390 454 418 αὐτοῦ
479 391 546 426 ἔχει,
566 390 669 426 νεκρῶν
694 390 728 417 τὰ
746 389 812 425 μέλη
830 389 864 416 τὰ

71 437 117 463 ἐπὶ
133 438 184 472 τῆς
198 436 262 471 γῆς.

108 493 152 520 ll.
174 493 330 527 'Eycbrntrs
346 492 460 527 πέρδιξ.
489 493 533 520 Ἐν
559 494 591 529 τῇ
610 493 674 529 περὶ
700 492 778 524 ζώων
792 494 864 519 ἱστο-

73 537 119 573 ρίᾳ⁵
135 537 246 571 λέγεται
264 537 483 572 κακοηθέστατος
498 535 567 563 εἶναι
581 537 595 563 ὁ
611 536 714 572 πέρδιξ.
724 536 792 572 Περὶ
802 536 864 568 τοὺς

73 583 158 614 πόδας
186 582 241 618 γὰρ
269 582 451 618 στρεφόμενος
465 583 511 609 τοῦ
540 583 711 618 θηρεύοντος,
742 583 789 608 καὶ
816 581 863 608 τοῦ

71 628 154 655 ἁλοῦν
169 628 265 655 ἐλπίδα
279 628 379 660 διδοὺς,
396 629 508 663 ἀποσπᾷ
524 628 573 663 τῆς
590 628 686 660 καλιᾶς
698 627 802 654 ἑαυτόν·
818 628 865 654 καὶ

71 675 135 700 ὅταν
158 673 322 709 στοχάζηται
335 674 506 708 πεφευγότας
522 674 585 705 τοὺς
600 673 736 705 νεοσσοὺς,
751 673 798 700 καὶ
816 674 866 700 αὺο

71 719 117 751 τδς
130 719 273 752 αἰφνιδίως
287 719 448 753 ἀφίπταται.
480 719 559 745 Ἐστι
579 719 607 745 δὲ
636 719 682 745 καὶ
699 718 864 754 ἀκάθαρτον,

73 765 143 791 ὥστε
160 765 223 796 τοὺς
240 764 404 799 θηρεύοντας
424 765 587 799 μονομαχεῖν
600 763 723 799 ἀλλήλοις
738 763 804 799 περὶ
817 763 865 798 τῆς

74 810 185 845 μίξεως,
203 810 252 836 καὶ
272 810 374 845 ἄρρενα
391 809 460 845 μετὰ
486 810 564 845 νίκην
580 809 730 836 ἐπιϐαίνειν
749 808 796 837 τοῦ
817 809 866 844 ἆῤ-

72 857 159 891 ρενος.
185 855 295 887 ’Δοεὸἒες
310 855 363 890 ἄρα
377 855 408 881 τὸ
429 855 549 881 τοιοῦτον
564 854 632 887 ζῶον
645 854 692 881 ἐπὶ
704 854 751 881 τοῦ
770 854 863 888 Σωτῆ-

675 148 830 176 SELI‘ICTA
849 148 883 176 lN
901 147 1084 176 JEREMIASE.

1651 144 1703 171 5σῖ

1200 205 1314 233 CAPUT
1339 203 1420 232 XVII.

951 254 978 281 5.
1001 254 1133 281 Firmabit
1149 258 1237 280 autent
1252 260 1358 279 carnem
1375 251 1476 278 brachii
1492 251 1543 277 sui.
1561 250 1584 266 "
1595 250 1646 283 Qui
1662 260 1706 278 se-

916 299 1037 326 cundum
1058 307 1168 326 carnem
1184 298 1294 332 militat,
1310 302 1337 325 et
1349 297 1376 324 in
1393 304 1476 324 carne
1489 295 1611 323 conlidit.
1635 296 1702 322 Stul-

915 349 975 372 ctus
991 344 1064 372 enim
1084 351 1193 379 semper
1208 343 1271 371 Jesu
1290 341 1524 369 mortiﬁcationem
1545 340 1572 367 in
1589 348 1705 375 corpore

916 397 966 417 suo
989 394 1080 425 portat
1117 389 1239 417 membra
1262 388 1429 416 mortilicans
1452 394 1513 422 qua:
1537 391 1603 414 sunt
1621 394 1706 421 super

916 438 1026 460 terram.

952 490 995 516 ll.
1017 489 1152 516 Clamavit
1177 488 1280 522 perdix.
1309 487 1332 506 ⁸⁸
1342 488 1380 514 Ex
1406 485 1519 513 historia
1543 484 1703 512 animalium

916 536 1082 570 accepimus,
1107 535 1245 570 perdiccm
1269 533 1396 568 pessimis
1415 539 1476 560 esse
1499 531 1633 558 moribus.
1658 529 1706 558 Et-

915 581 987 608 enim
1010 581 1044 608 ad
1062 580 1200 607 venatoris
1214 579 1296 614 pedes
1309 585 1338 606 se
1352 577 1488 610 volutans,
1501 581 1529 604 et
1543 584 1618 611 spem
1635 576 1706 604 dans

917 625 977 653 fore
995 630 1023 653 ut
1044 626 1179 660 capiatur,
1189 633 1218 652 se
1227 625 1260 651 de
1277 624 1342 651 nido
1354 623 1526 655 subdueit,et
1539 630 1602 650 cum
1617 622 1705 657 pullos

913 673 969 707 jam
1001 672 1141 707 aufugisse
1171 669 1376 706 conjectaverit,
1394 669 1452 703 ipsa
1480 669 1562 696 etiam
1595 673 1704 703 repente

917 718 1016 745 avolat.
1031 717 1078 745 Est
1090 718 1172 744 etiam
1186 717 1320 750 impurus.
1336 715 1373 742 ita
1390 719 1429 746 ut,
1444 715 1490 749 qui
1504 715 1613 742 etelibcs
1627 718 1702 746 sunt,

916 771 1032 799 pugnam
1058 763 1131 790 inter
1153 771 1182 790 se
1207 766 1353 790 conserant
1380 766 1410 788 ut
1435 761 1578 794 incubent,
1598 765 1626 788 et
1641 768 1702 788 mas

916 809 964 843 qui
978 809 1067 836 victus
1090 809 1117 835 in
1134 815 1222 843 pugna
1240 807 1331 839 fuerit,
1347 807 1460 834 victoris
1476 813 1601 833 venerem
1618 806 1704 840 patia—

917 858 972 881 tur.
999 853 1114 888 Impium
1143 853 1234 888 itaque
1255 857 1297 880 est
1312 853 1363 880 tale
1380 852 1482 879 animal
1499 852 1531 878 ad
1546 852 1705 886 signiﬁcan-

72 879 366 937 ἓᾷξξιέτῶᾲέεὶζέᾇι
379 879 498 936 μὲλζᾷὲέ
508 879 553 927 ἐξά
565 879 614 935 ῖςηᾲ
622 879 861 936 agitasset.

942 907 980 926 1m
997 898 1165 926 Salvatorem
1191 898 1314 932 intelligi,
1340 905 1427 932 eoque
1445 897 1531 932 magis
1553 898 1703 931 praesertim

71 947 194 981 τὰλειψίν
208 955 237 973 τε
255 947 303 973 καὶ
323 946 488 982 ἀφροσύνην.
508 946 576 981 Περὶ
593 945 640 972 τοῦ
668 945 791 973 διαὸόλου
809 946 865 972 τοί-

70 1002 117 1019 νυν
130 992 146 1017 ὸ
167 991 257 1025 λόγος,
275 992 305 1018 οὐ
317 991 351 1018 τὰ
371 991 424 1018 ἴδια
447 991 610 1025 συνάγοντος
639 990 785 1026 κτίσματα,
811 991 863 1017 ἴδια

70 1038 97 1064 δὲ
112 1037 276 1072 ποιουμένου
291 1037 324 1064 τὰ
336 1037 383 1064 τοῦ
402 1037 480 1063 Θεοῦ·
497 1038 580 1072 φωνεῖ
594 1037 623 1063 δὲ
646 1036 690 1063 διὰ
701 1035 760 1063 ⁴τῶν
771 1037 863 1072 ἑτερο-

70 1082 166 1115 δόξων,
184 1079 222 1108 ὧν
236 1082 324 1113 οὐδεὶς
341 1081 456 1116 ἡδύνατο
471 1080 570 1115 λέγειν·
590 1081 629 1108 Τὰ
649 1080 706 1115 ἐμὰ
732 1081 864 1114 πρόϐατα

69 1126 124 1161 τῆς
150 1128 226 1162 ἐμῆς
252 1127 354 1161 φωνῆς
377 1127 490 1154 ἀκούει.
521 1127 590 1153 Ἀλλ’
609 1124 643 1162 ἦν
670 1127 687 1161 ἡ
713 1127 788 1162 φωνὴ
814 1127 862 1153 τοῦ

76 1172 164 1208 Ἰησοῦ
181 1174 211 1200 ὲν
223 1172 319 1207 Πέτρῳ
344 1172 391 1198 καὶ
405 1172 516 1207 Παύλῳ.
533 1171 578 1198 Διὸ
594 1171 640 1198 και
656 1179 748 1206 φησιν·
765 1172 800 1198 ει
817 1171 863 1198 δο-

70 1217 164 1252 κιμὴν
178 1217 288 1252 ζητεῖτε
303 1217 357 1244 τοῦ
372 1218 407 1244 ἐν
431 1217 495 1252 ἐμοὶ
519 1217 689 1250 λαλοῦντος
713 1216 862 1251 Χριστοῦ;

77 1263 244 1299 Ἐπλοὺτησε
257 1264 284 1290 δὲ
307 1263 321 1289 ὁ
334 1263 438 1299 πέρδιξ,
453 1263 500 1290 καὶ
515 1263 613 1290 πολλαὶ
627 1263 681 1290 τῶν
698 1262 862 1298 ἀδιακρίτων

69 1309 145 1345 αὐτῷ
163 1309 315 1345 ἀνθρώπων
346 1309 475 1345 μυριάδες
491 1308 625 1342 ἐγένοντο·
647 1308 681 1339 ἃς
698 1308 727 1335 δὲ
746 1308 863 1344 συνήγα-

69 1363 128 1388 γεν,
146 1355 178 1381 οὐ
193 1355 310 1390 κρίσεως
327 1354 477 1390 μεριμνῶν,
497 1354 558 1381 οὐδὲ
575 1355 665 1390 κρίσιν
691 1354 770 1389 ἔχων,
785 1354 863 1390 ἀκρι-

69 1410 124 1432 τως
140 1401 170 1428 δὲ
187 1401 327 1435 πράττων.
348 1400 376 1426 Ὀ
387 1400 415 1426 δὲ
431 1400 478 1426 τοῦ
504 1400 622 1436 Χριστοῦ
640 1400 754 1431 πλοῦτος
770 1409 863 1434 κεκρι-

69 1446 151 1481 μένος
167 1445 339 1482 ἔξὴλεγκται·
355 1446 381 1472 οἳ
402 1446 448 1472 καὶ
464 1446 494 1472 ὲν
509 1445 603 1481 ἡμίσει
624 1445 679 1472 τῶν
689 1445 801 1481 ἡμερῶν
815 1445 861 1472 τοῦ

69 1492 201 1527 πέρδικος
217 1491 398 1526 ἐγκατέλιπον
424 1491 517 1522 αὑτὸν,
534 1491 578 1517 ὅτε
602 1490 719 1523 ἐξείλετο
732 1491 804 1526 ἡμᾶς
829 1492 862 1517 ἐκ

915 949 1026 980 propter
1049 945 1149 972 dictam
1167 944 1387 974 derelictionem,
1405 947 1432 970 et
1454 943 1649 977 insipientiam.
1668 942 1706 970 De

914 990 1025 1018 diabolo
1052 991 1134 1025 igitur
1157 998 1248 1017 sermo
1270 995 1321 1022 est,
1341 994 1481 1017 creaturas
1499 990 1636 1016 adunante
1650 996 1704 1016 non

915 1045 990 1070 suas,
1007 1041 1035 1064 et
1056 1044 1088 1064 ea
1110 1044 1172 1071 quae
1186 1039 1251 1063 sunt
1265 1036 1324 1067 Dei,
1342 1035 1394 1062 sibi
1413 1035 1581 1062 vintlit‘ante.
1603 1036 1706 1062 Avocat

913 1089 978 1108 vero
990 1089 1038 1116 per
1050 1089 1098 1109 eos
1113 1081 1159 1116 qui
1179 1088 1232 1108 non
1250 1085 1322 1108 recte
1335 1080 1467 1112 sentiunt,
1482 1087 1598 1114 quorum
1614 1079 1706 1107 nullus
1722 1088 1733 1097 ί

912 1127 1003 1154 dicere
1012 1119 1126 1161 poterat
1136 1127 1158 1142 ⁸⁷
1172 1135 1178 1153 :
1193 1126 1258 1153 Oves
1281 1133 1346 1152 mete
1368 1133 1456 1152 vocem
1477 1133 1563 1151 meum
1578 1125 1704 1153 audiunt.

913 1173 948 1200 At
963 1180 1014 1200 vox
1028 1172 1091 1201 Jesu
1110 1173 1137 1200 in
1151 1172 1231 1200 Petro
1246 1177 1273 1200 et
1287 1171 1372 1199 Paulo
1389 1176 1457 1198 erat.
1472 1170 1563 1204 Quare
1577 1176 1604 1198 et
1615 1172 1653 1198 ait
1664 1171 1702 1197 ἰε

914 1217 955 1243 Αη
974 1218 1182 1251 experimentum
1200 1216 1321 1252 quazrt‘tis
1340 1216 1414 1243 illius
1428 1217 1473 1251 qui
1488 1217 1514 1243 in
1535 1225 1574 1243 me
1587 1217 1705 1252 loquimr

913 1262 1034 1289 Christi?
1055 1262 1136 1290 Dives
1151 1271 1218 1290 vero
1234 1263 1305 1290 facta
1322 1266 1364 1290 est
1379 1262 1485 1297 perdix,
1501 1266 1529 1288 et
1544 1262 1636 1290 multae
1652 1262 1705 1297 ipsi

913 1307 1058 1335 hominum
1077 1308 1214 1344 myriades
1229 1308 1289 1336 sine
1303 1308 1409 1342 judicio
1428 1307 1611 1338 adhaeserunt,
1634 1316 1704 1343 quas

912 1353 993 1387 plane
1007 1353 1120 1389 colligit,
1135 1354 1202 1381 nihil
1215 1354 1249 1381 de
1261 1354 1366 1388 judicio
1382 1353 1517 1389 cogitans,
1534 1361 1585 1380 nec
1598 1353 1704 1387 judicio

912 1402 1003 1430 utens,
1025 1399 1071 1425 sed
1089 1398 1149 1425 sine
1167 1398 1271 1433 judicio
1291 1405 1382 1432 agens.
1402 1397 1509 1424 Divitiae
1524 1404 1587 1424 vero
1601 1397 1703 1424 Christi

913 1451 976 1470 cum
994 1443 1099 1478 judicio
1113 1444 1235 1471 collectae
1250 1448 1445 1479 apparuerunt.
1462 1443 1514 1476 Qui
1531 1448 1559 1470 et
1580 1443 1606 1470 in
1621 1442 1704 1470 dimi-

913 1490 959 1517 dio
977 1490 1083 1517 dierum
1109 1490 1226 1525 perdicis
1247 1490 1454 1525 dereliquerunt
1474 1497 1555 1521 eum,
1571 1497 1633 1516 cum
1653 1497 1705 1516 nos

66 1538 116 1564 τοῦ
132 1537 280 1569 ἐνεστῶτος
297 1536 416 1572 πονηροῦ
441 1536 539 1568 αἰῶνος
551 1536 670 1572 Χριστὸς
693 1536 808 1572 Ἰησοῦς,
831 1537 860 1564 ὲν

942 1535 1040 1563 hristus
1053 1535 1133 1563 Jesus
1153 1544 1184 1563 ex
1202 1535 1329 1570 praesenti
1352 1543 1436 1570 pravo
1455 1535 1556 1563 saeculo
1573 1535 1654 1568 eruit,
1675 1535 1702 1562 in

66 1579 89 1616 ᾧ
106 1582 185 1609 αἰῶνι
200 1582 273 1618 μόνῳ
292 1582 340 1610 τοῦ
364 1583 491 1619 πέρδικάς
507 1584 575 1610 εἰσιν
602 1584 630 1610 αἱ
653 1583 755 1619 ἡμέραι
779 1583 812 1615 ἃς
828 1583 860 1619 δὴ

942 1588 967 1607 ιο
980 1585 1070 1608 tamen
1085 1580 1144 1608 dies
1160 1588 1226 1608 suos
1240 1580 1323 1608 habet
1336 1581 1429 1615 perdix
1442 1589 1449 1612 ;
1467 1581 1568 1615 quibus
1580 1580 1705 1608 nonduin

67 1630 135 1664 πρὶν
151 1628 338 1664 πληρωθῆναι,
354 1628 447 1655 τοῦτον
471 1628 694 1664 ἐγκατελίπομεν·
710 1629 751 1656 διό
767 1638 858 1665 φησιν·

74 1675 127 1701 Ἐν
142 1675 247 1708 ἡμίσει
271 1673 330 1701 τῶν
358 1674 476 1709 Mt»:pr
495 1675 599 1707 αὐτοῦ,
616 1674 717 1706 αἵτινές
748 1676 817 1701 εἰσιν
832 1675 860 1701 αἱ

66 1720 116 1747 τοῦ
134 1721 271 1754 παρόντος
291 1719 389 1751 αἰῶνος
405 1720 518 1756 ἡμέραι⁸
535 1720 582 1747 καὶ
609 1721 646 1756 μὴ
667 1720 704 1747 ὢν
720 1720 780 1747 καθ’
798 1721 861 1746 έαυ-

65 1767 113 1793 τὸν
130 1767 274 1802 φρόνιμος,
288 1766 344 1793 ἀλλ’
371 1767 437 1802 ἡμῖν
464 1768 519 1799 τοῖς
548 1767 734 1802 ἡπατημένοις
763 1767 860 1794 δοκῶν.

66 1813 114 1839 Διὸ
138 1813 186 1839 καὶ
214 1812 419 1848 φρονιμώτατος
446 1812 622 1848 εἴρηταιτῶν
645 1812 747 1848 θηρίων
761 1812 859 1846 ὐῦφιςσ

65 1859 112 1885 ὅτε
124 1859 154 1886 δὲ
168 1858 262 1885 τοῦτον
274 1857 500 1893 ὲγκατελίπομεν,
515 1859 628 1890 εἰκότως
657 1858 751 1894 άφρων
780 1858 861 1892 ἠλέγ-

65 1913 141 1940 χετο.

105 1961 150 1988 12.
177 1961 288 1994 Θρόνος
304 1961 396 1995 δόξης
425 1962 583 1996 ὑψίυμένος
605 1962 738 1996 ἁγίασμα
766 1960 858 1994 ἡμῶν.

67 2008 100 2033 '0
120 2015 152 2033 τε
178 2006 232 2041 γὰρ
262 2006 387 2041 ἁγιάζων
408 2007 457 2034 καὶ
487 2008 513 2034 οὶ
531 2006 715 2041 ἁγιαζόμενοι
738 2005 773 2038 ἐξ
792 2005 862 2038 ἐνὸς

65 2052 273 2085 πάντες.οὐδὲ
304 2052 358 2088 γάρ
385 2053 462 2087 ἆγιον
487 2051 556 2080 εἶναι
581 2052 665 2087 χωρὶς
692 2051 785 2082 αὑτοῦ,
800 2050 861 2077 οὔτε

66 2097 218 2132 ὑπομένειν
234 2097 291 2123 ἔστι
308 2096 345 2132 μὴ
360 2097 454 2132 ἔχοντα
469 2097 514 2124 τὸν
527 2097 653 2132 Χριστόν.
669 2096 713 2128 Ὠς
723 2096 777 2131 γάρ
789 2097 861 2122 ἐστιν

65 2140 290 2176 αὑτοδικαιοσύνη
303 2141 350 2168 καὶ
364 2141 554 2176 αὑτοαλήθεια,
565 2140 650 2172 οὕτως
660 2140 862 2175 αὐτοαγιασμὺς

65 2187 115 2214 καὶ
141 2187 343 2222 αὐτοῦπομονή·
363 2187 403 2214 διὸ
415 2187 462 2214 καὶ
475 2187 592 2223 εἴρηταν
612 2186 753 2221 Ἀγίασμα
776 2185 861 2220 ἡμῶν

65 2232 117 2260 καὶ
135 2231 275 2266 ὑπομονὴ
297 2232 432 2267 Ἰσραὴλ,
456 2233 554 2267 Κύριε.

102 2326 148 2353 l5.
165 2325 283 2360 Πάντες
300 2328 328 2354 οι
351 2328 568 2361 καταλιπόντες
582 2336 619 2355 σε
643 2327 862 2362 καταισχυνθή-

65 2379 181 2398 ινωσαν.
201 2372 338 2404 Ἕκαστος
353 2373 407 2409 γὰρ
423 2373 503 2409 ἡμῶν
528 2374 561 2400 δι’
575 2370 613 2401 ὧν
637 2374 799 2409 ἁμαρτάνει,
814 2382 864 2400 κα-

64 2417 234 2452 ταλιμπάνει
247 2418 292 2444 τὸν
309 2418 436 2454 Χριστδν,
450 2419 498 2445 καὶ
524 2418 557 2445 δι’
574 2418 656 2445 αὐτοῦ
678 2418 724 2445 τὸν
740 2419 860 2454 Πατέρα.

70 2462 188 2488 Ἀδικῶν
201 2463 255 2498 γὰρ
267 2463 440 2500 δικαιοσύνην
454 2465 623 2496 καταλείπει,
638 2465 685 2491 καὶ
698 2464 862 2500 βεϐηλωθεὶς

65 2509 216 2544 ἁγιασμδν,
233 2509 280 2536 καὶ
304 2509 429 2545 πολεμῶν
450 2511 570 2545 εἰρήνην,
589 2510 637 2536 καὶ
658 2509 711 2536 ὑπὸ
740 2510 862 2545 πολεμίῳ

63 2555 214 2589 γενόμενος
240 2554 439 2590 ἀπολύτρωσιν,
467 2556 514 2582 καὶ
543 2555 591 2591 τὴν
620 2551 716 2590 σοφίαν
741 2556 755 2582 ὁ
773 2555 810 2591 μὴ
823 2555 861 2582 ὢν

63 2592 138 2624 κατὰ
162 2597 230 2624 Θεὸν
247 2599 295 2624 καὶ
304 2598 388 2626 θέλων
409 2596 479 2626 εἶναι
496 2600 587 2634 σοφός.
605 2601 667 2632 Τοῖς
683 2597 730 2626 οὖν
748 2600 860 2627 καταλι-

63 2642 149 2669 ποῦσι
159 2643 207 2669 τὸν
221 2643 288 2670 Θεὸν
302 2645 402 2680 ἀρᾶται
418 2646 432 2672 ὁ
444 2647 597 2689 προφήτης,
612 2645 743 2681 αἰσχύνην
757 2645 787 2672 τὸ
797 2645 857 2672 ὲσό-

911 1626 1038 1660 ωψιειίε,
1053 1634 1113 1653 eam
1136 1626 1353 1661 derelinquimus
1366 1635 1373 1653 :
1388 1626 1449 1654 ideo
1466 1627 1505 1653 ait
1516 1627 1538 1643 ⁵⁹
1553 1636 1559 1654 :
1577 1626 1608 1653 In
1622 1627 1704 1654 dimi-

911 1671 956 1698 dio
969 1672 1071 1698 dierum
1093 1672 1169 1706 ejus;
1193 1680 1254 1706 quae
1276 1676 1342 1699 sunt
1356 1672 1498 1706 pra-sentis
1518 1672 1609 1700 smeuli
1625 1672 1702 1702 dies:

911 1721 938 1744 et
953 1725 1015 1744 cum
1035 1717 1092 1752 ipse
1113 1718 1232 1752 prudens
1250 1725 1298 1752 per
1317 1725 1346 1744 se
1362 1725 1415 1744 non
1440 1718 1486 1749 sit,
1507 1718 1554 1744 sed
1570 1718 1649 1745 nobis
1663 1718 1703 1744 vi-

911 1762 1006 1789 deatur
1021 1763 1133 1790 delusis.
1149 1763 1321 1798 Quapropter
1335 1762 1454 1789 ferarum
1472 1761 1704 1797 prudentissimus

912 1808 1001 1836 dictus
1028 1813 1070 1836 est
1099 1808 1242 1844 prudentia
1271 1817 1392 1843 serpens.
1425 1808 1493 1839 Cum
1519 1816 1584 1835 vero
1613 1809 1705 1843 ipsum

911 1854 1118 1890 dercliquimus,
1131 1855 1194 1890 jure
1209 1855 1342 1890 insipiens
1354 1855 1540 1889 deprehensus
1557 1859 1614 1882 este

949 1953 992 1980 l2.
1015 1953 1118 1980 Solium
1133 1954 1227 1989 gloria:
1240 1954 1386 1986 elevatum,
1404 1954 1582 1988 sanctiﬁcatio
1599 1959 1700 1981 nostra.

914 1998 986 2026 Nam
1001 2004 1024 2026 et
1037 2000 1081 2034 qui
1095 1999 1255 2034 sanctiﬁcat,
1270 2003 1295 2026 et
1311 2000 1355 2034 qui
1370 2000 1585 2034 sanctiﬁcatum,
1602 2008 1635 2027 ea:
1650 2009 1711 2028 uno.

913 2053 1001 2072 omnes
1014 2045 1046 2071 ‘°.
1073 2045 1166 2080 Neque
1190 2046 1262 2072 enim
1286 2046 1390 2080 absque
1417 2053 1451 2073 eo
1489 2051 1602 2074 sanctus
1629 2054 1703 2082 esse,

914 2098 1002 2125 neque
1023 2096 1181 2125 exspectare
1203 2094 1293 2125 potest
1313 2091 1359 2125 qui
1375 2091 1515 2119 Christum
1537 2100 1592 2119 non
1609 2092 1700 2120 habet.

914 2135 1001 2164 Sicuti
1021 2137 1092 2163 enim
1115 2141 1157 2164 est
1183 2137 1241 2171 ipsa
1262 2136 1379 2171 justitia,
1396 2137 1509 2172 ipsaque
1528 2139 1645 2171 veritas,
1661 2139 1704 2167 sic

913 2186 941 2209 et
953 2181 1011 2216 ipsa
1025 2185 1067 2208 est
1082 2182 1272 2214 sanctiﬁcatio,
1307 2181 1420 2217 ipsaque
1432 2184 1599 2218 exspectatio
1612 2194 1618 2212 :
1631 2192 1702 2219 ψιε-

914 2232 1024 2263 propter
1049 2232 1076 2254 et
1099 2227 1203 2255 dictum
1226 2231 1268 2254 est
1280 2228 1302 2243 “
1316 2236 1322 2254 :
1337 2227 1523 2264 Suncti/icatio
1548 2235 1650 2264 nostra,
1677 2235 1703 2257 et

912 2273 1075 2307 exspectatio
1089 2271 1187 2306 Israel,
1202 2272 1320 2300 Domine.

950 2328 993 2355 l5.
1026 2328 1122 2356 Omnes
1150 2328 1195 2363 qui
1219 2328 1413 2364 dereliquerunt
1445 2335 1469 2356 te
1491 2331 1699 2366 confundantur.

914 2374 997 2409 299
1010 2374 1032 2391 θ’
1050 2373 1246 2410 Unusquisque
1257 2375 1330 2402 enim
1343 2379 1467 2403 nostrum
1484 2384 1530 2411 per
1542 2385 1602 2412 qua:
1615 2378 1702 2405 delin-

913 2421 982 2456 quit,
994 2421 1133 2449 Christum
1147 2421 1260 2454 deserit,
1271 2425 1298 2448 et
1310 2421 1423 2456 proinde
1435 2421 1552 2448 Patrem.
1566 2421 1617 2455 Qui
1628 2423 1702 2450 enim

913 2465 1015 2500 injuste
1029 2466 1084 2501 agit
1096 2485 1104 2498 ,
1117 2465 1251 2501 justitiam
1264 2465 1363 2493 deserit
1375 2486 1382 2499 ,
1398 2470 1425 2493 et
1436 2466 1561 2500 polluens
1573 2475 1618 2500 se,
1636 2475 1702 2494 san-

913 2509 1116 2542 etilicationem,
1135 2516 1162 2537 et
1177 2510 1277 2537 bellum
1290 2518 1401 2545 gerens,
1420 2518 1514 2545 pacem
1527 2519 1534 2543 ;
1552 2516 1579 2538 et
1592 2512 1644 2538 sub
1659 2512 1702 2539 di-

913 2555 987 2582 tione
1007 2555 1128 2582 hostium
1153 2556 1252 2588 factus,
1278 2556 1503 2591 redemptionem.
1532 2556 1700 2592 Sapientiam

912 2609 1022 2637 quoque
1044 2602 1144 2630 deserit
1169 2606 1196 2630 et
1220 2603 1267 2638 qui
1290 2602 1374 2630 Deum
1401 2609 1456 2630 n0n
1478 2603 1570 2634 habet,
1591 2608 1619 2631 et
1638 2611 1700 2632 csse

912 2647 971 2674 vult
985 2647 1106 2682 sapiens.
1125 2645 1174 2674 His
1191 2647 1283 2681 itaque
1297 2647 1344 2681 qui
1366 2655 1380 2674 a
1394 2646 1449 2674 Deo
1464 2646 1633 2680 defecerunt,
1647 2648 1701 2675 im-

64 2696 149 2722 μενον
164 2689 257 2721 αὐτοῖς
285 2690 358 2724 λέγει
373 2692 403 2717 ὲν
418 2691 536 2726 σχήματι
561 2691 610 2727 τῆς
637 2691 717 2727 ἀρᾶς.
736 2691 790 2718 Καὶ
809 2690 859 2718 ἐπὶ

942 2696 1039 2719 ἐοειιιι-
1053 2692 1201 2727 propheta,
1219 2691 1409 2720 confusionem
1431 2693 1485 2720 illis
1510 2692 1632 2720 futuram
1656 2701 1700 2721 as-

63 2732 123 2768 τ-ῆς
154 2733 372 2768 γεραρήτωσαν,
398 2736 474 2771 φησί.
504 2737 610 2768 Πάντες
636 2736 691 2772 γὰρ
722 2736 861 2772 ἄνθρωποι

945 2743 1042 2762 verans
1064 2735 1092 2762 in
1115 2734 1321 2770 imprecationis
1346 2734 1474 2763 formula.
1513 2735 1546 2762 Et
1574 2736 1602 2763 in
1628 2741 1700 2763 terra

97 2826 122 2859 ‘f
143 2826 219 2854 born.
238 2827 282 2853 l7.
331 2827 355 2843 "
374 2828 447 2855 hom.
469 2828 511 2855 l7.
545 2828 566 2844 ¹⁷
586 2827 664 2856 Joan.
683 2836 718 2860 x,
733 2828 777 2856 27.
826 2829 848 2845 ⁵⁸

943 2836 964 2856 ῐ¹τ
984 2835 1048 2860 xm,
1065 2827 1093 2856 τι.
1142 2827 1164 2844 ⁸⁸
1184 2826 1282 2855 Jcrem.
1299 2835 1371 2861 xvn,
1388 2827 1430 2855 ll.
1466 2826 1488 2842 ⁶⁰
1500 2825 1580 2855 Hebr.
1606 2836 1636 2860 ιι,
1656 2829 1697 2856 ll.

108 2827 122 2859 f
143 2827 219 2854 hoin.
238 2827 282 2853 l7.
331 2827 355 2843 "
374 2828 447 2855 hom.
469 2828 511 2855 l7.
545 2828 566 2844 ¹⁷
586 2827 664 2856 Joan.
683 2836 718 2860 x,
733 2828 777 2856 27.
826 2829 848 2845 ⁵⁸
868 2828 889 2856 ll
902 2828 964 2856 Cor.
984 2835 1048 2860 xm,
1065 2827 1093 2856 5-

63 2861 84 2877 ⁶¹
100 2861 206 2892 Jcrem.
226 2870 301 2896 Ictu,
321 2862 364 2892 l3.
403 2864 424 2879 °'
445 2863 540 2891 ltomil.
558 2863 601 2890 l7.
