1872 3048
133 119 182 145 571

432 177 509 205 CAP.
541 177 636 204 XXIII.

173 222 218 250 Ιϐ.
242 223 334 252 Nolite
358 224 454 251 audire
475 224 554 250 verba
574 223 772 258 prophetarum.
796 223 927 251 Prohibet

135 274 191 295 non
216 268 377 302 simpliciter
400 268 561 303 prophetam
581 268 690 300 audire,
714 268 762 295 sed
784 276 926 297 sermones

135 314 333 349 prophetarum
358 314 392 341 ad
414 314 594 342 imitationem
621 314 764 342 conﬁctos.
793 314 860 342 Nam
877 315 925 349 qni

135 359 212 386 endit
223 360 394 394 prophetam,
411 365 441 387 ut
452 360 582 396 Moysem,
596 369 650 388 non
663 361 765 396 ipsum,
777 361 824 389 sed
837 361 923 388 Deum

136 405 211 432 audit
234 413 282 439 per
303 414 366 433 eum
391 406 558 441 loquentem.
589 406 835 442 Pseudoprophetae
858 415 924 435 vero

135 459 204 478 vana
230 452 345 487 lingunt.
368 452 436 479 Cum
459 453 531 479 enim
553 461 607 480 non
628 458 801 485 convertant,
822 461 924 480 vanum

133 495 254 523 cliiciunt
284 498 458 530 auditorem,
484 498 617 525 \isioncm
645 499 737 526 cordis
768 500 922 534 loquentes.

134 540 211 569 Mens
235 543 335 577 quippe
348 543 451 578 absque
470 543 517 571 Dei
540 545 643 572 auxilio
669 553 714 572 res
733 545 921 577 considerans,

135 588 268 615 visionem
293 589 393 621 cordis,
415 596 468 616 non
487 597 519 616 ex
538 597 585 616 ore
599 590 721 624 loquitur
735 590 825 618 dantis
839 591 922 618 verita

131 639 157 661 et
175 634 364 662 illuminantis.
391 635 564 670 Quandoque
581 643 647 662 vero
667 636 834 663 conveniunt
853 636 922 663 visio

130 680 230 711 Cordis.
257 681 368 715 orisque
385 681 493 708 Domini
519 682 652 714 verbum;
682 687 849 717 quapropter
867 690 921 710 non

130 725 289 760 simpliciter
303 727 436 754 visionem
450 728 541 755 cordis
555 729 738 763 reprehendit,
753 730 798 757 sed
813 730 922 764 quando

129 772 244 798 alterum
267 772 376 804 deﬁcit;
397 773 490 806 juncta
511 778 577 800 sunt
595 778 686 801 autem
704 775 775 809 apud
797 782 860 802 eum
873 775 920 810 qui

129 817 194 844 dicit
205 817 228 833 “
243 828 249 844 :
266 818 364 845 Precor
378 826 432 852 ore,
451 827 545 853 precor
556 824 581 846 et
595 825 688 848 mente.

141 903 146 907 ’
162 909 207 937 19,
225 909 293 937 Ecce
306 911 446 937 commotio
463 920 480 937 ιι
491 910 616 938 Domino.
635 911 783 946 Prophetat
796 913 830 940 de
846 921 922 940 com-

128 951 290 983 inotione'et
308 956 346 982 ira
361 956 467 983 Domini
485 957 641 991 egrediente
665 958 692 984 in
707 958 814 993 impios.
833 959 921 986 Furor

130 1009 184 1028 non
200 1006 242 1029 est
256 1009 394 1035 reversus,
419 1010 472 1030 non
486 1003 660 1038 simpliciter,
675 1004 722 1031 sed
742 1005 830 1032 donec
846 1005 920 1033 fece-

127 1048 163 1074 rit
175 1048 241 1075 illud
258 1049 358 1083 :quasi
376 1053 514 1077 revertens
538 1054 683 1085 postquam
708 1050 813 1078 fecerit.
839 1051 919 1084 Quod

127 1101 193 1121 vero
209 1102 262 1121 non
278 1094 341 1121 fecit
356 1090 468 1122 verb‘um
485 1095 603 1130 Domini,
624 1095 702 1124 furor
718 1096 826 1124 Domini
840 1096 917 1124 facit.

126 1138 197 1172 Quid
217 1146 306 1168 autem
326 1140 403 1168 furor
415 1140 523 1168 Domini
549 1142 642 1175 faciat,
657 1143 696 1170 ait
710 1143 794 1170 David
805 1143 848 1169 "z
864 1143 919 1169 Do-

126 1187 206 1218 mine,
218 1195 249 1213 ne
263 1187 290 1213 in
303 1187 393 1221 furore
405 1192 449 1214 tuo
461 1196 560 1223 arguas
574 1197 623 1216 me.
642 1189 726 1224 Igitur
743 1194 838 1224 arguet
849 1189 918 1217 assi-

126 1231 189 1264 due,
204 1231 291 1258 donec
304 1232 384 1259 faciat
399 1232 424 1259 id
439 1238 550 1268 propter
563 1235 637 1269 quod
652 1235 757 1270 arguit;
773 1235 811 1262 ita
824 1239 854 1261 ut
867 1242 918 1261 nec

126 1277 203 1303 furor
219 1277 335 1312 perfecte
349 1279 466 1306 erudiat.
481 1278 541 1306 Non
565 1284 671 1307 tantum
685 1288 751 1307 vero
766 1280 857 1313 faciet,
870 1281 917 1308 sed

125 1327 152 1348 et
165 1326 265 1349 statuet
287 1328 314 1350 et
333 1323 518 1351 conﬁrmabit.
545 1325 615 1352 illud
631 1333 696 1353 vero
707 1326 741 1358 ⁸⁵,
765 1326 797 1352 ab
810 1334 917 1362 aggres-

126 1367 199 1394 sione
212 1368 299 1395 cordis
315 1370 367 1401 sui,
381 1377 443 1397 cum
462 1371 497 1398 sit
512 1371 640 1406 aenigma,
660 1371 686 1399 in
699 1372 860 1406 navissimo,
874 1373 917 1399 in-

127 1413 196 1447 quit,
214 1414 391 1449 intelligetur,
407 1416 440 1443 de
457 1415 491 1442 iis
505 1416 611 1444 scilicet
625 1425 685 1451 quae
700 1417 808 1445 dixerat
823 1419 855 1446 de
871 1418 912 1446 fu-

126 1467 189 1486 rore
201 1464 228 1487 ct
243 1460 293 1488 ira.
308 1461 418 1489 Gratias
440 1461 522 1497 igitur
544 1462 583 1489 illi
599 1463 647 1497 qui
664 1463 744 1491 nobis
761 1471 794 1491 ea
809 1465 915 1492 revela-

126 1504 164 1530 vit
178 1512 238 1539 quae
250 1509 328 1532 erant
344 1505 476 1533 hactenus
491 1506 664 1534 abscondita.

162 1596 207 1623 ‘23.
227 1596 300 1623 'Dcus
324 1599 540 1632 appropinquans
563 1607 610 1633 ego
633 1607 700 1626 sum.
723 1599 837 1635 Propter
864 1601 916 1628 hoc

125 1650 180 1668 non
199 1650 242 1668 tne
264 1643 404 1670 latuerunt
426 1643 452 1670 in
474 1644 647 1678 iniquitatetn
670 1647 800 1680 populum
823 1654 915 1674 meum

125 1688 306 1722 impellentes.
329 1689 380 1721 Qui
400 1689 472 1716 enim
495 1691 634 1724 propheta:
654 1691 702 1718 dat
725 1697 754 1719 ut
774 1693 842 1720 sciat
854 1701 916 1728 quae

125 1733 226 1768 ubique
247 1740 374 1768 aguntur,
397 1735 482 1761 multo
509 1736 594 1770 magis
617 1737 673 1771 ipse
699 1739 784 1765 novit.
799 1738 915 1773 Spiritus

123 1779 197 1805 enim
213 1778 320 1806 Domini
341 1779 446 1814 replevit
463 1781 551 1807 orbem
571 1786 701 1809 terrarum
713 1784 752 1816 ";
769 1788 796 1810 et
812 1784 839 1810 in
853 1784 910 1819 ipso

123 1824 244 1857 vivimus,
264 1825 344 1860 302
363 1834 506 1857 moventur,
522 1833 547 1854 et
563 1836 655 1855 sumus
668 1829 702 1862 ⁸⁸,
716 1836 745 1856 ut
761 1829 866 1858 Paulus
881 1831 914 1858 ad

123 1870 305 1899 Athenienses
321 1872 400 1899 dixit.
424 1871 518 1900 Simile
536 1878 563 1901 et
580 1874 646 1901 illud
660 1875 682 1891 ⁸⁷
698 1884 705 1902 :
720 1875 849 1911 Nunquid
864 1884 915 1902 cc-

123 1915 178 1943 [um
198 1921 223 1943 et
242 1921 340 1944 terram
360 1926 407 1953 ego
423 1926 474 1944 non
490 1919 597 1953 impleo,
613 1920 679 1947 dicit
692 1921 842 1949 Dominus?
862 1921 916 1948 Po-

123 1961 205 1989 tentia
226 1963 298 1990 enim
317 1971 367 1990 sua
387 1964 516 1992 omnibus
538 1966 751 2000 appropinquat.
776 1966 808 1993 Et
821 1974 915 2001 preces

125 2008 209 2044 igitur
227 2009 260 2035 ad
275 2008 357 2036 Deum
374 2018 429 2036 tton
446 2014 476 2037 ut
490 2010 629 2039 absentem
646 2012 725 2040 llunt.
752 2011 785 2039 Et
799 2013 833 2039 de
845 2012 915 2039 Filio

122 2053 253 2082 dicitur“
263 2064 271 2082 :
282 2054 314 2081 In
327 2057 424 2082 mundo
435 2062 502 2088 erat,
514 2061 538 2083 et
548 2058 661 2085 mundus
672 2066 718 2092 per
732 2059 818 2092 ipsum
827 2059 914 2091 factus

122 2103 172 2126 est.
195 2100 254 2133 lpse
276 2101 348 2126 enim
371 2105 413 2127 est
434 2101 481 2135 qui
501 2102 587 2129 dicit:
601 2103 671 2129 Deus
699 2105 915 2138 appropinquans

123 2151 170 2178 ego
187 2151 257 2171 sunt.
281 2143 348 2171 Nam
365 2149 392 2171 et
405 2145 474 2172 dixit
486 2145 526 2172 '9:
542 2145 592 2173 Ubi
607 2147 659 2173 duo
679 2148 718 2174 uel
739 2153 790 2175 tres
807 2157 914 2184 congre-

850 116 895 143 ΕΚ
914 115 1065 144 ORIGENE

1721 117 1771 148 572

1302 178 1380 204 ΚΕΦ.
1399 178 1461 205 Kl".

1019 222 1060 249 16.
1079 223 1127 256 Μὴ
1148 223 1272 249 ἀκούετε
1292 223 1364 256 τοὺς
1385 224 1495 258 λόγους
1518 223 1577 250 τῶν
1600 227 1770 259 προφητῶν.

987 268 1164 303 Ἀπαγορεύει
1181 269 1212 295 οὐ
1240 270 1383 305 προφήτην
1396 270 1488 302 ἁπλῶς
1504 271 1625 303 ἀκούειν,
1649 271 1716 299 ἀλλὰ
1732 272 1773 299 λό-

979 322 1044 348 γους
1063 314 1210 350 προφητῶν
1229 315 1258 342 ἐν
1288 317 1402 351 μιμήσει
1419 317 1651 352 προφερομένους.
1676 312 1704 345 Ὀ
1717 319 1771 355 γὰρ

979 360 1088 387 ἀκούων
1105 361 1257 396 προφήτου,
1273 358 1329 388 οἷον
1346 362 1494 394 Μωΰσέως,
1518 362 1568 389 οὐκ
1591 363 1688 395 αὑτοῦ,
1704 364 1772 391 ἀλλά

978 406 1082 441 Κυρίου
1097 406 1190 433 ἀκούει
1207 407 1251 434 διὰ
1264 408 1360 434 τούτου
1374 407 1528 440 λαλοῦντος.
1545 410 1576 435 Οἱ
1587 409 1614 436 δὲ
1623 409 1772 445 gis-4801:90-

975 451 1063 486 φῆται
1079 451 1234 486 ματαιοῦσι·
1253 451 1292 487 τῷ
1308 452 1362 487 γὰρ
1389 453 1426 488 μὴ
1457 454 1633 490 ἐπιστρέφειν
1664 455 1773 482 ποιοῦσι

977 496 1022 523 τὸν
1039 496 1171 523 ἀκούοντα
1202 498 1326 532 μάταιον,
1357 498 1449 534 ὅρασιν
1480 499 1595 535 καρδίας
1613 499 1769 532 λαλοῦντες.

977 541 1049 573 Νοῦς
1070 542 1135 577 γάρ,
1164 542 1316 568 ἐπιϐάλλων
1336 543 1479 579 πράγμασι
1496 546 1580 580 χωρὶς
1611 545 1680 572 Θεοῦ
1706 545 1770 580 βοη-

977 587 1052 620 Θείας
1075 588 1170 622 ὅρασιν
1187 589 1311 624 καρδίας,
1342 590 1393 616 οὐκ
1409 590 1462 616 ἀπὺ
1480 591 1613 626 στόματος
1629 592 1706 618 λαλεῖ
1722 592 1770 618 τοῦ

976 633 1158 668 χορηγοῦντος
1184 635 1271 660 εἰπεῖν
1301 635 1349 661 καὶ
1377 635 1548 669 φωτίζοντος.
1573 637 1651 663 Ἐστι
1668 637 1696 663 δὲ
1723 638 1771 664 ὅτε

978 679 1244 716 συντρέχεικαρδὶας
1254 682 1349 716 ὅρασις
1370 683 1416 708 καὶ
1450 682 1582 717 στόματος
1600 683 1704 718 Κυρίου
1729 684 1772 710 λό-

975 733 1031 759 γος*
1048 725 1109 752 ὅθεν
1126 726 1174 760 οὐχ
1189 726 1282 758 ἁπλῶς
1301 727 1380 761 ψέγει
1404 727 1452 762 τὴν
1468 728 1562 762 ὅρασιν
1580 728 1630 762 τῆς
1645 728 1770 764 καρδίας,

975 770 1031 796 ἀλλ’
1048 771 1111 797 ὃταν
1124 771 1160 807 μὴ
1182 772 1296 807 προσείη
1316 772 1346 798 τὸ
1361 773 1462 808 ἕτερον·
1484 773 1623 809 συντρέχει
1648 774 1676 800 δὲ
1694 775 1771 810 παρὰ

974 816 1014 852 τῷ
1031 817 1147 851 λέγοντι·
1161 819 1372 853 Προσεύχομαί
1382 827 1412 845 τε
1431 818 1471 852 τῷ
1489 820 1624 854 culpari,
1640 822 1772 854 προσεύ-

935 857 958 887 Β
975 871 1062 896 χομαι
1079 862 1113 888 δὲ
1128 862 1168 895 τῷ
1179 864 1236 890 νοΐ.

1013 909 1054 936 l9.
1078 909 1155 936 Ἰδοὺ
1175 910 1301 944 σεισμὸς
1334 912 1413 945 παρὰ
1445 913 1567 946 Κυρίου.
1595 913 1769 948 Προφητεύει

975 954 1096 989 περὶτοῦ
1110 955 1223 990 σεισμοῦ
1241 956 1287 982 καὶ
1308 956 1394 992 ὀργῆς
1419 958 1521 993 Κυρίου
1548 958 1769 994 ὲκπορευομένης

973 999 1020 1026 ἐπὶ
1049 1001 1112 1032 τοὺς
1137 1001 1254 1033 ἀσεϐεῖς.
1284 1003 1313 1029 ’0
1338 1003 1422 1038 θυμὺς
1448 1004 1497 1030 οὐκ
1526 1004 1700 1040 ἀπεστράφη,
1717 1005 1768 1040 οὐχ

974 1045 1076 1076 ἁπλῶς,
1092 1045 1148 1072 ἀλλ’
1162 1046 1215 1078 ἕως
1233 1046 1265 1073 ἂν
1281 1049 1382 1084 ποιήσῃ
1394 1049 1470 1075 αὐτὰ
1483 1050 1521 1080 ὡς
1536 1049 1767 1084 ἀποστρέφοντος,

972 1089 1041 1116 ὲπὲν
1057 1090 1168 1127 ποιήσῃ.
1184 1092 1216 1117 '0
1232 1091 1260 1118 δὲ
1281 1092 1319 1128 μή
1336 1093 1469 1128 πεποίηκε
1487 1093 1566 1127 λόγος
1586 1093 1703 1129 Κυρίου,
1719 1093 1768 1120 θυ-

974 1137 1024 1172 μὸς
1040 1137 1142 1172 Κυρίου
1158 1139 1240 1164 ποιεῖ.
1262 1137 1294 1165 Τί
1317 1138 1345 1165 δὲ
1373 1139 1459 1174 θυμὺς
1475 1139 1578 1174 Κυρίου
1595 1140 1679 1171 ποιεῖ,
1693 1139 1771 1174 λέγει

971 1183 1054 1210 Δαυῒδ
1069 1184 1097 1210 ἐν
1114 1183 1161 1218 τῷ·
1173 1185 1272 1218 Κύριε,
1286 1184 1330 1219 μὴ
1346 1184 1386 1217 τῷ
1397 1185 1479 1220 θυμῷ
1494 1194 1551 1212 σου
1578 1185 1708 1220 ἐλέγξῃς
1716 1194 1766 1220 με.

972 1230 1076 1256 Οὐκοῦν
1097 1230 1218 1265 ἐλέγχων
1246 1231 1276 1257 οὐ
1303 1230 1455 1263 παύσεται,
1482 1231 1535 1262 ἓως
1562 1231 1664 1267 ποιήσῃ
1686 1231 1720 1258 δι’
1735 1227 1768 1258 οὗ

970 1275 1085 1310 ἐλέγχει·
1101 1276 1139 1307 ὡς
1152 1275 1247 1311 coast;
1275 1277 1343 1312 ὀργὴ
1375 1277 1456 1313 μέχρι
1481 1277 1592 1309 τελείως
1619 1277 1766 1314 παιδεύσῃ.

970 1321 1007 1347 Οὐ
1024 1321 1103 1356 μόνον
1120 1321 1147 1348 δὲ
1161 1322 1278 1356 ποιήσει,
1293 1322 1360 1349 ἀλλὰ
1374 1323 1420 1349 καὶ
1435 1323 1529 1358 στήσει
1542 1323 1589 1349 καὶ
1607 1322 1767 1358 βεϐαιώσει.

969 1367 1005 1393 Τὸ
1020 1368 1059 1399 δὲ,
1076 1367 1135 1394 ἀπὸ
1150 1368 1362 1403 ἐγχειρήματος
1376 1369 1500 1403 καρδίας
1529 1370 1636 1402 αὑτοῦ,
1650 1370 1765 1405 αἴνιγμα

968 1413 998 1440 ὃν
1016 1414 1059 1440 ἐπ’
1078 1413 1205 1449 ἐσχάτου,
1220 1415 1297 1449 φησὶ,
1319 1415 1496 1450 νοηθήσεται,
1515 1415 1614 1451 δηλαδὴ
1631 1415 1766 1451 περὶτῶν

968 1460 1120 1496 εἰρημένων
1134 1460 1198 1494 περί
1216 1469 1246 1486 τε
1267 1460 1353 1496 Θυμοῦ
1365 1461 1412 1488 καὶ
1432 1461 1527 1496 ὀργῆς.
1545 1461 1634 1496 Χάρις
1659 1459 1707 1488 οὖν
1724 1461 1767 1497 τῷ

968 1505 1034 1540 ἡμῖν
1049 1505 1256 1540 ἁποκαλύψαντι
1268 1506 1304 1533 τὰ
1321 1506 1402 1542 μέχρι
1422 1506 1469 1532 τοῦ
1493 1506 1626 1542 παρόντος
1641 1515 1766 1543 κεκρυμ-

968 1551 1046 1586 μένα.

1000 1597 1044 1624 25.
1064 1597 1136 1631 Θεὸς
1148 1598 1269 1633 ἐγγίζὶυν
1279 1597 1338 1633 ἐγώ
1351 1599 1420 1632 εἰμι.
1439 1597 1488 1624 Διὰ
1500 1597 1581 1624 τοῦτο
1596 1598 1647 1624 οὐκ
1670 1598 1768 1625 ἔλαϐόν

969 1650 1003 1676 με
1022 1643 1061 1673 εἰς
1074 1643 1206 1677 πονηρίαν
1218 1643 1262 1669 τὸν
1275 1643 1339 1669 λαόν
1353 1651 1403 1678 μου
1417 1642 1585 1678 ὠθήσαντες.
1604 1643 1633 1669 '0
1651 1643 1706 1678 γὰρ
1718 1644 1766 1670 καὶ

967 1689 1092 1724 προφήτῃ
1109 1688 1196 1720 διδοὺς
1213 1689 1312 1715 εἰδέναι
1331 1689 1366 1715 τὰ
1384 1688 1532 1724 πανταχοῦ,
1553 1688 1645 1724 πολλῷ
1663 1690 1767 1724 μᾶλλον

966 1733 1037 1761 οἶδεν
1050 1735 1142 1766 αὑτός.
1155 1735 1277 1769 Πνεῦμα
1296 1735 1351 1770 γὰρ
1370 1735 1480 1768 Kvplov
1501 1735 1681 1769 πεπλήρωκε
1708 1735 1769 1769 tip-

966 1779 1157 1814 οἰκουμένην·
1176 1780 1223 1806 καὶ
1239 1780 1274 1807 ἐν
1287 1780 1367 1813 αὐτῷ
1393 1779 1495 1815 ζῶμεν,
1511 1781 1560 1807 καὶ
1589 1782 1767 1815 κινούμεθα.

967 1825 1015 1850 καὶ
1035 1824 1139 1858 ἐσμὲν,
1169 1824 1207 1856 ὡς
1232 1826 1246 1851 ὁ
1273 1824 1377 1856 Παῦλος
1407 1825 1475 1861 πρὸς
1509 1824 1668 1860 Ἀθηναίους
1699 1826 1765 1861 ἔφη.

967 1870 1092 1896 Τοιοῦτον
1105 1870 1152 1896 καὶ
1165 1870 1205 1902 τὸ,
1224 1870 1298 1904 Οὐχὶ
1312 1870 1366 1896 τὸν
1387 1870 1527 1904 οἰῬαν-ὸν,
1552 1871 1601 1897 καὶ
1624 1871 1682 1904 τὴν
1708 1870 1769 1905 γῆν

965 1916 1023 1952 ἐγὼ
1039 1915 1154 1950 πληρῶ,
1167 1915 1248 1950 λέγει
1266 1917 1390 1949 Κὺριος;
1420 1916 1459 1952 Τῇ
1482 1916 1596 1952 δυνάμει
1609 1916 1664 1952 γὰρ
1679 1917 1769 1943 αὑτοῦ

967 1964 1052 1989 πᾶσιν
1066 1962 1179 1996 ἐγγίζει.
1198 1962 1253 1988 Καὶ
1267 1962 1347 1997 εὐχαὶ
1371 1962 1426 1997 ἆρα
1440 1962 1489 1997 οὐχ
1515 1962 1553 1994 ὡς
1579 1962 1649 1998 πρὸς
1668 1963 1771 1998 πόῥρω

966 2008 1031 2035 ὄντα
1046 2009 1185 2043 γίγνονται
1200 2008 1246 2034 τὸν
1256 2007 1334 2034 Θεόν.
1348 2008 1403 2034 Καὶ
1419 2008 1484 2043 περὶ
1496 2007 1543 2034 τοῦ
1557 2008 1624 2034 Υἱοῦ
1637 2008 1666 2034 δὲ
1685 2008 1769 2042 λέγε-

966 2063 1022 2081 ται·
1042 2055 1089 2081 Ἐν
1102 2053 1143 2086 τῷ
1163 2054 1265 2088 κόσμῳ
1289 2052 1338 2088 ἦν,
1357 2053 1406 2080 καὶ
1427 2054 1444 2080 ὀ
1469 2053 1584 2087 κόσμος
1605 2053 1644 2079 δι’
1670 2053 1770 2080 αὐτοῦ

965 2099 1094 2134 ἐγένετο.
1110 2099 1196 2131 Αὐτὸς
1209 2099 1263 2134 γὰρ
1277 2100 1292 2126 ὁ
1303 2099 1350 2125 καὶ
1362 2098 1459 2132 λέγων·
1479 2097 1552 2131 Θεὸς
1570 2097 1694 2132 ἐγγίζων
1706 2098 1771 2132 ἐγώ

966 2146 1033 2180 ειμι.
1050 2145 1107 2172 Καὶ
1129 2145 1183 2180 γὰρ
1208 2145 1318 2180 ἔφησεν·
1335 2145 1427 2171 Ὅπου
1450 2144 1514 2172 δύο·
1527 2144 1576 2170 καὶ
1594 2144 1672 2177 τρεῖς
1687 2152 1769 2172 συν-

123 2189 181 2223 gati
197 2189 224 2215 in
243 2190 345 2216 nomine
358 2198 430 2221 meo,
453 2194 478 2216 et
497 2199 543 2225 ego
562 2199 621 2218 sum
641 2192 669 2218 in
688 2193 774 2219 medio
788 2193 913 2226 illorum;

1008 2190 1088 2224 μένοι
1109 2191 1152 2223 εὶς
1180 2190 1214 2216 τὸ
1243 2190 1317 2225 ἐμὸν
1337 2190 1442 2225 ὄνομα,
1467 2189 1548 2224 κάγώ
1561 2191 1620 2225 ειμι
1632 2190 1771 2224 ἐνμέσῳ

123 2234 170 2268 qui
186 2234 267 2261 etiam
288 2235 354 2261 dicit
365 2235 388 2251 ’°
401 2244 409 2262 :
422 2235 488 2262 Ecce
508 2244 554 2270 ego
572 2236 704 2264 vobiscum
722 2245 781 2264 sum
794 2239 914 2266 omnibus

124 2281 216 2307 diebus
229 2289 311 2316 usque
322 2281 356 2307 ad
368 2282 621 2309 consummationem
633 2284 736 2310 ateculi.

159 2371 204 2398 24.
231 2371 359 2407 Nunquid
380 2373 472 2400 coelum
493 2379 518 2401 et
540 2379 639 2401 (errant
659 2383 705 2410 ego
723 2383 775 2402 non
795 2375 913 2410 impleo?

125 2417 202 2445 Sicut
220 2419 293 2445 euitn
314 2419 387 2446 nulla
404 2428 467 2454 pars
486 2421 609 2456 corporis
629 2429 725 2455 expers
743 2425 785 2448 est
802 2421 911 2453 animae,

124 2464 170 2491 sed
188 2464 344 2499 ubicunque
364 2473 473 2499 sensus,
496 2466 533 2493 ibi
552 2471 579 2493 et
595 2467 691 2493 'anitna
704 2487 711 2499 ,
728 2467 765 2493 ita
785 2466 853 2493 nihil
866 2466 913 2493 Dei

124 2517 251 2542 vacuum,
268 2515 296 2537 et
312 2514 401 2538 tamen
417 2512 509 2539 omnia
525 2513 650 2547 implens,
671 2517 842 2547 peccatorem
858 2520 912 2540 non

124 2556 231 2590 implet.
253 2556 402 2591 Spiritihus
423 2558 494 2585 enim
520 2558 670 2585 immundis
691 2558 789 2593 plenus
809 2562 860 2590 est,
885 2563 913 2585 et

126 2600 281 2636 huiusmodi
297 2607 327 2629 ut
342 2603 486 2638 impleatur
498 2610 512 2630 a
529 2603 584 2630 Deo
595 2604 652 2631 fieri
671 2611 725 2630 non
741 2609 841 2638 potest.
858 2603 912 2631 nisi

124 2646 159 2673 ab
175 2648 304 2675 omnibus
321 2648 382 2675 aliis
393 2656 454 2683 qua:
475 2649 564 2683 ipsum
587 2649 711 2683 implent,
728 2656 831 2676 vacuus
855 2649 911 2676 tiat.

124 2689 192 2718 Nam
216 2693 312 2727 dignos
332 2694 427 2728 itnplct
452 2694 479 2720 in
501 2694 572 2721 ccelo
597 2698 624 2720 et
651 2693 677 2720 in
698 2699 779 2721 terra.
806 2694 914 2722 Domini

125 2736 198 2762 enim
215 2745 269 2764 non
286 2742 356 2764 terra
376 2743 403 2765 et
413 2739 506 2765 omnia
520 2747 581 2773 qua:
598 2739 624 2766 in
636 2747 667 2766 ea
680 2743 756 2772 sunt,
769 2740 816 2767 sed
832 2744 913 2774 terra,

160 2787 182 2822 ’ξ’
196 2787 205 2813 l
221 2787 282 2814 Cor.
299 2796 352 2819 xtv,
371 2789 412 2815 15.
451 2789 474 2804 "
488 2788 555 2815 Psal.
571 2796 607 2818 vt.
626 2789 653 2819 ‘2,
674 2792 703 2815 et
722 2796 820 2819 xxxv",
834 2788 860 2814 Ξ.
898 2786 922 2802 ⁸⁵
934 2786 1033 2822 Jeretn.
1052 2794 1137 2822 χχιιι,
1151 2787 1195 2813 ‘20.
1233 2787 1256 2802 ⁸⁵
1270 2787 1389 2822 Sapient.
1406 2796 1422 2815 t.
1441 2789 1465 2815 τι

449 2823 470 2838 ⁵⁸
486 2823 562 2850 Joan.
578 2831 596 2855 t,
616 2823 655 2850 10.
694 2823 715 2838 ⁸³
732 2823 824 2850 Matth.
842 2830 916 2856 xvttt,

1011 2821 1033 2837 ’°
1048 2821 1141 2849 Matth.
1155 2829 1247 2854 xxvnt,
1263 2821 1311 2851 2οζ

126 2821 147 2835 ⁸⁷
162 2821 260 2848 Jcrctu.
278 2830 352 2855 unt,
367 2824 410 2849 “li.

968 2235 1076 2263 αὐτῶν·
1095 2237 1108 2262 ὁ
1123 2235 1171 2262 καὶ
1186 2235 1283 2269 λέγων·
1318 2235 1395 2262 Ἰδοὺ
1419 2235 1478 2270 ἐγώ
1505 2237 1563 2269 ειμι
1589 2237 1656 2270 μεθ’
1679 2236 1770 2271 ὑμῶν·

968 2281 1070 2314 πάσας
1098 2280 1151 2313 τὰς
1177 2281 1290 2315 ἡμέρας
1322 2281 1378 2314 ἕως
1411 2281 1466 2316 τῆς
1497 2283 1679 2316 συντελείας
1709 2283 1772 2310 τοῦ

967 2327 1083 2360 αἰῶνος.

1001 2374 1046 2401 24.
1075 2373 1124 2408 Μὴ
1153 2375 1218 2408 οὐχὶ
1248 2374 1302 2401 τὸν
1326 2373 1456 2408 οὐρανὸν
1481 2374 1528 2400 καὶ
1546 2373 1605 2407 τὴν
1618 2375 1677 2409 γῆν
1705 2375 1770 2410 ἐγὼ

962 2408 1072 2452 ’πληρῶ
1080 2427 1090 2450 ;
1114 2419 1157 2450 Ὠς
1170 2419 1223 2454 γὰρ
1239 2419 1289 2453 τῆς
1303 2419 1439 2454 ἡμετέρας
1458 2418 1548 2453 ψυχῆς
1561 2408 1639 2445 οὐδὲν
1652 2419 1700 2446 τοῦ

969 2474 1054 2500 ματος
1069 2465 1182 2500 ἔρημον,
1200 2464 1257 2491 ἀλλ’
1269 2465 1336 2491 ὅπου
1357 2465 1494 2500 αἴσθησις,
1512 2466 1570 2491 ἐκεῖ
1601 2466 1647 2492 καὶ
1677 2466 1769 2502 ψυχὴ,

966 2511 1014 2538 καὶ
1027 2511 1073 2537 ἐπὶ
1094 2511 1148 2537 πᾶν
1164 2510 1260 2545 φθάνει
1273 2510 1304 2537 τὸ
1319 2510 1410 2545 σῶμα,
1424 2509 1495 2536 οὕτω
1517 2511 1565 2536 καὶ
1591 2511 1668 2537 οὐδὲν
1684 2513 1771 2539 κενὸν

965 2557 1012 2583 τοῦ
1026 2556 1106 2582 Θεοῦ’
1131 2556 1187 2583 Καὶ
1203 2556 1278 2592 ὅμως
1301 2557 1349 2583 καὶ
1377 2557 1468 2583 πάντα
1489 2556 1602 2590 πληρῶν
1618 2558 1648 2583 οὺ
1666 2557 1770 2592 πληροῖ

966 2603 1012 2630 τὸν
1028 2602 1198 2638 ἀμαρτωλόψ
1216 2602 1378 2637 πνευμάτων
1395 2602 1450 2638 γὰρ
1467 2603 1630 2638 ἀκαθάρτων
1657 2604 1768 2639 πεπλή-

969 2656 1064 2683 ρωται,
1076 2648 1123 2674 καὶ
1141 2647 1186 2674 τὸν
1200 2646 1319 2674 τοιοῦτον
1334 2646 1464 2674 ἀδύνατον
1489 2647 1541 2674 ὑπὸ
1557 2647 1626 2674 Θεοῦ
1652 2647 1769 2683 πληρω-

968 2693 1057 2728 θῆναι,
1077 2692 1115 2728 μὴ
1131 2693 1185 2719 τῶν
1199 2692 1286 2720 ἄλλων
1313 2693 1367 2720 τῶν
1383 2693 1558 2728 πληρούντων
1578 2692 1766 2728 ἀπηλλαγμέ-

968 2748 1021 2766 νον.
1038 2739 1108 2770 Τοὺς
1118 2737 1171 2773 γὰρ
1188 2738 1279 2770 ἀξίους
1306 2739 1406 2775 πληροῖ
1419 2740 1448 2766 ὲν
1461 2738 1570 2775 οὐρανῷ
1597 2747 1628 2766 τε
1652 2739 1697 2766 καὶ
1713 2741 1766 2775 τῇ.

1502 2789 1525 2804 ⁵⁸
1537 2789 1598 2817 Act.
1616 2797 1682 2822 xm,
1698 2790 1751 2816 28-
