1872 3048
152 167 204 195 575

872 158 916 186 EX
936 157 1087 186 ORIGENE

1732 149 1786 177 515

153 233 214 253 sum
229 230 255 252 ct
270 229 430 255 aestuosum,
445 224 472 250 ia
489 230 543 257 quo
555 226 598 249 est
616 220 715 252 draco,
732 225 814 254 quem
832 218 930 244 fot‘uta-
951 239 954 246 λ

1031 214 1091 249 ῆρη,
1110 212 1223 247 ἔχουσαν
1240 211 1385 247 δράκοντα,
1403 209 1432 236 ὃν
1449 209 1565 236 ἔπλασεν
1578 208 1592 235 6
1606 207 1673 238 Θεὸς
1689 206 1783 241 ἐμπαί-

153 262 193 298 vit
207 270 279 297 Deus
294 269 326 296 ad
343 268 512 296 illudcndum
528 267 564 294 ei.
594 266 626 292 Et
646 263 820 299 peculiariter
831 269 941 296 compe-

154 316 209 343 ries
225 316 297 342 hunc
314 315 397 342 solerti
410 335 417 346 ,
434 314 509 340 illum
525 320 588 339 vero
605 311 706 338 dictum
721 311 813 336 lunam
825 329 832 341 ,
853 316 884 335 ac
901 307 941 335 si-

153 361 231 393 dera,
259 359 477 395 quandoquidem
494 359 531 384 ita
543 358 593 384 erit
609 362 633 383 et
646 355 802 383 resurrectio
824 359 942 380 mortuo-

156 415 216 433 rum
229 407 263 432 ".
293 405 339 441 [Et
359 411 421 439 post
443 403 551 439 pauca].
573 402 651 429 Nunc
666 409 730 428 vero
745 401 819 427 illum
833 400 871 427 ait
884 399 942 427 haec

156 451 305 479 similitudo
321 451 402 477 ﬁcum
417 457 477 476 esse
492 448 569 475 valde
584 448 695 474 malum.
716 445 826 473 Dulcem
843 446 943 480 quippe

156 497 231 523 illum
247 496 402 522 maturitate
419 495 505 521 virtus
519 492 615 525 clﬁcit,
640 492 676 519 ita
689 496 718 519 ut
734 496 807 519 totus
823 493 942 524 animus,

154 546 183 568 et
204 541 335 576 spiritus,
362 545 389 568 et
401 547 499 574 corpus
511 538 590 565 dulce
607 538 642 565 sit
663 537 794 564 virtutum
814 536 944 571 qualitate

154 585 209 612 illis
224 585 393 612 adveniente.
424 583 550 612 Pravitas
565 587 656 609 autem
673 581 762 616 ipsum
779 581 865 608 reddit
883 589 937 608 ma-

155 631 211 659 lum
222 651 230 663 ,
252 639 303 658 nec
316 631 374 658 esui
391 630 531 657 idoneum.
559 628 660 656 Verum
676 628 698 656 si
713 628 775 663 quis
788 632 895 663 quaerat
909 628 938 654 ﬁ-

155 684 203 705 cus
228 685 281 703 non
305 676 381 703 valde
404 676 509 707 bonas,
537 675 635 709 quaerit
658 675 718 701 illas
742 678 819 702 extra
834 674 943 709 pietatis

156 722 296 757 mysteria,
313 721 499 756 templumque
515 720 577 753 Dei,
596 720 668 747 sicut
681 726 708 747 et
723 728 778 747 non
791 720 869 747 valde
885 728 944 746 ma—

156 767 207 793 las.
239 765 306 793 Nam
321 767 343 793 si
359 765 556 793 instituendum
571 773 600 792 se
613 764 755 791 tradiderit
767 770 830 792 ante
845 764 943 792 facient

155 811 250 846 templi
264 811 384 844 Domini,
399 815 463 838 sunt
475 811 543 838 ﬁcus
559 810 634 836 valde
648 810 736 843 bonae,
753 810 848 845 quales
868 810 944 837 novit

155 855 248 882 facere
268 856 412 887 Christus,
430 859 477 882 aut
489 856 576 882 malm.
602 854 696 890 Neque
712 858 784 883 enim
802 864 863 890 qua:
875 856 943 883 foris

992 259 1048 291 ζειν
1065 258 1148 293 αὐτῷ.
1163 258 1218 284 Καὶ
1232 257 1303 284 κατὰ
1318 257 1400 292 μέρος
1417 256 1543 292 εὑρήσεις
1561 255 1606 281 τὸν
1624 254 1674 289 μὲν
1698 253 1785 288 ἣλιοι),

992 305 1036 331 τὸν
1050 305 1078 330 δὲ
1091 303 1206 339 σελήνην
1222 303 1368 338 λεγόμενον
1382 302 1430 327 καὶ
1444 300 1572 336 ἀστέρας,
1584 298 1645 325 ἐπεὶ
1655 298 1748 330 οὕτως
1760 300 1780 333 ἢ

993 350 1162 382 ἀνάστασις
1175 348 1234 375 τῶν
1263 347 1387 381 νεκρῶν.
1405 346 1460 372 Καὶ
1486 345 1544 380 μετ’
1566 345 1656 378 ὀλίγα.
1673 343 1730 370 Νῦν
1755 344 1785 371 δὲ

994 403 1076 430 φησιν
1090 394 1170 421 αὑτὸν
1183 395 1199 428 ἡ
1216 391 1359 428 παραϐολὴ
1379 391 1462 417 σῦκον
1484 389 1551 416 εἶναι
1580 388 1697 424 πονηρὸν
1713 387 1781 413 lim:

994 440 1124 475 γλυκάζει
1144 439 1192 474 μὲν
1209 438 1263 474 γὰρ
1278 437 1359 465 αὑτὸν
1371 437 1414 463 διὰ
1433 435 1593 466 πεπάνςεως
1607 435 1624 469 ὴ
1644 432 1786 469 ἀρετὴ,ὠς

993 484 1063 513 εἶναι
1079 485 1168 520 ψυχὴν
1186 484 1260 519 ὃλην,
1279 483 1326 510 καὶ
1345 482 1453 518 πνεῦμα
1473 482 1519 508 καὶ
1535 480 1613 515 σῶμα
1633 479 1720 513 γλυκὺ
1735 478 1784 512 τῆς

994 531 1024 563 ἐξ
1039 530 1144 566 ἀρετῶν
1158 530 1301 564 ποιότητος
1327 527 1502 562 ὲντιθεμένης
1527 526 1610 560 αὐτῷ’
1628 526 1645 560 ὴ
1661 525 1689 551 δὲ
1703 532 1786 558 πονητ-

997 575 1040 610 ρία
1056 574 1140 601 κακὸν
1158 574 1239 600 αὑτὸν
1265 573 1312 599 καὶ
1342 572 1464 606 ἄϐρωτον
1489 570 1686 606 ἀπεργάζεται.
1716 568 1784 594 Ἀλλ’

994 620 1041 647 ἐὰν
1058 621 1106 656 μὲν
1121 619 1191 646 σῦκα
1216 617 1285 654 ζητῇ
1308 627 1350 650 τις
1380 617 1416 653 μὴ
1432 617 1492 644 λίαν
1502 615 1618 652 χρηστὰ,
1644 615 1699 648 ἔξω
1711 615 1784 649 ζητεῖ

994 667 1080 694 ταῦτα
1095 666 1149 692 τῶν
1170 665 1220 701 τῆς
1235 665 1389 696 θεοσεϐείας
1406 664 1573 699 μυστηρίων,
1598 661 1645 688 καὶ
1658 661 1706 687 τοῦ
1721 660 1785 686 ναοῦ

993 712 1040 739 τοῦ
1057 712 1136 743 Θεοῦ,
1153 710 1294 747 ὼσπεροῦν
1311 710 1358 737 καὶ
1378 710 1412 737 τὰ
1436 709 1474 745 μὴ
1500 709 1561 735 λίαν
1578 707 1694 743 πονηρά.
1723 706 1785 733 Ἐὰν

994 757 1049 791 γὰρ
1064 756 1127 792 ἔλθῃ
1143 756 1188 782 ἐπὶ
1204 755 1249 782 τὸν
1268 754 1391 790 μαθητὴν
1405 754 1458 789 πρὸ
1484 753 1628 788 προσώπου
1651 751 1699 777 τοῦ
1721 750 1785 777 ναοῦ

995 803 1109 838 Κυρίου,
1127 802 1185 828 ἔστι
1202 801 1271 828 σῦκα
1284 800 1391 836 χρηστὰ
1408 799 1479 832 λίαν,
1494 797 1539 825 οἷα.
1554 799 1640 824 ποιεῖν
1655 795 1710 823 οῐδε
1722 797 1786 832 Χρι-

996 848 1066 879 στὸς,
1096 848 1112 883 ἢ
1132 847 1248 882 πονηρά.
1276 847 1343 873 Οὐδὲ
1357 846 1412 881 γὰρ
1436 845 1467 872 τὸ
1495 845 1547 878 ἔξω
1565 845 1683 880 πονηρὸν
1707 843 1786 870 σῦκον

155 905 198 930 est
212 901 280 928 ﬁcus
293 902 376 933 mala,
395 902 498 936 expulit
511 909 653 928 sermones
669 902 715 929 Dei
728 901 760 929 ad
776 902 939 936 posteriora.

1031 893 1107 919 ἐΰαλε
1120 894 1183 923 τοὺς
1196 892 1291 926 λόγους
1307 891 1355 918 τοῦ
1373 891 1440 918 Θεοῦ
1458 892 1498 923 εἰς
1507 891 1542 917 τὰ
1554 889 1651 916 ὀπίσω.
1666 889 1734 925 Περὶ
1742 889 1787 915 τὸν

158 946 245 982 Igitur
258 948 331 975 circa
345 948 473 982 templum
491 947 536 974 Dei
549 967 555 979 ,
580 947 725 983 divinaque
748 948 874 983 dogmata
887 947 942 976 duo

157 993 256 1019 calathi
271 991 372 1027 iacent.
395 991 453 1020 Scit
464 999 528 1019 vero
543 991 590 1026 qui
601 992 686 1027 eligit,
706 993 751 1020 ubi
765 993 887 1028 singulos
904 1001 944 1020 re-

157 1038 244 1071 ponit.
258 1045 312 1064 non
329 1037 418 1065 ferens
431 1037 498 1065 ﬁcus
511 1037 588 1065 valde
603 1038 680 1065 malae
691 1039 851 1073 qualitatem
865 1039 943 1067 valde

158 1085 237 1112 bonis
262 1084 414 1112 immiscere
437 1094 445 1112 :
468 1085 602 1112 Modicum
617 1085 711 1120 quippe
731 1086 889 1120 fermentum
902 1091 942 1113 to-

157 1135 212 1157 tam
226 1130 367 1165 [ermenlal
381 1131 520 1157 misturam
532 1131 571 1164 ης
601 1131 643 1158 sin
656 1131 744 1164 aliter,
762 1132 941 1159 contrarium.

158 1175 190 1202 Et
208 1175 323 1203 fortasse
340 1176 464 1204 calathus
478 1176 580 1203 ﬁcuum
596 1176 741 1209 malarum,
762 1177 885 1212 gehenna
902 1181 945 1204 est

157 1221 227 1253 ignis
240 1222 412 1257 sempiterni;
432 1222 565 1249 bonarum
580 1229 656 1254 vero,
672 1230 786 1256 regnum
799 1223 942 1249 caelorum.

157 1264 191 1291 Et
206 1265 297 1299 paucis
313 1266 458 1299 interjectis
476 1273 485 1292 :
503 1266 538 1293 At
547 1267 658 1301 quando
672 1266 796 1293 calathos
811 1267 942 1301 propheta

158 1310 243 1337 vidit?
260 1310 325 1338 Post
335 1312 530 1346 captivitatem,
546 1311 643 1346 inquit.
673 1311 740 1339 Nam
756 1312 779 1339 si
791 1312 944 1347 respexeris

158 1355 311 1384 Salvator-is
325 1356 471 1384 adventum
486 1376 494 1388 ,
512 1358 660 1392 populique
676 1357 859 1392 captivitatem
871 1378 878 1390 ,
894 1365 945 1385 nec

158 1407 212 1427 non
223 1405 250 1427 et
266 1408 315 1427 nos
328 1405 424 1428 natura
436 1401 551 1433 alienos,
562 1406 588 1429 et
600 1407 676 1429 extra
687 1401 849 1435 Jerusalem,
864 1401 946 1438 30E.

160 1454 233 1473 nunc
255 1451 344 1473 autem
361 1446 395 1473 ob
411 1447 490 1474 ﬁdem
507 1448 533 1474 in
549 1447 634 1475 Deum
653 1448 830 1482 veritatisque
849 1448 944 1476 dulce-

158 1491 250 1518 dinem
277 1491 396 1519 redditos
411 1492 478 1520 ﬁcus
493 1492 590 1525 bonas,
614 1493 721 1521 videbis
742 1493 843 1521 ﬂcuum
856 1494 943 1521 bona—

159 1543 219 1563 rum
244 1538 398 1566 calathum:
425 1539 448 1566 si
472 1547 537 1566 vero
553 1547 601 1567 eos
615 1540 662 1575 qui
686 1547 720 1567 ex
734 1540 945 1569 circumcisione
958 1559 980 1589 ε

158 1587 231 1615 sunt.
257 1588 319 1618 post
343 1585 414 1612 hanc
429 1585 612 1619 captivitatem
630 1587 812 1621 perspexeris.
840 1587 945 1615 videbis

158 1629 292 1655 malarum
304 1650 310 1662 ,
337 1634 365 1657 et
379 1638 440 1664 qua:
454 1631 559 1658 comedi
576 1639 629 1658 non
645 1636 778 1666 possunt,
794 1633 943 1660 calathum.

157 1671 213 1700 Nec
234 1674 301 1702 satis
323 1680 365 1702 est
384 1675 451 1704 ﬁcus
470 1684 530 1704 esse
552 1677 630 1705 valde
644 1678 748 1710 bonas,
772 1678 819 1706 sed
836 1683 863 1706 et
877 1678 945 1706 ﬁcu-

159 1719 211 1746 bus
233 1720 312 1754 primi
342 1722 472 1755 temporis
501 1722 604 1750 similes
632 1731 694 1751 esse
721 1727 838 1758 oportet.
865 1724 947 1752 Sero-

160 1765 215 1790 tina
234 1766 334 1800 quippe
353 1766 420 1794 ﬁcus
436 1775 491 1794 non
515 1772 566 1801 est,
590 1769 636 1796 cui
659 1768 807 1797 salvandus
831 1777 946 1805 compa-

161 1815 246 1836 raltn'.

193 1856 220 1882 6.
242 1855 275 1883 Ιίι
292 1857 458 1891 t'etzdiﬁcabo
471 1866 525 1886 eos.
544 1859 671 1887 Christus
684 1860 833 1888 :ediﬁcator
854 1866 880 1889 et
901 1869 947 1889 ar-

158 1900 291 1929 chitectus
300 1907 352 1933 est,
376 1903 410 1930 de
429 1911 483 1938 quo
509 1905 535 1931 in
558 1905 699 1940 prophetis
722 1906 824 1934 dictum
840 1912 882 1934 est
897 1907 944 1935 “2

161 1945 210 1972 llic
224 1947 369 1981 redi/inab“
389 1949 522 1976 civitatem
537 1958 632 1984 nteant,
657 1956 682 1978 et
702 1952 881 1986 captivitatem
900 1961 947 1987 po-

157 1993 213 2026 puli
233 1995 283 2020 mei
296 2000 435 2022 convertet.
470 1996 514 2023 Ait
527 1996 618 2032 itaque
633 1997 766 2027 Dominus
782 2001 790 2016 ι
807 2009 814 2027 :
833 1999 868 2026 Et
880 2001 947 2027 tedi-

158 2038 242 2071 ﬁrabo
254 2048 310 2073 eos,
323 2045 347 2067 et
363 2049 414 2067 non
431 2041 576 2069 deuruam.
612 2043 705 2071 Bonus
721 2044 821 2072 etenim
835 2052 896 2072 cuin
911 2045 947 2073 sit

158 2082 243 2117 Deus,
261 2085 374 2112 aediﬁcia
387 2087 510 2120 quwdam
523 2087 655 2120 destruit;
675 2094 781 2123 oportet
794 2090 868 2117 enim
879 2090 946 2117 aedi-

157 2127 249 2155 ﬁcium
266 2130 292 2156 in
307 2131 386 2158 nobis
401 2131 604 2159 immundorum
620 2133 766 2168 spirituum
781 2135 877 2168 everti,
892 2136 947 2163 sic-

157 2179 212 2206 que
226 2174 355 2207 templnm
373 2175 429 2202 Deo
442 2176 510 2210 erigi
524 2184 556 2203 ex
572 2177 719 2205 virtutibus
743 2179 880 2213 rectisque
898 2181 948 2207 do-

997 939 1061 966 ναὸν
1075 939 1164 965 τοίνυν
1177 938 1224 964 τοῦ
1246 938 1314 964 Θεοῦ
1341 938 1388 964 καὶ
1405 937 1439 964 τὰ
1470 937 1528 964 θεῖα
1543 937 1667 971 δόγματα
1681 936 1727 962 δύο
1739 936 1788 962 κά-

995 986 1072 1012 λαοοι
1087 987 1199 1012 κεῖνται·
1218 984 1264 1010 καὶ
1276 982 1346 1011 οἶδεν
1363 984 1376 1010 6
1394 983 1573 1018 ἐκλεγόμενος
1600 982 1658 1014 πῶς
1675 982 1789 1009 ἕκαστον

997 1032 1174 1063 κατατάσσει,
1194 1031 1231 1066 μὴ
1247 1031 1409 1066 ἀνεχόμενος
1425 1030 1544 1066 πονηροῦ
1559 1030 1642 1056 σύκου
1660 1030 1788 1063 ποιότητα

996 1080 1053 1110 τοῖς
1084 1078 1144 1104 λίαν
1167 1076 1349 1112 ἐγκαταμίξαι
1377 1077 1515 1112 χρηστοῖς.
1533 1075 1629 1109 Μικρὰ
1649 1075 1705 1110 γὰρ
1718 1074 1789 1109 ζύμη

997 1124 1072 1151 ὅλον
1087 1123 1121 1150 τὸ
1132 1123 1253 1157 φύραμα
1271 1122 1363 1157 ζυμοῖ·
1390 1122 1414 1148 εἰ
1437 1122 1466 1148 δὲ
1486 1122 1534 1157 μὴ,
1552 1121 1718 1148 τούναντίον.
1736 1121 1790 1147 Καὶ

997 1170 1068 1204 τάχα
1081 1169 1096 1195 6
1113 1168 1231 1200 κάλαθος
1244 1168 1298 1194 τῶν
1313 1168 1404 1194 σύκων
1434 1168 1489 1194 τῶν
1510 1166 1638 1202 πονηρῶν
1659 1167 1676 1202 ὴ
1694 1166 1790 1201 γέεννά

997 1215 1057 1241 ἐστι
1068 1215 1115 1242 τοῦ
1130 1213 1239 1241 αἰωνίου
1249 1214 1344 1249 πυρός·
1361 1215 1375 1240 6
1388 1214 1417 1240 δὲ
1429 1213 1483 1240 τῶν
1495 1212 1621 1249 χρηστῶν
1636 1213 1653 1247 ἡ
1670 1211 1790 1247 βασιλεία

997 1261 1051 1287 τῶν
1065 1260 1201 1296 οὐρανῶν.
1223 1260 1278 1286 Kal
1286 1260 1350 1294 μετ’
1368 1259 1466 1293 ὀλίγα·
1495 1257 1575 1285 Ἀλλὰ
1590 1258 1655 1285 πότε
1667 1258 1730 1289 τοὺς
1743 1266 1790 1284 κα-

997 1305 1096 1337 λάθους
1118 1306 1132 1332 6
1160 1305 1304 1341 προφήτης
1334 1303 1458 1340 ἑώρακε;
1488 1304 1566 1331 Μετὰ
1583 1304 1634 1339 τὴν
1653 1303 1789 1339 αἰχμαλω-

999 1350 1070 1382 σίαν,
1083 1350 1176 1385 φησίν.
1200 1350 1262 1376 Ἐὰν
1276 1350 1330 1385 γὰρ
1343 1349 1401 1386 ἴδῃς
1414 1349 1462 1384 τὴν
1476 1349 1623 1385 ἐπιδημίαν
1636 1349 1690 1376 τοῦ.
1705 1350 1790 1384 Σωτῆ-

1000 1403 1045 1430 ρος
1061 1394 1108 1421 καὶ
1123 1394 1169 1421 τοῦ
1190 1394 1256 1421 λαοῦ
1274 1395 1323 1430 τὴν
1350 1394 1539 1430 αἰχμαλωσίαν
1565 1395 1614 1422 καὶ
1641 1395 1716 1430 ἡμᾶς
1729 1395 1791 1427 τοὺς

997 1439 1154 1475 ἀλλοτρίους
1175 1440 1315 1475 φύσεικαὶ
1331 1440 1384 1472 ἔξω
1408 1440 1459 1476 τῆς
1478 1440 1665 1476 Ἰερουσαλὴμ,
1688 1441 1736 1468 νῦν
1762 1440 1790 1467 δὲ

997 1485 1042 1511 διὰ
1054 1485 1104 1520 τὴν
1119 1486 1211 1512 πίστιν
1227 1486 1276 1520 τὴν
1288 1486 1327 1516 είς
1342 1485 1408 1512 Θεὸν
1425 1486 1472 1512 καὶ
1487 1485 1649 1521 γλυκύτητα
1660 1486 1715 1521 τῆς,
1727 1486 1793 1520 ἁλη-

998 1530 1072 1562 Θείας
1083 1531 1245 1566 γενομένους
1260 1530 1329 1558 σῦκα
1340 1531 1457 1567 χρηστὰ,
1468 1532 1528 1566 ὄψει
1537 1531 1591 1558 τῶν
1604 1531 1733 1567 χρηστῶν
1747 1531 1793 1558 σύ-

996 1585 1051 1603 κων
1064 1576 1109 1602 τὸν
1126 1577 1253 1604 κάλαθοψ
1269 1577 1317 1604 ὲὰν
1333 1577 1361 1604 δὲ
1376 1578 1439 1609 τοὺς
1452 1578 1484 1604 ἐκ
1497 1577 1650 1613 περιτομῆς
1663 1578 1734 1613 μετὰ
1744 1577 1793 1613 τὴν

995 1622 1185 1657 αἰχμαλωσίαν
1199 1622 1301 1658 ταύτην
1313 1623 1429 1656 θεάσοιο,
1446 1623 1500 1650 τῶν
1529 1623 1657 1658 πονηρῶν
1671 1624 1733 1659 ὕψει
1745 1625 1792 1651 καὶ

996 1667 1127 1703 ἀϐρώτων
1148 1668 1237 1694 σύκων
1252 1668 1298 1695 τὸν
1315 1669 1443 1696 κάλαθον.
1468 1670 1525 1696 οὐκ
1539 1670 1621 1705 άρκεί
1635 1669 1669 1698 δὲ
1682 1671 1790 1706 χρηστὰ

996 1713 1056 1740 λίαν
1069 1711 1139 1740 εἶναι
1153 1714 1188 1740 τὰ
1201 1714 1281 1747 σῦκα,
1297 1714 1365 1741 ἀλλὰ
1389 1715 1437 1742 καὶ
1450 1717 1507 1748 τοῖς
1522 1715 1659 1750 πρωῖμοις
1673 1715 1791 1750 (hymni),-

997 1759 1059 1786 σθαι
1077 1760 1219 1795 προσήκει·
1236 1760 1333 1796 ὄψιμον
1348 1760 1402 1797 γὰρ
1415 1760 1497 1788 σῦκον
1510 1761 1560 1788 οὐκ
1577 1761 1651 1788 ἔστιν
1662 1757 1685 1795 ᾧ
1698 1770 1791 1797 παραν-

996 1804 1124 1832 6άλλεται
1139 1807 1154 1832 ὁ
1167 1805 1328 1841 σωζόμενος.

1031 1871 1057 1899 6.
1072 1873 1126 1899 Kal
1145 1873 1371 1908 ἀνοικοδομήσω
1388 1873 1508 1906 αὐτούς.
1531 1873 1560 1900 '0
1581 1873 1700 1909 Χριστὸς
1716 1874 1792 1901 οἰκο-

995 1918 1078 1953 δόμος
1103 1919 1151 1945 καὶ
1175 1919 1345 1954 ἀρχιτέκτων
1372 1919 1436 1955 περὶ
1463 1917 1494 1945 οὗ
1514 1920 1544 1946 ὲν
1576 1921 1732 1955 προφήταις
1750 1919 1793 1946 λέ-

996 1963 1101 1989 λεκται·
1120 1962 1214 1997 Οὗτος
1240 1964 1431 1999 οἰκοδομήσει
1450 1964 1508 1998 τὴν
1531 1965 1622 1992 πόλιν
1640 1973 1711 2000 μου,
1741 1965 1791 1991 καὶ

997 2009 1054 2044 τὴν
1068 2011 1277 2044 αἰχμαλωσίαν
1291 2011 1344 2038 τοῦ
1361 2011 1437 2038 λαοῦ
1453 2019 1514 2045 μου
1537 2011 1725 2045 ἐπιστρέψει.
1741 2012 1794 2046 1h}-

997 2056 1040 2082 o‘tv
1053 2054 1099 2082 οῦν
1111 2057 1125 2082 6
1137 2056 1249 2091 Κύριος·
1265 2056 1321 2083 Kal
1335 2056 1524 2091 οἰκοδομήσω
1536 2056 1659 2089 αὐτοὺς,
1680 2057 1738 2084 καὶ
1757 2058 1793 2084 οὺ

993 2099 1037 2134 μὴ
1060 2099 1185 2127 καθελῶ·
1200 2100 1301 2134 ἀγαθὸς
1326 2099 1381 2135 γὰρ
1403 2099 1441 2127 ὣν
1459 2101 1474 2126 6
1494 2100 1561 2132 Θεὸς
1585 2101 1793 2136 οίκοδομήματά

997 2153 1060 2172 τινα
1074 2145 1209 2181 καθαιρεῖ·
1226 2145 1267 2171 δεῖ
1279 2145 1333 2180 γὰρ
1355 2145 1404 2180 τὴν
1427 2145 1455 2171 ὲν
1472 2145 1537 2180 ἡμῖν
1564 2145 1710 2181 οἰκοδομὴν
1738 2145 1792 2172 τῶν

998 2191 1162 2226 ἀκαθάρτων
1186 2191 1350 2226 πνευμάτων
1375 2191 1571 2226 καταλυθῆναι,
1595 2192 1642 2218 καὶ
1656 2191 1732 2218 οὕτω
1749 2191 1792 2218 τὸν

159 2219 309 2252 pmatibus,
323 2224 352 2247 ut
363 2226 492 2256 appareat
505 2222 532 2248 in
549 2223 596 2249 illo
613 2223 699 2257 gloria
712 2224 782 2258 ejus.
818 2225 866 2251 Est
880 2233 949 2260 pm-

1033 2237 1062 2263 ὺν
1079 2219 1285 2272 οίκοδομηοῆναι
1308 2236 1367 2272 Θεῷ
1383 2237 1413 2269 ἐξ
1426 2219 1531 2272 ἀρετῶν
1543 2219 1572 2263 τε
1585 2237 1633 2264 καὶ
1648 2237 1793 2272 δογμάτων

159 2268 232 2290 terea
250 2269 277 2291 et
291 2264 410 2299 agricola
424 2266 561 2300 plantans,
577 2272 605 2294 et
617 2267 737 2296 inferens
749 2276 796 2296 eos
809 2270 856 2304 qui
868 2271 944 2306 digni

157 2312 238 2339 sunt,
270 2309 400 2343 quoniam
428 2310 552 2338 Salvator
579 2311 671 2340 ferens
706 2318 835 2348 tanquam
868 2315 944 2343 radix

157 2360 253 2380 omnes
267 2355 402 2388 palmites,
421 2356 459 2383 ait
475 2357 485 2372 ²
500 2366 506 2383 :
524 2357 580 2392 Ego
598 2366 655 2384 sum
669 2358 730 2385 viti:
745 2367 814 2393 vera,
834 2369 878 2387 vos
896 2369 944 2387 au-

157 2404 208 2425 tem
222 2400 360 2433 palmites;
375 2401 458 2429 Pater
471 2410 530 2429 vero
541 2411 613 2430 meus
628 2405 745 2438 agricola
757 2411 807 2432 est.
831 2405 942 2433 Omnem

155 2444 293 2478 palmitem
311 2445 336 2471 in
354 2453 394 2472 me
414 2453 562 2475 manentem
583 2453 608 2475 et
622 2449 718 2476 bonum
737 2450 854 2484 fructum
878 2451 943 2486 affe-

156 2493 255 2515 rentem
273 2489 356 2516 Pater
372 2499 443 2517 meus
459 2497 565 2527 purgat,
581 2498 610 2520 ut
625 2494 742 2528 fructum
753 2495 814 2530 plus
830 2497 924 2530 afferat
933 2505 943 2529 ,-

154 2542 257 2561 omnent
277 2543 336 2562 vero
351 2536 489 2570 palmitem
507 2538 534 2565 in
557 2547 598 2566 me
620 2545 767 2568 manentem
788 2546 812 2568 et
827 2543 943 2576 fructum

155 2588 206 2607 non
220 2581 344 2615 ferentem
362 2581 445 2616 Pater
458 2592 530 2610 meus
545 2585 655 2618 excidit,
672 2590 696 2613 et
708 2587 736 2612 in
749 2587 833 2621 ignem
848 2589 942 2616 mittit.

155 2625 215 2652 Non
231 2627 258 2653 in
277 2627 435 2662 gentilibus,
451 2629 498 2656 sed
514 2630 541 2656 in
557 2631 681 2659 ﬁdelibus
698 2632 854 2660 veriﬁcatur
865 2633 942 2666 illud,

155 2671 181 2698 in
195 2680 229 2699 eo
243 2680 356 2702 manens
370 2680 397 2702 et
410 2682 465 2702 non
483 2674 573 2704 ferens
589 2676 707 2704 fructum
717 2698 724 2710 ,
738 2678 827 2712 qualis
842 2683 884 2706 est
894 2680 941 2714 qui

155 2717 259 2745 ﬁdelem
274 2727 304 2746 se
318 2719 430 2752 dicit,et
443 2720 555 2748 licenter
563 2721 712 2756 delinquit;
727 2723 774 2757 qui
789 2724 885 2751 merito
897 2732 943 2752 cx-

155 2763 270 2800 ciditur;
289 2772 386 2803 purgat
398 2776 462 2796 vero
476 2769 614 2804 palmitem
629 2769 747 2798 fructum
761 2770 901 2806 ferentem,
914 2777 944 2800 ut

195 2870 215 2885 "
238 2869 321 2898 lCor.
337 2879 381 2899 xv.
398 2872 441 2899 42.
485 2875 508 2890 ’⁵
526 2874 608 2904 lCor.
623 2884 650 2910 ν,
666 2876 692 2904 8.
731 2878 752 2893 ³³
771 2876 822 2905 lsa.
838 2885 898 2912 xu,
919 2878 961 2906 15.

998 2282 1097 2318 ὀρθῶν,
1115 2282 1159 2309 ἴνα
1173 2283 1241 2318 ὀφθῇ
1269 2283 1287 2318 ή
1310 2282 1373 2315 δόξα
1397 2283 1479 2310 αὐτοῦ
1505 2284 1534 2309 ὲν
1558 2283 1642 2318 αὐτῷ.
1674 2283 1793 2310 Ἐστιδὲ

997 2327 1044 2353 καὶ
1071 2327 1192 2362 γεωργὸς
1220 2327 1426 2361 καταφυτεύων,
1451 2327 1499 2354 καὶ
1529 2327 1722 2363 ὲγκεντρίζων,
1746 2327 1792 2359 οὓς

997 2373 1083 2405 ἄξιον.
1096 2374 1165 2409 Φησὶ
1183 2373 1237 2409 γὰρ
1257 2375 1271 2400 6
1287 2374 1396 2409 Σωτὴρ,
1422 2373 1459 2406 ὡς
1490 2373 1552 2409 ῥίζα
1582 2375 1646 2406 τοὺς
1676 2374 1791 2405 κλάδους

997 2419 1101 2451 πάντας
1118 2418 1231 2454 ἀνέχων·
1257 2418 1326 2453 Ἐγώ
1338 2420 1395 2453 εἰμι
1412 2419 1441 2453 ἡ,
1458 2418 1592 2453 ἄμπελος
1611 2419 1630 2452 ὴ
1647 2418 1789 2452 ἀληθινὴ,

995 2464 1079 2498 ὑμεῖς
1091 2464 1128 2491 τὰ
1143 2464 1290 2498 κλήματα·
1312 2466 1328 2491 ὁ
1353 2463 1387 2490 δὲ
1416 2464 1516 2498 Πατήρ
1538 2472 1598 2498 μου
1618 2465 1634 2490 δ
1662 2463 1790 2498 γεωργός

993 2510 1071 2536 ἐστι.
1088 2508 1153 2536 Πᾶν
1169 2508 1270 2543 κλῆμα
1285 2509 1320 2536 ἐν
1335 2509 1400 2544 ἐμοὶ
1417 2509 1519 2544 μένον,
1533 2508 1582 2536 καὶ
1596 2509 1708 2535 ποιοῦν
1723 2516 1789 2542 καρ-

996 2554 1056 2581 πὸν
1068 2554 1164 2581 καλὸν
1179 2556 1196 2581 ὁ
1218 2554 1319 2588 Πατήρ
1337 2563 1396 2589 μου
1411 2555 1552 2588 καθαίρει,
1579 2555 1630 2581 ἵνα
1661 2554 1788 2581 πλείονα

995 2600 1113 2634 καρπὸν
1127 2600 1212 2635 φέρῃ’
1226 2598 1287 2627 πᾶν
1302 2598 1336 2626 δὲ
1350 2598 1452 2634 κλῆμα
1479 2599 1514 2626 ἐν
1529 2599 1594 2633 ἐμοὶ
1617 2599 1723 2634 μένον,
1743 2598 1786 2633 μὴ

995 2647 1088 2681 φέρον
1102 2645 1136 2673 δὲ
1152 2645 1278 2679 καρπὸν,
1297 2646 1314 2672 ὁ
1329 2645 1431 2679 Πατήρ
1444 2653 1504 2679 μου
1516 2644 1667 2677 ἐκκόπτει,
1682 2644 1731 2671 καὶ
1744 2645 1786 2677 εις

995 2692 1055 2726 πῦρ
1069 2690 1141 2718 αὐτὸ
1149 2691 1269 2723 ,βάλλει-
1280 2690 1336 2717 Οὐκ
1344 2691 1373 2717 ὲν
1384 2690 1508 2722 ὲθνικοϊς,
1516 2689 1572 2716 ἀλλ’
1580 2690 1672 2721 ἐντοῖς
1683 2689 1785 2720 πιστοῖς

996 2738 1055 2764 ἐστι
1072 2737 1113 2768 τὸ,
1137 2737 1182 2763 Ἐν
1197 2735 1271 2772 αὐτῷ
1287 2736 1367 2770 μένον
1378 2735 1425 2762 καὶ
1440 2735 1477 2770 μὴ
1503 2734 1587 2770 φέρον
1599 2734 1717 2770 καρπὸν,
1732 2732 1785 2764 οἷός

997 2784 1071 2810 ἐστιν
1084 2783 1098 2810 6
1107 2782 1193 2816 λέγων
1208 2779 1276 2808 εἶναι
1287 2781 1382 2811 πιστὸς
1396 2781 1442 2808 καὶ
1453 2779 1619 2816 πλημμελῶν
1632 2778 1782 2809 ἔπ’ὰδείσς·

1002 2878 1009 2893 ¹
1031 2877 1130 2906 Jcrcm.
1148 2885 1220 2911 χειν,
1237 2877 1262 2905 6.
1302 2878 1312 2894 ²
1330 2876 1409 2904 Joan.
1427 2884 1471 2911 xv,
1492 2876 1515 2909 i,
1530 2875 1558 2910 ‘2,
1575 2875 1602 2908 5,
1615 2875 1643 2902 6.
