1872 3048
167 126 217 153 579

879 122 924 162 ex
945 122 1093 150 ORIGENE

1735 125 1784 152 ’ἰεῦ

201 182 245 210 ΩΙ.
266 181 310 210 Sic
326 182 395 209 dixit
417 182 544 209 Daumius
560 190 638 216 super
654 182 763 209 Aclu'ub.
786 180 886 209 Eadem
903 189 951 216 pa-

1046 181 1083 207 21.
1109 180 1208 213 Οὕτως
1233 178 1298 207 εἷπε
1326 180 1431 214 Κύριος
1459 179 1508 206 ἐπὶ
1537 180 1647 215 Ἀχιάϐ.
1674 181 1786 208 Τοιαῦτα

165 229 250 257 tietur
264 228 354 256 omnis
368 228 425 255 haec
437 236 520 263 agens
538 228 629 255 senior
643 235 658 255 ιι
675 235 737 262 rege
750 227 904 262 Babylonis.
925 228 953 254 Si

167 274 239 301 enim
256 273 302 308 qui
319 273 429 308 indigne
451 273 535 301 sumit
547 273 758 306 Eucharistia'm,
780 273 807 300 in
819 273 953 307 judicium

167 317 263 348 sumit,
289 323 391 352 quanto
408 318 494 353 magis
514 318 560 352 qui
586 317 703 344 sedetlin
725 322 796 344 cmtu
813 318 954 345 seniorum

169 370 232 390 eum
251 363 417 390 conscientia
434 363 552 398 polluta,
574 363 676 390 Christi
701 363 845 398 collegium
861 371 955 391 macu-

170 408 249 435 lans?
265 407 331 441 Quis
345 409 417 436 enim
431 409 491 444 pius
510 417 569 436 cum
582 416 615 435 eo
632 409 779 436 considens
793 409 904 437 audebit
917 410 956 437 di-

169 462 231 481 cere
245 455 265 470 ¹⁰
283 463 289 481 :
307 454 366 481 Non
381 456 436 482 sedi
451 463 510 481 cum
523 455 632 481 consilio
648 455 785 487 vanitatis,
797 460 823 482 et
836 463 897 490 quae
912 463 955 484 se-

168 501 309 536 quuntur?

463 591 540 619 CAP.
569 592 654 620 XXX.

205 638 248 665 18,
283 637 315 664 Et
343 637 519 672 mdi/icabitur
545 639 638 666 civitas
666 647 746 674 super
774 640 952 666 altitudinem.

167 681 272 709 Poteris
288 682 370 709 etiam
392 683 482 710 dicere
505 691 582 710 suam
604 685 649 711 hic
670 685 819 711 bonitatem
840 684 955 711 manife-

168 731 273 759 stasse,
292 732 402 761 propter
416 735 498 762 quam
514 729 596 756 etiam
612 737 706 756 severe
718 730 772 765 agit
790 730 953 765 quibuscum

167 773 301 807 agendum
315 773 350 800 ita
366 778 417 800 est.
435 773 605 810 Quapropter
619 779 681 809 post
696 776 821 803 acerbam
833 776 954 803 curatio-

168 826 240 850 nem,
258 819 446 853 (edi/imbitur,
463 821 560 855 inquit.
574 822 667 849 ciritas
684 823 711 848 in
724 824 825 849 excelso
847 830 905 849 suo.
924 822 953 849 ln

167 872 223 900 quo
236 865 317 900 306
326 866 434 893 excelso
444 866 455 892 ?
464 866 524 893 Non
534 872 617 901 potest
628 868 720 894 civitas
734 869 859 895 abscondi
875 876 954 903 super

168 916 281 937 montem
289 913 377 945 posita
389 911 420 943 ¹¹,
435 912 523 946 qualis
534 917 584 945 est,
602 921 662 948 qum.
677 913 745 940 nihil
761 914 874 946 humile,
887 913 955 941 nihil

167 955 318 984 humanum
329 958 410 992 sapit,
418 959 570 993 voluptates
581 959 653 992 dico,
664 963 839 994 terrenasque
846 959 954 986 divitias

167 1007 195 1030 et
207 1002 346 1037 gloriolas.
372 1003 552 1031 Consurrexit
573 1012 691 1039 namque
704 1012 764 1032 cum
785 1003 895 1031 Christo
906 1025 912 1034 .
928 1009 956 1031 et

169 1056 229 1083 qua:
243 1057 352 1076 sursum
369 1054 434 1076 sunt
447 1050 554 1084 quzerit.
575 1050 636 1078 Πίος
651 1055 677 1078 te
692 1055 796 1086 agente,
813 1050 956 1078 tedilicabi-

169 1099 214 1122 tur
226 1095 322 1123 civitas
337 1100 383 1122 tua
399 1096 425 1122 in
442 1096 549 1124 excelso
566 1104 626 1124 suo.

202 1187 247 1214 21.
270 1187 335 1218 Quis
358 1192 396 1215 est
421 1188 470 1215 iste
492 1189 536 1223 qui
561 1189 632 1215 dedit
651 1197 696 1216 tor
712 1198 788 1216 suum
813 1191 906 1217 reverti
920 1190 955 1216 ad

168 1233 227 1259 me?
259 1232 400 1267 Tanquam
425 1234 458 1261 de
482 1242 512 1262 re
536 1235 625 1270 aliqua
651 1243 713 1262 rara
737 1236 866 1270 loquitur.
897 1235 956 1263 Mos

168 1283 258 1305 autem
276 1283 319 1305 est
337 1286 422 1306 sacra:
436 1279 582 1314 Scriptura:
608 1285 669 1315 post
683 1288 775 1307 amara
792 1281 957 1316 subjungere

169 1322 287 1350 humana
300 1325 333 1350 ad
349 1324 566 1351 consolationem
576 1345 582 1356 ,
609 1331 636 1352 et
649 1332 710 1360 post
727 1326 847 1360 jucunda
860 1334 957 1354 rursus

169 1367 269 1395 inferre
284 1377 387 1402 amara,
413 1377 446 1396 ne
461 1371 560 1404 spretis
574 1371 702 1398 bonitatis
720 1371 767 1398 Dei
779 1371 881 1399 divitiis
896 1372 956 1398 the-

169 1415 307 1441 saurizent
321 1415 372 1442 sibi
386 1415 453 1442 iram
473 1416 498 1442 in
514 1416 557 1443 die
570 1415 682 1443 furoris.
707 1415 797 1449 Quare
810 1418 847 1444 ait
863 1418 883 1433 "
901 1427 907 1444 ε
927 1417 958 1445 δι

169 1460 210 1486 ira
230 1468 336 1495 egressa
360 1460 457 1495 fuerit,
477 1470 527 1488 non
548 1467 689 1489 revertetur
703 1463 785 1490 donec
801 1464 885 1498 faciat
899 1470 958 1499 qnw

169 1506 224 1533 vult
243 1507 322 1534 Deus.
358 1507 418 1534 Vult
433 1512 523 1535 autem
542 1508 624 1542 Deus,
641 1514 667 1536 et
683 1509 722 1536 ira
736 1510 764 1536 lit
781 1515 809 1537 ut
823 1518 883 1544 qum
900 1511 957 1538 vult
970 1522 992 1550 ο

171 1550 242 1578 l‘eus
264 1551 426 1580 elﬁciantur.
459 1552 487 1579 Si
509 1553 572 1588 quis
595 1554 668 1580 enim
691 1554 810 1581 noluerit
825 1555 956 1582 voluntati

171 1596 217 1624 Dei
233 1597 307 1624 verbi
320 1598 504 1632 acquiescere,
522 1598 645 1626 funditur
661 1599 688 1627 in
703 1607 765 1627 eum
782 1601 832 1628 ira.
854 1600 892 1629 Ne
907 1602 958 1628 ita-

169 1650 224 1678 que
238 1644 315 1672 nobis
333 1650 401 1678 opus
416 1644 449 1670 sit
466 1644 594 1672 erudiens
608 1644 657 1672 ira.

463 1780 540 1809 CAP.
567 1782 665 1811 XXXI.

207 1826 234 1854 9.
256 1827 389 1854 Divertere
410 1828 510 1863 faciens
535 1837 613 1864 super
629 1830 714 1864 fossas
729 1838 869 1865 aquarum.
898 1828 957 1856 Non

172 1873 244 1900 enim
273 1881 320 1909 per
341 1874 478 1902 desertum
505 1875 576 1902 sicut
589 1875 666 1908 olim,
692 1876 738 1903 sed
754 1884 802 1910 per
813 1876 913 1903 cultam
931 1880 958 1902 et

172 1918 329 1946 hahitatam.
348 1919 464 1955 Tropiee
480 1928 543 1947 vero
559 1920 585 1947 in
601 1921 798 1953 consolatione,
812 1921 874 1956 quia
888 1920 959 1947 [τεαιὶ

171 1965 216 2000 qui
229 1965 327 2000 lugent,
345 1967 470 2001 quoniam
486 1967 536 2000 ipsi
551 1966 757 1994 consolabuntur
773 1966 806 1994 ".

211 2055 254 2083 Ιθ.
267 2056 428 2082 Amtuntiate
446 2056 473 2082 in
489 2056 584 2083 insulis
601 2064 658 2090 qua:
672 2055 764 2090 procul
778 2060 848 2082 sunt.
862 2055 959 2083 Insula:

172 2103 266 2138 procul
284 2103 342 2129 siue
358 2102 411 2130 illae
423 2107 488 2129 sunt
501 2110 562 2137 qua:
574 2102 637 2128 vitae
650 2102 732 2136 hujus
743 2101 870 2129 ﬂuctibus
881 2106 961 2128 testu-

173 2153 234 2184 ant;
251 2156 312 2182 quae
330 2153 476 2183 antequam
491 2148 600 2175 veniant
614 2148 647 2175 ad
662 2147 777 2175 salutem
788 2167 796 2179 ,
821 2148 898 2182 longe
913 2148 962 2174 ab-

1005 226 1128 252 πείσεται
1151 227 1205 258 πᾶς
1231 227 1359 261 πράσσων
1386 225 1571 261 πρεσϐύτερος
1589 226 1643 253 ὑπὸ
1660 226 1785 261 βασιλέως

1005 272 1172 303 Βαϐυλῶνος.
1188 272 1219 298 Εἰ
1241 272 1295 307 γὰρ
1321 272 1335 298 ὁ
1359 271 1475 304 ἀναξίως
1502 280 1544 302 τις
1574 271 1785 306 μεταλαμϐάνων

1004 317 1187 353 Εὐχαριστίαν
1200 318 1239 348 εἰς
1254 318 1341 352 κρῖμα
1367 317 1490 352 λήψεται,
1510 316 1585 352 πόσῳ
1601 316 1700 351 μᾶλλον
1711 318 1724 344 ό
1736 326 1785 344 κα-

1005 364 1149 398 Θεςόμενος
1175 364 1204 390 ὲν
1223 363 1413 400 πρεσϐυτερίῳ
1441 363 1570 390 συνειδότι
1600 364 1786 399 μεμιασμένῳ,

1006 411 1052 437 καὶ
1071 410 1102 436 τὸ
1129 410 1246 445 Χριστοῦ
1268 410 1388 444 μολύνων
1400 409 1555 444 συνέδριον;
1586 410 1634 441 Τίς
1648 410 1700 445 γὰρ
1716 410 1788 445 αὺτῷ

1005 457 1214 493 σῡγκαθήμενος
1235 456 1351 492 εὐλαϐὴς
1376 457 1465 491 λέγειν
1495 457 1626 493 τολμήσει
1661 458 1700 490 τὸ,
1729 459 1788 484 οὐκ

1004 501 1129 528 ἐκάθισα
1138 502 1214 537 μετὰ
1226 501 1386 536 συνεδρίου
1404 503 1611 537 ματαιότητος,
1633 504 1680 529 καὶ
1695 503 1728 530 τὰ
1743 504 1788 530 ἐπὶ

1004 547 1110 579 τούτοις
1123 557 1130 579 ;

1323 594 1400 620 ΚΕΦ.
1428 593 1467 620 A'.

1041 639 1084 665 18.
1101 639 1156 665 Καὶ
1171 638 1435 672 οὶκοδομηθήσεται
1449 639 1468 672 ἡ
1495 639 1583 671 πόλις
1602 638 1650 665 ἐπὶ
1668 637 1700 664 τὸ
1713 638 1789 671 ὕψος

1004 684 1110 719 αὐτῆς.
1123 685 1218 717 Eii-ret;
1234 685 1255 711 δ’
1272 686 1314 716 ἂν,
1330 686 1369 711 ὅτι
1386 685 1433 711 καὶ
1447 684 1495 719 τὴν
1514 684 1581 710 ἰδίαν
1609 683 1788 710 ἐπιδείκνυσιν

1005 730 1170 766 ἀγαοότητα,
1186 731 1219 757 δι’
1233 731 1265 766 ῆν
1277 731 1324 757 καὶ
1337 730 1386 766 τὴν
1399 730 1548 765 ἀποτομίαν
1562 729 1660 763 ὲπάγει
1673 731 1726 760 τοῖς
1740 729 1788 754 αὐ-

1004 777 1053 811 τῆς
1073 777 1101 803 ὲν
1112 776 1192 812 χρείᾳ
1214 777 1388 811 τυγχάνουσι.
1403 776 1458 807 Διὸ,
1475 775 1543 810 μετὰ
1568 775 1599 801 τὸ
1614 777 1655 806 εἰς
1670 775 1789 808 ἀλγεινὸν

1005 822 1216 857 θεραπευθῆναι,
1231 822 1506 856 οἰκοδομηθήσεται,
1538 821 1630 855 φησὶν,
1656 821 1675 854 ἡ
1705 821 1791 852 πόλις

1005 867 1054 894 ἐπὶ
1071 867 1103 894 τὸ
1118 867 1197 901 ὕψος
1209 867 1314 901 αὐτῆς.
1326 869 1404 894 Ποῖον
1417 867 1499 901 Nec;
1515 868 1554 893 Οὐ
1566 866 1691 892 δύναται
1705 866 1789 898 πόλις

1005 911 1105 939 ἐπάνω
1128 911 1216 946 ὄρους
1236 911 1355 946 κειμένη
1379 910 1533 945 κρυϐῆναι,
1567 908 1648 935 ὁποία
1673 908 1754 938 ἐστὶν,
1773 909 1788 941 ή

1008 958 1090 994 μηδὲν
1120 957 1256 994 φρονοῦσα
1287 956 1414 984 ταπεινὸν
1439 956 1455 991 ἦ
1486 955 1666 990 ἀνθρώπινον,
1698 953 1790 988 ἡδονάς

1007 1012 1073 1038 φησι
1086 1003 1134 1030 καὶ
1161 1002 1275 1029 πλοῦτον
1303 1003 1331 1028 ἐν
1353 1003 1388 1037 γῇ
1414 1002 1461 1028 καὶ
1487 1001 1608 1036 δοξάρια.
1637 998 1788 1034 Συνηγέρθη

1005 1049 1061 1084 γὰρ
1083 1049 1122 1084 τῷ
1150 1047 1270 1084 Χριστῷ,
1296 1048 1344 1074 καὶ
1368 1047 1403 1074 τὰ
1435 1047 1490 1073 ἄνω
1511 1047 1595 1081 ζητεῖ.
1625 1044 1718 1071 Ταῦτά
1744 1052 1789 1070 σου

1006 1094 1158 1127 ποιοῦντος,
1170 1093 1412 1129 οἰκοδομηθήσεται
1425 1093 1442 1127 ἡ
1456 1092 1532 1123 πόλις
1557 1099 1604 1117 σου
1619 1090 1666 1117 ἐπὶ
1681 1090 1712 1116 τὸ
1724 1089 1788 1123 ὕψος

1006 1140 1100 1176 αὐτῆς,

1041 1187 1085 1213 21.
1108 1187 1156 1219 Τίς
1182 1186 1267 1213 ἐστιν
1299 1183 1395 1216 οὗτος,
1422 1184 1455 1217 ὂς
1478 1182 1587 1210 δέδωκε
1600 1181 1658 1215 τὴν
1671 1179 1792 1214 καρδίαν

1006 1232 1099 1260 αὐτοῦ
1113 1232 1301 1266 ἀποστρέψαι
1315 1231 1391 1265 πρὸς
1415 1229 1470 1264 μέ;
1489 1229 1533 1260 Ὠς
1547 1228 1594 1255 ἐπὶ
1617 1227 1728 1253 σπανίου
1743 1233 1792 1259 φη-

1009 1280 1059 1307 σίν.
1075 1279 1154 1311 Ἐθος
1170 1278 1198 1305 δὲ
1210 1279 1243 1314 τῇ
1259 1277 1319 1313 θείᾳ
1341 1277 1434 1312 Γραφῇ
1453 1275 1522 1311 μετὰ
1545 1274 1579 1301 τὰ
1599 1273 1686 1308 πικρὰ
1706 1271 1791 1305 λέγειν

1008 1326 1186 1361 φιλάνθρωπα
1201 1324 1268 1359 πρὸς
1285 1321 1472 1358 παραμυθίαν,
1493 1320 1540 1347 καὶ
1557 1318 1626 1354 μετὰ
1641 1318 1676 1344 τὰ
1690 1315 1792 1352 χρηστὰ

1007 1370 1096 1404 λέγειν
1111 1370 1270 1404 πικρότερα,
1287 1369 1330 1394 ἵνα
1353 1367 1390 1403 μὴ
1406 1365 1453 1393 τοῦ
1469 1365 1583 1392 πλούτου
1608 1364 1658 1399 τῆς
1681 1363 1791 1399 χρηστό-

1009 1425 1089 1452 τητος
1112 1415 1158 1442 τοῦ
1171 1414 1237 1441 Θεοῦ
1251 1413 1505 1448 καταφρονήσαντες
1520 1410 1720 1446 θησαυρίσωσιν
1734 1409 1793 1435 ἑαυ-

1008 1464 1065 1494 τοῖς
1078 1462 1162 1497 ὀργὴν
1184 1460 1314 1496 ὲνὴμέρᾳ
1338 1459 1433 1493 ὀργῆς.
1459 1457 1503 1484 Διό
1523 1465 1614 1492 φησιν·
1639 1456 1711 1483 Ἐὰν
1722 1456 1792 1487 ἔλθῃ

1008 1508 1027 1542 ’ἡ
1041 1506 1124 1542 ὀργὴ,
1153 1506 1209 1532 οὐκ
1228 1503 1449 1536 ἀποστήσεται,
1477 1502 1531 1529 ἐὰν
1547 1501 1590 1536 μὴ
1615 1500 1754 1534 δράσειεν
1777 1499 1794 1524 tl

1011 1553 1090 1581 θέλει
1107 1552 1187 1584 Θεός.
1203 1551 1280 1577 Θέλει
1293 1549 1321 1576 δὲ
1338 1551 1352 1576 ό
1362 1549 1437 1580 Θεὸς.
1467 1548 1515 1574 καὶ
1542 1547 1610 1582 ὀργὴ
1624 1547 1740 1580 γίνεται,
1754 1546 1795 1571 ἵνα

1010 1597 1152 1634 γένηταιᾶ
1167 1597 1237 1624 θέλει
1258 1596 1334 1628 Θεὸς.
1368 1595 1430 1622 Ἐὰν
1454 1595 1508 1630 γάρ
1524 1602 1565 1625 τις
1583 1593 1620 1628 μὴ
1633 1592 1698 1629 θέλῃ
1721 1591 1795 1625 γενέ-

1011 1646 1073 1673 σθαι
1096 1646 1124 1671 ὲν
1141 1644 1179 1679 τῷ
1206 1642 1338 1678 θελήματι
1365 1641 1412 1668 τοῦ
1440 1640 1508 1667 Θεοῦ
1533 1639 1627 1673 λόγου,
1649 1637 1796 1665 ἀπολύεται

1011 1691 1054 1718 ἐπ’
1075 1689 1156 1717 αὑτὸν
1185 1689 1202 1725 ὴ
1239 1689 1319 1723 ὀργή.
1350 1686 1396 1722 Μὴ
1436 1685 1577 1721 δεηθῶμεν
1604 1683 1652 1711 οὖν
1691 1682 1796 1710 παιδευ-

1010 1737 1103 1772 ούσης.
1408 1737 1414 1744 ’

1324 1780 1402 1807 ΚΕΦ.
1419 1779 1482 1805 AA‘.

1046 1829 1072 1856 9.
1082 1828 1214 1859 Αῠλὶζων
1224 1827 1273 1855 ἐπὶ
1285 1826 1429 1860 διώρυγας
1440 1823 1566 1852 ὑδάτων.
1578 1823 1616 1849 Οὐ
1627 1823 1682 1858 γὰρ
1695 1821 1798 1856 afﬁgi;-

1014 1883 1064 1910 μου
1091 1874 1217 1909 καθάπερ
1244 1872 1374 1909 πρόσθεν,
1389 1870 1456 1897 ἀλλὰ
1479 1869 1522 1896 διὰ
1547 1869 1597 1904 τῆς
1614 1869 1733 1904 νομίμου
1755 1867 1798 1893 καὶ

1011 1919 1184 1955 οἰκουμένης.
1209 1919 1264 1946 Καὶ
1290 1916 1428 1953 τροπικῶς
1451 1916 1479 1941 δὲ
1501 1915 1530 1941 ὲν
1554 1914 1740 1950 παρακλήσει,
1761 1913 1798 1939 ὅτι

1012 1964 1148 2000 μακάριοι
1174 1965 1200 1990 οι
1223 1962 1413 1994 πενθοῦντες,
1441 1961 1486 1987 ὅτι
1506 1959 1591 1986 αὐτοὶ
1607 1957 1797 1992 παρακληθή-

1013 2018 1128 2037 σοι’ται.

1049 2055 1093 2082 10.
1118 2055 1282 2090 Ἁγγείλατε
1302 2054 1346 2086 εὶς
1357 2052 1474 2087 νήσους
1498 2051 1552 2084 τὰς
1567 2050 1730 2085 μακρόθεν.
1744 2049 1798 2082 Νῆ-

1015 2110 1055 2127 σοι
1078 2100 1187 2136 μακρὰν
1213 2101 1240 2126 αἱ
1259 2098 1484 2134 κλυδωνιζόμεναι
1509 2096 1578 2131 πρὸς
1604 2095 1660 2122 τῶν
1678 2095 1727 2122 τοῦ
1747 2095 1798 2130 βίον

1015 2146 1156 2181 κυμάτων,
1179 2144 1207 2170 αῖ
1235 2144 1341 2179 μακράν
1362 2145 1430 2170 εἰσιν
1454 2141 1583 2177 ἀληθείας
1601 2141 1669 2176 πρὶν
1685 2140 1733 2167 ἐπὶ
1754 2139 1798 2174 τὴν

174 2199 237 2222 sunt
255 2202 269 2221 a
284 2194 406 2221 veritate.
428 2193 552 2221 Redemit
568 2201 632 2221 vero
649 2193 733 2221 Jacob
751 2193 820 2220 Deus
837 2201 844 2219 :
860 2193 955 2228 Jugum

1046 2191 1150 2228 πηριαν
1161 2191 1258 2217 ὲλθεῖν.
1279 2188 1465 2225 Ἑλυτρώσατο
1484 2188 1512 2214 δὲ
1528 2187 1574 2214 τὸν
1591 2186 1690 2213 Ἰακὼὸ
1703 2185 1797 2216 ὸΘεός.

173 2241 247 2268 enim
258 2259 266 2271 ,
283 2240 352 2274 quod
367 2240 517 2273 impositum
533 2238 574 2265 illi
586 2243 660 2269 erat,
678 2238 798 2265 ablatum
809 2243 846 2264 est
857 2258 864 2269 ,
880 2237 962 2264 (vacu-

174 2288 267 2322 lusque
280 2285 325 2321 qui
337 2289 393 2312 erat
405 2292 483 2319 super
495 2285 618 2312 cervicem
631 2284 705 2311 illius
724 2284 755 2316 υ,
772 2289 800 2310 ut
817 2283 853 2309 ait
869 2282 961 2310 isaias.

178 2330 318 2365 Signiﬁcat
332 2335 472 2364 prasterea,
485 2329 557 2363 quod
570 2329 651 2356 etiam
668 2329 725 2363 ipse
742 2336 757 2355 e
770 2328 870 2355 diaboli
886 2333 963 2362 pote-

176 2380 246 2403 state
258 2376 367 2410 eripuit.
383 2374 454 2408 Quid
468 2375 540 2402 enim
559 2375 585 2402 in
601 2383 663 2402 eum
682 2382 834 2409 possemus,
857 2376 902 2409 qui
922 2375 964 2402 in—

177 2427 218 2451 ter
232 2421 283 2448 alia
296 2421 353 2448 haec
366 2428 476 2456 quoque
491 2420 559 2447 dixit
569 2420 589 2435 "
601 2430 607 2446 :
625 2419 719 2446 Totum
735 2425 864 2446 terrarum
877 2420 963 2446 orbem

178 2475 314 2497 assumant
330 2467 407 2502 quasi
421 2466 528 2498 nidum;
543 2466 576 2494 ad
592 2474 672 2501 quem
689 2473 736 2500 per
746 2466 884 2493 Christum
898 2465 966 2493 dici-

177 2522 239 2542 mus
256 2514 277 2532 "
295 2523 301 2541 :
321 2513 382 2545 Ubi,
397 2521 478 2546 mors,
491 2513 601 2540 victoria
615 2514 681 2542 tua.”
697 2512 756 2544 Ubi,
772 2512 883 2547 inferne,
900 2519 965 2538 acu-

176 2561 253 2588 leua?

214 2605 258 2634 16.
281 2605 367 2633 Cesset
381 2613 430 2634 vox
445 2610 491 2633 tua
505 2615 521 2633 a
533 2605 650 2641 ploratu.
674 2605 729 2632 lllis
745 2604 792 2640 qui
807 2604 882 2638 digni
901 2608 964 2631 sunt

176 2649 356 2678 beatitudinis
369 2651 460 2684 titulo,
469 2651 491 2678 si
507 2651 627 2686 plorant,
643 2650 751 2677 dicatur
766 2659 772 2677 :
792 2649 902 2677 Desinat
917 2657 966 2676 vox

179 2701 224 2724 tua
237 2705 254 2724 a
268 2697 390 2732 ploratu;
405 2697 438 2725 iis
453 2698 499 2733 qui
520 2698 614 2725 dicunt
639 2698 665 2724 in
687 2696 790 2731 Spiritu
808 2701 904 2723 sancto
918 2695 939 2711 "
957 2705 962 2722 :

234 2799 255 2816 ¹⁶
274 2798 346 2827 Psal.
364 2808 425 2831 xxv,
443 2800 468 2827 ’9.

180 2842 194 2861 ς
210 2853 219 2869 ,
233 2834 277 2862 M.
335 2834 356 2849 “
384 2835 392 2859 |
409 2834 472 2861 Cor.
489 2843 521 2861 xv
538 2856 545 2867 ,
561 2835 605 2862 55.
664 2835 683 2850 υ
705 2833 777 2861 l‘sal.
792 2841 903 2867 cunt,
920 2833 944 2859 1.

515 2800 536 2815 ¹¹
555 2799 650 2827 Matth.
665 2807 695 2831 ν,
714 2799 757 2826 14.
797 2799 818 2814 ¹¹
837 2798 936 2825 Jerem.
955 2806 1042 2832 xxut,
1059 2797 1103 2825 ‘20.

1020 2238 1175 2271 Ἀφῄρηται
1201 2237 1255 2272 γὰρ
1284 2238 1300 2263 ό
1325 2235 1411 2270 ζυγὸς
1426 2236 1442 2261 ὁ
1467 2234 1513 2260 ἐπ’
1535 2233 1630 2260 αὑτὸν
1655 2233 1799 2267 κείμενος.

1014 2284 1063 2310 καὶ
1085 2284 1104 2317 ἡ
1125 2282 1236 2316 ῥάϐδος
1255 2283 1275 2316 ή
1291 2281 1340 2308 ἐπὶ
1362 2281 1416 2307 τοῦ
1430 2279 1584 2314 τραχήλου
1607 2279 1721 2305 αὐτοῦ·
1733 2276 1799 2304 καθά

1015 2341 1097 2368 φησιν
1120 2332 1242 2364 Ἡσαΐας.
1266 2331 1346 2367 Δηλοῖ
1358 2331 1396 2362 δὲ,
1411 2331 1454 2357 ὅτι
1477 2330 1523 2356 καὶ
1545 2328 1627 2360 αὐτὸς
1641 2328 1695 2363 τῆς
1713 2325 1799 2353 διαδο-

1015 2377 1093 2412 λικῆς
1105 2377 1229 2409 ἐξουσίας
1245 2377 1389 2412 ἐρρύσατο.
1403 2376 1434 2402 Τί
1453 2375 1508 2411 γὰρ
1522 2374 1555 2401 ἂν
1565 2373 1723 2408 ἐδυνάμεθα
1737 2369 1799 2406 πρὸς

1015 2423 1060 2449 τὸν
1081 2423 1190 2450 εἰπόντα
1204 2423 1238 2448 τά
1255 2431 1284 2449 τε
1311 2421 1378 2449 ἄλλα
1406 2422 1451 2448 καὶ
1478 2421 1519 2451 τὸ,
1548 2419 1610 2453 Τὴν
1624 2417 1800 2452 οἰκουμένην

1016 2469 1093 2503 ὅλην
1114 2468 1249 2503 λήψομαι
1266 2467 1304 2502 τῇ
1320 2468 1393 2502 χειρὶ
1407 2468 1447 2500 ὠς
1460 2465 1601 2494 νοσσιὰν·
1626 2465 1698 2500 πρὸς
1714 2464 1743 2490 ὃν
1761 2460 1801 2487 διὰ

1016 2514 1134 2551 Χριστοῦ
1151 2523 1249 2550 φαμεν·
1266 2514 1328 2542 Ποῦ
1340 2522 1409 2545 σου,
1436 2513 1553 2545 θάνατε,
1567 2511 1602 2538 τὸ
1625 2510 1710 2544 νῖκος
1723 2518 1732 2541 ;
1745 2507 1800 2535 Ποῦ

1019 2567 1088 2590 σου,
1104 2559 1172 2593 ᾷδη,
1187 2558 1221 2585 τὸ
1234 2558 1377 2593 κέντρον;

1055 2605 1098 2632 16.
1127 2605 1288 2632 Διαλιπέτω
1314 2605 1333 2638 ἠ
1357 2603 1443 2638 φωνή
1459 2611 1516 2630 σου
1544 2602 1604 2630 ἀπὸ
1637 2601 1799 2636 κλαυθμοῦ-

1019 2651 1081 2683 Τοῖς
1095 2650 1179 2682 ἀξίοις
1193 2650 1367 2686 μακαρισμοῦ
1383 2649 1505 2675 κλαίουσι
1517 2647 1639 2682 λεγέσθω
1651 2647 1694 2674 τό·
1712 2647 1801 2674 Διαλι-

1019 2696 1096 2723 πὲτω
1107 2698 1126 2731 ἠ
1140 2696 1224 2731 φωνή
1240 2704 1298 2723 σου
1328 2695 1386 2723 ἀπὸ
1413 2693 1577 2728 κλαυθμοῦο
1599 2695 1657 2726 τοῖς
1685 2693 1803 2727 λέγουσιν

1725 2795 1744 2810 ’⁸
1756 2793 1799 2820 lsa.

1159 2798 1180 2813 ”
1201 2796 1293 2824 Matth.
1315 2805 1346 2831 v,
1372 2797 1397 2823 5.
1453 2796 1473 2812 "
1495 2795 1547 2823 lsa.
1568 2803 1612 2827 Ix,
1628 2795 1657 2821 ι.
