1872 3048
90 142 142 171 381

97 198 124 223 ἐν
134 195 200 230 ἁγίῳ
213 194 360 229 Πνεῦματιε
388 194 451 220 Ἐπί
466 193 525 220 τῶν
544 191 683 226 ποταμῶν
699 189 874 220 Βαϐυλῶνος
888 191 909 218 Λ

95 241 154 268 ἐκεῖ
163 241 356 274 ἐκαθίσαμεν,
368 239 417 266 καὶ
438 240 631 273 ἐκλαύσαμεν
644 238 678 264 ἐν
689 237 729 270 τῷ
735 234 871 271 μνησθῆ-

96 294 140 313 ναι
151 285 227 320 ἡμᾶς
241 285 297 319 τὴν
314 284 400 311 Σιών.

129 340 170 368 16.
184 341 239 368 Καὶ
248 341 484 375 ἐπιστρέφουσιν
497 341 531 367 ἐκ
558 340 613 375 τῆς
628 339 750 374 ἐχθρῶν.
771 339 873 374 Γέγρα-

96 387 198 413 1ι’ξεαιὲν
216 386 254 421 τῷ
263 387 390 420 Βαρούχ·
417 387 447 412 Τι
469 385 513 412 ὅτι
527 386 562 412 ἐν
578 385 615 420 τῇ
641 385 702 411 τῶν
715 383 828 418 ἐχθρῶν
846 382 876 410 εἴ

94 431 141 457 καί
159 430 360 465 συνεμιάνθης
374 431 436 463 τοῖς
452 430 585 463 νεκροῖς;
610 430 692 456 Ὅταν
705 430 752 464 μὲν
768 429 821 464 7&9
836 427 873 454 δί-

96 476 344 515 καιοιὲπιϐαίνωει,
377 476 412 510 γῆ
430 476 514 509 ἁγίων
528 475 609 502 ἐστίν·
638 475 702 501 ὅταν
722 474 750 500 δὲ
780 473 872 500 πολλοὶ

95 522 242 556 ἁμαρτωλοί
256 523 319 553 εἰσι,
329 522 363 557 γῆ
378 521 432 548 τῶν
444 521 557 557 ἐχθρῶν.
571 520 649 547 Οὕτω
663 521 702 551 δὲ,
712 520 803 555 φησιν,
812 521 872 546 ὲπι-

95 567 242 602 στρέφουσι,
257 567 295 598 ὡς
308 565 377 593 εἶναι
394 567 506 602 μόνιμον
521 567 576 597 τοῖς
590 567 646 598 σοῖς
659 566 762 597 τέκνοις
773 565 803 592 τὸ
815 566 871 592 ὲπι-

90 611 199 647 στρέψαι
215 612 270 638 ἀπὸ
284 611 336 647 γῆς
348 612 462 647 ἐχθρῶν,
482 613 540 643 τοῖς
567 612 618 638 ὑπὸ
643 611 689 638 σοῦ
708 611 870 646 ὼφεληθεῖσι

90 656 138 683 aut
150 658 204 687 σοῖς
221 658 348 693 καρποῖς,
380 658 434 683 Καὶ
452 658 481 683 ὲν
503 657 610 690 Ἐξὸδῳ
635 657 798 692 γέγραπται,
817 657 868 688 ὅτι,

87 701 275 735 Εὶσήκουσεν
300 704 317 728 ό
346 703 417 734 Θεὸς
442 702 496 729 τοῦ
523 702 600 729 λαοῦ
624 702 678 729 τοῦ
703 701 869 736 στεναγμοῦ

94 747 185 775 αὒτῶν
197 747 256 774 ἀπὸ
268 747 328 774 τῶν
343 747 445 782 ἔργων·
462 748 553 782 ὅμοιον
569 748 607 783 τῷ
617 747 730 774 ἐνταῦθα
741 747 868 783 κειμένῳ,

94 792 144 818 ἀλλ’
170 793 199 820 οὐ
223 794 289 829 περὶ
314 793 438 824 πάντων,
462 793 529 820 ἀλλὰ
559 794 623 828 περὶ
650 792 767 828 Ἐφραῖμ
777 793 870 829 ὀδυρο-

95 838 177 873 μένου.
200 838 320 873 Ἐφρατμ
339 839 367 865 δὲ
382 838 560 874 ἑρμηνεύεται
577 839 772 873 καρποφόρος.
884 849 908 879 Β

125 895 165 921 18.
186 894 271 929 Ἁκοῇ
287 894 404 928 ἤκουσα
431 895 551 929 Ἐφραῒμ
567 895 756 929 ὀδυρόμενον.
776 894 869 929 Φωνῆς

93 939 224 974 κλαυθμοῦ
243 940 443 975 μετανοούντων
458 940 550 966 ἀκούει
564 940 578 965 ὁ
600 940 674 972 Θεός.
687 940 736 966 Διά
747 939 773 966 τί
783 940 810 966 δὲ
825 940 869 966 τὸν

98 983 209 1019 Ἐφραῒμ
216 985 260 1011 ὀδυ
266 986 378 1021 ρόμενον
387 985 429 1020 ἐφ’
442 986 636 1021 ἁμαρτήμασιν
644 984 703 1011 εἷπε
714 994 720 1018 ;
731 985 784 1012 τῶν
793 986 871 1012 Βασι-

92 1027 164 1054 λειῶν
181 1029 267 1055 τοίνυν
277 1031 293 1065 ἡ
302 1030 381 1065 τρίτη
395 1030 469 1065 δηλοῖ
481 1031 518 1062 ὡς
533 1030 638 1065 πικρῶς
647 1030 733 1057 αὐτῶν
742 1031 869 1066 ἄρχοντος

92 1073 134 1099 τοῦ
145 1074 235 1101 ’[³οὸοά
239 1084 268 1109 μ,
276 1075 334 1101 δέον
343 1076 440 1107 αὐτοὺς
449 1085 530 1111 χαρτε
535 1076 646 1112 ροῦντας
657 1077 694 1112 μὴ
702 1077 850 1112 ἀποστῆναι
860 1085 867 1092 ⁶

93 1119 148 1145 οὐκ
168 1119 252 1146 ἐστιν
278 1120 350 1154 ἡμῖν
365 1121 450 1155 μερίς
465 1121 500 1147 ὲν
524 1122 623 1153 Δαυῒὸ,
648 1122 807 1158 ἀνεϐόησαν,
824 1122 868 1148 ὅτε

97 1163 227 1199 ’ίεροόοὰμ
239 1164 294 1191 τῶν
307 1165 481 1192 ἀποστάντων
493 1167 614 1202 ἡγήσατο
625 1167 674 1201 τῆς
685 1166 771 1202 φυλῆς
783 1167 870 1201 ὑπάρ-

92 1217 141 1243 χων
169 1209 298 1246 Ἐφραῒμ,
323 1211 396 1243 ὅστις
421 1211 550 1246 δαμάλεις
574 1213 689 1248 ποιήσας
714 1213 869 1248 ἀπέστησεν

91 1254 139 1280 ἀπὸ
150 1254 196 1280 τοῦ
211 1255 284 1281 Θεοῦ
304 1255 430 1291 λατρείας
444 1256 491 1288 τὰς
509 1256 574 1283 δέκα
593 1257 677 1292 φυλάς
687 1266 694 1272 ·
712 1258 754 1292 ἐφ’
775 1255 818 1289 οἷς
831 1259 869 1284 εἰ-

92 1299 169 1331 κότως
185 1302 376 1335 μετανοοῦντες
386 1301 529 1338 ὠδύροντο,
539 1303 586 1329 καὶ
601 1304 633 1338 τῇ
648 1303 745 1330 ἁλώσει
761 1304 870 1330 παιδευ-

91 1343 175 1376 θέντες
196 1346 297 1373 ὲὸόων·
327 1347 522 1380 Ἑπαίόευσὰς
533 1356 582 1382 με,
607 1349 704 1382 Κύριε,
723 1349 771 1375 καὶ
787 1349 869 1376 ἐπαι-

91 1388 201 1424 δεύθην.
221 1389 272 1418 Οἷα
291 1393 345 1428 γάρ
360 1402 402 1427 τις
419 1393 516 1428 μόσχος
529 1394 733 1429 ἀποσκιρτήσας
747 1394 792 1420 τοῦ
807 1395 868 1430 βου-

91 1435 172 1462 κολιου
193 1438 242 1473 τῆς
258 1438 310 1473 σῆς
325 1439 447 1474 ἀπέστην
464 1438 549 1474 νομῆς
565 1440 611 1466 καὶ
626 1440 719 1475 δέομαι
734 1440 784 1474 τῆς
805 1440 868 1476 βοη-

91 1479 171 1512 θείας·
196 1482 242 1508 σοῦ
258 1483 313 1518 γὰρ
330 1484 368 1519 μὴ
393 1484 584 1519 δυναμοῦντος,
610 1485 698 1512 ἀτονῶ
719 1485 788 1521 πρὸς
808 1487 868 1512 ὲπι-

93 1527 211 1562 στροφὴν,
220 1527 279 1554 δέον
289 1528 316 1554 δέ
326 1538 358 1563 με
370 1531 506 1563 μετανοεῖν
515 1531 578 1565 πρὶν
587 1530 642 1556 ἁλῶ
650 1531 697 1557 καὶ
710 1531 866 1567 πειθαρχεῖν

91 1577 132 1596 σου
152 1574 206 1603 τοῖς
227 1574 391 1608 προφήταις,
419 1574 487 1609 μετά
508 1574 558 1610 τὴν
581 1575 679 1602 ἅλωσιν
704 1576 865 1612 μετενόησα.

90 1615 164 1648 Γνοὺς
177 1617 204 1643 δὲ
219 1618 355 1650 στενάζει.
370 1619 432 1651 Πῶς
442 1621 496 1655 7&9
509 1621 541 1647 ἄν
551 1629 603 1653 τις,
616 1621 721 1655 ἀγνοῶν
733 1622 768 1653 ὡς
781 1623 868 1658 ἀμαρ-

90 1660 177 1692 τάνων,
192 1663 355 1695 στενάξειεν,
365 1664 427 1698 ἄξια
442 1665 548 1702 πράξας
558 1666 687 1702 αἰσχύνης
698 1669 726 1693 ὲν
743 1668 867 1703 ἀμαρτή‹

92 1714 149 1740 μασι
167 1709 211 1735 καὶ
229 1709 346 1743 μάλιστα
363 1712 421 1741 ταῖς
438 1710 607 1745 ἀσελγείαις;
632 1712 762 1739 Τοσοῦτον
777 1712 805 1738 δὲ
820 1722 868 1747 με-

89 1751 194 1787 τενόησα
205 1754 242 1785 ὡς
255 1754 347 1786 ἄλλοις
358 1755 495 1788 ὑποδεῖξαί
507 1765 546 1784 σε.
559 1758 670 1793 Μεγάλη
685 1758 731 1784 τοῦ
748 1760 867 1795 Ἑφραῖμ

89 1796 104 1830 ἠ
127 1798 259 1830 μετάνοια,
286 1799 356 1826 ὥστε
372 1801 417 1826 τὸν
434 1801 498 1828 Θεὸν
514 1803 658 1829 ἀναλαϐεῖν
683 1805 715 1830 ὲκ
735 1805 867 1839 στόματος

89 1841 162 1869 αὐτοῦ
173 1845 235 1876 τοὺς
244 1845 340 1879 λόγους
351 1846 400 1881 τῆς
410 1847 636 1883 ὲξομολογήσεως,
651 1849 731 1876 αὐτὸν
746 1850 775 1876 δὲ
787 1850 867 1877 ἀκοῦ-

90 1894 129 1914 σαι
150 1890 240 1924 φωνῆς
264 1891 315 1925 τῆς
336 1891 486 1927 λεγούσηςν
510 1894 557 1920 Ἐκ
572 1895 712 1928 νεότητός
730 1905 781 1930 μοι
801 1897 867 1930 υιύς

89 1931 233 1967 ἀγαπητὸς
247 1933 286 1967 εἴ,
307 1936 437 1971 Ἐφριῖΐμ.
623 1929 644 1945 ⁸

124 1987 165 2014 ‘25.
190 1989 401 2025 Εὐλογημένος
420 1994 528 2028 Κύριος
543 1995 592 2022 ἐπὶ
618 1995 733 2023 δίκαιον
750 1997 818 2031 ὅρος
833 1997 866 2024 τὸ

90 2031 167 2065 ἄτιον
185 2036 289 2063 αὑτοῦ.
312 2037 418 2070 Πάντας
439 2039 598 2074 ἀνθρώπους
622 2039 677 2077 εἶχε
700 2042 866 2078 Ναϐουχοδο-

90 2079 161 2115 νόσορ
182 2089 222 2112 τις
243 2082 394 2118 Ἀσσύριος,
412 2085 457 2118 ἀφ’
473 2081 503 2110 οὗ
522 2086 638 2121 Χριστὸς
654 2088 727 2122 ἡμᾶς
747 2088 866 2125 ἐλυτρώ-

91 2131 157 2150 σατο.
178 2126 222 2152 Διὸ
236 2127 376 2159 Ματθαῖος
393 2129 421 2162 ἐξ
444 2129 551 2157 Ἡσαΐου
576 2131 654 2166 φησί·
673 2132 806 2166 Κήρυξαι
823 2136 867 2161 al-

92 2170 246 2205 χμιιλώτοις
260 2173 386 2206 ἄφεσιν·
404 2175 434 2200 οὗ
448 2175 501 2211 γὰρ
518 2176 578 2203 καθ’
596 2177 714 2213 ἱστορίαν
729 2180 865 2214 αἰχμαλώ-

89 2223 138 2248 τοις
160 2218 302 2254 ἐκήρυξεν.
329 2220 412 2252 Αὐτὸς
428 2221 455 2248 δὲ
477 2224 523 2249 καὶ
544 2223 574 2249 τὸ
600 2223 702 2250 δίκαιον
724 2225 769 2251 καὶ
789 2226 864 2261 ἅγιον

89 2260 153 2308 θρος.
174 2265 281 2300 Ἀψύχῳ
300 2266 354 2301 γὰρ
369 2267 426 2298 πῶς
442 2267 474 2294 ἂν
488 2268 650 2303 άρμόσειεν;
668 2270 691 2296 εἰ
708 2271 735 2297 δὲ
752 2273 780 2298 ὲν
792 2260 866 2308 αὐτῷ

90 2305 163 2352 tut/av
179 2310 248 2336 κατά
268 2310 314 2336 τό·
333 2311 387 2338 Καὶ
400 2311 483 2346 ὑμεῖς
499 2313 533 2339 ἐν
550 2313 616 2348 ἐμοι
625 2323 630 2329 ·
647 2305 865 2352 οἰκοδομήσωμεν

89 2351 114 2376 ὲν
128 2353 162 2388 τῷ
175 2354 272 2391 δικαίῳ
290 2355 358 2391 ὄρει,
376 2357 411 2383 Τὸ
423 2357 450 2383 δὲ
468 2359 540 2384 ποιεῖ
554 2367 594 2390 τις
609 2360 637 2385 ἐν
663 2351 776 2396 Ἰουδαία
792 2351 865 2396 γινό-

91 2403 173 2430 μενος,
197 2399 213 2434 ἢ
240 2400 422 2436 ἑρμηνεύεται
443 2401 703 2438 ἐξομολογουμένη
732 2403 771 2437 τῷ
787 2404 863 2437 Θεῷ·

90 2439 324 2479 ἐξομολογούμενος
335 2445 384 2477 τὰς
393 2447 527 2482 ἁμαρτίας
540 2448 586 2474 καὶ
595 2448 762 2483 εὐχαριστῶν
772 2458 779 2464 ·
791 2448 865 2483 Λέγε

89 2485 136 2519 γὰρ
150 2488 188 2515 σὺ
203 2489 320 2524 ,πρῶτος
336 2490 389 2524 τὰς
406 2492 531 2526 ἀνομίας
542 2500 610 2520 σου.
629 2494 678 2519 ἵνα
695 2494 863 2528 δικαιωθῇς.

90 2529 143 2557 Εἰσὶ
167 2533 219 2569 γάρ
234 2543 307 2566 τινες
329 2536 419 2568 πόλεις
437 2537 483 2563 τοῦ
507 2537 574 2564 Θεοῦ
592 2538 638 2564 καὶ
660 2539 797 2574 οἰκοδομαὶ
818 2541 865 2566 καὶ

88 2577 200 2614 γεώργια
228 2581 328 2607 αὑτοῦ·
359 2583 404 2608 καὶ
433 2582 486 2618 γὰρ
509 2584 523 2609 ὁ
551 2583 655 2614 Παῦλός
680 2593 760 2619 φησι·
792 2585 865 2612 Θεοῦ

88 2622 227 2658 γεώργιον,
250 2627 323 2654 Θεοῦ
338 2627 477 2662 οἰκοδομή
495 2628 573 2655 ἐστε.
601 2629 644 2655 Ἐν
659 2625 681 2663 ᾧ
697 2628 751 2666 γὰρ
766 2630 865 2656 οἰκοδο-

91 2669 172 2696 μεῖται
186 2671 218 2697 τὰ
236 2673 299 2708 περὶ
323 2673 368 2699 τοῦ
386 2673 453 2699 Θεοῦ
472 2674 608 2710 μυστήρια
626 2675 673 2701 καὶ
690 2675 796 2710 ἄρρητα
819 2675 862 2702 δό-

882 2177 903 2203 D

684 133 835 163 SELECTA
856 132 889 159 1N
905 130 1088 159 JEREMIAM.

1653 127 1705 154 582

927 186 1011 221 Super
1033 186 1144 220 [lumina
1160 185 1304 220 Babylonis
1329 185 1384 211 illir
1405 185 1516 212 sedimus
1533 188 1557 210 et
1572 183 1704 218 ﬂet-imus.

923 233 985 258 dum
998 232 1195 258 recordaremur
1209 230 1283 258 Sion.

958 333 1001 360 16.
1024 332 1058 359 Et
1075 337 1237 360 revertemur
1248 341 1261 359 e
1275 337 1344 359 terra
1357 332 1535 359 inimicorum.
1567 330 1703 364 Scriptum

921 382 963 406 est
978 379 1004 405 in
1022 378 1128 405 Baruch
1144 378 1164 393 “
1178 387 1184 404 :
1200 378 1271 410 Quid
1284 377 1403 412 estquod
1416 378 1442 404 in
1455 382 1525 404 terra
1537 376 1705 403 inimicorum

921 432 948 450 es
958 443 965 454 ,
981 428 1005 450 et
1019 424 1203 458 coinquinatus
1222 431 1248 450 es
1265 431 1324 450 cum
1338 423 1468 450 mortuis."
1496 423 1563 449 Cum
1578 422 1648 449 enim
1659 422 1705 456 ju-

921 470 955 496 sti
972 474 1070 496 terram
1086 469 1218 501 obtinent,
1231 474 1302 496 terra
1317 474 1472 496 sanctorum
1488 474 1545 499 est;
1563 476 1623 495 cum
1639 475 1703 495 vero

921 515 1032 549 grandis
1045 520 1087 542 est
1101 515 1271 549 peccantium
1285 522 1426 546 numerus,
1436 519 1506 541 terra
1519 514 1701 541 inimicorum.

921 559 959 587 lta
983 567 1067 592 vero,
1094 560 1199 594 inquit,
1222 564 1406 590 revertentur,
1431 565 1460 586 ut
1482 560 1578 586 stabile
1592 560 1627 586 sit
1640 559 1704 588 ﬁliis

921 606 974 632 tuis
990 606 1087 632 reverti
1104 606 1137 632 de
1154 610 1226 632 terra
1241 605 1424 636 inimicorum.
1438 613 1454 632 a
1470 611 1494 632 te
1508 606 1617 639 adjutis,
1635 606 1704 632 tuis-

920 658 972 685 que
985 651 1128 678 fructibus.
1145 650 1177 678 Et
1201 651 1227 678 iu
1245 650 1337 678 Exodo
1351 651 1480 685 scriptum
1493 656 1534 678 cst
1547 652 1567 667 ι⁹
1584 660 1592 678 :
1612 651 1703 678 Esau.

919 696 984 723 divit
1007 696 1134 723 Dominus
1155 697 1296 731 populum,
1322 697 1450 731 ejulatum
1475 697 1548 724 illius
1571 697 1602 724 ab
1618 697 1705 731 operi-

921 740 984 772 bus,
1014 741 1085 775 quod
1101 741 1190 768 simile
1203 744 1244 768 est
1260 741 1322 768 huic
1337 741 1412 774 loco;
1429 742 1474 768 sed
1495 749 1548 768 non
1564 741 1598 768 de
1612 742 1703 768 omni-

920 786 982 817 bus.
1006 794 1099 813 verum
1118 786 1151 812 de
1167 784 1295 819 Ephraim
1316 786 1450 820 plorante.
1479 786 1607 821 Ephraim
1622 795 1703 822 porro

921 831 1113 866 interpretatur
1130 831 1291 864 fructuosus.

956 887 1035 922 307
1043 887 1086 914 18.
1094 887 1193 913 Auditu
1202 887 1292 913 audiui
1303 886 1426 921 Ep/u‘at'm
1438 888 1594 922 plorantem.
1605 888 1702 916 Vocem

920 933 1121 960 lamentationis
1135 932 1323 967 ptenitentium
1341 933 1417 959 audit
1431 932 1511 960 Deus.
1541 934 1597 960 Cur
1613 939 1702 962 autem

920 978 1048 1014 Ephraim
1064 986 1114 1013 pro
1130 978 1247 1013 peccatis
1259 978 1452 1006 lamentantem
1466 979 1589 1006 induxit?
1614 980 1704 1007 Habe-

920 1033 982 1052 mus
997 1032 1029 1052 cx
1045 1024 1124 1051 tertio
1139 1024 1208 1051 libro
1233 1024 1335 1059 Regum
1347 1045 1353 1057 ,
1373 1026 1445 1060 quod
1468 1026 1535 1053 dure
1550 1027 1602 1054 illis
1616 1027 1705 1054 domi-

920 1076 1002 1099 nante
1016 1071 1136 1098 Roboam
1149 1091 1156 1103 ,
1174 1078 1235 1097 cum
1251 1078 1320 1105 opus
1330 1076 1460 1099 esseteos
1478 1073 1592 1100 tolerare
1607 1078 1634 1100 et
1648 1081 1704 1101 non

919 1117 1048 1149 deiicere;
1058 1117 1208 1144 clamarunt
1221 1116 1243 1132 ²⁰
1259 1125 1266 1143 :
1283 1116 1343 1143 Non
1354 1122 1392 1143 est
1408 1118 1480 1144 nobis
1492 1127 1554 1152 pars
1567 1119 1594 1145 in
1606 1119 1702 1152 David,

919 1165 1028 1199 quando
1037 1164 1181 1191 JeI-ohoam
1197 1164 1335 1191 rebellium
1350 1165 1403 1191 dux
1420 1165 1508 1194 factus
1522 1171 1572 1198 est.
1584 1167 1629 1201 qui
1645 1172 1704 1194 erat

919 1219 934 1238 e
956 1211 1027 1238 tribu
1054 1210 1200 1245 Ephraim,
1219 1211 1265 1246 qui
1285 1211 1384 1238 vitulos
1405 1213 1513 1247 erigens
1536 1221 1550 1239 a
1567 1213 1638 1240 cultu
1655 1213 1701 1240 Dci

919 1257 1012 1283 decem
1039 1256 1126 1283 tribus
1149 1256 1271 1283 abduxit.
1299 1256 1480 1289 Quamobrem
1498 1259 1595 1285 merito
1616 1261 1703 1294 pceni-

919 1303 1032 1330 tentiam
1046 1307 1156 1337 agentes
1181 1302 1409 1334 lamentabantur,
1433 1305 1642 1340 captivitatequc
1656 1314 1703 1332 ca-

919 1348 1010 1383 stigati
1026 1348 1209 1375 clamabant“
1224 1358 1230 1375 :
1244 1348 1390 1384 Castigain
1402 1358 1451 1382 me.
1471 1350 1589 1383 Domine,
1607 1356 1631 1378 et
1645 1360 1703 1378 eru-

900 1412 901 1415 η
918 1393 990 1419 ditus
1007 1401 1075 1420 sum.
1101 1392 1169 1419 Nam
1186 1393 1257 1420 sicut
1276 1394 1378 1421 vitulus
1391 1402 1406 1421 a
1420 1403 1500 1430 grege
1513 1396 1642 1423 exsiliens
1657 1401 1702 1424 tua

919 1445 1020 1472 pascua
1036 1438 1150 1472 reliqui,
1181 1443 1282 1473 tuoque
1298 1439 1406 1474 indigeo
1419 1440 1537 1473 auxilio;
1564 1446 1590 1468 te
1603 1443 1702 1476 quippe

919 1483 990 1510 vires
1004 1491 1056 1510 non
1074 1483 1219 1518 przcbente,
1238 1492 1291 1510 non
1308 1485 1382 1511 valeo
1398 1485 1430 1511 ad
1444 1487 1660 1519 conversionem,
1676 1491 1702 1514 et

918 1535 979 1554 cum
996 1536 1065 1562 opus
1081 1533 1151 1556 esset
1164 1534 1225 1555 ante
1238 1529 1419 1563 captivitatem
1435 1538 1477 1556 me
1490 1531 1619 1564 meIiteI-e
1634 1532 1702 1558 tuis-

917 1581 970 1608 que
990 1575 1129 1609 prophetis
1147 1574 1351 1609 obtcnIpeI-are,
1377 1579 1439 1610 post
1462 1577 1642 1610 captivitatem
1659 1578 1700 1612 egi

917 1619 1114 1653 pwnitentiam.
1143 1620 1318 1655 CogIIoschIs
1339 1625 1428 1648 autem
1452 1622 1544 1656 gemit.
1571 1622 1701 1657 ignorans

916 1665 988 1692 enim
1002 1673 1030 1692 se
1048 1673 1177 1699 pec-care,
1203 1666 1340 1700 quomodo
1356 1667 1530 1702 ingemiscet,
1553 1669 1599 1702 qui
1621 1668 1702 1704 digna

917 1710 1018 1744 probro
1052 1711 1188 1744 peccando
1225 1712 1358 1746 peregerit
1394 1712 1584 1747 praecipueque
1611 1714 1701 1740 libidi’

917 1755 1026 1782 nando?
1046 1755 1130 1783 Tanta
1144 1764 1208 1783 vero
1225 1764 1282 1783 mea
1300 1756 1348 1783 fuit
1362 1757 1530 1791 pmnitcntia,
1544 1762 1572 1785 ut
1584 1758 1644 1785 aliis
1659 1766 1702 1785 me

918 1802 997 1828 dares
1014 1803 1179 1835 exemplum.
1209 1801 1304 1836 Magna
1328 1806 1369 1829 est
1393 1802 1520 1837 Ephraim
1535 1804 1702 1837 pmnitentia,

917 1853 947 1874 ut
962 1847 1032 1874 Deus
1052 1848 1108 1881 ipse
1123 1855 1156 1874 ex
1179 1855 1225 1874 ore
1248 1848 1320 1874 illius
1336 1849 1415 1874 verba
1431 1848 1610 1876 confessionis
1626 1857 1703 1876 assu-

917 1897 1022 1925 meret,
1048 1897 1074 1919 et
1091 1893 1135 1919 ille
1149 1893 1254 1920 audiret
1269 1901 1362 1919 vocem
1379 1893 1510 1920 dicentem
1527 1895 1549 1909 ¹²
1563 1903 1569 1920 :
1587 1894 1623 1920 Ab
1638 1894 1703 1920 ado-

917 1939 1041 1965 lescentia
1056 1938 1128 1973 ﬁlius
1142 1938 1253 1965 dilectus
1272 1939 1336 1964 mihi
1365 1947 1401 1969 es,
1420 1938 1556 1972 Epltraim.

951 1994 995 2020 25.
1017 1994 1175 2021 Benedictus
1206 1993 1331 2020 Dominus
1360 2002 1438 2028 super
1460 1994 1562 2026 iustum
1591 1999 1702 2022 montem

916 2043 1037 2066 sanctum
1053 2039 1120 2073 ejus.
1140 2038 1241 2065 Omnes
1257 2038 1380 2066 homines
1391 2037 1703 2072 possidebatNabucho—

917 2086 1037 2113 donosor
1053 2085 1160 2119 quidam
1177 2084 1320 2120 Assyrius,
1338 2092 1352 2111 a
1367 2092 1420 2119 quo
1436 2092 1485 2111 nos
1500 2085 1624 2111 Christus
1636 2085 1702 2111 libe-

918 2131 998 2158 ravil.
1026 2130 1195 2164 Quapropter
1218 2138 1249 2156 ex
1274 2129 1341 2156 Isaia
1357 2129 1499 2156 Matthaeus
1514 2129 1552 2156 ait
1567 2130 1589 2144 ’³
1605 2138 1611 2156 :
1628 2129 1702 2157 Prte-

918 2177 1008 2204 ὀίεαι-θ
1029 2177 1139 2210 captivis
1156 2176 1345 2202 remissionem.
1378 2175 1470 2210 Neque
1486 2176 1557 2203 cniIII
1576 2176 1598 2202 si
1615 2177 1701 2211 respi-

916 2223 1021 2249 ciamus
1037 2221 1190 2254 historiam,
1207 2221 1320 2255 captivis
1332 2221 1497 2256 praedicavit.
1516 2220 1574 2255 Ipse
1585 2229 1647 2248 vero
1660 2226 1701 2248 est

915 2273 942 2295 et
962 2269 1053 2302 justus
1077 2271 1104 2294 et
1126 2272 1237 2294 sanctus
1258 2275 1347 2294 mons.
1368 2266 1519 2294 lnanimato
1539 2267 1611 2294 enim
1636 2275 1700 2302 quo-

917 2313 998 2340 modo
1011 2314 1067 2340 haec
1080 2313 1260 2340 conveniant?
1279 2313 1354 2346 Quod
1372 2314 1394 2341 si
1408 2321 1502 2340 sumus
1515 2313 1611 2347 inipsn
1622 2313 1699 2347 juxta

917 2359 982 2386 illud
996 2358 1019 2375 “'
1038 2367 1044 2385 :
1074 2358 1108 2385 Et
1130 2366 1173 2384 eos
1189 2359 1215 2385 in
1234 2367 1290 2391 me,
1308 2359 1471 2386 mdiﬁcemus
1486 2367 1566 2392 super
1580 2363 1698 2386 montem

914 2404 1036 2439 justum;
1052 2405 1124 2440 quod
1139 2409 1248 2439 praestat
1258 2404 1414 2439 quicunque
1424 2404 1544 2431 JIIda-am
1562 2405 1628 2439 petit
1640 2412 1700 2439 quze

915 2450 1042 2484 conﬁtens
1072 2450 1124 2477 Deo
1149 2453 1355 2484 interpretatur;
1385 2449 1517 2477 conﬁtens
1541 2455 1649 2484 peccata
1672 2454 1700 2479 et

915 2496 1017 2530 gratias
1033 2504 1115 2531 agens
1131 2505 1137 2523 :
1154 2495 1203 2522 Dic
1217 2496 1286 2522 enim
1302 2501 1329 2522 ιιι
1343 2496 1444 2530 primus
1462 2496 1613 2531 iniquitates
1627 2499 1699 2530 tuas,

915 2546 945 2567 ut
958 2541 1112 2575 iustiﬁceris
1130 2542 1162 2567 ³⁸.
1184 2541 1253 2568 Sunt
1266 2542 1364 2569 etenim
1377 2542 1498 2576 quaedam
1514 2542 1636 2568 ei\i:ates
1652 2542 1698 2573 Dei

914 2591 941 2614 et
954 2587 1077 2616 aediﬁcia.
1093 2593 1121 2613 et
1138 2587 1250 2613 culturae
1265 2586 1355 2619 illius;
1369 2595 1431 2615 nam
1446 2592 1472 2614 et
1489 2586 1588 2616 Paulus
1605 2587 1642 2614 ait
1655 2588 1696 2616 1‘:

916 2631 963 2658 Dei
977 2631 1082 2658 cultura
1095 2632 1168 2663 estis,
1193 2631 1241 2659 Dei
1257 2632 1397 2666 wdiﬁcium
1413 2633 1486 2660 estis.
1516 2632 1654 2667 Siquidem
1670 2633 1696 2663 in

917 2683 971 2712 quo
983 2676 1150 2705 fabricantur
1162 2677 1206 2704 Dei
1222 2677 1350 2712 mysteria
1361 2682 1387 2705 et
1399 2678 1544 2706 'IIIell'ahilia
1558 2677 1696 2713 dogmata.

119 2785 260 2827 “‘lgaruch.
282 2796 321 2816 III.
343 2788 384 2827 ιι).
400 2789 570 2827 llu‘tExod.
589 2798 618 2822 II,
633 2791 678 2827 25,
693 2791 738 2817 Ἡ.
776 2791 844 2827 7³111
862 2791 867 2818 1

955 2801 992 2824 ιιι,
1007 2792 1049 2819 16.
1087 2791 1214 2819 “Jercm.
1231 2801 1307 2825 xm,
1327 2793 1369 2822 18.
1410 2795 1432 2809 ²¹
1443 2793 1508 2823 ibid.
1523 2794 1550 2823 9.
1588 2795 1612 2812 ”
1627 2793 1695 2825 Lac.

89 2827 120 2849 II'.
134 2819 180 2855 19;
202 2822 253 2850 lsa.
271 2831 330 2856 ul,
360 2825 383 2850 l.
432 2824 454 2840 ³³
474 2825 551 2852 Joau.
570 2819 624 2858 κη’,
640 2819 684 2852 2οζ

731 2827 754 2843 ⁷⁸
775 2826 824 2853 lsa.
840 2826 916 2861 XLIII,
931 2828 974 2855 ‘26.

1014 2828 1054 2854 “l
1071 2828 1133 2855 Cor.
1157 2834 1198 2860 III,
1214 2827 1240 2854 9.
