1872 3048
157 132 209 159 583

862 132 908 160 EX
928 132 1008 160 ORIG
1017 134 1083 162 liNE
1733 136 1779 163 ΞΜ

157 192 186 219 in
200 191 252 218 hoc
267 191 397 227 templum
415 192 462 219 Dei
479 197 530 224 est,
547 197 573 219 cl.
591 192 689 219 Sancta
704 196 871 225 sanctorum,
890 193 946 219 titti-

1037 200 1102 224 ατα,
1118 191 1147 217 ἐν
1167 191 1255 226 τούτῳ
1272 192 1335 222 ναός
1360 192 1419 217 ἐστι
1432 190 1479 217 τοῦ
1494 191 1574 222 Θεοῦ,
1591 192 1639 218 καὶ
1652 192 1688 218 τὰ.
1701 193 1779 226 "Ana

157 245 297 272 versaeque
309 237 408 265 Judaia:
421 238 577 272 metropolis
594 238 637 264 ille
654 242 706 265 est.

194 327 239 356 54.
261 327 295 354 Et
312 336 358 362 ego
370 336 420 355 non
437 327 580 363 reprobubo
604 335 682 362 genus
707 326 803 354 Israel.
835 326 948 354 Videtur

159 373 225 401 illud
237 395 244 407 ,
265 382 317 401 non
340 374 484 408 remo/tabo
500 373 596 405 Israel,
622 372 777 407 oppositum
795 373 896 400 dicenti
914 373 947 400 ad

160 420 245 454 ipsos,
263 425 286 447 et
302 428 382 454 genus
396 419 481 446 Israel
496 419 598 453 deﬁciet
614 419 645 443 ’7.
676 417 801 444 Forsitan
818 426 881 444 vero
898 418 949 445 hoc

159 465 268 499 quidem
285 465 318 491 de
333 465 432 491 lsraele
455 464 557 490 carnali
578 464 680 490 dictum
697 467 756 495 est,
775 463 841 490 illud
858 468 947 490 autem

158 510 192 538 de
205 510 351 545 spirituali.
381 510 512 537 Caeterum
542 509 651 544 negatio
672 517 723 535 non
748 508 872 542 apposita
888 509 948 535 voci

159 556 385 590 repralmbo,apud
395 560 506 582 caeteros
519 563 571 581 non
581 554 690 589 legitur,
701 554 746 580 sed
757 554 828 588 apud
839 554 950 587 Scptua.

159 601 243 636 ginta.
272 601 354 636 308
370 600 476 627 Poteris
491 607 555 626 vero
571 604 598 626 et
619 600 669 626 hoc
682 604 761 633 pacto
779 596 947 632 intelligere:

159 653 234 672 nunc
257 646 365 680 quidem
384 645 551 680 reprohabo;
568 644 641 679 quod
664 643 686 671 si
703 644 836 671 elevalum
854 643 946 676 fuerit,

158 699 213 719 non
227 691 390 726 rcprobaho.

445 737 523 764 CAP.
553 736 663 764 XXXII.

191 781 219 809 8.
242 781 274 809 Et
289 782 361 809 venit
384 782 418 808 ad
432 790 472 808 me
489 781 613 808 Atlanteo!
627 781 699 815 ﬁlius
716 780 818 809 Salom.
849 780 949 808 Omnes

156 827 186 855 in
203 828 355 856 custodiam
378 828 432 854 dati
450 835 562 859 sumus,
583 832 609 854 et
632 828 763 862 praecipue
780 835 841 854 cum
864 833 951 854 tenta-

995 237 1051 263 τῶν
1075 237 1172 270 ἁγίων,
1201 237 1247 263 καὶ
1270 238 1334 273 ὅλης
1360 234 1437 269 οὗτος
1459 239 1509 272 τῆς
1532 238 1666 270 Ἰουδαίας
1684 240 1782 273 μητρό-

996 283 1085 314 πολις.

1029 329 1073 355 54.
1087 327 1143 354 Kal
1158 327 1215 360 ἐγὼ
1229 326 1285 353 οὐκ
1299 324 1471 359 ἀποδοκιμῶ
1485 324 1518 350 τὸ
1534 325 1622 359 γένος
1646 323 1780 357 Ἰσραήλ.

995 374 1073 400 Δοκεῖ
1083 373 1123 406 τὸ,
1139 374 1199 401 οὐκ
1209 371 1383 405 ἀποδοκιμῶ
1394 370 1446 397 τὸν
1464 370 1599 403 Ἰσραὴλ,
1613 370 1735 396 ἐναντίον
1745 370 1782 404 τῷ

996 419 1064 452 πρὸς
1080 419 1180 449 αὐτοὺς
1196 418 1302 451 λέγοντι
1315 425 1321 431 ·
1336 417 1389 444 Καὶ
1409 417 1441 443 τὸ
1457 417 1542 450 γένος
1563 416 1689 449 Ἰσραὴλ
1708 416 1782 441 παύ-

996 472 1091 492 σεται.
1105 465 1220 499 Μήποτε
1232 463 1323 491 τοίνυν
1338 463 1368 489 τὸ
1387 463 1436 497 μὲν
1452 462 1516 497 περὶ
1532 461 1578 488 τοῦ
1594 459 1728 494 σαρκικοῦ
1741 459 1782 485 λέ-

996 516 1101 540 Λεκται,
1118 510 1147 535 τὸ
1162 509 1191 535 δὲ
1205 508 1271 543 περὶ
1286 508 1334 534 τοῦ
1349 506 1535 541 πνευματικοῦ
1561 505 1684 540 Ἰσραήλ.
1713 505 1783 537 Πλὴν

997 557 1025 590 ἡ,
1037 556 1104 587 οὐκ,
1115 555 1253 589 ἀπόφασις
1264 554 1453 589 προσκειμένῃ
1463 552 1512 588 τῷ,
1526 551 1701 585 ἁποδοιιιμώ
1711 550 1784 584 παρὰ

1001 603 1057 633 τοῖς
1073 601 1176 633 λοιποῖς
1193 601 1375 635 ὲρμηνευταῐς
1389 599 1438 625 οὐκ
1456 598 1540 628 ἐστιν,
1557 597 1627 623 ἀλλὰ
1644 596 1721 631 παρὰ
1735 596 1790 627 τοῖς

1010 647 1218 682 Έίῖδομήκοντα.
1243 646 1357 680 Νοήσεις
1378 644 1407 670 δὲ
1421 643 1468 669 καὶ
1493 642 1590 673 οὕτως,
1615 642 1657 668 ὅτι
1671 641 1718 668 νῦν
1745 641 1791 675 μὲν

1002 691 1171 726 ἀποδοκιμῶ,
1185 691 1232 717 ἐὰν
1244 690 1271 716 δὲ
1285 689 1390 724 ὑψωθῇ,
1406 689 1455 715 οὐκ
1468 686 1636 722 ἀποδοκιμῶ.

1315 736 1393 762 ΚΕΦ.
1413 735 1474 761 AB’.

1037 783 1064 809 8.
1080 782 1134 809 Καὶ
1148 780 1222 817 ἦλθε
1233 781 1308 815 πρὸς
1316 781 1356 815 μὲ
1375 779 1519 815 Ἀναμεὴλ
1531 778 1596 811 υἱὸς
1608 777 1727 811 Σαιὶώμ.
1752 778 1792 803 Ἐν

1003 828 1109 863 φυλακῇ
1132 827 1232 858 πάντες
1255 826 1348 861 ἐσμὲν,
1369 826 1416 851 καὶ
1443 825 1562 859 μάλιστα
1583 823 1791 858 πειραζόμενοι·

159 883 232 906 mur.
251 879 315 901 tunc
328 874 463 909 quispiam
480 881 574 908 agrum
593 874 719 908 acquirit,
738 874 784 901 sed
802 881 854 901 non
868 882 883 901 c
899 882 948 901 cu-

1037 882 1060 899 :s
1074 873 1172 899 κτᾶταί
1182 881 1224 903 τις
1238 871 1333 906 ἀγρὸν,
1345 870 1401 896 ἀλλ’
1414 871 1444 896 οὺ
1456 870 1506 905 τῆς
1519 869 1644 904 φυλακῆς
1661 867 1791 901 ἐξελθών·

159 919 248 947 stodia
261 927 397 953 egressus.
427 918 569 945 Possessio
587 926 651 944 vero
665 917 719 944 Deo
737 918 844 945 volente
856 918 947 944 obtin-

160 963 199 998 git
215 964 256 990 his
274 964 320 998 qui
338 963 444 990 fortiter
460 963 611 991 decertant.
645 962 752 990 Fratres
764 969 855 990 autem
869 968 949 990 erant

159 1009 301 1039 Cheleias,
329 1008 452 1036 Ieremia:
471 1013 561 1043 pater,
586 1013 612 1035 et
628 1009 775 1041 Anatueel.
802 1009 884 1035 atnlio
900 1009 947 1035 lilii

160 1053 263 1081 Salom.
279 1053 393 1081 Sorores
409 1055 507 1089 quippe
529 1059 593 1081 sunt
605 1062 655 1088 pax
668 1059 694 1081 et
707 1062 769 1088 pars
789 1054 845 1082 Dei.
866 1055 948 1081 Chel-

161 1099 218 1126 cias
234 1107 351 1133 namque
366 1100 452 1134 portio
471 1099 518 1126 Dei
534 1099 738 1134 interpretatur,
750 1108 803 1134 prta;
817 1108 881 1127 vero
897 1099 947 1127 Sa—

104 1170 109 1174 .
159 1145 225 1172 lom.
241 1145 377 1173 Portionis
393 1151 483 1173 autent
495 1145 541 1174 Dei
553 1146 658 1173 fructus
669 1150 711 1174 cst
723 1146 873 1172 sublimitas
888 1146 946 1178 Dei,

160 1188 233 1223 quod
250 1188 385 1224 signiﬁcat
396 1188 521 1216 Ieremia:
535 1198 645 1217 nomen.
661 1189 740 1217 Pacis
751 1198 816 1217 vero
830 1190 947 1222 fruetus,

159 1234 247 1269 gratia
263 1234 319 1267 Dei,
338 1236 410 1270 quod
428 1235 564 1270 signiﬁcat
587 1236 726 1263 Anameel.
750 1236 842 1263 Gratia
857 1236 948 1271 itaque

160 1279 206 1307 Dei
224 1280 258 1307 de
274 1288 342 1315 pace
356 1285 487 1315 prognata
511 1280 589 1307 offert
603 1280 649 1307 Dei
664 1281 793 1308 mandato
810 1281 949 1315 prophetae

159 1325 188 1353 in
203 1333 339 1353 carcerem
356 1326 479 1360 conjecto
491 1327 631 1360 proprium
646 1334 751 1361 agrum.

201 1413 243 1441 ‘IO.
268 1413 301 1440 Et
315 1413 409 1448 scripsi
423 1414 451 1440 in
465 1413 563 1446 libello,
582 1417 607 1440 et
619 1413 745 1448 sigillavi.
774 1413 823 1441 llic
839 1415 950 1442 coniicit

162 1459 344 1494 possessionis
369 1459 505 1491 libellum,
529 1459 576 1493 qui
595 1457 711 1486 fortasse
730 1464 793 1486 sunt
807 1460 950 1494 cogitatio-

162 1512 211 1532 nes
221 1525 228 1538 ,
246 1504 385 1531 memoria:
395 1525 402 1537 ,
415 1504 558 1539 dogmata,
574 1511 621 1538 per
639 1512 700 1538 quae
714 1512 809 1539 agrum
824 1506 947 1539 posside-

161 1558 234 1582 mus,
251 1550 303 1577 hoc
317 1555 369 1583 est,
388 1550 495 1577 labores
510 1549 572 1577 vitae
584 1550 652 1577 bene
670 1550 810 1578 institutae.
839 1550 952 1585 Oportet
964 1543 985 1572 (ἶ

161 1596 234 1625 enim
249 1595 323 1630 justa
345 1599 520 1630 operaturum
544 1602 683 1629 praenosse
704 1603 736 1622 ea
758 1603 819 1630 quze
837 1596 951 1630 iustitiae

162 1646 237 1674 sunt,
251 1641 323 1675 quod
338 1645 365 1668 et
379 1641 412 1668 de
425 1641 536 1675 reliquis
551 1641 696 1668 virtutibus
710 1641 812 1668 dictum
829 1642 899 1668 volo.
922 1642 950 1670 ln

162 1695 211 1714 vas
235 1691 325 1714 autem
349 1686 472 1713 libellum
497 1686 571 1721 injici
595 1685 666 1713 Deus
687 1691 778 1720 curat,
805 1692 835 1714 ut
849 1687 950 1715 diutius

163 1736 357 1764 conservetur;
370 1732 494 1758 habemus
507 1732 607 1766 quippe
621 1733 772 1759 thesaurum
786 1736 854 1759 hunc
868 1733 894 1759 in
910 1742 952 1760 υοη

162 1777 201 1804 sis
215 1777 342 1812 ﬁctilibus
358 1777 391 1809 “,
409 1777 450 1804 vel
468 1778 569 1804 nostris
585 1777 710 1810 vasculis,
727 1779 768 1804 vel
781 1778 951 1813 scriptun-alis

164 1823 290 1850 dictionis
305 1823 424 1850 exilitate
438 1831 445 1855 ;
465 1823 536 1849 unde
549 1822 674 1857 princeps
699 1823 779 1858 hujus
797 1825 890 1851 mundi
905 1825 952 1852 αρν

166 1873 260 1903 ceptus
275 1873 332 1900 est,
348 1872 503 1902 contempto
526 1868 635 1903 pietatis
650 1876 792 1902 sermone,
814 1870 877 1904 quia
896 1877 950 1897 non

165 1914 255 1942 aureis
268 1914 341 1941 vasis
353 1913 534 1946 conderetur,
559 1913 677 1941 dictione
701 1914 806 1942 ornatis
819 1920 845 1942 et
858 1915 951 1942 elocu-

164 1961 239 1987 tione
262 1959 296 1986 ad
319 1959 537 1994 persuadendum
561 1960 783 1993 accommodata;
808 1961 910 1988 idcirco
924 1965 951 1988 et

163 2006 260 2033 diebus
288 2005 382 2032 multis
408 2005 558 2040 permansit
583 2006 655 2039 quod
681 2006 813 2041 scriptum
834 2011 886 2034 est.
915 2006 951 2033 Et

164 2052 321 2086 prwdicatio
336 2059 405 2084 mea,
424 2052 512 2086 inquit
532 2052 579 2086 qui
595 2051 716 2079 libellum
739 2052 820 2079 habet
843 2060 953 2087 posses~

162 2097 250 2126 sionis
261 2097 295 2129 ",
308 2105 359 2123 non
377 2097 405 2122 in
421 2096 639 2131 persuasibilibus
651 2097 790 2131 sapientia:
799 2098 893 2130 verbis,
906 2098 950 2124 sed

165 2143 192 2168 in
206 2141 430 2168 demonstratione
445 2141 532 2175 potius
544 2141 653 2175 spiritus
666 2146 689 2167 et
704 2142 837 2175 potentiw.
857 2141 891 2169 Ut
901 2142 952 2169 im-

166 2186 249 2221 plevit
264 2191 353 2212 autent
369 2185 502 2213 Jeremias
515 2191 689 2221 praeceptum,
700 2185 756 2213 Deo
769 2188 871 2221 gratias
883 2188 950 2223 agit.

167 2230 219 2258 Sed
243 2231 304 2257 vide
325 2231 463 2266 propheta:
485 2231 666 2258 obedientiam
692 2236 755 2259 ante
778 2238 950 2267 apparentem

166 2275 321 2307 utilitatem,
338 2283 420 2309 quam
436 2274 528 2307 infert,
545 2280 623 2302 terra;
639 2277 871 2310 recuperationem
887 2284 953 2311 prae-

166 2321 269 2348 dicens.
298 2320 444 2356 Prophetia
467 2321 540 2348 enim
564 2329 625 2356 qua:
641 2321 723 2348 rebus
739 2321 806 2356 ipsis
822 2323 861 2355 lit,
878 2323 950 2357 quod

166 2366 259 2394 auditu
284 2367 489 2402 percipiendum
513 2371 588 2400 erat,
615 2367 703 2394 oculis
728 2368 852 2402 subiicit,
876 2369 951 2395 futu-

166 2420 283 2447 rumque
299 2412 364 2440 facit
382 2412 460 2447 quasi
481 2420 612 2447 praesens,
626 2420 659 2440 ex
672 2417 749 2447 parte
762 2418 848 2441 totum
863 2414 949 2449 signi-

166 2458 262 2485 ﬁcans.

202 2503 246 2531 17.
268 2502 330 2530 Non
344 2502 521 2530 abscondetur
536 2512 552 2530 a
566 2509 590 2531 te
604 2504 759 2540 quidquam.
780 2504 889 2532 Minime
901 2511 948 2532 ve-

166 2549 278 2577 risimile
292 2553 334 2576 est
354 2549 513 2584 prophetam
538 2553 627 2577 tantas
648 2550 749 2585 gratias
762 2557 842 2586 agere
854 2570 862 2582 ,
877 2549 950 2584 quod

165 2595 258 2622 decem
276 2599 303 2622 et
315 2601 418 2630 septem
440 2595 514 2622 siclis
529 2603 623 2630 agrum
635 2596 746 2628 emerit,
760 2595 808 2631 qui
821 2603 854 2622 ex
871 2595 949 2622 vulva

167 2641 262 2667 matris
278 2640 465 2668 sanctiﬁcatus
483 2640 640 2675 Spirituque
658 2646 753 2668 sancto
771 2641 866 2676 plenus
880 2644 949 2668 erat.

167 2684 219 2711 Sed
243 2686 386 2713 considera
411 2693 554 2713 numerum
577 2685 707 2718 Sabbati,
725 2686 823 2721 quietis
839 2686 950 2721 symbo-

168 2729 242 2763 lum;
259 2734 287 2758 et
300 2731 440 2758 denarium
456 2731 602 2766 perfectum
621 2733 815 2767 propriumque
832 2731 876 2759 Dei
893 2732 951 2766 (de-

211 2822 233 2836 "'
251 2820 350 2850 Jcrem.
366 2832 441 2857 xui,
454 2824 498 2852 56.
546 2825 569 2842 "
588 2825 610 2852 ll
628 2825 691 2853 Cor.
707 2834 743 2859 tv,
762 2826 787 2852 ’1.

1001 919 1017 953 ἡ
1038 917 1066 943 δὲ
1079 917 1176 952 κτῆσις
1194 916 1341 951 βουλήματι
1357 914 1426 941 Θεοῦ
1446 916 1503 945 τοῖς
1520 913 1610 945 καλῶς
1627 912 1794 947 ἀγωνιζομέ-

1000 972 1067 995 νοις.
1087 963 1209 996 Ἀδελφοὶ
1220 963 1248 988 δὲ
1260 961 1377 992 Χελκίας
1393 961 1407 986 ὁ
1421 960 1468 987 τοῦ
1489 959 1622 995 Ἰερεμίου
1641 959 1732 994 πατὴρ
1748 958 1793 984 καὶ

1007 1008 1151 1044 Ἀναμεὴλ,
1165 1009 1248 1043 ἄμφω
1265 1008 1360 1039 παῖδες
1375 1006 1450 1038 ὅντες
1466 1005 1575 1041 Σαλώμ.
1598 1005 1727 1039 Ἀδελφαὶ
1742 1004 1794 1040 γὰρ

1001 1053 1049 1079 καὶ
1062 1054 1157 1089 εἰρήνη
1178 1053 1225 1079 καὶ
1244 1053 1323 1088 μερὶς
1345 1051 1422 1078 Θεοῦ.
1445 1051 1562 1082 Χελκίας
1577 1051 1632 1086 γὰρ
1649 1050 1793 1086 ἑρμηνεύε‹

1001 1107 1045 1125 ται
1079 1099 1165 1133 μερὶς
1190 1098 1282 1131 Θεοῦ,
1312 1098 1411 1133 Σαλὼμ
1434 1097 1462 1123 δὲ
1483 1095 1598 1130 εἰρήνη.
1627 1095 1743 1131 Καρπὴς
1764 1095 1791 1120 δὲ

1001 1144 1051 1178 τῆς
1069 1144 1177 1180 μερίδος
1191 1143 1238 1170 τοῦ
1254 1143 1320 1170 Θεοῦ
1335 1143 1536 1178 μετεωρισμὸς
1552 1142 1626 1168 Θεοῦ
1637 1151 1643 1156 ·
1660 1141 1732 1168 οὓτω
1741 1140 1794 1176 γὰρ

1007 1189 1141 1225 Ἱερεμίας
1163 1189 1354 1225 ἑρμηνεύεται,
1371 1189 1484 1224 Καρπὺς
1500 1188 1528 1214 δὲ
1544 1189 1593 1223 τῆς
1609 1188 1724 1223 εἰρήνης
1744 1186 1794 1220 χά-

998 1244 1048 1269 ρις
1067 1235 1157 1262 Θεοῦ·
1176 1235 1254 1261 τοῦτο
1276 1235 1331 1270 γὰρ
1346 1234 1422 1269 δηλοῖ
1442 1235 1472 1260 τὸ
1492 1233 1639 1269 ’Λναμεὴλ.
1659 1232 1762 1259 Οὐκοῦν
1775 1233 1792 1267 ή

1002 1281 1081 1317 χάρις
1093 1280 1140 1307 τοῦ
1155 1280 1232 1312 Θεοῦ,
1249 1280 1360 1316 εἰρήνης
1373 1280 1496 1314 γέννημα
1511 1279 1699 1314 τυγχάνουσα,
1714 1285 1793 1313 προσ-

1003 1327 1080 1364 φέρει
1096 1326 1135 1361 τῷ
1151 1326 1180 1353 ὲν
1198 1326 1303 1361 φυλακῇ
1322 1326 1450 1362 προφήτῃ
1474 1325 1519 1351 τὸν
1535 1325 1601 1351 ἴδιον
1622 1325 1711 1360 ἀγρὸν
1725 1323 1794 1350 κατὰ

1004 1373 1168 1410 πρόσταγμα
1182 1372 1228 1399 τοῦ
1243 1371 1321 1398 Θεοῦ.

1042 1418 1081 1445 10.
1107 1418 1162 1444 Καὶ
1185 1418 1302 1452 ἔπραψια
1326 1419 1371 1450 εἰς
1391 1417 1530 1449 βιϐλίον,
1553 1415 1792 1451 ἐσφραῃσάμην.

1004 1461 1087 1494 Οὗτος
1114 1464 1186 1489 ποιεῖ
1210 1462 1309 1497 βιϐλίον
1335 1462 1477 1498 κτήσεως,
1500 1462 1571 1497 ὅπερ
1595 1461 1661 1492 ἴσως
1680 1461 1753 1487 ἐστὶν
1767 1461 1794 1487 αι

1003 1509 1119 1544 νοήσεις,
1143 1509 1171 1534 αἱ
1191 1509 1308 1544 μνῆμαι,
1323 1508 1358 1534 τὰ
1381 1508 1514 1542 δόγματα,
1530 1507 1563 1534 δι’
1578 1504 1617 1533 ὧν
1635 1506 1793 1542 κεκτήμεθα

1001 1554 1047 1580 τὸν
1065 1554 1159 1589 ἀγρὸν,
1175 1553 1299 1580 τουτέστι
1318 1554 1367 1588 τῆς
1384 1553 1522 1584 πολιτείας
1538 1553 1601 1584 τοὺς
1617 1553 1727 1583 πόνους.
1748 1553 1793 1578 Δεῖ

1001 1599 1056 1635 γὰρ
1077 1599 1122 1626 τὸν
1143 1599 1281 1635 πράξοντα
1305 1599 1479 1634 δικαιοσύνην
1499 1599 1654 1634 προειδέναι
1678 1599 1743 1633 περὶ
1757 1598 1796 1625 δι-

1002 1645 1160 1681 καιοσύνης·
1177 1645 1246 1680 ὅπερ
1261 1644 1382 1678 λεγέσθω
1396 1645 1443 1670 καὶ
1465 1645 1529 1678 περὶ
1544 1644 1598 1670 τῶν
1613 1643 1719 1671 λοιπῶν
1734 1644 1797 1678 ἀρε-

1001 1691 1066 1717 τῶν.
1083 1690 1222 1727 Φροντίζει
1239 1691 1268 1717 δὲ
1280 1691 1347 1722 Θεὸς
1361 1691 1389 1717 ὲν
1405 1691 1509 1726 ἀγγείῳ
1525 1691 1555 1716 τὸ
1571 1690 1676 1725 βιϐλίον
1697 1690 1797 1725 βληθῆ-

1002 1745 1046 1763 ναι
1061 1736 1129 1771 πρὸς
1144 1736 1275 1771 διαμονὴν
1298 1736 1424 1762 πλείονα·
1444 1736 1541 1771 ἔχομεν
1563 1736 1617 1771 γὰρ
1633 1735 1680 1762 τὸν
1697 1736 1796 1770 θησαυ-

1003 1782 1050 1817 ρὸν
1065 1781 1159 1807 τοῦτον
1173 1782 1201 1807 ὲν
1216 1781 1385 1817 ὀστρακίνοις
1403 1781 1527 1807 σκεύεσιν
1545 1781 1562 1816 ἢ
1579 1782 1637 1812 τοῖς
1651 1781 1796 1815 ἡμετέροις

1003 1827 1123 1861 ἀγγείοις
1137 1827 1154 1861 ἢ
1171 1826 1209 1861 τῷ
1224 1826 1327 1852 εὐτελεῖ
1343 1827 1392 1861 τῆς
1406 1827 1544 1862 γραφικῆς
1559 1825 1670 1858 λέξεως.
1689 1826 1771 1851 Ὀοεν
1784 1826 1798 1851 ὁ

1002 1872 1094 1909 ἄρχων
1115 1872 1253 1908 ήπὰτηται
1267 1873 1314 1899 τοῦ
1332 1873 1434 1908 κόσμου
1455 1873 1561 1903 τούτου,
1587 1872 1798 1908 καταφρονήσας

1002 1918 1050 1944 τοῦ
1076 1918 1156 1953 λόγου
1180 1918 1415 1954 τῆρθεοσεσείας,
1440 1918 1504 1945 ἐπεὶ
1522 1919 1559 1954 μὴ
1580 1916 1614 1954 ἧν
1635 1920 1664 1946 ὲν
1685 1919 1796 1954 χρυσοῖς

1003 1965 1113 1991 σκεύεσι
1127 1964 1396 2000 κεκαλλωπισμένοις
1407 1964 1478 1997 λέξει
1491 1965 1538 1991 καὶ
1557 1964 1717 2000 πιθανότητι
1729 1965 1797 2000 φρά-

1003 2018 1085 2042 σεω;’
1103 2010 1143 2037 διὸ
1159 2010 1206 2037 καὶ
1218 2010 1328 2043 πλείους
1341 2010 1446 2046 ἡμέρας
1456 2010 1590 2046 διέμεινεν
1603 2010 1618 2036 ὁ
1635 2010 1726 2045 λόγος.
1742 2011 1795 2038 Καὶ

1002 2055 1035 2081 τὸ
1050 2054 1187 2089 κήρυγμά
1195 2063 1266 2089 μου,
1282 2056 1364 2090 φησὶν
1379 2056 1393 2081 ὁ
1409 2054 1479 2090 ἔχων
1498 2055 1529 2081 τὸ
1546 2055 1648 2090 βιϐλίον
1670 2055 1721 2090 τῆς
1732 2056 1798 2089 κτήν

1003 2109 1081 2132 σεως,
1098 2102 1154 2127 οὐκ
1171 2100 1205 2127 ἐν
1222 2100 1334 2133 πειθοῖς
1358 2101 1469 2135 σοφίας
1490 2101 1608 2135 λόγοις,
1623 2101 1660 2127 ὲν
1678 2101 1797 2128 ἀποδει-

1002 2146 1047 2178 εει
1067 2146 1101 2172 δὲ
1113 2146 1235 2181 μᾶλλον
1250 2147 1418 2181 πνεύματος
1433 2146 1481 2173 καὶ
1506 2145 1662 2180 δυνάμεως
1687 2155 1694 2162 ·
1709 2148 1740 2173 τὸ
1756 2148 1796 2173 ἐν-

1002 2191 1099 2219 ταλθὲν
1123 2190 1152 2217 δὲ
1173 2190 1289 2226 ποιήσας
1319 2191 1462 2226 Ἱερεμίας,
1482 2191 1640 2226 εὐχαριστεῖ
1662 2191 1702 2226 τῷ
1726 2191 1796 2225 Θεῷ.

1005 2237 1078 2272 Ὅρα
1091 2236 1119 2262 δὲ
1135 2236 1184 2271 τὴν
1206 2235 1329 2271 ὑπακοὴν
1347 2235 1395 2263 τοῦ
1411 2236 1549 2272 προφήτου
1566 2236 1619 2271 πρὸ
1638 2235 1685 2262 τοῦ
1704 2245 1792 2270 φαινο-

1010 2284 1091 2319 μένου
1112 2282 1307 2318 συμφέροντος,
1324 2282 1392 2317 ὅπερ
1410 2281 1517 2315 ἐπάγει,
1534 2280 1729 2316 προθεσπίζων
1747 2283 1796 2317 τῆς

1004 2329 1056 2363 γῆς
1072 2327 1121 2363 τὴν
1142 2328 1300 2362 ἀνάκτησιν.
1324 2327 1356 2353 Ὴ
1370 2327 1424 2361 γὰρ
1443 2326 1476 2352 δι’
1491 2326 1571 2362 ἔργον
1590 2328 1747 2362 προφητεία
1767 2327 1797 2354 τὸ

1004 2372 1135 2399 ἁκουστδν
1159 2372 1319 2407 καθίστησιν
1343 2371 1448 2407 ὁρατὸν,
1475 2371 1568 2398 καὶτὸ
1591 2372 1690 2407 μέλλον
1713 2371 1797 2399 οἱονεὶ

1004 2418 1101 2454 παρὸν,
1116 2418 1145 2443 ὲν
1160 2417 1199 2452 τῷ
1217 2417 1294 2452 μέρει
1306 2416 1422 2452 δηλοῦσα
1433 2416 1464 2443 τὸ
1476 2417 1545 2444 ὅλον.

1041 2506 1084 2532 17.
1102 2506 1144 2532 Οὺ
1157 2504 1201 2539 μὴ
1222 2503 1379 2538 ἀποκρυϐῇ
1391 2504 1450 2531 ἀπὸ
1467 2504 1524 2531 σοῦ
1536 2503 1638 2532 οὐδέν.
1656 2505 1694 2530 Οὐ
1714 2505 1795 2531 πιθα-

1004 2551 1049 2578 νὸν
1071 2551 1117 2578 τὸν
1134 2551 1277 2586 προφήτην
1298 2549 1432 2584 τοσαύτην
1451 2549 1627 2585 εὐχαριστίαν
1645 2550 1795 2585 προσάγειν

1005 2598 1052 2624 ἐπὶ
1064 2597 1103 2631 τῷ
1119 2596 1184 2622 δέκα
1201 2596 1248 2622 καί
1267 2594 1337 2621 ἑπτὰ
1354 2594 1452 2622 σίκλων
1476 2594 1614 2629 ἐωνῆσθαι
1633 2595 1663 2621 τὸ
1683 2596 1794 2630 χωρίον.

1004 2642 1050 2669 τὸν
1065 2643 1096 2668 ὲκ
1105 2642 1210 2677 μήτρας
1217 2640 1380 2674 ἁγιασθέντα
1396 2641 1444 2667 καὶ
1455 2640 1528 2667 θείου
1538 2640 1697 2676 Πνεύματος
1710 2642 1796 2678 ὑπάρ-

1005 2696 1085 2723 χοντα
1098 2686 1200 2723 πλήρη.
1218 2685 1298 2712 Ἀλλὰ
1313 2686 1363 2721 ὅρα
1375 2686 1421 2712 τὸν
1440 2686 1608 2713 Σαὸὄατικδν
1622 2687 1749 2722 ἀριθμὸν,
1764 2686 1795 2714 τὸ

1004 2734 1053 2768 τῆς
1073 2731 1251 2763 ἀναπαύσεως
1265 2731 1411 2767 σύμϐολον,
1434 2732 1481 2759 καὶ
1497 2733 1545 2759 τὸν
1561 2733 1673 2760 δέκατον
1692 2732 1793 2760 τέλειον

835 2826 857 2843 ¹⁹
878 2826 888 2853 ι
901 2826 964 2854 (lor.
977 2833 1008 2860 ιι,
1021 2827 1046 2854 ι.
