1872 3048
57 92 106 121 585
663 94 815 122 SEI.I€CTA
835 92 868 120 IN

887 93 1068 122 JEREMIAII.
1621 100 1674 127 586

54 150 117 177 εντα
127 150 173 176 καὶ
184 151 283 177 οἰκεῖον
300 150 366 178 Θεοῦ
387 151 508 187 (δεκάται
521 151 576 187 γὰρ
590 151 618 179 ὲν
634 153 665 187 τῇ
677 152 776 189 δεκάτῃ
786 153 823 179 τῶ

903 152 968 179 :imte
984 152 1057 179 enim
1071 152 1096 179 in
1110 151 1213 180 decima
1232 153 1453 189 propitiationum
1470 156 1630 192 offeruntur,
1646 164 1674 186 et

56 195 174 231 ἱλασμῶν
193 196 384 232 ἀναφέρονται,
403 196 449 223 καὶ
470 197 620 231 Δεκάλογος
638 198 666 224 ὲν
679 199 717 233 ξτῇ
742 197 837 234 πρώτῃ

54 241 215 277 νομοθεσίᾳ).
232 242 286 268 Καὶ
301 242 394 279 γνώσῃ
417 243 463 270 τὸν
485 242 580 278 ἀγρὸν,
599 243 646 270 τὸν
661 243 753 279 πλήρη
775 252 840 279 καρ-

56 287 112 312 πῶν
131 287 290 322 πρεπόντων
306 289 361 319 τοῖς
377 287 476 321 ἁγίοις.
493 288 618 321 Τοιοῦτος
634 287 669 324 ἦν
685 289 770 324 ἀγρὸς
790 291 838 316 Ὶα-

55 331 120 363 κὼϐ,
136 333 218 368 ὅνπερ
232 333 394 368 όσφρανθεὶς
417 334 519 365 Ἰσαὰκ,
542 334 629 366 Ἰδοὺ,
647 335 738 370 φησὶν,
756 335 836 370 ὀσμὴ

55 377 104 404 τοῦ
119 378 185 405 υίοῦ
203 388 264 413 μου
279 379 319 412 ὡς
332 378 412 413 ὀσμὴ
426 380 520 414 ἀγροῦ
535 379 681 414 πλήρους,
697 381 733 408 ὃν
753 381 837 408 εὐλό-

55 431 145 459 γησεν
160 425 176 450 ὁ
190 425 298 458 Κύριος
308 445 314 451 .
337 425 443 458 Ὀποῖός
456 427 529 452 ἐστιν
540 426 570 458 ὃς
582 427 705 462 καρποὺς
720 427 776 462 ἔχει
788 427 834 454 τοῦ

56 469 213 505 πνεύματος,
226 471 270 497 ἵνα
282 471 381 508 σπείρῃ
393 472 427 499 τὰ
438 471 486 498 τοῦ
499 472 664 508 πνεύματος,
677 473 725 500 καὶ
738 473 833 509 θερίσῃ

56 514 121 550 ζωὴν
135 515 251 542 αἰώνιον.
269 516 365 543 Ἐπνει
376 517 430 553 γὰρ
449 517 543 544 Ίακὼϐ
556 517 606 544 οὐκ
621 517 750 552 ἀμπέλων
762 518 834 554 ὀσμὴ

56 560 184 596 ἡσύχων,
209 562 400 597 ἀλλ’ὰγάπης,
425 564 521 598 χαρᾶς,
547 564 668 600 εἰρήνης,
698 565 835 600 μακροθυ-

56 606 123 641 μίας,
134 607 515 644 χρηστότητος,ἀγαθιι›σύνης,
524 609 650 641 πίστεως,
660 610 832 646 ἐγκρατείας.

60 652 116 677 Ἐπὶ
134 652 247 688 τοιούτῳ
261 654 349 680 τοίνυν
363 653 442 690 ἀγρῷ
461 655 596 690 Ἱερεμίας
613 655 767 692 εὐχαριστεῖ
789 657 832 683 λέ-

54 705 117 729 γων·
141 697 171 723 ’0
185 697 238 729 ὢν,
251 699 350 732 Κύριε.
370 700 496 726 Ἑσκόπει
512 700 566 735 γὰρ
587 699 632 727 τὸν
652 701 736 732 ὅντως
751 701 832 735 ὄντα,

55 741 88 776 μὴ
101 742 207 768 σκοπῶν
219 742 255 769 τὰ
271 743 432 779 βλεπόμενα,
448 744 515 771 ἀλλὰ
528 745 563 772 τὰ
579 745 616 781 μὴ
633 745 795 782 βλεπόμενα.

363 790 441 816 ΚΕΦ.
462 790 528 816 ΔΗ’.

890 197 1039 234 Decalogus
1051 199 1077 225 in
1090 199 1176 233 prima
1190 199 1369 236 legislatione)
1380 211 1387 235 ;
1399 207 1425 229 et
1435 211 1566 237 agnosces
1577 212 1673 239 agrnnt

889 242 1023 271 fructibus
1038 243 1145 278 plenum
1161 245 1207 280 qui
1220 246 1322 273 sanctis
1336 249 1509 276 conveniam.
1526 249 1599 277 Talis
1612 256 1671 278 erat

887 288 985 322 Iacob,
1014 297 1094 324 quem
1121 298 1182 317 cum
1211 291 1340 319 odoratus
1364 292 1460 321 fuisset
1486 294 1576 329 Isaac,
1604 305 1671 328 errr.

887 334 969 369 309
985 335 1073 370 inquit
1085 335 1119 368 ³⁸,
1144 336 1210 362 odor
1224 337 1275 371 lilii
1290 338 1351 370 mei,
1367 339 1434 366 sicut
1450 341 1515 367 odor
1529 342 1587 376 agri
1602 343 1673 376 ριιιιιι

887 381 931 406 cui
947 380 1078 407 benedixi:
1092 380 1238 414 Domitius;
1254 383 1343 417 qualis
1359 389 1401 411 est
1411 386 1456 419 qui
1469 386 1549 413 balet
1567 387 1671 416 fructus

887 425 1010 460 spiritus,
1026 430 1056 452 ut
1069 426 1184 453 seminet
1198 434 1229 453 ea
1242 435 1302 462 quae
1316 429 1428 462 spiritus
1441 434 1521 464 sunt,
1535 437 1671 467 metatqne

887 471 969 498 vitam
985 476 1125 500 aeternam.
1145 472 1218 501 Odor
1231 474 1303 501 enim
1317 473 1418 502 Iacobo
1432 475 1573 504 atllabatur
1583 498 1590 510 ,
1615 487 1669 506 non

886 516 982 543 vitium
997 521 1044 544 aut
1057 518 1157 545 ﬁcuum
1168 538 1175 550 ,
1191 519 1237 546 sed
1251 520 1368 552 amoris,
1383 521 1498 554 laetitiae,
1512 523 1597 557 pacis,
1611 523 1670 550 lon-

886 561 1069 595 ganimitatis,
1087 563 1230 597 probitatis
1241 583 1248 596 ,
1266 565 1413 598 bonitatis,
1431 566 1510 598 ﬁdei,
1526 569 1669 595 continen—

885 607 937 634 tiaa.
967 606 1005 634 De
1022 607 1073 635 hoc
1093 608 1183 643 itaque
1198 617 1263 644 agro
1281 609 1413 637 Jeremias
1426 611 1526 646 gratias
1542 613 1606 647 agit,
1623 614 1665 640 (li-

884 659 950 680 cens
965 652 985 668 "
999 661 1006 680 :
1026 652 1048 680 0
1061 654 1105 688 qui
1117 662 1155 687 es,
1171 654 1292 682 Domine.
1310 655 1508 684 Considerabat
1522 658 1593 684 enim
1606 666 1667 685 eum

884 698 931 733 qui
947 706 1011 726 vere
1032 703 1090 730 est.
1116 707 1171 726 non
1185 700 1218 727 ad
1237 708 1268 728 ea
1284 709 1344 736 quae
1358 702 1500 734 videntur,
1524 704 1571 730 scd
1588 704 1621 730 ad
1637 712 1668 731 ea

884 751 946 778 qua:
958 751 1011 771 non
1025 744 1160 777 videntur,
1178 750 1314 780 spectans.

1150 789 1226 818 CAP.
1254 790 1396 820 XXXVIII.

85 833 109 859 3.
134 834 246 868 Παραδέ
255 834 356 869 “οιιένη
369 835 606 869 παραδοθήσεται
617 837 636 871 ἡ
648 837 736 871 πόλις
744 838 823 873 αὕτη.

917 833 944 862 5.
967 833 1105 861 Tradendo
1129 837 1250 862 trudetur
1272 837 1364 863 civitas
1387 838 1453 864 Iure.
1481 837 1538 865 Non
1563 844 1666 866 tantum

54 879 86 904 οὐ
102 880 178 914 μόνον
192 881 360 917 προφητείας
368 881 502 917 Ἱερεμίας
518 882 681 918 ἀνέγραψεν,
700 883 768 911 ἀλλὰ
784 885 831 912 καὶ

54 925 100 951 [δια
123 926 207 962 πάθη,
224 928 288 959 τοὺς
313 927 363 962 μὲν
389 928 524 954 διδάσκων
550 928 686 963 βασιλείας
709 929 831 965 οὐρανῶν

54 972 194 1007 μἰστήρια,
205 972 268 1004 τοὺς
279 972 307 999 δὲ
319 973 451 1000 διδάσκων
462 973 599 1010 ὑπομονῆς
611 974 829 1010 παραδείγματα,

52 1016 99 1041 τῶν
109 1016 339 1053 ψευδοπροφητῶν
351 1018 470 1045 τοιοῦτον
481 1019 556 1047 οὐδὲν
569 1020 613 1047 διὰ
625 1020 674 1056 τὴν
687 1021 830 1048 κολακείαν

53 1063 212 1096 πασχόντων.
245 1064 469 1100 Ἑτοιμασώμεθα
497 1066 587 1093 τοίνυν
607 1067 636 1093 ἐν
658 1067 745 1103 καιρῷ
769 1067 830 1094 διω-

52 1109 114 1142 γμοῦ
129 1109 198 1143 μετὰ
215 1110 347 1145 Ἰερεμίου
358 1110 485 1146 τετάχθαι
497 1112 544 1138 καὶ
553 1112 598 1139 τοῦ
612 1112 734 1145 εἰπόντος
754 1114 830 1140 Ἀπο-

53 1153 152 1180 στόλου·
181 1155 230 1181 Ἐν
248 1156 398 1189 φυλακαῖς
417 1157 574 1190 πολλάκις.
591 1158 628 1184 Τὸ
641 1158 680 1190 δὲ,
699 1159 751 1192 ὅτι,
765 1160 828 1187 Οὐκ

51 1199 172 1232 ἠδύνατο
189 1201 207 1226 d
219 1200 380 1234 βασιλεὺς,
402 1201 658 1238 φιλανθρωποτέραν
674 1202 756 1230 αὑτοῦ
780 1204 830 1239 τὴν

52 1245 202 1280 προαίρεσιν
221 1247 370 1282 μεμήνυκε.
389 1247 443 1274 Καὶ
458 1248 499 1274 δεῖ
511 1248 556 1275 τὸν
571 1248 651 1284 ὀρθὸν
668 1249 779 1284 βασιλέα
791 1251 828 1286 μὴ

51 1291 99 1320 τοῖς
118 1291 179 1326 περὶ.
199 1291 280 1317 αὐτὸν
297 1294 424 1328 πονηροῖς
442 1293 665 1327 συναλλαγέσθαι.
687 1294 829 1330 Χρήσιμον

51 1333 75 1361 δὲ
89 1335 217 1367 πολλάκις
233 1336 280 1363 καὶ
290 1337 307 1372 ἡ
323 1338 398 1373 παρὰ
408 1338 464 1369 τοῖς
476 1338 606 1374 κρατοῦσι
622 1339 783 1375 προστασία,
794 1339 828 1367 δι’

49 1376 79 1414 ἧς
91 1381 219 1412 πολλάκις
233 1380 372 1416 εὐεργετεῖ
385 1382 399 1407 ὁ
411 1382 486 1414 Θεός.

81 1425 120 1452 I9.
143 1425 216 1460 Ἐγὼ
229 1427 323 1461 λόγον
337 1427 396 1461 ἔχω
411 1427 471 1454 τῶν
489 1428 640 1456 Ἰουδαίων
650 1429 709 1456 τῶν
723 1438 829 1465 πεφευ-

50 1470 141 1502 γότων.
159 1470 249 1502 Δέδια,
267 1472 342 1506 φησὶ,
362 1473 399 1507 μὴ
421 1474 477 1504 τοῖς
499 1473 657 1508 αὐτομόλοις
678 1475 828 1509 καταγέλα·
840 1488 861 1517 c

52 1524 104 1548 στος
117 1517 248 1553 γένωμαι.
261 1517 362 1544 Τούτου
375 1519 428 1554 γὰρ
440 1518 518 1554 λόγον
533 1520 579 1546 καὶ
591 1521 717 1556 φροντίδα
733 1521 826 1548 ποιοῦ-

52 1569 103 1595 μαι.
124 1563 165 1593 Ὡς
177 1563 205 1589 δὲ
222 1562 257 1589 δι’
271 1563 408 1598 ἁμαρτίας
435 1563 611 1600 Ἰερουσαλὴμ
630 1565 825 1600 παραδέδοται,

51 1606 113 1633 οὕτω
127 1609 173 1634 καὶ
188 1609 205 1644 ἡ
224 1608 382 1644 Ἐκκλησία.
399 1609 454 1635 Καὶ
469 1609 493 1635 εί
509 1609 558 1645 μέν
572 1618 614 1642 τις
625 1610 684 1637 κατ’
704 1610 826 1646 Ἐζεκίαν

51 1652 125 1687 αὐτῆς
141 1653 222 1689 ἄρχῃ,
244 1651 376 1684 σώζεται·
393 1653 417 1679 εί
435 1653 465 1680 δὲ
489 1653 559 1681 κατὰ
575 1654 710 1686 Σεδεκίαν,
733 1655 827 1691 ἀφορι-

51 1697 152 1732 ζόμενος
169 1699 219 1734 μὲν
242 1698 333 1730 σώζει,
349 1699 437 1734 μένων
456 1699 484 1726 δὲ
500 1699 601 1736 ταύτην
618 1700 772 1727 ἀπόλλυσιν.
795 1701 829 1728 EI

50 1751 84 1774 τις
99 1741 142 1770 οὖν
159 1743 282 1779 μολύνων
297 1744 347 1780 τὴν
369 1743 533 1780 Ἐκκλησίαν
557 1745 670 1778 ἐξέλθοι,
695 1747 780 1782 αὑτήν
796 1756 825 1774 τε

51 1787 122 1820 σώζει
135 1790 182 1816 καὶ
195 1790 246 1825 τὴν
262 1789 352 1825 ψυχὴν
369 1789 451 1816 αὐτοῦ
461 1798 467 1805 ·
485 1790 533 1817 ἐὰν
549 1791 576 1818 δὲ
595 1791 678 1828 μέλλῃ
694 1793 765 1819 κατὰ
781 1793 826 1820 τὸν

51 1833 164 1861 Σεδεκίαν
177 1835 248 1870 πρὸς
262 1834 360 1868 ἔξοδον,
368 1836 461 1870 μικρὰ
475 1835 559 1870 ζύμη,
573 1837 647 1864 ὅλον
661 1838 694 1865 τὸ
707 1839 827 1873 φύραμα

51 1877 132 1912 ᾗνμοῖ.

79 1921 121 1949 2‘2.
136 1923 190 1949 Καὶ
214 1922 282 1949 ἰδοὺ
301 1923 395 1950 πᾶσαι
417 1923 555 1959 γυναῖκες
570 1926 600 1952 al
623 1926 826 1961 καταλειφθεῖ-

49 1973 102 1994 mu.
124 1969 191 2004 Φησὶ
207 1969 278 2004 πρὸς
295 1969 375 1997 αὑτὸν
399 1970 531 2006 Ἱερεμίας
548 1971 586 2003 ὡς
604 1971 710 2007 ἐροῦσιν
732 1973 760 1999 αἱ
775 1981 825 2007 γυ-

51 2014 132 2046 ναῖκες
146 2016 186 2047 εἰς
207 2015 340 2043 ἀποικίαν
362 2016 509 2052 ἀγόμεναι·
545 2017 717 2052 Ἠπάτησάν
741 2026 778 2045 σε
799 2019 826 2045 οι

50 2059 115 2093 πρὸς
127 2060 164 2087 σὲ
184 2061 341 2096 φήσαντες
355 2062 520 2097 ειρηνικῶς,
537 2063 573 2096 ὡς
589 2064 620 2090 οὐ
637 2063 825 2100 παραδώσουσι

50 2104 82 2139 τῷ
100 2105 270 2142 Βαϐυλωνίῳ.
288 2107 469 2143 Συστήσονται
486 2109 516 2135 δὲ
534 2110 602 2144 μετὰ
619 2109 680 2142 σοῦ,
694 2110 731 2142 ὼς
744 2110 825 2137 αἴτιοι

882 878 1009 905 vaticinia
1024 879 1134 914 scripsit
1149 878 1291 912 Jeremias,
1306 881 1352 908 sed
1367 885 1395 908 et
1410 882 1477 908 mala
1494 891 1554 917 qua:
1571 891 1668 918 passus

881 925 931 953 est,
947 921 997 949 hos
1012 921 1122 956 quidem
1136 923 1237 950 docens
1252 925 1326 959 regni
1341 926 1472 953 ctelorum
1485 934 1596 958 arcana.
1607 928 1669 954 illos

882 973 946 994 vero
961 968 1082 1002 exempla
1101 968 1260 1002 tolerantiae,
1279 970 1522 1005 pseudoprophetis
1537 972 1603 999 nihil
1616 973 1668 999 tale

881 1011 917 1038 ob
933 1013 1143 1041 assentationem
1160 1015 1305 1049 perpessis.
1345 1015 1436 1044 Simus
1449 1017 1532 1051 igitttr
1545 1024 1665 1052 tempore

881 1059 1079 1092 persecutionis
1093 1061 1180 1095 parati
1198 1069 1249 1087 una
1269 1069 1330 1088 cum
1345 1061 1461 1090 Jeremia
1475 1064 1619 1096 collocari,
1640 1069 1667 1091 et

881 1111 942 1131 cum
960 1104 1088 1139 Apostolo
1099 1105 1203 1132 dicente
1220 1106 1242 1121 ³²
1256 1115 1264 1133 :
1296 1106 1327 1133 In
1346 1107 1494 1135 carceribus
1509 1117 1585 1144 sa’pc.
1599 1109 1664 1136 ΙΗυιΙ

881 1156 970 1178 autem
988 1160 994 1177 :
1012 1150 1073 1177 Non
1085 1155 1188 1186 poterat
1203 1159 1248 1178 rea:
1265 1152 1389 1179 adversus
1406 1161 1459 1187 eae,
1477 1155 1664 1182 humaniorem

880 1196 940 1231 ejus
965 1196 1086 1224 animum
1109 1197 1248 1225 indicavit.
1279 1197 1311 1225 Et
1325 1199 1428 1233 justum
1445 1207 1534 1234 regem
1561 1206 1666 1235 oportet

880 1250 936 1269 non
953 1243 1098 1270 connivere
1111 1243 1143 1269 ad
1162 1250 1193 1269 ea
1207 1251 1266 1278 quae
1285 1249 1434 1279 suggerunt
1456 1246 1529 1280 pravi
1546 1245 1664 1273 familia--

881 1296 934 1315 res.
964 1287 1039 1322 Saepe
1056 1295 1119 1315 vero
1137 1288 1202 1315 utile
1225 1293 1266 1316 est
1287 1291 1358 1324 apud
1380 1291 1527 1325 principem
1544 1299 1603 1319 esse
1617 1293 1664 1327 qui

879 1333 1014 1362 defendat.
1033 1333 1071 1361 Ita
1083 1334 1155 1361 enim
1169 1334 1239 1362 Deus
1252 1343 1322 1370 saepe
1335 1336 1464 1364 beneﬁcia
1479 1342 1597 1371 praestat.

916 1424 959 1451 I9.
980 1423 1038 1458 Ego
1052 1424 1180 1451 rationem
1202 1423 1283 1450 habeo
1297 1423 1452 1451 Judworum
1467 1426 1511 1460 qui
1528 1426 1662 1461 fugerunt.

881 1469 986 1502 Timeo,
1003 1470 1103 1504 inquit,
1119 1477 1153 1497 ne
1167 1469 1316 1505 transfugis
1332 1470 1358 1497 in
1376 1471 1496 1498 derisum
1513 1472 1587 1499 liam.
1607 1472 1662 1501 IIoc

877 1515 977 1550 quippe
993 1523 1037 1542 me
1052 1515 1197 1542 sollicitum
1213 1515 1304 1543 habet.
1337 1515 1423 1543 Sicuti
1443 1522 1531 1545 autem
1555 1524 1664 1554 propter

877 1564 987 1595 peccata
999 1559 1148 1587 Jerusalem
1162 1559 1259 1587 tradita
1273 1565 1324 1592 est,
1340 1560 1379 1588 sic
1390 1565 1417 1588 et
1430 1561 1560 1590 Ecclesia.
1590 1563 1622 1591 Et
1639 1566 1661 1591 si

877 1605 939 1640 quis
954 1605 990 1632 illi
1005 1606 1096 1640 praesit
1109 1605 1205 1633 similis
1222 1605 1362 1637 Ezecbize.
1387 1608 1460 1635 salva
1474 1613 1531 1642 est;
1553 1609 1576 1636 si
1598 1618 1663 1636 vero

877 1651 974 1679 similis
989 1650 1118 1683 Sedeciae,
1136 1650 1286 1679 subductus
1301 1652 1410 1686 quidem
1425 1657 1525 1687 servat,
1549 1662 1662 1682 manens

877 1704 943 1724 vero
957 1696 1056 1731 perdit.
1070 1695 1098 1723 Si
1116 1697 1178 1732 quis
1188 1705 1253 1732 ergo
1269 1698 1410 1726 maculans
1428 1698 1576 1727 Ecclesiam
1589 1701 1663 1727 exic-

876 1743 922 1774 rit,
936 1747 963 1769 et
976 1742 1049 1769 illam
1062 1747 1164 1774 servat,
1178 1747 1205 1769 et
1219 1743 1337 1771 animam
1351 1751 1446 1777 suam;
1465 1750 1491 1772 at
1503 1745 1526 1773 si
1538 1747 1662 1781 exemplo

877 1787 998 1815 Sedeciae
1015 1787 1102 1814 tardet
1116 1787 1150 1814 ad
1174 1788 1345 1820 exeundum,
1371 1797 1479 1822 parvum
1505 1792 1661 1824 Iermenlum

876 1832 1016 1859 misturam
1030 1840 1131 1858 onmem
1144 1831 1283 1866 fermentut
1298 1832 1331 1859 ³³.

910 1923 956 1950 ες.
977 1921 1011 1948 Et
1029 1929 1086 1948 ecce
1098 1929 1186 1948 omnes
1199 1920 1320 1947 mulieres
1331 1930 1389 1956 qua:
1401 1929 1592 1957 remanserunt,
1607 1930 1659 1953 etc.

875 1968 920 1995 Ait
933 1968 966 1995 ad
980 1968 1069 2002 ipsum
1085 1966 1216 1995 Jeremias
1233 1968 1304 2003 quod
1322 1969 1449 1996 mulieres
1475 1969 1503 1996 in
1520 1971 1661 2005 captivita-

877 2019 930 2041 tcm
955 2013 1086 2041 ducendae
1108 2013 1197 2040 dicent
1213 2014 1236 2030 “
1252 2023 1258 2041 :
1276 2014 1442 2042 Sedua‘erunt
1467 2020 1506 2048 te,
1526 2016 1571 2049 qui
1585 2017 1620 2042 ad
1637 2022 1661 2043 te

875 2061 1000 2088 dixerunt
1024 2060 1132 2095 paciﬁca
1158 2064 1184 2087 te
1201 2060 1236 2087 ab
1260 2061 1299 2088 eis
1314 2061 1463 2096 Babylonio
1482 2060 1534 2088 noti
1552 2062 1660 2089 traden-

875 2107 953 2134 dum.
973 2105 1059 2132 Erunt
1076 2113 1157 2140 porro
1174 2105 1221 2132 tibi
1237 2106 1360 2138 comites,
1379 2110 1408 2133 ut
1419 2113 1499 2134 casus
1519 2107 1557 2133 tui
1571 2113 1661 2134 aucto-

50 2151 177 2187 γενόμενοι
189 2151 336 2185 πτώσεως·
357 2153 466 2186 πάντως
481 2154 535 2190 γὰρ
547 2154 682 2191 ληφθήσῃ.
704 2155 780 2191 Τάχα
795 2155 823 2182 δὲ

903 2159 929 2179 ιε.
963 2150 1081 2178 Omnino
1098 2149 1170 2178 enim
1186 2151 1312 2185 capieris.
1346 2150 1472 2179 Fortasse
1492 2159 1557 2179 vero
1577 2153 1657 2179 etiam

50 2195 158 2229 καὶτοὺς
171 2197 397 2233 ψευδοπροφήτας
413 2199 544 2231 αἰτιᾶται,
561 2199 632 2235 λόγῳ
651 2200 700 2235 τὴν
712 2201 823 2237 εἰρήνην

50 2239 277 2278 ὑπισχνουμένους.
302 2243 331 2269 '0
345 2243 373 2269 δὲ
390 2245 531 2279 προφήτης
550 2244 746 2280 φιλανθρώπως
761 2246 825 2272 ἁπέ-

50 2286 125 2320 κρυψε
139 2288 194 2319 τοῖς
207 2288 323 2323 ἄρχουσι
334 2288 384 2324 τὴν
395 2288 534 2324 ἀλήθειαν,
542 2289 588 2316 τοῦ
600 2289 732 2324 βασιλέως
745 2291 824 2326 κηδό-

52 2340 128 2365 μενος.
150 2334 186 2360 οὐ
207 2334 264 2369 γὰρ
285 2333 413 2366 ἔϐλαπτε,
437 2334 538 2370 ταύτην
563 2335 610 2362 νῦν
635 2335 755 2368 σιωπῶν,
772 2336 823 2372 ήδη

49 2377 102 2409 τοὺς
114 2379 193 2406 αὐτοῦ
208 2379 305 2413 λόγους
317 2379 449 2413 ἀναγνοὺς
464 2380 492 2406 ὲν
509 2380 599 2416 κοινῷ.

360 2425 438 2451 ΚΕΦ.
459 2425 502 2452 Μ’.

79 2466 102 2494 ι.
119 2469 151 2495 El
165 2469 261 2496 καλὼ·
278 2468 417 2497 ἐναντίον
427 2477 485 2497 σου
500 2470 598 2498 ἐλθεῖν
611 2471 674 2506 μετ’
687 2470 769 2506 ἐμοῦ.
790 2472 820 2498 '0

49 2514 186 2548 προφήτης,
198 2515 305 2550 αἵρεσιν
317 2514 406 2542 λαϐὼν
416 2515 480 2542 ἔνθα
488 2515 610 2550 βούλεται
623 2516 682 2552 ζῇν,
698 2517 819 2553 ὑπερορᾷ

49 2556 90 2591 μὲν
105 2558 271 2592 Βαϐυλῶνος,
293 2561 410 2596 αἱρεῖται
426 2562 454 2588 δὲ
477 2562 526 2597 τὴν
550 2562 688 2594 Ἰουδαίαν,
712 2562 819 2597 φεύγων

46 2602 88 2636 τὴν
106 2604 136 2630 ὲκ
151 2604 287 2639 βασιλείας
303 2607 395 2642 τιμὴν,
412 2608 459 2634 καὶ
477 2607 521 2634 διὰ
538 2608 600 2639 τοὺς
614 2609 738 2644 πτωχοὺς
757 2609 820 2640 τοὺς

48 2647 105 2682 πρὸς
127 2651 262 2686 γεωργίαν
288 2652 488 2686 ἐμμείναντας,
510 2653 549 2684 ὡς
572 2653 604 2680 ἂν
629 2654 677 2680 καὶ
699 2654 748 2689 τῆς
768 2654 819 2689 γῆς

47 2691 196 2729 ἐπιμελῆται
212 2696 258 2722 διὰ
271 2696 335 2728 τοὺς
356 2697 473 2732 πένητας
496 2697 544 2724 καὶ
566 2698 614 2730 τὰς
637 2698 738 2725 τούτων
758 2700 819 2730 ταῖς

79 2783 98 2799 "
116 2787 210 2814 Genus.
230 2796 315 2819 um.
332 2789 375 2816 27.
429 2790 448 2806 ³¹
469 2789 568 2818 Ierem.
589 2799 662 2822 xxxv,
687 2790 728 2817 ΓΙ.

171 2835 308 2865 ιἈτιιοι..
324 2835 382 2865 (Ἐκ.
403 2836 488 2867 XIII.

781 2790 801 2805 ³¹
821 2788 843 2815 Il
859 2789 922 2816 Cor.
941 2796 978 2819 λι,
993 2787 1037 2814 25.

874 2196 1125 2231 pseudoprophclas
1138 2200 1259 2226 accusat.
1277 2195 1324 2230 qui
1338 2203 1431 2230 pacem
1444 2197 1533 2224 verbis
1549 2197 1660 2232 νοηθε-

874 2241 984 2269 bantur.
1004 2241 1039 2268 At
1048 2241 1178 2276 propheta
1191 2241 1360 2276 principibus
1374 2241 1515 2269 veritatem
1529 2242 1659 2270 benevole

873 2287 984 2319 celavit.
999 2286 1152 2313 consultum
1168 2286 1224 2321 regi
1239 2286 1344 2313 volens.
1359 2285 1431 2314 Nulli
1446 2288 1517 2314 enim
1532 2288 1656 2320 nocebat,

875 2331 950 2359 illam
965 2339 1038 2358 nunc
1049 2330 1157 2359 silentio
1171 2331 1330 2366 obvolvens,
1353 2333 1525 2360 sermonibus
1538 2334 1595 2361 suis
1608 2342 1657 2368 pun

874 2376 944 2404 blice
955 2382 1032 2404 antea
1046 2376 1180 2411 perlectis.

1188 2419 1265 2448 CAP.
1284 2419 1341 2448 XL.

909 2467 935 2494 4.
958 2466 987 2494 Si
1008 2467 1102 2493 bonum
1122 2474 1211 2492 coram
1233 2470 1257 2492 te
1275 2466 1363 2493 venire
1388 2474 1497 2493 mecum.
1519 2465 1656 2494 Potestate

874 2515 945 2543 facta
958 2514 1095 2550 prephette
1108 2517 1138 2540 ut
1151 2513 1259 2548 degeret
1275 2513 1320 2540 ubi
1334 2513 1423 2546 vellet,
1436 2513 1572 2547 Babylone
1586 2517 1657 2548 post-

875 2561 978 2592 habita,
995 2559 1114 2587 Iudaeam
1129 2558 1226 2593 elegit,
1242 2558 1332 2593 regios
1348 2558 1471 2586 devitans
1485 2558 1613 2591 honores,
1628 2563 1656 2586 et

873 2610 984 2640 propter
995 2612 1139 2640 pauperes,
1154 2604 1200 2639 qui
1215 2603 1248 2631 ad
1263 2604 1392 2632 colendos
1412 2611 1492 2639 agros
1515 2611 1656 2631 remanse-

872 2657 934 2678 rant
943 2672 950 2683 ,
962 2651 1044 2686 διο
1059 2655 1089 2678 ut
1101 2655 1128 2678 et
1141 2655 1220 2677 terra!
1233 2657 1327 2677 curam
1342 2654 1447 2685 gereret
1462 2654 1572 2684 propter
1586 2657 1655 2684 pau-

872 2705 950 2731 percs
961 2703 1110 2731 eorumque
1125 2696 1230 2724 animas
1251 2696 1439 2731 prophetando
1450 2697 1593 2724 excolcrct.
1609 2696 1658 2724 Et-

1077 2787 1098 2802 ³³
1119 2786 1205 2814 Galat.
1225 2795 1249 2818 v,
1266 2787 1291 2812 ﬂ.
1332 2787 1352 2802 "
1366 2786 1465 2814 .Icrcm.
1483 2796 1594 2819 χιιι-ιιι,
1608 2789 1654 2815 Ἡ.

1501 2832 1537 2860 19
