1872 3048
186 76 237 103 587

893 72 938 100 ΕΧ
957 70 1107 100 ORIGENE

1764 67 1808 94 588

185 135 258 162 enim
275 132 425 161 diviserant
436 132 575 168 prophetas
590 130 666 165 loca;
690 129 734 157 hic
749 129 857 165 quidem
874 129 958 158 haben

1062 127 1211 163 >οφητείαις
1228 126 1386 161 γεωργῆσαι
1405 124 1503 160 ψυχάς.
1528 124 1706 160 Ἑμερίσαντο
1723 125 1774 160 γὰρ
1790 128 1809 153 ιι

184 179 318 213 Ιιιὰιοοῐη,
333 177 427 206 Daniel
443 185 506 206 vero
519 181 546 205 et
561 181 617 205 tres
634 176 710 211 pueri
728 175 905 211 Babylonem.

492 266 569 294 CAP.
598 265 667 292 XLI.

220 316 249 342 2.
272 314 305 342 Et
320 314 437 342 surrexit
451 313 567 345 lsmael,
589 317 613 339 et
626 311 713 338 decem
728 310 790 337 viri.
809 309 916 337 Probus
933 309 975 336 vir

186 363 322 389 neminem
340 361 377 388 ita
393 360 494 387 malum
514 358 687 392 suspicatur,
711 361 741 384 ut
757 355 865 383 occidat
888 362 936 383 eos
959 362 974 382 a

185 408 285 442 quibus
301 413 388 434 caesus
401 413 454 432 non
473 408 523 432 est.
556 403 613 430 Cur
626 406 716 429 autem
730 401 802 428 Deus
818 399 976 435 permiserit

185 453 327 481 Godoliam
345 451 481 484 interimi,
499 449 611 476 alterius
625 452 667 476 est
682 446 911 475 considerationis
924 466 931 479 ,
947 449 975 473 et

186 499 403 527 inscrutabilium
418 497 464 525 Dei
477 496 656 532 judiciorum.

222 587 357 620 Ejusdem.
388 585 482 612 Virum
502 584 616 619 probum
641 588 668 610 et
683 583 792 615 mitem,
818 585 845 609 et
866 581 976 609 Judaeos

186 635 257 658 tanta
274 628 432 657 defensione
446 632 666 664 persequentem,
691 635 754 655 cum
770 631 797 654 et
812 627 889 654 multi
907 633 976 661 prae-

183 676 325 707 dixissent,
341 675 538 702 interﬁciemus
548 681 611 701 eum
622 681 628 699 '.
638 678 665 700 at
680 673 730 700 iste
744 679 797 699 non
811 677 853 699 est
865 679 974 707 passus,

183 722 230 749 sed
245 721 354 749 occisus
368 724 421 748 est.
451 719 552 747 Verum
570 720 622 746 hoc
638 727 691 746 non
705 718 757 745 fuit
772 725 854 746 causa
870 725 975 753 regres—

183 776 231 796 sus
257 767 432 798 Iudaeorum,
459 766 506 794 sed
536 765 639 793 malitia
663 766 773 800 propria
803 757 981 791 exsulabantJ

1027 174 1174 210 προφῆται,
1190 169 1267 204 οὗτος
1284 172 1333 208 μὲν
1346 171 1395 206 τὴν
1414 170 1554 203 Ἰουδαίαν,
1567 171 1617 205 τὴν
1630 170 1660 197 δὲ
1673 170 1809 200 Βαϐυλῶνα

1027 219 1136 254 Δανιὴλ,
1154 219 1202 246 καὶ
1216 219 1241 244 οἱ
1257 218 1332 253 τρεῖς
1347 216 1450 247 παῖδες.

1337 262 1416 289 ΚΕΦ.
1437 261 1505 288 MA'.

1061 311 1089 338 2.
1108 309 1161 338 Καὶ
1178 309 1293 342 ἀνέστη
1312 307 1434 342 Ἰσμαὴιῑ
1449 305 1499 333 καὶ
1520 306 1546 332 οὶ
1561 305 1635 333 δέκα
1650 304 1765 339 ἄνδρες.
1787 305 1811 332 ’0

1027 355 1146 392 χρηστὸς
1171 354 1314 390 ἄνθρωπος
1339 352 1436 380 οὐδένα
1469 351 1618 378 ὑποπτεύει
1639 350 1726 382 οὓτως
1750 349 1811 377 εἶνιιι

1027 401 1155 436 πονηρὸν,
1179 400 1217 431 ὡς
1233 399 1280 426 καὶ
1296 398 1359 429 τοὺς
1377 397 1458 433 μηδὲν
1481 396 1663 431 ἀδικήσαντας
1687 395 1810 430 φονεύειν.

1026 447 1076 475 Διὰ
1091 448 1118 474 τί
1133 447 1161 474 δὲ
1178 445 1368 482 συνεχώρησεν
1381 446 1395 472 ὁ
1406 444 1473 476 Θεὸς
1489 443 1664 479 ἀναιρεθῆναι
1680 442 1726 469 τὸν
1741 442 1812 468 Γοῑο-

1026 495 1097 526 λίαν,
1119 493 1214 529 ἑτέρου
1232 492 1266 519 ἂν
1284 491 1328 527 εἴη
1349 491 1429 526 λόγου
1445 490 1493 517 καὶ
1509 490 1564 516 τῶν
1585 489 1738 524 ἀνεφίκτων
1758 497 1812 524 κρι-

1029 541 1123 576 μάτων
1135 539 1183 566 τοῦ
1199 539 1277 566 Θεοῦ,

1065 586 1120 614 Τοῦ
1136 585 1240 613 αὑτοῦ.
1263 584 1315 611 Τὸν
1335 583 1478 619 ἄνθρωπον
1498 583 1562 610 ὅντα
1577 582 1625 609 καὶ
1641 581 1759 616 ἐπιεικῆ
1772 581 1812 607 καὶ

1026 633 1159 668 τοσαύτης
1183 631 1318 663 Ἰουδαίοις
1336 630 1503 666 προστασίας
1522 629 1706 665 μεταδιδόντα.
1724 628 1812 654 Καίτιι

1028 681 1158 715 προεῖπον
1171 677 1274 709 πολλοὶ,
1292 677 1344 708 ὅτι,
1366 675 1565 710 Ἀναιρήσομεν
1584 674 1676 700 αὐτόν.
1698 671 1780 704 Οὗτος
1788 673 1812 699 δὲ

1026 726 1077 752 οὐκ
1093 724 1233 760 ἠνέσχετο,
1253 722 1309 748 ἀλλ’
1325 720 1458 748 ἀπώλετο.
1483 719 1552 747 Ἀλλ’
1567 719 1598 746 οὐ
1614 718 1695 745 τοῦτο
1709 718 1812 752 γέγονεν

1026 770 1111 798 αἴτιον
1127 769 1177 805 τῆς
1193 768 1306 795 καθόδου
1323 768 1378 799 τοῖς
1401 766 1549 798 Ἰουδαίοις,
1563 764 1619 792 ἀλλ’
1635 765 1725 791 οἰκεία
1737 772 1812 798 πονη-

184 814 291 841 Etenim
314 813 337 841 si
354 812 454 841 dicenti
470 812 492 828 ³⁸
507 821 513 839 :
532 811 572 838 Ne
591 812 708 838 timeatis
725 820 741 837 ιι
755 811 823 846 facie
835 809 958 836 Chaldazo

1062 825 1081 842 ι.
1105 816 1137 842 Et
1162 814 1218 850 γὰρ
1242 813 1338 848 ἐκείνῳ
1364 813 1481 846 λέγοντι,
1507 811 1556 845 Μὴ
1581 809 1735 846 φοϐηθῆτε
1759 809 1811 836 ἀπὸ

183 868 260 891 rum,
284 859 365 886 ﬁdem
391 858 594 894 prestiterunt,
622 856 678 884 Deo
704 855 862 890 prmdicenti
887 855 976 882 multo

186 905 283 940 magis.
315 905 356 931 An
382 911 448 932 vero
473 903 556 931 homo
584 902 636 930 lide
661 902 772 938 dignus,
799 909 854 929 non
884 905 976 929 autem

188 950 278 979 Deus?

452 1028 454 1031 9
484 994 561 1022 car.
586 992 676 1021 XLIV.

219 1043 265 1070 21.
300 1042 392 1069 Nonne
417 1041 517 1068 incensi
549 1040 618 1075 quod
646 1038 804 1066 adolebalis.
839 1037 977 1065 Construe

186 1087 261 1120 illud,
277 1091 360 1114 non‘ne
374 1088 490 1120 incensi,
508 1094 569 1114 cum
586 1085 650 1118 illo,
663 1085 817 1112 recordatus
831 1088 870 1110 est
882 1083 976 1110 Domi-

183 1142 245 1161 nus.
267 1132 439 1160 Manifestum
466 1139 549 1167 porro
568 1136 610 1158 est
635 1130 668 1157 de
682 1130 716 1157 iis
731 1136 886 1157 sermonem
904 1136 974 1163 esse,

185 1180 232 1214 qui
250 1179 330 1207 idolis
343 1179 498 1206 adolebant.
526 1176 573 1204 Eis
583 1177 656 1204 enim
675 1176 727 1203 hoc
742 1175 902 1207 fatentibus,
917 1175 976 1203 hac

185 1226 350 1253 inferuntur.
379 1225 513 1252 Caeterum
528 1223 728 1255 examinemus,
754 1230 788 1249 an
804 1222 828 1249 si
841 1221 903 1256 quis
921 1221 976 1248 Deo

184 1271 320 1299 adolendo
333 1278 386 1298 non
405 1275 436 1297 ut
450 1269 593 1300 convenit,
617 1275 700 1295 causa
717 1267 752 1294 sit
769 1270 799 1293 ut
813 1271 885 1293 terra
902 1266 975 1293 invia

184 1319 240 1346 ﬁat.
259 1317 341 1353 Igitur
355 1316 377 1343 si
390 1321 415 1343 et
427 1314 555 1343 sensibile
568 1314 709 1341 incensum
725 1311 882 1340 Iudaeorum
900 1319 976 1339 more

184 1363 279 1395 olTers,
293 1363 420 1389 virtutem
434 1361 498 1388 dum
513 1359 665 1395 possideas,
681 1357 762 1386 oﬂers
773 1357 874 1385 bonum
884 1378 891 1390 ,
907 1365 975 1385 con-

184 1408 342 1436 cordanlem
361 1405 463 1432 habens
476 1404 614 1431 internum
629 1403 756 1436 odorem;
779 1410 841 1430 cum
855 1401 975 1437 nequitia

184 1461 249 1481 vero
267 1453 289 1480 si
305 1451 403 1480 offeras
419 1450 496 1486 quasi
514 1453 542 1477 et
558 1455 700 1477 externum
716 1447 828 1476 odorem
843 1448 976 1475 contami-

1028 861 1190 896 προσώπου
1202 859 1262 887 τῶν
1277 858 1445 890 Χαλδαίων,
1461 856 1639 891 ἐπείσθησαν,
1653 855 1745 890 πολλῷ
1757 854 1812 890 μᾶ).-

1026 908 1071 935 λον
1092 907 1133 943 τῷ
1149 906 1208 942 Θεῷ
1233 905 1401 942 προλέγοντι.
1417 902 1457 932 Ἦ
1481 903 1623 939 ἄνθρωπος
1649 902 1698 938 μὲν
1714 901 1812 935 ἀξιόπι-

1028 962 1089 986 στος
1105 951 1150 989 ἦν,
1165 954 1179 980 ὁ
1194 952 1222 980 δὲ
1238 952 1304 984 Θεὸς
1320 952 1430 984 arinen;

1340 997 1419 1024 ΚΕΦ.
1439 996 1504 1023 MA’.

1060 1046 1106 1073 2L
1124 1044 1197 1079 Οὐχὶ
1211 1043 1266 1070 τοῦ
1279 1041 1471 1077 θυμιάματος,
1490 1038 1526 1068 οὗ
1543 1039 1733 1074 Munitionis.
1749 1037 1811 1064 Σύν-

1025 1091 1105 1125 ταξον
1115 1091 1157 1122 τὺ,
1173 1088 1304 1124 οὺχίτοῦ
1325 1087 1517 1122 θυμιάματος,
1538 1085 1606 1122 πρὸς
1625 1085 1667 1117 τὸ,
1682 1083 1810 1119 ἐμνήσθη

1026 1138 1145 1171 Κύριος.
1162 1135 1246 1171 Δῆλον
1263 1134 1313 1170 μὲν
1328 1131 1374 1160 οὖν
1388 1133 1472 1165 ἐστιν,
1495 1131 1532 1163 ὡς
1548 1131 1614 1166 περὶ
1633 1130 1689 1157 τῶν
1703 1131 1758 1161 τοῖς
1776 1129 1810 1155 sle

1025 1182 1119 1214 δώλοις
1135 1180 1295 1216 θυμιῶντων
1313 1178 1390 1215 φησί.
1406 1178 1491 1205 Τοῦτο
1509 1177 1564 1213 γὰρ
1580 1176 1670 1204 αὐτῶν
1686 1175 1811 1210 ὁμολογη-

1027 1228 1141 1259 σάντων,
1163 1225 1295 1260 ἐπάγεται
1311 1225 1345 1251 τὰ
1364 1224 1542 1260 προκείμενα.
1557 1221 1630 1257 Πλὴν
1644 1221 1810 1255 ἐξετάσωμεν

1026 1274 1050 1300 εί
1066 1273 1112 1299 καὶ
1125 1271 1185 1307 Θεῷ
1200 1279 1242 1302 τις
1256 1269 1372 1306 θυμιῶν,
1387 1269 1425 1300 ὡς
1440 1269 1470 1295 οὺ
1489 1268 1538 1300 δεῖ,
1556 1266 1603 1294 τοῦ
1620 1267 1722 1294 ἄϐατον
1741 1264 1810 1299 γενέ-

1026 1319 1088 1346 σθαι
1109 1318 1162 1354 γῆν
1177 1319 1265 1356 αἴτιος
1286 1316 1400 1351 γίνεται.
1417 1316 1472 1342 Καὶ
1490 1315 1521 1341 τὺ
1535 1313 1664 1349 αἰσθητὸν
1688 1312 1775 1339 τοίνυν
1788 1310 1810 1336 εί

1026 1365 1174 1400 προσάγεις
1199 1362 1270 1390 κατὰ
1295 1362 1359 1394 τοὺς
1393 1360 1536 1393 Ἰουδαίους
1563 1359 1692 1395 θυμίαμα
1715 1357 1810 1394 ἀρετὴν

1028 1410 1077 1446 μὲν
1095 1408 1175 1444 ἔχων,
1193 1406 1342 1443 προσάγεις
1359 1405 1440 1432 καλὸν
1461 1404 1604 1440 σύμφωνον
1619 1403 1690 1438 ἔχων
1703 1403 1753 1438 τὴν
1773 1401 1812 1427 ἓν·

1025 1454 1102 1482 δοθεν
1121 1452 1244 1484 εὐωδίαν,
1263 1451 1331 1488 μετὰ
1348 1450 1447 1482 κακίας
1463 1449 1638 1486 προσφέρων,
1655 1448 1735 1476 οἱονεί
1757 1456 1811 1477 πως

184 1507 264 1531 nans,
279 1498 312 1525 ad
325 1497 537 1534 graveoientiam
553 1494 702 1528 transfers,
715 1494 825 1529 quando
840 1493 905 1520 illud
920 1493 958 1521 dit

1062 1501 1074 1526 I.
1090 1500 1139 1535 τὴν
1155 1498 1269 1526 εὐωδίαν
1291 1498 1340 1533 τὴν
1357 1496 1409 1530 ἔξω
1429 1495 1575 1532 χρωννύων
1596 1494 1666 1530 πρὸς
1684 1494 1811 1521 δυσωδίαν

184 1553 238 1572 non
254 1549 344 1579 potest
356 1543 378 1559 ”
393 1553 400 1570 :
417 1542 551 1570 Odoraluc
563 1545 601 1568 est
618 1541 746 1567 Dominus
764 1540 870 1567 odorem
885 1540 974 1566 suavi-

185 1590 260 1622 tatis,
285 1589 331 1617 sed
354 1588 534 1616 contrarium.
562 1586 636 1615 Odor
656 1594 721 1614 vero
746 1586 889 1614 suavitatis
902 1585 972 1620 apud

185 1634 282 1666 Deum,
299 1642 353 1661 non
367 1633 526 1660 animalium
541 1641 555 1660 a
572 1633 628 1660 Noe
643 1633 809 1664 obiatoruin,
827 1639 888 1666 qua:
905 1638 972 1666 pura

185 1683 280 1706 vocata
296 1683 369 1710 sunt,
386 1679 433 1706 sed
447 1678 561 1713 Justilim
573 1678 655 1711 illius,
668 1677 897 1714 perfectionisque
912 1685 972 1712 quae

183 1729 243 1752 erat
264 1724 316 1760 ipsi
338 1724 364 1751 in
380 1725 554 1760 generatione
575 1733 639 1757 sua;
660 1724 731 1751 Deus
746 1724 818 1751 enim
840 1724 973 1759 sanguine

185 1770 334 1805 nidoreque
357 1778 410 1796 non
436 1770 544 1805 gaudet,
561 1770 640 1797 sicuti
657 1770 806 1797 daamones.
837 1769 971 1796 Cancrum

183 1816 307 1851 quicum
323 1815 433 1843 Christo
453 1816 669 1848 resurreximus,
694 1823 755 1851 quae
777 1823 886 1843 sursum
908 1820 973 1842 sunt

182 1869 350 1896 qureramus,
376 1861 442 1888 illud
467 1861 559 1888 animo
581 1861 733 1896 cogitantes
747 1861 769 1877 "’
783 1870 790 1888 :
805 1860 870 1887 Fiat
884 1861 971 1887 oratio

181 1915 240 1934 mea
263 1907 330 1933 sicut
347 1907 483 1933 incensum
505 1907 532 1932 in
548 1911 687 1940 conspectu
709 1910 765 1933 tuo.
795 1905 881 1933 Sicuti
899 1906 970 1933 enim

181 1950 300 1978 Joannes
312 1951 339 1978 in
350 1950 511 1986 Apocalypsi
524 1951 562 1977 ait
574 1950 597 1967 ³⁸
613 1960 618 1978 :
636 1950 749 1978 Incensa
762 1956 823 1978 sunt
837 1951 970 1978 orationes

181 2003 344 2024 sanctorum.
376 1997 428 2024 Sed
451 1997 474 2024 si
494 1996 707 2032 cogitationibus
723 1996 796 2023 illam
813 1997 904 2031 pravis
919 1996 970 2024 fce-

180 2044 287 2077 demus,
305 2044 438 2079 contingit
451 2044 517 2071 illud
533 2044 556 2060 ³⁹
572 2053 578 2071 :
599 2044 693 2071 Oratio
709 2051 799 2070 eorum
813 2044 862 2078 ﬁat
873 2044 901 2070 in
911 2051 970 2078 pec-

180 2094 286 2121 catum;
305 2090 346 2117 vel
360 2090 524 2122 econtrario,
537 2090 558 2116 si
574 2098 606 2116 ex
619 2089 724 2124 justitia
739 2090 909 2117 oraverimus
920 2096 970 2124 pro

182 2135 216 2162 iis
229 2135 276 2169 qui
297 2135 333 2162 ob
347 2139 459 2170 peccata
478 2135 573 2162 dicunt
585 2135 609 2152 ⁸ο
626 2144 632 2162 :
648 2134 812 2161 I’utruerunt
832 2139 856 2161 et
878 2143 969 2161 corru-

180 2185 233 2215 pta:
248 2184 309 2207 sunt
322 2181 459 2207 cicatrices
475 2188 539 2207 mea:
553 2189 569 2206 α
587 2180 655 2214 facie
672 2180 832 2215 insipientia:
847 2189 921 2214 mem,
939 2180 969 2208 Iit

181 2227 322 2254 incensum
338 2226 435 2254 fetens.
453 2225 624 2261 Quapropter
635 2225 720 2253 Isaias
735 2226 804 2253 dixit
817 2227 838 2243 ιι
858 2236 864 2253 :
884 2226 915 2254 Si
928 2231 970 2253 tu-

180 2273 264 2299 leritis
273 2272 324 2307 31
331 2273 352 2306 ι
360 2272 549 2307 similaginem,
566 2280 755 2306 supervacuum
768 2273 904 2299 incensum
916 2277 967 2304 est,

180 2317 387 2344 abominandum
400 2318 464 2344 mihi
479 2323 528 2345 est.
539 2317 624 2345 Porro
637 2319 775 2354 quomodo
787 2319 822 2347 sit
832 2319 965 2346 orandum

179 2365 273 2391 docuit
288 2364 446 2399 Apostolus,
466 2364 560 2392 dicens
587 2363 610 2381 δ’
635 2374 642 2392 z
672 2363 735 2391 Volo
752 2365 870 2392 homines
889 2373 966 2392 orare

178 2410 250 2437 omni
265 2410 332 2442 loco.
345 2410 472 2445 erigentes
485 2416 591 2437 sanctas
608 2417 716 2445 manus,
738 2411 795 2438 sine
814 2411 856 2438 ira
870 2416 895 2438 et
907 2419 967 2446 per-

177 2457 260 2484 versis
274 2457 487 2492 cogitationibus.
507 2456 671 2492 Huiusmodi
686 2464 784 2484 manus
801 2464 864 2485 cum
878 2458 965 2492 erige-

178 2508 272 2531 rentur
288 2502 406 2539 Moysis,
424 2503 508 2530 Israel
522 2504 663 2538 vincebat;
681 2511 742 2532 cum
765 2511 831 2531 vero
853 2507 966 2530 centra-

179 2549 318 2582 lierentur,
336 2548 461 2576 vincebat
480 2549 600 2578 Amalec.
632 2549 684 2583 Qui
699 2550 739 2577 sic
757 2554 834 2582 orat,
850 2557 904 2576 non
919 2555 966 2583 spe

178 2594 335 2627 frustratur,
360 2602 423 2622 cum
436 2603 529 2622 verum
546 2596 581 2624 sit
598 2595 699 2624 dictum
718 2595 785 2623 illud
799 2595 822 2611 ⁸³
838 2604 845 2622 :
872 2595 965 2623 Adhuc

177 2645 202 2666 te
220 2640 340 2675 loquente
356 2640 423 2667 dicet
438 2647 448 2666 :
463 2639 529 2667 Ecce
540 2641 644 2669 adsum.
662 2641 810 2668 Pravorum
826 2640 908 2676 igitur
923 2641 966 2668 in-

178 2691 289 2712 censum
299 2705 307 2718 .
322 2686 420 2720 inquit,
432 2694 487 2714 non
499 2691 604 2721 poterat
618 2687 750 2714 Dominus
765 2687 892 2718 tolerare,
911 2687 964 2714 sic-

214 2741 236 2758 "
247 2741 345 2770 Jerem.
364 2753 407 2777 xu,
427 2745 454 2771 9.
512 2745 535 2760 "
548 2744 646 2772 Cenes.
665 2752 725 2777 vni,
741 2744 786 2771 21.

179 2784 281 2810 xum,
309 2778 335 2804 6.
374 2780 395 2795 ⁸⁸
418 2779 469 2806 Isa.
485 2787 503 2812 ι,
520 2779 561 2806 I3.

841 2744 863 2759 ³⁷
883 2743 954 2770 Psal.
970 2751 1030 2774 οη,
1045 2744 1073 2770 2.

616 2780 637 2794 ⁵¹
655 2779 663 2805 I
679 2779 750 2806 Tim.
770 2787 798 2812 ιι,
815 2778 841 2806 8.
888 2778 910 2794 ⁸³
926 2778 976 2805 lsa.
996 2787 1073 2812 LVIII,
1089 2779 1116 2806 9.

1027 1547 1199 1582 μεταποιεϊς·
1215 1545 1259 1571 ὅτε
1272 1543 1322 1570 οὐκ
1340 1542 1374 1570 ἂν
1387 1541 1497 1577 λεχθείη
1514 1540 1556 1572 τὸ,
1575 1539 1746 1575 Ὠσςρράνθη
1757 1540 1812 1566 Κύ-

1020 1601 1087 1626 ριος
1110 1590 1210 1625 ὀσμὴν
1234 1589 1371 1621 εὐωδίας,
1396 1587 1463 1614 ἀλλὰ
1487 1586 1654 1614 τούναντίον.
1675 1586 1762 1620 Ὀσμὴ
1782 1584 1811 1619 δὴ

1024 1638 1136 1668 εὐωδίας
1164 1635 1241 1671 παρὰ
1263 1635 1323 1670 Θεῷ
1347 1635 1379 1661 οὺ
1404 1633 1458 1660 τῶν
1479 1632 1716 1669 προσενεχθέντων
1742 1630 1812 1665 παρὰ

1023 1683 1084 1710 Νῶε
1102 1681 1180 1714 ζώων
1195 1681 1325 1716 καθαρῶν
1339 1679 1500 1715 εἰρημένων,
1522 1678 1590 1705 ἀλλὰ
1611 1679 1663 1712 τῆς
1678 1676 1812 1703 δικαιοσύ-

1023 1738 1073 1766 νης
1087 1727 1167 1755 αὑτοῦ
1182 1728 1230 1754 καὶ
1243 1727 1292 1762 τῆς
1304 1726 1483 1761 τελειότητος,
1501 1724 1573 1760 ἅπερ
1587 1722 1621 1760 ἦν
1641 1724 1724 1755 αὐτὸς
1735 1724 1764 1749 ὲν
1781 1723 1811 1756 τῇ

1023 1775 1107 1810 γενεᾷ
1123 1773 1216 1800 αὑτοῦ.
1232 1773 1299 1804 Θεὸς
1317 1772 1373 1808 γὰρ
1388 1772 1485 1806 αἵματι
1503 1771 1549 1797 καὶ
1565 1769 1691 1801 κνίσσαις
1704 1770 1736 1795 οὐ
1755 1768 1812 1802 τέρ-

1023 1829 1114 1851 πεται,
1130 1819 1254 1854 καθάπερ
1269 1819 1294 1845 οἱ
1307 1817 1442 1853 δαίμονες.
1459 1816 1533 1852 Πλὴν
1548 1816 1586 1847 ὡς
1608 1815 1813 1850 συνεγερθέντες

1022 1866 1143 1902 Χριστῷ,
1162 1865 1196 1892 τὰ
1210 1865 1266 1892 ἄνω
1286 1863 1457 1900 ζητήσωμεν,
1478 1863 1518 1894 είς
1535 1861 1598 1889 νοῦν
1615 1861 1758 1896 εἰληφότες
1775 1859 1811 1885 τό·

1022 1912 1181 1946 Γενηθήτω
1194 1912 1213 1946 ἡ
1232 1909 1386 1944 προσευχὴ
1402 1918 1461 1944 μου
1483 1908 1524 1941 ὡς
1542 1908 1674 1942 θυμίαμα
1687 1905 1813 1933 ἐνώπιόν

1021 1967 1095 1986 σου·
1117 1957 1188 1985 καθὰ
1218 1957 1273 1992 γὰρ
1301 1956 1428 1990 Ἰωάννης
1456 1954 1486 1980 ἐν
1514 1952 1700 1988 Ἀποκαλύψει
1733 1951 1811 1987 φησί’

1022 2003 1194 2039 Θυμιάματά
1209 2004 1288 2029 εἰσιν
1302 2003 1331 2029 αἱ
1346 2000 1513 2035 προσευχαὶ
1530 1998 1590 2026 τῶν
1609 1999 1715 2034 ἁγίων.
1747 1997 1806 2024 Ἀλλ

1020 2053 1045 2079 εί
1066 2052 1114 2087 μὲν
1134 2051 1276 2086 λογισμοῖς
1290 2048 1393 2084 ταύτην
1411 2047 1570 2083 μολύνωμεν
1588 2047 1731 2081 πονηροῖς,
1749 2053 1813 2079 σωμ-

1020 2097 1107 2124 ϐαίνει
1123 2097 1161 2123 τό·
1189 2096 1220 2122 Ἠ
1231 2094 1388 2130 προσευχὴ
1401 2092 1501 2120 αὐτῶν
1515 2092 1648 2127 γενέσθω
1662 2092 1707 2124 εις
1722 2091 1812 2125 ἀμαρ-

1020 2145 1087 2171 τίαν
1098 2164 1106 2176 ,
1126 2143 1142 2178 ἣ
1156 2143 1195 2173 εἰς
1209 2141 1239 2167 τὸ
1250 2140 1380 2172 ἐναντίον,
1399 2138 1447 2166 ἐὰν
1465 2139 1520 2165 ἀπὸ
1534 2137 1712 2172 δικαιοσύνης
1733 2136 1813 2169 εὐξώ-

1023 2187 1093 2222 μεθα
1115 2184 1229 2212 ἐπὶτῶν
1247 2184 1280 2210 δι’
1298 2183 1436 2220 ἁμαρτίας
1453 2183 1599 2217 λεγόντων·
1615 2181 1812 2216 Προσώζεσαν

1021 2232 1070 2259 καὶ
1092 2231 1253 2264 ἐσάπησιιν
1274 2231 1301 2256 οι
1321 2228 1467 2265 μώλωπές
1481 2237 1542 2263 μου
1567 2226 1627 2254 ἀπὸ
1648 2227 1812 2262 προσώ-τευ

1021 2275 1076 2310 τῆς
1093 2275 1269 2310 ἀφροσύνης
1293 2282 1368 2309 μου,
1397 2274 1502 2308 γίνεται
1531 2273 1563 2300 τὸ
1591 2272 1720 2308 θυμίαμα
1751 2272 1811 2298 δυσ-

1021 2320 1096 2352 ῶδες.
1131 2320 1231 2355 Διόπερ
1260 2319 1372 2351 Ἡσαΐας
1402 2316 1495 2345 εἶπεν·
1525 2318 1596 2345 Ἐὰν
1622 2317 1737 2352 φέρητε
1763 2325 1810 2344 σσ-

1017 2368 1157 2402 μίὸαλιν,
1176 2366 1305 2401 μάταιον
1320 2366 1461 2400 θυμίαμα,
1483 2364 1644 2400 βδέλυγμά
1658 2373 1711 2399 μοι
1737 2364 1811 2391 ἐστί.

1020 2414 1087 2440 Τίνα
1102 2413 1129 2440 δὲ
1142 2413 1241 2449 τρόπον
1261 2412 1382 2443 εὐκτέον,
1399 2411 1516 2443 ἐδίδαξεν
1538 2411 1552 2437 ὸ
1579 2410 1744 2441 Ἀπόστολος
1769 2409 1811 2435 λέ-

1017 2469 1089 2496 γωνι
1119 2461 1269 2495 Βούλομαι
1295 2459 1367 2492 τοὺς
1392 2457 1505 2492 ἄνδρας
1527 2457 1757 2491 προσεύχεσθαι
1777 2455 1810 2481 ἐν·

1020 2505 1110 2532 παντὶ
1122 2506 1212 2538 τόπῳ,
1225 2505 1404 2540 ἐπαίροντος
1416 2504 1522 2536 ὁσίους
1537 2502 1635 2538 χεᾷκις
1651 2502 1744 2537 χωρὶς
1763 2501 1808 2534 dp—

1021 2551 1076 2586 γῆς
1097 2550 1145 2578 καὶ
1166 2549 1376 2585 διαλογισμῶν.
1390 2549 1523 2576 Τοιούτων
1541 2548 1641 2584 χειρῶν
1663 2546 1810 2582 ὲπαιρομέρ

1019 2606 1072 2624 νων
1084 2596 1131 2623 τοῦ
1147 2596 1296 2627 Μωῡσέως,
1312 2595 1389 2622 ὲνίκα
1411 2594 1529 2630 Ἰσραήλ·
1544 2593 1769 2629 καταιρουμένων
1783 2591 1809 2618 δὲ

1018 2642 1096 2668 ἐνίκα
1120 2641 1135 2667 ὁ
1156 2639 1292 2676 Ἀμαλήκ.
1311 2640 1339 2666 '0
1357 2638 1443 2671 οὓτως
1460 2639 1606 2674 εὐχόμενος
1620 2638 1671 2664 οὐκ
1687 2638 1808 2669 ἀποτυγ-

1018 2687 1104 2722 χάνει,
1126 2686 1302 2722 ἀληθεύοντος
1316 2685 1363 2712 τοῦ
1382 2684 1473 2721 ῥητοῦ·
1492 2685 1558 2712 Ἔτι
1574 2684 1740 2716 λαλοῦντός
1752 2690 1808 2709 σου

1122 2744 1145 2760 ³³
1156 2744 1241 2779 Apoc.
1256 2751 1283 2777 ν,
1297 2743 1324 2770 8.
1381 2743 1404 2760 ⁸⁸
1424 2742 1497 2770 Psal.
1513 2749 1592 2774 cvm,
1611 2741 1638 2768 7.
1691 2742 1715 2757 “
1735 2738 1805 2766 Psal.
