1872 3048
86 108 134 138 581

697 107 853 138 SELECTA
873 108 906 137 IN
924 108 1109 138 JEREMIAM.

1650 115 1704 143 590

85 165 155 201 Epei'
174 166 248 194 Ἰδοὺ
260 166 389 202 πάρειμι.
406 167 467 195 Τῶν
477 162 525 194 οὖν
542 166 667 203 πονηρῶν
686 167 717 194 τὸ
730 167 849 204 θυμίαμα

943 173 948 195 ι
971 173 998 196 et
1020 176 1070 197 nos
1087 168 1150 196 licet
1172 168 1286 197 fetorem
1315 169 1432 204 aliquem
1455 171 1622 207 toleremus,
1643 181 1706 202 ονε.

87 213 178 247 φησὶν,
203 212 255 239 οὐκ
278 212 392 247 ἠδύνατο
421 212 521 249 Κύριος
545 212 585 240 ἔτι
612 212 716 249 φέρειν,
743 213 869 250 καθάπερ

86 258 174 293 ἡμεῖς,
191 258 243 284 κᾶν
266 257 459 294 ὑπομείνωμέν
476 267 537 285 τινα
557 258 700 292 δυσωδίαν,
715 259 773 286 ἀλλ’
785 257 868 286 οὖσαν

85 303 187 330 πλείονα
211 303 358 339 φεύγομεν.
377 304 432 330 Καὶ
446 304 460 330 ὁ
481 304 547 335 Θεὸς
568 302 626 336 οὖν,
652 304 749 340 μέτρον
768 305 868 341 ἀνοχῆς

84 349 156 383 ὶχων,
173 348 210 384 μὴ
231 349 428 384 μετανοοῦντας
448 349 622 385 μετέρχεται·
643 349 711 385 ὅπερ
731 349 778 376 ἐπὶ
804 350 866 377 Νῶε

85 394 228 429 πεποίηκε,
249 394 304 420 τῶν
324 394 385 421 τότε
407 393 638 430 πλημμελούντων
666 395 714 430 τὴν
735 394 866 422 δυσωδίαν

86 439 174 475 μηκέτι
197 439 291 476 φέρειν
308 439 468 476 δυνάμενος.
484 439 530 466 Διό
551 448 634 476 φησιν
649 439 679 466 ὲν
694 440 863 476 προφήταιςι

89 484 261 519 Ἑσιώπησα,
273 485 316 520 μὴ
327 485 376 512 καὶ
386 485 431 513 ἀεὶ
446 484 658 520 σιωπήσομι;

114 530 156 557 2L
171 531 226 558 Kal
242 531 369 566 ἐγενήθη
384 532 404 566 ἡ
423 531 461 566 γῆ
477 531 561 566 ὑμῶν
580 532 623 564 εὶς
638 531 796 567 ἐρήμωσιν.
820 532 864 564 Ὡς

87 576 131 612 γὰρ
146 577 279 613 σωμάτων
301 577 458 613 σεσηπάτων
472 577 486 603 ὁ
503 577 706 613 παρακείμενος
717 577 863 613 παραλαμ-

84 620 164 648 ϐάνων
183 623 239 658 ἀὴρ
258 622 306 649 καὶ
322 622 500 658 φθειρόμενος
515 622 636 658 λυπηρὸν
652 623 724 649 ποιεῖ
740 624 797 655 τοῖς
820 624 863 650 ὲν-

81 667 232 702 τυγχάνουσι
242 688 250 700 ,
267 668 314 695 καὶ
325 668 356 695 τὸ
372 667 471 704 χωρίον
483 668 581 695 ἄϐατον
595 668 709 702 γίνεται,
722 667 793 695 οὕτω
807 668 862 695 λοι-

82 711 126 740 πὸν
137 713 181 740 καὶ
191 713 433 751 ψυχῶν,ἀμαρτίαι
447 713 660 749 ἀπεργάζονται.

388 759 466 786 ΚΕΦ.
475 759 542 786 ΜΕ¹.

109 803 133 831 5.
151 802 323 837 Ὂτιεῒπας·
340 805 433 839 οἴμοι,
443 805 538 840 οἶμοι]
558 800 603 841 Τῷ
619 804 676 842 λαῷ
691 806 860 842 συμπάσχων

919 219 1040 243 scentem
1057 219 1148 243 tamen
1164 214 1294 251 fugimus.
1323 215 1356 243 Et
1380 215 1452 244 Deus
1474 225 1539 252 ergo
1557 219 1706 248 tolerantia:

918 259 1029 287 modum
1053 260 1157 289 habens
1178 261 1367 296 paenitentiam
1384 268 1438 289 non
1461 267 1570 296 agentes
1596 263 1707 294 ulcisci:-

917 309 978 337 tur;
995 305 1069 340 quod
1083 309 1205 341 tempore
1218 305 1275 334 Noe
1289 306 1362 340 fecit,
1379 315 1474 335 eorum
1487 308 1534 342 qui
1555 314 1620 336 tunc
1635 314 1706 337 tem-

919 351 994 386 poris
1015 350 1210 386 delinquebant
1230 351 1332 379 malum
1355 353 1466 380 odorem
1484 352 1555 380 ferre
1570 361 1623 380 non
1647 362 1707 382 am~

917 397 988 432 plius
1003 397 1107 425 valens.
1121 397 1211 430 Quare
1221 397 1260 424 ait
1275 398 1301 425 in
1316 399 1475 433 prophetis:
1490 398 1569 432 Salui,
1584 401 1704 434 nunun

915 447 940 469 et
955 450 1056 477 semper
1067 442 1174 470 tacebo?

949 527 994 555 2i.
1016 527 1050 555 Et
1070 528 1142 562 facta
1157 533 1195 556 est
1207 534 1278 556 terra
1291 534 1376 556 uestra
1391 529 1418 556 in
1438 530 1638 557 desolationem.
1652 531 1701 559 Vel

914 574 953 601 uti
970 574 1042 602 enim
1060 581 1075 602 e
1093 574 1253 609 corporibus
1270 574 1427 609 putrefactis
1445 575 1560 603 infectus
1576 577 1637 604 inde
1661 577 1702 603 vi-

913 619 992 647 cinus
1006 627 1053 647 aer
1072 620 1161 654 gravis
1181 625 1223 648 est
1239 621 1453 654 transeuntibus,
1470 626 1497 649 ct
1518 622 1593 650 locus
1612 622 1641 649 lit
1655 623 1700 649 in—

912 673 1050 698 accessus.
1070 666 1106 693 ita
1120 667 1198 700 plane
1215 670 1242 694 et
1259 667 1412 694 animarum
1436 672 1545 702 peccata
1567 668 1617 696 hoc
1632 676 1700 704 pra}-

912 716 996 740 stant.

1213 757 1288 786 CAP.
1309 758 1390 786 XLV.

945 803 972 830 3.
990 802 1060 836 Quia
1073 803 1167 830 dixisti
1181 810 1189 829 :
1206 803 1264 830 Heu
1280 804 1419 831 mihinu
1435 805 1508 832 mihi.
1524 804 1627 840 Populo
1636 813 1699 833 con-

80 849 175 885 Βαροὺχ
190 850 360 886 ἀπωδύρετο,
378 850 426 877 καὶ
441 850 513 883 ἀξιοῖ
533 850 598 887 περὶ
613 851 704 878 αὐτῶν
719 850 764 878 τὸν
781 851 847 878 Θεόν

943 849 1005 877 ιιειιε
1018 848 1124 876 Baruch
1141 848 1310 883 deplorahat,
1329 849 1468 885 Deumque
1480 858 1529 885 pro
1543 851 1596 878 illis
1610 856 1696 886 rogat.

79 894 117 921 Διὸ
130 895 259 930 λαμϐάνει
271 896 322 931 τῆς
337 896 366 922 ὲν
380 897 476 928 κακοῖς
489 895 617 932 βοηθείας
631 896 802 931 ἀπαγγελίαν
816 897 859 924 λέ-

80 948 162 974 γοντος
176 941 246 968 οὕτω
265 942 313 968 τοῦ
333 942 416 968 Θεοῦ·
436 942 495 976 οὒς
515 942 655 977 καθαιρῶ,
675 936 768 970 πάῖλιν
781 944 858 971 olito-

79 985 198 1020 δομήσω.
215 987 330 1023 Πρῶτον
349 988 404 1024 γὰρ
419 988 511 1022 ἀλγεῖν
529 989 614 1020 ποιεῖ,
635 989 682 1015 καὶ
698 989 779 1016 πάλιν
794 990 858 1016 ἀπο-

79 1032 225 1069 καθίστησι,
254 1033 302 1060 καὶ
325 1032 359 1060 τὰ
381 1033 428 1060 ἐπὶ
448 1033 563 1065 τούτοις.
591 1033 629 1060 Οὐ
652 1034 706 1070 γὰρ
724 1034 806 1061 δεκτά
822 1035 857 1062 τὰ

78 1077 173 1113 χρηστὰ
191 1077 227 1114 μὴ
245 1078 300 1105 τῶν
313 1078 405 1106 κακῶν
418 1079 659 1116 προανῃρημένων.
672 1079 738 1106 Λύει
747 1079 857 1116 γὰρκαὶ

77 1122 120 1155 τὰς
131 1123 265 1160 μοχθηρὰς
281 1124 336 1151 τῶν
346 1125 467 1151 ἀπίστων
483 1124 627 1160 οἰκοδομὰς
639 1125 676 1157 ὡς
688 1126 856 1161 ἀρχιτέκτων

76 1168 117 1203 τῆς
129 1170 227 1205 σκηνῆς
250 1169 302 1206 τῆς
318 1170 457 1206 ἀληθινῆς,
482 1170 515 1206 ἢν
531 1171 632 1206 ἔπηξεν
649 1172 729 1204 αὐτὸς
745 1173 791 1199 καὶ
806 1173 855 1200 οὐκ

76 1213 217 1249 ἄνθρωπος’
228 1217 294 1252 περὶ
308 1213 342 1252 ἧς
354 1225 436 1252 φησιν
452 1217 466 1244 ὁ
480 1216 586 1249 Παῦλος
596 1225 603 1232 ·
623 1217 697 1245 Θεοῦ
714 1218 854 1253 οἰκοδομή

76 1259 137 1287 ἐστε
148 1268 154 1275 ·
181 1261 227 1288 καὶ
244 1261 284 1294 ὡς
300 1261 422 1297 γεωργὸς
436 1262 545 1294 ὲκτίλας
561 1262 592 1289 τὸ
613 1263 651 1298 μὴ
675 1263 768 1290 ποιοῦν
788 1271 855 1300 καρ-

77 1305 133 1332 πόν·
149 1307 243 1342 (Πᾶσα
259 1307 314 1344 γὰρ
331 1308 446 1343 φυτεία,
462 1307 502 1342 ἢν
516 1309 572 1335 οὐκ
585 1308 752 1343 ἐφύτευσεν
765 1310 782 1336 ό
794 1310 854 1336 Πα-

77 1351 123 1385 τήρ
135 1361 192 1387 μου
209 1355 225 1380 o'
240 1353 278 1380 ἐν
291 1353 439 1387 οὐρανοῖς,
463 1353 689 1388 ἐκριζωθήσεται
699 1354 718 1389 ·)
737 1363 854 1389 καταφυ-

76 1398 138 1426 τεύει
163 1400 285 1435 ἄμπελον
310 1400 501 1436 καρποφόρον,
523 1400 554 1427 οὐ
577 1400 648 1428 κατά
668 1401 718 1436 τὴν
745 1401 785 1432 είς
810 1409 854 1427 πια

76 1443 145 1479 κρίαν
161 1447 399 1481 μεταστραφεῖσαν
419 1445 465 1472 καὶ
481 1445 606 1481 ἄκαρπον
619 1466 626 1478 ,
650 1445 684 1481 ἣν
703 1446 829 1472 ἐκκόπτει
844 1466 851 1478 ,

76 1489 113 1516 ἴνα
133 1491 208 1518 πάλιν
233 1491 319 1527 αὐτὴν
343 1491 472 1527 ἀληθινὴν
497 1491 688 1527 ἀπεργάσηται
715 1492 762 1519 καὶ
784 1492 852 1519 Θεοῦ

75 1532 203 1569 γεώργιον.
227 1535 308 1562 Οὕτω
324 1535 375 1570 τῆς
392 1535 421 1569 ἐξ
435 1536 571 1570 Αἰγύπτου
589 1535 697 1563 καθεῖλε
709 1536 753 1563 τὸν
783 1545 852 1572 φρα-

75 1579 145 1612 γμὸν,
163 1580 230 1616 ὑπὲρ
243 1578 278 1616 ἦς
293 1579 401 1615 εὔχεται
415 1581 484 1607 κατά
497 1581 541 1607 τὸν
554 1580 637 1608 Δαυτδ
647 1589 654 1596 ·
670 1580 852 1616 Ἐπίϐλεψον

74 1623 103 1656 ἐξ
117 1625 251 1659 οὐρανοῦ,
265 1627 317 1653 καὶ
330 1626 487 1660 ἐπίτρεψαι
504 1625 561 1660 τὴν
577 1625 714 1661 ἄμπελον
727 1627 850 1661 ταύτην.

75 1669 120 1695 Καὶ
131 1668 197 1698 οὗτοι
208 1671 300 1698 τοίνυν
314 1672 357 1698 ἐπ’
370 1671 505 1706 ὠφελείας
520 1671 691 1699 παιδεύονται
703 1680 710 1687 ·
732 1673 784 1698 ’ον
796 1672 852 1707 γὰρ

74 1714 162 1749 ἀγα-τᾷ
173 1717 291 1750 Κύριος,
308 1716 449 1743 παιδεύει.
469 1717 516 1749 Τίς
531 1716 586 1751 γάρ
595 1717 682 1743 ἐστιν
700 1718 717 1744 ό
731 1718 852 1752 εὐφραί-

75 1767 168 1795 νωνμε
182 1763 207 1789 εί
218 1762 261 1796 μὴ
273 1764 291 1789 ὁ
304 1763 494 1797 λυπούμενος
508 1761 542 1794 ἐξ
555 1762 647 1797 ἐμοῦ;
667 1763 696 1790 Ἡ
707 1763 762 1797 γὰρ
777 1763 853 1790 κατὰ

76 1805 138 1833 Θεὸν
150 1808 231 1842 λύπη
246 1807 409 1843 μετάνοιαν
423 1807 628 1843 ἀμετάϐλητον
640 1809 684 1841 εις
699 1809 852 1842 σωτηρίαν

74 1853 272 1887 κατεργάζεται.
288 1853 338 1880 Διά
351 1852 430 1880 τοῦτο
446 1853 500 1889 γὰρ
510 1854 605 1888 ὲπάγω
620 1854 691 1880 κακὰ
703 1853 750 1880 ἐπὶ
761 1855 851 1881 πᾶσαν

75 1895 162 1930 σάρκα,
176 1898 237 1929 τοὺς
246 1897 412 1934 φρονοῦντας
427 1897 461 1924 τά
477 1898 571 1933 γήϊνα.

104 1941 127 1968 5.
150 1942 202 1969 Kal
218 1942 306 1970 δώσω
320 1943 377 1977 τὴν
391 1943 497 1978 ⁴ιζλνυχήν
509 1950 577 1971 σου.
588 1943 717 1978 Εὐρίσκει
731 1944 786 1980 γὰρ
802 1943 850 1975 τὰς

74 1985 151 2022 ψυχὰς
168 1988 219 2014 τῶν
238 1989 352 2016 δικαίων
370 1989 384 2015 ὁ
402 1989 485 2021 Θεός”
504 1989 600 2024 ψυχαὶ
612 1990 666 2025 γὰρ
678 1989 800 2016 δικαίων
815 1989 850 2015 ἐν

74 2032 138 2065 χειρί
159 2033 245 2060 Θεοῦ·
273 2034 302 2060 αἱ
323 2033 351 2060 δὲ
374 2033 428 2060 τῶν
446 2034 615 2070 ἁμαρτωλῶν
631 2034 668 2066 ὡς
686 2034 753 2069 μηδὲ
771 2032 848 2061 οὖσαι

74 2075 219 2110 λογίζονται.

375 2124 452 2150 ΚΕΦ.
462 2125 531 2151 MH’.

910 893 1094 927 Quamobrem
1109 894 1203 922 auxilii
1220 894 1246 920 in
1263 894 1342 921 malis
1358 901 1519 929 responsum
1532 896 1640 930 accipIt,
1655 896 1697 922 ιιί-

908 944 987 968 cente
1011 940 1051 967 sic
1074 939 1128 967 Deo
1142 939 1187 966 “z
1208 939 1279 972 Quos
1301 939 1419 974 ἄρδιν-ιω,
1431 948 1522 967 rursus
1548 941 1696 976 aediﬁcabo.

908 985 1029 1013 Primum
1044 986 1117 1014 enim
1129 985 1250 1013 dolorem
1269 985 1400 1019 immittit,
1417 985 1515 1013 deinde
1532 987 1660 1020 restituit,
1670 993 1698 1015 ct

908 1039 970 1067 qum
993 1037 1155 1067 sequuntur.
1177 1030 1237 1058 Non
1260 1031 1332 1058 enim
1356 1031 1507 1066 probantur
1531 1032 1615 1064 bona,
1644 1033 1696 1061 nisi

907 1077 1022 1105 sublatis
1038 1084 1053 1104 e
1070 1077 1159 1104 medio
1178 1076 1268 1104 malis.
1285 1075 1370 1104 Solvit
1386 1078 1457 1104 enim
1478 1082 1504 1105 et
1522 1085 1619 1112 pravas
1633 1078 1696 1106 inli-

906 1122 1007 1150 delium
1026 1127 1187 1155 structuras,
1213 1126 1343 1157 tanquam
1356 1123 1413 1150 veri
1426 1123 1592 1151 tabernaculi
1606 1125 1696 1152 archi-

907 1172 1005 1201 tectus,
1029 1168 1101 1203 quod
1124 1168 1191 1204 ipse,
1217 1172 1243 1195 et
1270 1175 1326 1195 non
1350 1168 1433 1195 homo
1449 1168 1525 1196 fixit:
1541 1169 1575 1197 de
1591 1177 1645 1205 quo
1658 1171 1696 1198 ait

905 1213 1041 1242 Paulus“
1055 1224 1061 1242 :
1077 1214 1124 1242 Dei
1133 1214 1276 1249 redi/icium
1287 1214 1366 1246 estis;
1382 1218 1409 1242 et
1420 1219 1549 1250 tanquam
1564 1216 1693 1251 agricola.

905 1261 999 1288 evulso
1008 1260 1080 1296 quod
1096 1260 1295 1288 infructuosum
1309 1263 1369 1287 erat
1383 1260 1478 1294 (omnis
1497 1262 1569 1288 enim
1585 1262 1693 1296 planta-

906 1305 954 1338 tio,
969 1313 1049 1341 quam
1066 1313 1117 1332 non
1137 1305 1267 1340 plantavit
1286 1305 1370 1332 Pater
1382 1314 1452 1333 meus
1464 1306 1587 1338 caelestis,
1604 1308 1692 1334 eradi-

904 1351 1008 1378 cabitur
1021 1351 1069 1387 “);
1092 1351 1195 1386 plantat
1216 1349 1396 1384 fructiferanl,
1417 1359 1471 1379 non
1493 1359 1524 1379 ut
1543 1352 1615 1380 illam
1631 1360 1693 1388 qua:

904 1404 982 1425 versa
996 1401 1038 1425 est
1058 1397 1086 1424 in
1113 1396 1333 1429 amaritudinem.
1350 1401 1378 1424 et
1391 1396 1589 1425 infructuosam
1606 1406 1690 1433 quam

903 1443 1013 1476 excidit,
1027 1446 1057 1470 ut
1069 1450 1164 1470 rursus
1175 1450 1237 1470 eam
1246 1450 1338 1470 veram
1349 1442 1478 1471 elliciatct
1487 1444 1532 1471 Dei
1541 1444 1673 1472 culturam
1682 1454 1691 1477 ;

904 1489 944 1517 sic
964 1489 1037 1516 illius
1050 1496 1112 1524 quae
1132 1495 1166 1517 ex
1184 1488 1301 1524 [Egypto
1317 1489 1405 1522 venit,
1425 1497 1517 1524 sepem
1536 1491 1690 1524 destruxit;

903 1542 953 1571 pro
976 1542 1029 1569 qua
1053 1534 1202 1562 secundum
1226 1533 1309 1562 David
1324 1526 1451 1569 precatur
1467 1535 1509 1562 δτι
1534 1535 1642 1570 Respice
1659 1537 1691 1563 ιΙε

903 1580 977 1614 caelo,
995 1584 1021 1607 et
1032 1585 1137 1614 protege
1153 1579 1231 1607 vilem
1241 1579 1318 1606 hanc.
1337 1579 1369 1607 Et
1381 1579 1408 1607 lIi
1426 1580 1508 1615 igitur
1521 1588 1577 1608 sua:
1589 1581 1691 1609 utilita-

903 1626 938 1654 tis
954 1632 1038 1652 causa
1049 1624 1210 1652 erudiuntur
1226 1632 1231 1650 :
1252 1624 1336 1656 Quem
1354 1624 1424 1651 enim
1439 1623 1526 1660 diligit
1545 1625 1626 1657 Dens,
1643 1634 1690 1651 m-

902 1672 983 1706 uigat
995 1670 1019 1686 “
1032 1679 1039 1697 :
1054 1669 1119 1702 Quis
1135 1669 1205 1696 enim
1217 1669 1316 1704 estqui
1332 1678 1383 1697 non
1401 1670 1563 1701 consolatur,
1578 1671 1629 1697 nisi
1643 1679 1688 1702 qui

902 1725 919 1743 a
933 1725 973 1744 me
983 1724 1092 1743 mturare
1107 1715 1226 1750 afﬁcitur
1237 1715 1280 1742 “1’
1293 1714 1415 1742 Tristitia
1428 1716 1522 1750 quippe
1533 1724 1590 1750 qua:
1606 1724 1622 1742 a
1637 1716 1690 1742 lico

900 1762 1064 1795 immittitur,
1080 1761 1260 1796 paenitentiam
1275 1769 1334 1796 qua:
1348 1761 1505 1788 commutari
1522 1769 1574 1788 non
1592 1767 1688 1795 potest,

900 1807 936 1834 ad
960 1807 1074 1834 salutem
1096 1806 1262 1841 operatur".
1285 1805 1388 1833 Idcirco
1411 1806 1484 1833 enim
1499 1806 1598 1833 induco
1618 1807 1689 1834 Inala

901 1859 983 1886 super
997 1859 1108 1879 omnem
1122 1858 1246 1883 carnem,
1263 1857 1310 1878 eos
1326 1850 1448 1885 profecto
1462 1851 1508 1886 qui
1524 1855 1629 1878 terrena
1644 1859 1688 1879 su-

900 1897 987 1932 piunt.

935 1944 962 1972 5.
983 1942 1018 1969 Et
1040 1942 1109 1970 dabo
1135 1942 1254 1969 animum
1275 1946 1360 1969 tuam.
1377 1941 1482 1969 Invenit
1493 1941 1564 1969 enim
1582 1942 1687 1970 anima:

897 1990 1034 2025 justorum
1053 1987 1142 2020 Deus;
1159 1995 1222 2014 nam
1244 1987 1379 2022 justorum
1394 1987 1490 2014 anima:
1500 1987 1528 2014 in
1542 1995 1622 2015 manu
1641 1987 1687 2014 Dei

898 2039 959 2062 sunt
971 2035 1005 2062 ⁵⁸.
1017 2034 1051 2062 At
1061 2033 1219 2068 impiorum,
1234 2040 1266 2060 ac
1280 2032 1304 2060 si
1316 2040 1370 2060 non
1383 2037 1485 2066 essent,
1500 2033 1575 2060 nullo
1584 2033 1686 2061 haben-

899 2084 943 2107 tur
958 2080 985 2107 in
1001 2079 1096 2115 pretio.

1132 2125 1213 2160 312
1234 2123 1312 2152 CAP.
1331 2123 1448 2152 XLVIII.

104 2167 141 2195 I2.
158 2169 211 2196 Kal
228 2169 277 2196 διὰ
294 2169 382 2197 τοῦτο
405 2169 469 2197 ἰδοὺ
497 2170 601 2205 ἡμέραι
630 2170 723 2197 αὐτοῦ
743 2170 846 2205 ἔρχον-

943 2172 979 2199 12.
999 2171 1033 2199 Et
1044 2176 1180 2207 propterea
1192 2179 1249 2198 ecce
1263 2170 1318 2198 dies
1333 2170 1389 2205 ejus
1400 2171 1516 2204 veniunt,
1529 2176 1581 2199 etc.
1594 2171 1628 2198 Et
1644 2172 1683 2198 in-

74 2221 122 2240 rui.
146 2215 192 2247 Τὸ,
213 2215 378 2243 Κλινοῦσιν
398 2216 490 2243 αὐτὸν
504 2216 553 2243 καί
570 2217 606 2243 τὰ
627 2217 722 2251 σκεύη
752 2217 845 2244 αὑτοῦ

75 2260 252 2288 lenm-017m.
261 2261 297 2288 Σύ
302 2270 407 2298 μμαχος
415 2262 476 2298 ἔφη·
485 2262 539 2290 Kal
547 2261 735 2296 στρώσουσιν
742 2262 844 2295 αὑτὸν,

75 2306 156 2333 καὶτὰ
166 2309 258 2342 σκεύη
269 2309 364 2336 αὐτοῦ
374 2308 605 2336 ὲκκενώσουσιν·
616 2309 737 2344 ἐνέμεινε
747 2309 800 2344 γὰρ
811 2309 844 2344 τῇ

75 2352 149 2387 τροπῇ
160 2352 204 2379 τοῦ
215 2354 299 2386 οἴνου,
315 2353 401 2390 δηλῶν
413 2354 451 2386 ὼς
464 2354 518 2381 τῶν
527 2354 636 2388 ἀγαθῶν
650 2354 843 2390 κενωοήσεται.

75 2394 124 2421 Οὐκ
138 2397 232 2430 ἀγαθὸν
253 2398 342 2425 τοίνυν
362 2399 409 2425 καὶ
424 2399 440 2434 ὴ
459 2398 571 2434 εὐθηνία
583 2400 639 2431 τοῖς
656 2399 792 2432 ἀλαζόσιν,
807 2400 846 2431 ὼς

79 2439 115 2465 ui.
128 2441 163 2475 τῷ
175 2442 203 2467 ὲν
215 2442 265 2479 ᾄδῃ
283 2442 401 2478 πλουσίῳ
411 2463 418 2475 ,
437 2443 511 2478 δι’ἣν
529 2443 682 2475 ἐκολάζετο.
699 2443 739 2470 Τὰ
755 2443 783 2469 δὲ
799 2451 845 2470 κε-

78 2484 198 2520 ράσματα,
217 2488 255 2520 ὡς
278 2489 326 2515 ἐπὶ
343 2481 418 2515 οἴνου
432 2488 565 2523 ρηθέντα,
594 2489 712 2520 Ἀκύλας
733 2488 846 2522 ἐξέδωκε

76 2529 178 2566 κέρατα,
192 2534 259 2568 ὅπερ
276 2535 386 2569 ἀρχαῖον
404 2534 533 2570 ποτηρίου
546 2533 693 2569 ἐτύγχανεν
704 2532 787 2567 εἶδος·
801 2535 847 2562 κέ-

76 2583 129 2610 ρισι
144 2578 194 2614 γὰρ
208 2579 298 2606 ἔπινον
309 2587 316 2594 ·
334 2579 394 2606 ὅθεν
415 2579 462 2607 καὶ
477 2580 508 2606 τὸ
524 2581 639 2616 κεράσαι
655 2581 744 2615 λέγειν
761 2581 844 2616 παρέ-

76 2628 162 2655 μεινεν.
180 2625 289 2659 Ἀγγεῖα
300 2625 350 2660 μὲν
360 2623 405 2652 οὖν
417 2626 444 2652 αἱ
457 2625 559 2657 πόλεις,
570 2625 604 2652 τὰ
615 2626 643 2652 δὲ
657 2625 730 2652 ἔνδον
740 2626 845 2662 ἄνθρω-

75 2666 112 2693 ποί
128 2677 152 2694 τε
170 2670 215 2696 καὶ
233 2670 363 2702 πλοῦτος-
381 2671 418 2702 ὡς
432 2671 494 2703 τοὺς
514 2671 562 2706 μὲν
579 2672 736 2706 ἀπήγαγον,
753 2671 799 2698 τὴν
817 2671 845 2698 δὲ

104 2768 123 2783 ⁸⁸
137 2768 230 2798 Jerem.
250 2780 309 2803 XLV,
323 2773 349 2798 4.

75 2801 88 2829 ἳ
119 2803 138 2819 ⁵⁸
154 2804 171 2831 Il
185 2807 246 2834 Cor.
262 2801 308 2837 vn,
326 2807 368 2833 l0.
389 2807 409 2822 ⁵³
424 2807 486 2841 Sap.
503 2814 543 2838 III,
561 2806 585 2832 l.

898 2219 1034 2246 clinabunt
1047 2226 1117 2251 eum,
1127 2222 1152 2245 et
1163 2225 1226 2244 vara
1234 2217 1291 2252 ejus
1301 2218 1487 2253 comminuenl.
1506 2217 1685 2254 Symmachus

899 2264 982 2292 edidit
998 2273 1005 2291 :
1024 2263 1058 2291 Et
1074 2267 1188 2290 uernent
1201 2270 1271 2295 eum,
1282 2267 1308 2289 et
1323 2271 1385 2290 vasa
1397 2264 1454 2298 ejus
1468 2264 1637 2290 exhauriunt.
1655 2264 1683 2290 In

899 2309 1057 2344 metaphora
1071 2309 1144 2336 enim
1158 2309 1213 2336 vini
1232 2309 1358 2343 perstitit,
1373 2309 1452 2337 bonis
1470 2316 1531 2337 esse
1549 2317 1683 2336 evacuan-

899 2355 949 2382 dos
965 2362 1013 2382 eos
1029 2354 1172 2382 denotans.
1185 2352 1246 2380 Non
1261 2357 1303 2381 est
1317 2354 1408 2388 itaque
1424 2354 1489 2381 utile
1504 2354 1629 2388 superbis
1640 2361 1684 2381 re-

896 2407 957 2427 rum
967 2399 1046 2435 copia
1060 2399 1179 2433 allluere,
1190 2398 1260 2426 sicut
1271 2402 1298 2426 ct
1309 2398 1385 2426 diviti
1398 2399 1425 2425 in
1440 2398 1557 2432 inferno,
1573 2403 1682 2433 propter

897 2444 970 2479 quod
986 2445 1136 2472 sustinebat
1155 2451 1260 2479 punias.
1285 2443 1412 2471 Misturas
1435 2447 1537 2477 autem,
1551 2443 1630 2478 quasi
1648 2444 1682 2470 dc

897 2491 961 2517 vino
980 2490 1077 2523 dictasI
1099 2490 1197 2524 Aquila
1212 2489 1337 2524 exposuit
1352 2497 1462 2522 cornua,
1479 2497 1538 2523 qua:
1553 2489 1616 2516 olim
1633 2496 1683 2523 po-

898 2536 952 2563 culi
964 2543 1050 2571 gcnus
1065 2540 1159 2569 erant;
1177 2535 1308 2563 cornibus
1322 2534 1394 2562 enim
1416 2534 1553 2566 bibebant,
1570 2534 1641 2562 unde
1654 2537 1682 2562 et

897 2581 1014 2616 κεράσαι
1032 2588 1094 2614 vox,
1109 2581 1161 2608 hoc
1172 2585 1214 2608 est
1228 2584 1384 2615 lenlperare,
1397 2579 1526 2607 manavit.
1544 2578 1615 2606 Vasa
1628 2579 1680 2606 ita-

898 2633 952 2660 que
975 2631 1039 2653 sunt
1062 2626 1160 2658 urbes;
1183 2633 1244 2660 quae
1260 2632 1323 2653 vero
1337 2625 1420 2656 intus,
1437 2624 1560 2652 homines
1578 2628 1642 2651 sunt
1655 2628 1682 2651 et

898 2671 1008 2698 divitiaz.
1025 2672 1065 2698 Ita
1085 2671 1145 2699 illos
1162 2670 1270 2706 quidem
1288 2670 1468 2702 abduxerunt,
1487 2671 1536 2698 has
1550 2677 1614 2697 vero
1626 2668 1682 2704 igni

388 2772 410 2787 ‘5
427 2771 509 2798 lCor.
526 2779 566 2798 III:
583 2771 609 2798 9.
649 2771 671 2788 δα
684 2771 776 2798 Matth.
797 2779 841 2805 xv,
861 2771 904 2799 13.
944 2772 964 2788 ’⁵⁷
979 2771 1051 2800 Psal.
1069 2779 1162 2806 mus,
1177 2772 1222 2798 I5.
1253 2773 1275 2788 ⁸⁸
1290 2772 1369 2800 Ichr.
1391 2773 1469 2806 xu,6.
1501 2774 1523 2789 ‘9
1537 2772 1557 2800 Il
1570 2773 1634 2801 Cor.
1648 2779 1680 2806 II,
