1872 3048
189 66 236 93 59!

894 65 939 93 EX
959 65 1108 94 ORIGENE
1762 69 1801 98 53!

185 122 366 150 tradiderunt.
378 122 526 150 Calamitas
541 129 622 157 parto
631 121 777 150 confundit
789 130 864 157 spem
878 122 906 150 in
918 122 952 150 da

1041 122 1190 157 νέπρησαν.
1203 119 1386 156 Καταισχύνει
1400 121 1429 148 δὲ
1442 121 1491 153 τὰς
1506 121 1552 148 ἐπὶ
1568 122 1694 158 δαίμοσιν
1706 123 1804 158 ἐλπίδας

185 168 314 196 monibus
328 169 457 200 positam,
473 176 530 202 spes
547 172 636 194 autem
653 168 681 194 in
696 167 779 195 Deum
795 176 846 194 non
860 168 974 202 confun-

185 215 224 242 dit
239 214 272 241 ".
288 213 317 241 In
337 214 430 242 Betltel
452 219 542 241 autem
562 214 648 241 erexit
668 212 811 240 Jeroboam
827 213 927 241 vitulos
947 214 973 241 in

186 261 320 288 Samaria.
339 259 398 288 Non
411 265 501 288 autem
515 260 562 295 qui
575 259 640 287 dicit
650 267 680 286 se
690 258 786 286 fortem
797 267 868 291 esse,
881 260 974 287 salvus

185 309 224 335 Iit.
248 307 309 334 Non
331 309 401 335 enim
425 307 543 333 solvatur
565 313 611 332 retr
631 310 736 340 propter
757 305 868 331 ntultam
884 306 974 332 uirtu-

185 353 279 380 tem”.
295 353 358 380 Dies
383 357 472 380 autem
496 351 591 385 Moab,
614 356 719 386 tempus
739 356 781 378 est
807 351 970 385 punitiOnis;

184 399 287 426 malitia
313 406 389 431 vero,
412 398 519 426 dolores
543 405 612 432 quos
640 397 685 424 ille
712 398 845 432 patietur;
872 398 972 426 excitat

189 453 254 473 vero
270 453 366 473 omnes
380 445 426 479 qui
442 445 468 471 in
489 444 603 471 circuitu
619 448 694 476 sunt,
716 448 745 470 ιιι
758 443 897 471 insultent.
914 443 971 471 Hoc

181 492 254 519 enim
268 491 319 518 sibi
337 491 392 518 \‘ult
405 490 481 521 illud,
498 495 594 516 movete
607 489 642 520 ",
655 489 707 516 Itoc
723 494 764 516 est
780 489 812 516 ad
826 489 969 517 confusio-

182 545 254 568 nem,
271 541 297 563 ει
310 537 442 568 dolerent,
465 539 491 562 et
508 535 656 563 tristitiam.
677 535 746 562 Nam
761 534 832 562 Deus
848 535 968 569 superbis

180 583 278 608 resistit
291 581 324 608 ".

213 639 257 664 25.
282 637 315 664 Et
332 637 467 664 brachium
483 637 540 671 ejus
562 637 728 669 confractum
752 642 802 664 est.
822 637 967 664 Bracltium

178 684 220 711 vel
246 688 383 717 sceptrum
408 683 556 717 signiﬁcat,
573 682 615 710 rel
631 682 766 715 subditos,
786 682 828 709 vel
844 682 969 710 mercede

177 729 336 756 canductos.
355 728 496 763 Ἐπίχειρα
511 728 583 755 enim
600 735 704 754 merces
717 732 768 754 est.

211 774 258 801 26.
281 773 314 800 Ει
330 774 447 808 pulsabit
466 773 545 800 Moab
561 774 589 800 in
605 781 685 799 manu
702 781 761 800 sua.
781 773 895 801 Plaudet
909 782 967 802 ma-

1027 168 1043 202 ή
1058 167 1200 203 συμφοράι
1216 168 1235 201 ἠ
1251 166 1285 193 δὲ
1296 167 1345 193 ἐπὶ
1367 167 1441 194 Θεὸν
1450 168 1538 202 ἐλπὶς
1553 170 1589 195 οὐ
1607 172 1802 205 καταισχύνει.

1031 214 1076 240 Ἐν
1096 213 1125 240 δὲ
1144 215 1176 248 τῇ
1193 213 1294 249 Βαιθὴλ
1310 214 1409 248 ἔστησε
1422 214 1470 246 τὰς
1487 214 1618 250 δαμάλεις
1638 216 1653 241 ό
1677 217 1801 253 Ἱεροϐοάμ

1024 260 1054 286 ἐν
1066 261 1100 294 τῇ
1117 259 1268 295 Σαμαρείᾳ..
1285 261 1340 295 Οὐχ
1356 261 1371 286 ό
1384 259 1472 295 λέγων
1486 261 1514 287 δὲ
1524 262 1632 297 ἰσχυρὸς
1646 259 1719 289 εἶναι
1734 263 1801 295 tab;-

1024 314 1077 332 ται.
1090 306 1130 332 Οὐ
1143 305 1196 341 γὰρ
1203 304 1322 335 σώζεται
1329 305 1480 338 βασιλεὺς
1486 306 1535 333 διὰ
1544 307 1668 341 πολλὴν
1677 307 1801 343 δύναμιν.

1029 351 1137 386 Ἡμέρα
1153 351 1181 377 δὲ
1201 350 1288 377 Μωὰϐ
1307 351 1356 386 τῆς
1376 351 1512 384 κολάσεως
1527 353 1541 379 6
1561 353 1674 389 καιρός·
1698 355 1802 390 πονηρία

1023 396 1051 423 δὲ
1072 397 1106 424 τὰ
1121 397 1330 433 καταληψόμενα
1350 397 1444 425 τοῦτον
1458 398 1583 425 ἐπίπονα.
1606 399 1690 431 Ἀξιοῑ
1707 400 1736 427 δὲ
1752 401 1802 433 τοὺς

1022 442 1115 478 κύκλῳ
1125 443 1229 475 πάντας
1240 443 1413 478 ὲπεμῦαίνειν
1429 444 1503 479 αὐτῷ
1512 453 1518 459 ·
1526 445 1604 472 τοῦτο
1612 445 1667 481 γὰρ
1682 446 1724 479 τὸ,
1733 447 1802 480 κινή-

1021 495 1105 519 σατε,
1122 488 1243 523 δηλονότι
1256 489 1323 525 πρὸς
1333 489 1464 525 αἰσχύνην
1474 489 1520 516 καὶ
1528 490 1628 526 λύπην.
1648 492 1803 528 ’Υπερηρύ-

1021 542 1084 566 νοις
1103 534 1157 569 γὰρ
1173 535 1190 561 ό
1205 534 1278 567 Θεὸς
1290 534 1509 563 ἀντιτάσσεται.

1055 619 1100 647 25.
1120 620 1176 647 Kal
1195 620 1228 647 τὸ
1247 621 1400 657 ἐπίχειρον
1416 623 1510 650 αὐτοῦ
1533 626 1707 660 συνετρίϐη.
1739 626 1804 655 Ἐπί·

1021 665 1137 700 χειρονῆ
1159 664 1190 691 τὸ
1209 666 1349 701 σκῆπτρον
1370 667 1544 703 παρίστησιν,
1572 669 1588 704 ἤ
1608 671 1673 702 τοὺς
1696 672 1748 698 ὑπὸ
1761 673 1802 708 τὴν

1019 709 1116 744 ἀρχὴν,
1141 711 1158 745 ἢ
1179 711 1243 743 τοὺς
1265 711 1426 747 μισθωτούς.
1450 714 1592 751 Ἐπίχειρα
1605 716 1660 752 γὰρ
1673 717 1687 743 6
1704 718 1798 752 μισθός.

1055 756 1100 783 26.
1130 757 1187 784 Καὶ
1220 758 1394 792 ἐπικρούσει
1421 759 1512 786 Μωὰϐ
1538 761 1573 787 ἐν
1598 762 1674 796 χειρὶ
1706 763 1800 792 αὐτοῦ.

177 821 259 848 nibus
271 821 372 855 quibus
384 820 512 847 deridens
531 819 611 846 Israel
626 823 654 846 et
672 819 698 846 in
713 819 797 846 Deum
814 820 950 854 petulante

1041 802 1216 838 Ξπικροτήσει
1227 805 1285 835 ταῖς
1295 804 1399 840 χερσὶν,
1412 801 1456 837 αἷς
1474 805 1626 842 ὲπιχαίρων
1639 807 1679 843 τῷ
1705 808 1800 844 Ἰσραὴλ

177 875 207 894 se
217 874 314 901 gerens
324 866 479 900 plaudebat.
498 866 548 898 Qui
561 874 624 892 vero
638 865 832 902 munitioribus
848 865 967 893 ﬁdebant

178 913 303 944 urbibus,
321 911 422 938 relictis
436 911 500 942 illis,
518 911 544 937 in
561 911 644 946 petris
660 911 819 937 habitabant
835 910 870 937 ad
883 910 966 938 valles

177 958 284 992 positis,
311 957 429 984 aemulati
451 956 592 984 columbas
608 956 634 982 in
654 955 766 982 libidine
785 960 812 982 et
829 955 963 982 Iatuitate.

176 1004 346 1038 Quandoque
363 1003 434 1030 enim
458 1003 484 1029 in
503 1002 571 1029 locis
589 1001 739 1032 nidiﬁcant,
758 1001 830 1028 unde
845 1001 966 1028 volentes

176 1049 256 1077 Iaciie
277 1049 366 1083 pullos
385 1049 492 1075 tollunt.
517 1047 597 1075 Salax
622 1055 686 1075 vero
706 1052 748 1075 est
767 1055 800 1074 ac
813 1047 924 1080 stultus,
938 1051 966 1074 et

174 1095 221 1128 qui
239 1094 404 1130 Beelpltegor
417 1095 551 1127 initiatur,
565 1094 691 1120 inanibus
706 1098 732 1120 et
746 1093 889 1120 inutilibus
906 1093 964 1119 ido-

174 1142 208 1169 lis
223 1142 348 1169 addictus
363 1145 414 1173 cst,
432 1141 521 1175 qualis
537 1145 595 1168 erat
605 1139 705 1167 Moab:
724 1139 796 1165 Dixit
812 1139 886 1166 enim
898 1139 964 1165 iusi-

171 1187 244 1222 piens
264 1187 291 1213 in
310 1187 387 1213 corde
411 1185 555 1212 euo:Non
579 1191 617 1213 est
647 1185 763 1218 Deus“;
792 1185 833 1212 vel
857 1185 962 1212 nullum

171 1233 283 1259 omnino
293 1240 354 1259 esse
370 1231 454 1258 Deum
470 1236 581 1266 putans,
596 1231 637 1257 vel
652 1230 735 1258 Deum
747 1239 840 1259 verum
855 1231 962 1265 penitus

171 1277 298 1313 ignorare
314 1278 448 1311 cogitans.

470 1401 547 1429 CAP.
569 1401 662 1429 XLIX.

206 1447 251 1474 ὅλ-
273 1446 440 1482 Quwcum/ue
461 1447 625 1482 prophetarit
649 1447 791 1474 leremias.
820 1445 958 1474 Visionem

1017 846 1151 873 καὶκατὰ
1166 846 1234 874 Θεοῦ
1257 847 1454 884 θρασυνόμενος
1477 851 1632 886 ἐπεκρότει.
1651 854 1683 879 Οἱ
1707 853 1735 879 δὲ.
1754 855 1800 885 τοῖς

1016 890 1176 927 ὀχυρώμασι
1193 892 1354 924 πεποιθότες
1364 893 1419 920 τῶν
1434 894 1548 927 πόλεων,
1566 896 1669 929 ταύτας
1684 898 1799 932 ἀφέντες,

1016 939 1045 964 ὲν
1076 939 1190 974 πέτραις
1212 938 1301 974 ᾤκουν
1326 941 1544 976 παρακειμέναις
1574 944 1635 974 ταῖς
1663 944 1802 979 φάραγξιν,

1017 984 1180 1020 μιμούμενοι
1197 985 1361 1021 περιστερὰς
1377 986 1447 1013 κατὰ
1460 987 1509 1022 τὴν
1522 988 1666 1023 ἀσέλγειαν
1678 992 1726 1017 καὶ
1740 992 1800 1018 κατι

1015 1030 1064 1065 τὴν
1088 1031 1192 1058 ἄνοιαν.
1219 1032 1422 1068 Ἐμφωλεύουσι
1441 1033 1496 1069 γὰρ
1518 1033 1573 1061 ἐσθ’
1587 1035 1631 1062 ὅτε
1652 1037 1753 1070 τόποις,
1775 1039 1800 1072 ἐξ

1015 1073 1052 1102 ὧν
1070 1077 1092 1103 οί
1113 1077 1269 1113 βουλόμενοι
1284 1079 1384 1114 ῥᾳδίως
1399 1080 1579 1116 ἀφαιροῦνται
1596 1083 1660 1115 τοὺς
1675 1084 1799 1117 νεοττούς.

1021 1121 1150 1158 Ἀσελγὴς
1174 1123 1203 1150 δὲ
1229 1124 1275 1151 καὶ
1300 1126 1314 1151 6
1334 1125 1497 1162 τελούμενος
1520 1129 1558 1164 τῷ
1579 1129 1744 1167 Βεελφεγὸρ,
1758 1131 1801 1158 καὶ

1013 1167 1093 1199 ἄνους
1118 1169 1164 1195 καὶ
1186 1171 1242 1201 τοῖς
1269 1171 1394 1205 ματαίοις
1421 1173 1468 1199 καὶ
1497 1174 1665 1209 ἀνωφελέα-ιν
1691 1176 1801 1208 εἰδώλοις

1014 1214 1212 1249 προσκείμενος
1222 1223 1229 1230 ο
1247 1217 1338 1248 όποῖος
1350 1214 1384 1252 ἦν
1399 1219 1413 1244 6
1433 1219 1528 1246 Μωάΰ.
1546 1218 1622 1247 Eine
1637 1221 1693 1257 γὰρ
1708 1222 1801 1256 ἄφρων

1012 1259 1048 1285 ἐν
1060 1259 1168 1294 καρδίᾳ
1183 1261 1276 1288 αὑτοῦ
1287 1270 1293 1276 ·
1311 1263 1372 1289 Οὐκ
1386 1263 1452 1290 ἔστι
1471 1265 1553 1298 Θεὸς,
1568 1266 1584 1301 ἧ
1600 1267 1716 1294 καθόλου
1730 1268 1801 1299 ἄθεος

1012 1304 1060 1335 ὣν,
1080 1305 1095 1340 ἥ
1115 1305 1160 1332 τὸν
1174 1305 1260 1338 ὅντως
1270 1307 1334 1334 ὅντα
1348 1308 1415 1336 Θεὸν
1435 1310 1472 1346 μὴ
1491 1311 1589 1338 ειδέναι
1607 1313 1748 1344 παντελῶς
1763 1314 1799 1340 λο-

1012 1349 1163 1386 γιζὸμενος.

1311 1401 1388 1428 ΚΕΦ.
1403 1402 1473 1429 ΜΘ]

1045 1442 1090 1471 54.
1119 1445 1147 1471 Ἃ
1177 1446 1404 1481 προεφήτευσεν
1439 1449 1591 1484 Ἱερεμίας.
1623 1451 1743 1487 Ταῦτην.
1767 1460 1800 1483 ως

169 1493 251 1526 hanc,
269 1497 298 1520 ut.
318 1492 454 1525 dicebam,
480 1492 656 1527 Septuaginta
676 1492 785 1527 quidem
806 1492 952 1519 visionibus

1041 1497 1113 1523 εγον,
1136 1491 1160 1516 οί
1180 1491 1231 1526 μὲν
1262 1492 1463 1528 Ἐὂδομὴκοντα
1487 1495 1543 1522 τῶν
1559 1495 1632 1523 κατὰ
1655 1484 1800 1523 τῶν-ἐθνῶν

168 1542 264 1565 contra
295 1543 389 1573 gentes
417 1545 608 1572 praeposuere;
639 1539 729 1566 caeteri
759 1545 824 1565 vero
851 1542 957 1566 contra.

169 1583 259 1611 ,λειω
274 1591 340 1619 gens
354 1583 473 1612 Arabica
488 1589 530 1611 est
546 1583 695 1619 Hubroque
711 1585 779 1612 mari
798 1585 914 1620 adjacet.

202 1672 247 1699 55.
268 1671 405 1700 Contritut
420 1677 459 1700 eu
479 1680 558 1699 arcus
575 1671 677 1700 Ᾱῐιιιηι.
703 1674 827 1701 Arcubus
841 1675 913 1701 enim
931 1679 958 1702 et

167 1718 313 1753 sagittandi
328 1718 424 1753 peritia
436 1719 642 1754 superbiebant,
655 1719 719 1754 quia
734 1727 788 1746 non
803 1719 958 1748 didicerunt

166 1771 280 1797 canere;
300 1773 352 1791 non
371 1765 443 1792 enim
466 1765 493 1791 in
514 1773 579 1792 arcu
602 1773 658 1792 meo
677 1767 796 1800 sperabo,
814 1771 838 1793 et
854 1766 956 1800 framea

165 1817 223 1836 mea
237 1817 289 1836 non
300 1809 411 1837 mlvabit
424 1818 464 1837 me
481 1810 514 1837 ⁸⁷.
529 1810 630 1838 Gentes
654 1819 719 1837 vero
736 1811 857 1839 minatur
879 1820 909 1839 se
927 1813 954 1839 in

164 1860 227 1880 eum
243 1855 349 1882 etinctis
365 1862 380 1882 ο
393 1855 517 1889 partibus
532 1855 726 1882 excitaturum.
742 1855 914 1891 Quapropter
927 1862 955 1885 ct

164 1904 261 1928 ventos
277 1905 367 1935 partes
382 1908 428 1928 eas
444 1901 516 1928 unde
531 1901 664 1934 venirent,
682 1902 810 1937 appellat.

198 1947 279 1982 313
302 1946 437 1981 Ejusdem.
452 1947 647 1982 Unusquisque
663 1952 786 1975 nostrum
797 1948 874 1983 juxta
884 1957 953 1977 con-

1010 1533 1132 1568 ὸράσεων
1162 1535 1334 1571 προῦταξαν·
1362 1538 1387 1563 οἰ
1413 1539 1442 1564 δὲ
1462 1538 1551 1566 λοιποὶ
1570 1541 1739 1569 τούναντίον.
1761 1543 1801 1570 Δί-

1010 1578 1066 1614 λὰμ
1080 1580 1107 1606 δὲ
1125 1580 1200 1612 ἔθνος
1222 1582 1364 1617 Ἀραϐικὸν
1384 1584 1453 1618 πρὸς
1474 1586 1507 1620 τῇ
1536 1586 1656 1622 Ἐρυθρᾷ
1678 1588 1801 1624 κείμενον

1010 1624 1141 1663 θαλάσσῃ.

1044 1670 1088 1697 55.
1108 1673 1270 1706 Συνετρίϐη
1288 1674 1320 1700 τὸ
1340 1675 1429 1707 τόξον
1452 1677 1558 1711 mihi”.
1586 1678 1734 1713 Ἐφρόνουν
1751 1679 1802 1715 γὰρ

1008 1715 1054 1742 ἐπὶ
1064 1716 1154 1753 τοξείᾳ.
1169 1718 1206 1753 μὴ
1224 1718 1356 1753 μαθόντες
1369 1720 1489 1754 ψάλλειν.
1515 1723 1557 1752 Οὐ
1573 1723 1628 1759 γὰρ
1645 1724 1696 1751 ἐπὶ
1713 1725 1744 1752 τὸ
1758 1726 1801 1752 τό·

1007 1761 1063 1794 ξοιν
1074 1772 1134 1797 μου
1154 1763 1257 1796 ἐλπιῶ,
1276 1765 1324 1791 καὶ
1340 1766 1359 1800 ἡ
1372 1766 1502 1800 ῥομφαία
1514 1777 1575 1801 μου
1593 1771 1630 1796 οὐ
1645 1769 1741 1797 σώσει
1754 1777 1800 1804 με·

1009 1807 1093 1843 Ἔθνη
1107 1808 1135 1834 δὲ
1151 1809 1318 1844 πανταχόθεν
1335 1811 1441 1838 ἀπειλεί
1457 1816 1541 1840 κινεῖν
1558 1815 1602 1841 ἐπ’
1615 1816 1708 1844 αὐτόν.
1724 1816 1800 1843 Ὅθεν

1006 1853 1124 1888 ἀνέμους
1137 1854 1170 1880 ὲκ
1185 1854 1239 1880 τῶν
1253 1855 1314 1882 ὃθεν
1329 1856 1462 1891 ὡρμῶντο
1482 1859 1568 1886 καλεῖ.

1043 1939 1098 1967 Τοῦ
1114 1941 1217 1968 αὑτοῦ.
1243 1941 1376 1974 Ἕκαστος
1394 1944 1475 1979 ἡμῶν·
1489 1939 1634 1980 ἀναλόγιυς
1656 1949 1688 1983 τῇ
1715 1957 1800 1975 κατα-

161 1993 292 2021 ditionem
315 2001 392 2021 suam
413 1994 451 2021 vel
473 1993 602 2021 [Elamita
615 1998 667 2025 est,
683 1994 726 2022 vel
744 1993 890 2028 Idumaeus,
909 1995 952 2023 vel

1041 1986 1098 2013 ἀσει
1117 1987 1134 2022 ἧ
1155 1987 1306 2024 Δίλαμίτης
1330 1989 1475 2025 ὁμώνυμός
1499 1992 1615 2028 ὲστιν,ῆ
1640 1994 1801 2030 Ἰδουμαῖος,

161 2039 290 2071 llo-abite,
307 2041 348 2066 vel
364 2040 518 2075 Aigyptius,
535 2040 576 2066 ch
589 2038 721 2067 Israelita.
738 2039 811 2067 Fieri
824 2048 890 2068 vero
902 2048 952 2075 po.

1041 2032 1202 2068 Μωαϐίτης,
1224 2033 1240 2068 ἦ
1262 2034 1419 2068 Αἰγύπτιος,
1444 2036 1459 2071 ἢ
1482 2037 1666 2073 Ίσραηλὶτης.
1682 2041 1801 2067 Δυνατὶν

161 2088 214 2110 test
227 2088 255 2110 ut
266 2084 328 2118 quis
339 2084 372 2111 de
384 2085 436 2111 alia
451 2089 528 2118 gente
543 2089 663 2111 transeat
678 2085 704 2111 in
717 2084 798 2112 aliam
810 2085 950 2112 meliorem

1046 2078 1222 2114 μεταϐάλλειν
1239 2079 1268 2112 ἐξ
1284 2081 1378 2116 ἑτέρου
1396 2081 1488 2114 ἔθνους
1504 2084 1544 2115 είς
1564 2083 1659 2120 ἕτερον
1677 2088 1800 2122 κρεῖττον

159 2128 202 2155 vel
218 2128 354 2162 peiorem;
372 2135 465 2164 gentes
486 2129 570 2161 enim,
593 2130 666 2164 quod
683 2130 716 2157 ad
734 2130 852 2157 animam
866 2131 950 2166 perti-

1041 2125 1126 2159 χεῖρον
1135 2133 1142 2140 ·
1162 2124 1196 2151 τὰ
1210 2125 1313 2161 ψυχικὰ
1330 2126 1383 2161 γὰρ
1397 2126 1461 2162 ἔθνη
1477 2128 1662 2163 μεταπίπτειν
1675 2131 1749 2158 οἶδεν
1763 2133 1800 2162 εἰς

159 2179 216 2207 net,
232 2175 315 2201 altera
335 2175 361 2201 in
385 2175 496 2202 alteram
521 2176 628 2210 migrat.
646 2175 782 2203 Caeterum
798 2177 948 2211 unusquis-

1041 2169 1114 2203 ληλα,
1130 2170 1204 2205 Πλὴν
1212 2170 1325 2203 ἕκαστος
1335 2171 1414 2206 ἡμῶν
1428 2173 1567 2207 ἀναλόγως
1578 2173 1619 2206 οἷς
1631 2175 1800 2212 ἐθησαύρισε

158 2227 212 2254 quc
229 2224 364 2253 nostrum,
380 2227 430 2254 pro
449 2228 482 2247 eo
503 2221 575 2255 quod
599 2221 650 2248 sibi
675 2221 880 2254 tbesaurizavit,
902 2222 950 2251 ira:

1041 2223 1094 2241 ῑται
1121 2215 1152 2242 τὸ
1175 2216 1225 2251 τῆς
1249 2216 1333 2252 ὀργῆς
1357 2218 1459 2252 Κυρίου
1483 2220 1614 2254 ποτήριον
1636 2221 1762 2258 ἀκράτου
1783 2223 1799 2257 ἦ

159 2261 265 2290 Domini
283 2263 395 2291 calicem
409 2264 491 2296 bibet,
506 2272 590 2299 parm,
607 2265 648 2292 vel
663 2270 828 2300 temperata.
846 2266 948 2296 Omnes

157 2308 230 2335 enim
243 2309 415 2343 peccavimus
430 2309 490 2343 plus
503 2310 543 2337 vel
558 2311 658 2343 minus,
676 2315 703 2338 et
716 2313 946 2346 quemadmodum

157 2353 240 2380 Israel
261 2362 360 2382 nomen
380 2356 460 2382 traxit
478 2356 512 2383 ab
527 2364 559 2383 eo
573 2357 645 2391 quod
666 2357 742 2390 fecit,
759 2365 822 2385 cum
842 2366 946 2394 praeva-

156 2398 254 2426 luisset
268 2400 397 2427 luctando
410 2401 436 2428 in
455 2401 549 2434 Deum,
563 2402 602 2430 sic
618 2403 730 2438 projecti
745 2404 855 2439 quidam
870 2409 945 2438 sunt,

156 2445 339 2479 t-ituperabiles
367 2446 521 2480 Elamitm;
551 2448 590 2475 sic
619 2449 692 2476 enim
722 2449 944 2485 interpretantur.

156 2490 260 2518 Dantur
278 2497 368 2519 autem
392 2493 411 2520 ii
433 2493 467 2521 de
488 2494 587 2528 quibus
607 2494 651 2522 hic
667 2503 767 2528 sermo,
784 2496 862 2531 juxta
883 2496 945 2524 illos

155 2543 225 2569 qttos
243 2537 393 2564 secundum
417 2538 611 2573 Apostolum"
634 2540 703 2567 Deus
725 2541 836 2567 tradidit
856 2541 884 2567 in
900 2549 943 2568 re-

155 2580 264 2613 probum
275 2590 392 2615 sensum,
406 2584 433 2609 in
448 2584 583 2618 passiones
601 2586 762 2620 ignominia,
777 2587 882 2619 ventis;
896 2594 944 2614 eos

156 2631 220 2651 vero
234 2625 335 2654 Paulus
350 2629 490 2663 apostolus
508 2630 637 2658 describit
652 2631 778 2667 inquiens
788 2632 822 2665 η,
840 2640 871 2659 ne
887 2641 944 2659 am-

156 2669 225 2701 plius
249 2672 405 2705 ﬂuctuemul
425 2680 449 2702 et
466 2676 687 2711 circumferumur
706 2679 778 2705 omni
803 2683 877 2706 vento
897 2679 944 2705 do-

1001 2262 1217 2297 κεκερασμένης.
1232 2263 1337 2294 Πάντες
1349 2263 1403 2299 γὰρ
1416 2264 1576 2300 ἡμάρτομεν
1591 2266 1673 2293 πλέον
1689 2268 1707 2303 ἦ
1724 2268 1800 2295 ἔλατ-

1000 2314 1056 2333 τον.
1080 2307 1124 2338 Ὡς
1141 2306 1168 2333 δὲ
1192 2307 1300 2343 Ἰσραὴλ
1311 2308 1454 2344 ἐπώνυμος
1470 2310 1582 2345 γέγονεν
1596 2308 1618 2345 ᾧ
1634 2314 1799 2350 πεποίηκεν,

1002 2352 1114 2387 ἰσχύσας
1127 2352 1195 2388 πρὸς
1209 2353 1253 2379 τὸν
1277 2354 1343 2381 θεὸν
1364 2355 1393 2381 ὲν
1410 2357 1443 2390 τῇ
1461 2355 1546 2392 πάλῃ,
1568 2356 1640 2384 οὕτω
1658 2359 1734 2390 τινές
1749 2360 1799 2386 εἰει

1000 2399 1237 2435 περιϐεὸλημένοι,
1255 2400 1360 2434 ψεκτοὶ
1379 2401 1534 2437 Δίλαμῖται·
1553 2402 1626 2430 οὕτω
1639 2405 1696 2440 γὰρ
1713 2406 1802 2441 spur;

999 2446 1132 2473 γεύονται.
1149 2447 1371 2482 Παραδάλλονται
1384 2447 1413 2474 δὲ
1423 2448 1470 2480 οὓς
1482 2449 1553 2476 κατὰ
1567 2450 1614 2477 τὸν
1637 2451 1799 2478 Ἀπόστολον

998 2491 1171 2526 παρέδωκεν
1177 2493 1193 2519 ό
1207 2494 1278 2525 Θεὸς
1290 2494 1333 2526 εὶς
1343 2493 1488 2528 ἀδόκιμον
1496 2495 1583 2527 νοῦν,
1592 2498 1636 2530 εις
1644 2496 1729 2530 πάθη
1739 2498 1801 2524 ἀτι-

995 2537 1077 2572 μίας,
1092 2537 1218 2573 ἀνέμοις⁸
1237 2538 1310 2574 δῆλοι
1323 2539 1351 2565 δὲ
1367 2539 1438 2571 τινες
1446 2541 1471 2566 el
1486 2541 1551 2576 περὶ
1559 2537 1598 2568 ὧν
1612 2542 1717 2576 όλόγος
1725 2542 1799 2569 Παῦ-

997 2584 1043 2616 λος
1061 2584 1163 2612 είπών·
1179 2585 1245 2612 Ἰνα
1257 2585 1363 2620 μηκέτι
1381 2583 1461 2620 ὦμεν
1473 2587 1727 2622 κλυδιιημιζόμενοι
1749 2588 1796 2615 κω

998 2632 1220 2666 περιφερόμενοι
1246 2631 1335 2658 ,παντὶ
1363 2633 1461 2666 ἀνέμῳ
1485 2633 1688 2666 διδασκαλίας
1707 2635 1746 2660 ἐν
1761 2633 1796 2667 τῇ

998 2678 1103 2712 κυϐειςι
1137 2677 1197 2704 τῶν
1230 2677 1412 2712 ἀνθρώπων,
1442 2679 1477 2705 ἐν
1502 2679 1542 2712 τῇ
1570 2679 1717 2714 μεθοδείᾳ
1744 2678 1798 2706 τοῦ

232 2725 310 2754 Ilnin.
327 2738 357 2769 vi.
407 2732 526 2769 _'°_I’sul.
546 2741 630 2765 χχχιι,
650 2735 691 2762 16.
736 2735 759 2751 ⁵⁵
774 2735 874 2764 .Icrcm.
890 2744 952 2769 XLII:

1052 2736 1073 2751 ⁸⁵
1088 2734 1145 2763 Jac.
1160 2743 1196 2767 tv,
1211 2735 1237 2763 6.
1265 2735 1288 2752 "
1300 2735 1372 2763 I’sal.
1389 2744 1448 2768 xm.
1466 2735 1491 2763 I.
1531 2736 1552 2752 ⁵⁷
1570 2736 1644 2765 Psal.
1663 2743 1752 2769 xuii,
1764 2735 1794 2766 ’1.

158 2759 178 2774 ¹“
197 2759 272 2788 Rom.
292 2771 309 2796 ι,
325 2765 368 2791 :28.
407 2766 428 2781 πυ
448 2759 661 2802 Ephesii-7,7“.
