1872 3048
122 152 177 181 595

745 160 899 190 SELECTA
920 163 952 192 IN
971 165 1154 196 JEREMIAM.

1702 185 1755 213 ὅθι

117 212 269 246 πλάνους.
286 213 466 250 Περιφέρεται
476 215 505 242 δὲ
516 217 596 243 παντὶ
610 217 703 254 ἀνέμῳ
717 220 731 246 6
743 219 892 255 παραόεὸλπ

983 227 1074 256 trime.
1090 227 1116 254 in
1133 227 1196 254 ludo
1210 229 1344 257 hominum
1365 236 1391 258 et
1413 233 1555 269 disciplina
1569 239 1676 267 erroris.
1692 241 1753 268 Cir-

117 258 202 294 μένος
218 259 272 286 εἴτε
291 260 475 295 διδασκαλίας,
502 262 556 290 εἴτε
574 263 671 299 θυμοῦ,
693 264 749 293 εἴτε
767 266 913 302 ἐπιθυμίας

114 303 223 340 ἀνέμῳ.
242 305 354 340 ’Δνεμοι
367 306 395 333 δὲ
409 306 538 343 τέσσαρες
554 310 657 343 γενικοὶ
673 311 855 346 ταράσσοντες
863 312 913 347 τὴν

115 350 263 387 ἀνθρώπου
274 352 374 388 ψυχὴν,
389 353 531 390 ἐπιθυμία,
553 356 644 390 φόϐος,
660 356 751 394 ἡδονὴ,
769 357 854 394 λύπη,
872 357 913 391 οἷς

114 396 282 433 Αξλαιμίτης
306 399 339 426 ὲκ
359 399 405 426 τοῦ
426 399 494 428 Θεοῦ
515 401 707 437 καταλειφθεὶς
722 404 910 439 παραδέδοται.

95 472 97 475 ι
121 442 206 469 Ἀλλὰ
219 444 244 470 τί
257 444 286 470 τὺ
297 444 373 478 τόξον
387 446 487 482 Αίλὰμ,
501 448 529 474 ὲν
541 443 563 481 ᾧ
574 449 590 484 ἡ
601 448 671 484 ἀρχὴ
682 449 730 485 τῆς
741 449 909 484 δυναστείας,

112 489 199 521 αὐτὸς
220 489 271 526 ἔφη
290 491 415 527 μελῳδῶν
434 493 448 519 6
465 493 565 520 Δαυῖδ·
593 494 671 522 Ἰδοὺ
693 497 720 522 οἱ
743 496 910 531 ἁμαρτωλοὶ

112 535 269 563 ἐνέτειναν
279 537 377 571 τόξον,
386 539 555 575 ἡτοίμασαν
563 541 642 575 βέλη
650 543 694 575 εἰς
701 543 851 577 φαρέτραν
858 544 910 571 τοῦ
928 545 931 548 ⁴

112 582 333 614 κατατοξεῦσαι
345 584 379 611 ἐν
394 586 569 621 σκοτομήνῃ
586 586 658 620 τοὺς
671 587 769 621 εὐθεῖς
787 588 824 623 τῇ
841 597 910 623 καρ-

111 626 173 659 δίᾳ.
193 628 248 654 Καὶ
266 628 327 664 μετ’
338 629 427 664 ὀλίγαι
450 631 519 658 Ἀλλ’
531 633 545 659 6
559 632 654 668 Σωτὴρ
664 633 836 670 ἐπιδημήσας
846 636 909 668 τοὺς

111 673 251 710 τέσσαρας
259 676 375 712 ἀνέμους
386 677 432 704 ἐπὶ
444 679 507 712 τοὺς
517 680 668 715 Λιλαμίτας
679 681 767 717 ἐπῆγε
780 682 910 710 κυκλοῦν-

111 726 163 749 τας
182 719 270 754 ἡμᾶς,
289 721 332 748 ἵνα
346 722 459 755 τούτους
473 724 686 761 διασκορπίσειε.
713 727 908 762 Παραδίδονται

111 763 168 799 γὰρ
185 765 314 801 δυνάμεις
336 767 523 804 ἁντιιιείμεναι
538 770 685 807 δυνάμεσιν
703 772 813 808 ἑτέραις
830 774 900 801 ἀντι·

110 810 254 844 κειμέναις
269 812 309 843 εἰς
321 813 442 846 κόλασιν,
456 815 494 847 ὡς
509 817 523 842 6
534 816 633 852 Φαραὼ
651 817 689 852 τῷ
706 818 906 854 Ναϐουχοδονό-

108 863 175 891 σορ·
204 857 251 883 καὶ
277 858 353 892 ὄφεις
375 859 428 896 γὰρ
446 861 565 894 ίοϐόλους
581 863 605 890 εί
626 864 825 897 κατακλείσεις,
846 865 905 900 ὕψει

967 270 1118 298 cumfcrtur
1130 280 1194 300 vero
1209 275 1282 302 omni
1299 281 1388 309 vento,
1405 278 1452 312 qui
1469 284 1517 307 aut
1531 286 1611 309 vento
1624 283 1755 313 doctrina:

964 316 1080 344 traditus
1098 321 1149 349 est,
1166 323 1213 346 aut
1230 319 1286 353 irae,
1299 327 1344 348 aut
1357 324 1594 359 concupiscentiae.
1612 327 1693 356 Venti
1705 338 1756 358 au-

963 365 1017 387 tem
1037 367 1156 396 quatuor
1174 370 1237 392 sunt
1265 367 1404 402 prmeipui,
1432 370 1479 404 qui
1498 370 1617 401 hominis
1631 375 1752 403 animam

963 406 1087 438 turbant,
1106 410 1339 444 concupiscentia,
1357 413 1448 446 timor,
1466 415 1603 452 voluptas,
1629 419 1753 454 tristitia,

962 451 1062 486 quibus
1078 453 1224 483 derelictus
1239 465 1253 484 a
1268 457 1323 486 Deo
1337 459 1467 489 Elamita
1482 463 1608 492 traditur.
1627 465 1680 493 Sed
1691 451 1753 502 quis

962 497 996 525 sit
1012 505 1092 527 arcus
1111 499 1212 535 AZIam,
1229 503 1256 530 in
1276 512 1331 539 quo
1348 513 1456 534 summa
1471 507 1650 545 fortitudinis,
1667 511 1753 541 David

961 544 1085 571 canendo
1110 546 1148 572 ait
1161 545 1183 562 °°
1199 555 1205 572 :
1220 547 1287 575 Ecce
1302 555 1450 583 peccatores
1464 552 1633 581 intenderunt
1646 563 1751 589 arcum,

959 594 1120 622 paraverunt
1141 591 1253 625 sagittas
1271 593 1298 620 in
1312 594 1448 628 pharetra,
1469 600 1499 622 ut
1518 597 1644 631 sagittent
1662 599 1690 626 in
1705 608 1750 626 oc-

959 634 1031 661 cullo
1045 641 1128 662 rectos
1143 637 1229 665 corde.
1253 637 1286 665 Et
1312 644 1373 673 post
1399 647 1483 675 pauca
1502 650 1509 668 :
1536 641 1589 670 Sed
1604 644 1752 673 adveniens

960 679 1085 708 Salvator
1107 687 1227 717 quatuor
1241 689 1336 712 ventos
1357 685 1385 713 in
1409 685 1553 716 [Elamitas
1571 688 1683 722 invexit,
1701 691 1750 726 qui

959 732 1009 752 nos
1030 726 1253 761 circumdabant,
1274 733 1304 756 ut
1325 737 1372 757 eos
1389 730 1567 767 dispergeret.
1592 733 1750 763 Traduntur

957 770 1057 804 quippe
1076 771 1191 800 virtutes
1215 774 1347 807 oppositae
1371 775 1516 804 virtutibus
1536 778 1598 805 aliis
1617 780 1748 815 oppositis

957 817 990 843 ad
1006 817 1171 851 puniendum
1189 819 1259 847 sicut
1272 819 1379 848 Pharao
1392 821 1665 852 Nabuchodonosori.
1677 825 1749 853 Nam

957 865 983 888 et
999 867 1138 898 serpentes
1152 872 1306 893 venenosos
1317 866 1339 893 si
1356 866 1490 900 includas,
1503 869 1608 898 videbis
1622 870 1747 899 imbecilr

107 901 175 933 τοὺς
187 902 311 936 ἀσθενεῖς
326 905 378 931 ὑπὸ
393 906 447 933 τῶν
461 907 655 945 δυνατωτέρων
668 910 722 937 ἀπὸ
733 911 812 946 λιμοῦ
824 921 889 939 κατε

983 915 1039 935 πρε
1061 916 1076 935 a
1101 908 1261 938 fortioribus
1285 918 1340 946 pra
1357 911 1428 940 fame
1443 913 1564 947 absumi,
1584 915 1672 944 donec
1686 924 1746 945 om-

109 946 280 983 οθιομένους,
295 950 347 983 ἕως
362 947 392 978 οὗ
403 953 416 979 6
429 953 538 980 πάντων
552 954 738 990 ἰσχυρότατος,
750 957 904 993 πληρωθεὶς

107 993 164 1020 ὑπὸ
180 994 234 1021 τῶν
250 995 338 1030 ὄφεων
353 997 400 1030 οὓς
416 999 572 1035 κατέδηδεν,
586 1001 600 1027 6
615 1001 781 1038 καλούμενος
793 1003 904 1040 γένηται

106 1038 278 1074 βασιλίσκος,
295 1042 334 1069 ίδν
348 1043 418 1079 ἔχων
431 1046 464 1072 ὲκ
475 1045 560 1082 μόνης
574 1046 639 1079 θέας
656 1049 830 1085 καρποφόρον
845 1038 903 1077 δέν-

106 1084 171 1120 δρον
184 1085 357 1122 ξηραίνοντα.
375 1088 467 1122 Οὕτως
477 1091 505 1118 al
517 1093 636 1128 πονηραὶ
652 1093 782 1129 δυνάμεις
796 1095 842 1121 ὑπ’
854 1096 902 1122 ἁλ-

106 1130 197 1165 λήλων
220 1132 391 1167 κολάζονται,
422 1135 502 1172 μέχρι
531 1138 699 1174 καταλειφθῇ
720 1139 873 1167 τελευταῖον
888 1143 903 1169 6

105 1176 206 1212 ἐχθρὸς
225 1178 329 1214 Κυρίου
350 1179 475 1214 θάνατος,
496 1181 664 1217 βασιλίσκος,
680 1185 744 1219 περί
756 1182 785 1212 οὗ
802 1194 899 1221 φησιν·

111 1222 179 1249 Ἐπὶ
193 1223 309 1252 ἀσπίδα
333 1226 383 1253 καὶ
400 1227 589 1259 ,βασιλίσκον
612 1230 754 1265 ἐπιϐήσῃ.
790 1231 819 1258 '0
849 1233 902 1269 γὰρ

105 1268 236 1304 Χριστὸς,
255 1272 428 1308 ἰσχυρότερος
442 1273 480 1301 ὣν
494 1274 542 1302 τοῦ
559 1275 727 1311 βασιλίσκου,
738 1268 902 1315 ἐπιϐέϐηκεν

105 1314 192 1350 αὐτῷ,
205 1316 252 1343 καὶ
260 1317 375 1345 δέδωκεν
388 1321 454 1356 ἡμῖν
464 1320 588 1354 ἐξουσίαν
603 1323 698 1350 πατεῖν
709 1323 802 1351 ἐπάνω
814 1323 901 1360 ὄφεων

105 1360 154 1388 καὶ
168 1363 319 1398 σκορπίων.

436 1415 515 1441 ΚΕΦ.
532 1415 573 1442 N’.

141 1453 186 1480 16.
219 1455 494 1498 Ἐξολοθρερσασθε
514 1460 633 1495 σπέρμα
657 1461 690 1489 ἐκ
711 1464 899 1498 Βαϐυλῶνος.

103 1496 185 1525 Ἔστι
202 1508 243 1532 τις
259 1501 329 1537 ἀνὴρ
350 1495 527 1538 Βαϐυλώνιος,
549 1506 596 1533 καὶ
610 1508 703 1543 νήπιον
712 1495 885 1538 Βαϐυλώνιον
892 1520 899 1527 ο

101 1545 151 1571 καὶ
161 1545 203 1572 δεῖ
211 1547 278 1581 πρὸς
286 1548 389 1581 τούτοις
396 1551 586 1585 ἀγωνίζεσθαι,
595 1553 730 1580 τουτέστιν
741 1555 757 1590 ἢ
770 1556 838 1591 πρὸς
851 1565 900 1592 με-

100 1590 199 1626 γάλαῆ
213 1593 281 1627 πρὸς
291 1593 338 1620 νῦν
350 1595 489 1632 ἀρχόμενα
506 1598 589 1634 πάθη.
605 1598 688 1634 Πλὴν,
700 1590 897 1634 Μακάριος-ὗς

100 1635 140 1662 ἂν
150 1637 306 1672 κρατήσας
327 1640 457 1676 ἑὸαφίσῃ
478 1643 552 1676 πρὸς
568 1643 624 1678 τὴν
638 1645 760 1678 πέτραν,
771 1645 817 1673 τὸν
829 1647 897 1682 Χρι-

101 1682 175 1714 στὸν,
192 1684 228 1710 τὰ
244 1685 337 1718 νήπια
355 1687 528 1721 Βαϐυλῶνος,
546 1690 609 1725 πρὶν
627 1691 666 1722 είς
683 1690 782 1727 ἄνδρας
799 1693 897 1728 προέλ-

98 1727 194 1755 θωσιν.
219 1731 278 1757 Ἔτι
295 1731 323 1758 δὲ
341 1733 548 1770 μακαριώτερον
570 1734 759 1772 ὲξολοθρεῦσαι
775 1737 897 1766 Βαϐυλὼ-

98 1783 157 1801 νιον
178 1776 306 1811 σπέρμα,
328 1777 455 1814 λογισμὸν
471 1780 590 1816 δηλονότι
609 1782 780 1817 συγχυτικόν.
803 1784 895 1810 Ἐναν-

96 1822 156 1848 τίον
170 1822 199 1849 δὲ
218 1823 306 1859 τούτῳ
330 1825 441 1861 σπέρμα
461 1828 525 1862 περὶ
540 1825 570 1854 οὗ
587 1827 710 1856 λέλεκται
721 1837 728 1844 ⁸
745 1829 895 1863 Μακάριος

97 1866 135 1900 ὃς
149 1868 212 1902 ἔχει
228 1868 346 1904 σπέρμα
361 1870 396 1896 ἐν
409 1871 501 1898 Σιών·
520 1873 584 1905 καὶ,
606 1873 750 1907 Μακάριοι
768 1876 794 1901 οἱ
807 1874 894 1901 σπεί-

93 1921 204 1948 ροντες
227 1915 276 1941 ἐπὶ
293 1915 354 1942 πᾶν
371 1916 463 1951 ὕδωρ,
481 1916 517 1946 οὗ
539 1919 619 1952 ,βοῦς
638 1919 688 1946 καὶ
707 1919 777 1952 ὄνος
797 1920 892 1947 πατεῖ.

97 1959 137 1986 Οὐ
158 1959 237 1993 μόνον
254 1960 338 1997 ἄνδρα
354 1961 414 1988 τινὰ
426 1982 433 1994 ,
453 1963 513 1990 οὐδὲ
531 1964 647 1996 παιδίον,
672 1964 739 1991 ἀλλὰ
752 1965 798 1991 κα)¹
815 1965 893 2001 μόνον

97 2004 229 2040 σπέρμα”
252 2006 363 2034 δύναται
388 2008 442 2045 γὰρ
467 2011 652 2045 καρποφορεῖν
675 2010 890 2047 γεωργούμενον.

95 2050 179 2077 Ποῖον
196 2051 224 2077 δὲ
245 2052 276 2078 τὸ
294 2051 377 2089 ὕδωρ,
391 2054 434 2088 ἐφ’
451 2054 466 2081 ὃ
478 2055 599 2092 σπείρειν
613 2055 654 2082 δεῖ
667 2056 697 2082 τὸ
711 2056 793 2083 καλὸν
809 2056 894 2093 σπέρ-

96 2105 156 2132 μα;
174 2097 205 2123 τὸ
226 2098 275 2133 τῆς
294 2098 503 2133 παλιγγενεσίας
519 2100 640 2137 λουτρόν.
667 2101 741 2128 Ἐκεῖ
763 2101 826 2136 βοῦς
845 2103 892 2129 καὶ

93 2142 157 2174 avo;
176 2145 273 2175 πατεῖ,
292 2143 355 2179 βοῦς
374 2146 388 2171 6
406 2145 525 2181 καθαρὸς
538 2147 584 2173 καὶ
604 2147 790 2183 Ίσραηλίτης,
805 2147 865 2180 ὄνος
876 2149 890 2174 6

94 2189 130 2215 ἐκ
153 2188 249 2222 γένους
277 2190 432 2226 ἀκάθαρτος
453 2200 482 2218 τε
503 2192 549 2219 καὶ
571 2192 684 2224 ὲθνικός.
713 2192 838 2227 Σύμϐολα
861 2192 890 2219 δὲ

955 953 1030 981 nium
1048 954 1258 984 robustissimus
1280 957 1401 992 repletus
1421 959 1557 994 anguibus
1575 968 1644 996 quos
1662 962 1746 991 devo-

954 1000 1034 1031 ravit,
1053 999 1100 1027 ﬁat
1113 1002 1159 1036 qui
1170 1006 1283 1029 vocatur
1296 1002 1453 1036 basiliscus,
1470 1006 1545 1034 virus
1558 1007 1660 1036 habens
1672 1009 1746 1044 quod

954 1044 1013 1072 solo
1027 1051 1138 1080 aspectu
1151 1046 1321 1076 fructuosam
1338 1050 1465 1078 arborem
1479 1052 1620 1080 arefaciat.
1634 1053 1674 1081 Ita
1684 1062 1751 1082 ma-

953 1090 1033 1126 ligna:
1049 1092 1164 1120 virtutes
1180 1101 1195 1121 a
1213 1101 1243 1121 se
1258 1094 1375 1122 invicem
1395 1097 1484 1130 pomis
1500 1097 1674 1133 afﬂiguntur,
1695 1101 1750 1128 do—

953 1144 1003 1164 nec
1022 1142 1191 1172 postremum
1209 1139 1380 1174 relinquatur
1395 1140 1523 1169 inimicus
1539 1142 1642 1171 Christi
1656 1152 1747 1178 mors.

953 1183 1110 1217 basiliscus,
1135 1185 1169 1212 de
1191 1193 1246 1220 quo
1263 1186 1301 1213 ait
1314 1186 1335 1202 ⁸¹
1351 1196 1357 1214 :
1374 1185 1458 1222 Super
1473 1188 1591 1222 aspidem
1610 1193 1634 1216 et
1650 1189 1744 1218 basili-

952 1237 1025 1256 scum
1039 1229 1198 1257 ambulabis.
1213 1230 1342 1259 Christus
1352 1233 1424 1259 enim
1438 1233 1498 1267 ipso
1509 1233 1638 1262 basilisco
1646 1234 1745 1265 fortior

953 1283 1034 1311 super
1048 1284 1111 1304 eum
1136 1278 1296 1311 ambulavit,
1320 1279 1453 1315 nobisque
1477 1280 1552 1308 dedit
1579 1286 1741 1316 potestatem

952 1323 1131 1351 conculcandi
1146 1329 1286 1359 serpentes
1299 1329 1326 1352 et
1341 1325 1508 1361 scorpiones.

1283 1414 1360 1443 CAP.
1382 1415 1414 1443 L.

989 1458 1032 1486 lli.
1053 1459 1203 1495 Disperdite
1213 1469 1298 1489 semen
1313 1462 1345 1489 de
1360 1462 1506 1498 Babylone.
1522 1463 1570 1492 Est
1583 1469 1610 1492 et
1621 1459 1663 1492 vir
1676 1467 1743 1501 qui-

952 1504 1014 1532 dam
1035 1504 1209 1542 Babylonius,
1227 1512 1254 1535 et
1278 1509 1408 1542 parvulus
1436 1509 1612 1545 Babylonius,
1632 1516 1738 1539 etcum

953 1550 995 1578 his
1012 1551 1170 1579 certandum
1187 1556 1238 1586 est,
1257 1553 1308 1580 hoc
1326 1558 1378 1587 est,
1393 1553 1433 1581 vel
1446 1560 1539 1582 contra
1555 1556 1681 1591 grandes,
1697 1556 1753 1585 vel.

952 1603 1024 1624 nunc
1036 1602 1177 1625 nascentes
1188 1599 1341 1633 passiones.
1358 1599 1455 1626 Beatus
1468 1604 1567 1634 tamen,
1582 1602 1627 1636 qui
1643 1603 1755 1630 tenebit.

949 1647 972 1668 et
986 1642 1076 1669 allidcl
1092 1643 1127 1669 ad
1144 1649 1245 1678 petram
1257 1644 1290 1677 ⁶²,
1308 1645 1334 1672 id
1347 1650 1389 1673 est
1404 1646 1487 1682 314
1507 1646 1658 1681 Christum,
1675 1656 1739 1682 par-

948 1687 1021 1714 onlos
1035 1687 1208 1724 Babylonios,
1223 1695 1368 1725 antequam
1384 1692 1417 1718 ad
1435 1692 1540 1720 virilem
1555 1698 1661 1720 aetatem
1675 1701 1751 1728 per-v

948 1735 1067 1761 veniant.
1087 1734 1139 1761 Sed
1160 1736 1248 1770 magis
1273 1737 1355 1763 etiam
1382 1736 1493 1764 beatum
1517 1743 1558 1766 est
1581 1739 1739 1773 disperdere

947 1786 1040 1806 semen
1059 1779 1250 1815 Babylonium,
1274 1781 1300 1808 id
1321 1785 1364 1808 est
1382 1782 1574 1816 cogitationem
1595 1784 1737 1811 turbulen-

947 1831 1012 1852 tam.
1030 1825 1126 1853 Scmcn
1139 1834 1202 1853 vero
1215 1826 1278 1853 huic
1288 1828 1443 1862 oppositum
1455 1833 1507 1861 cst,
1521 1829 1554 1856 de
1567 1837 1621 1864 quo
1632 1830 1737 1858 dictum

945 1875 988 1898 est
998 1870 1020 1885 ⁶¹
1032 1880 1039 1898 :
1052 1870 1150 1897 Beatus
1161 1871 1206 1906 qui
1218 1871 1294 1898 habet
1306 1880 1393 1899 semen
1405 1873 1432 1900 in
1445 1872 1527 1906 Sion;
1539 1879 1566 1902 et
1580 1883 1586 1901 :
1602 1875 1679 1902 Beati
1690 1877 1736 1911 qui

945 1916 1075 1943 seminam
1094 1925 1171 1951 super
1194 1925 1295 1944 omnem
1317 1927 1432 1953 aquam,
1458 1920 1503 1946 ubi
1530 1920 1574 1947 bos
1600 1926 1624 1947 et
1643 1922 1739 1950 asinus

945 1962 1058 1989 calcant.
1074 1961 1133 1989 Non
1146 1963 1234 1990 solum
1247 1963 1337 1990 virum
1352 1965 1518 1999 quempiam,
1532 1971 1578 1993 aut
1590 1967 1735 2002 infantem,

945 2007 992 2035 sed
1010 2012 1037 2034 et
1054 2007 1143 2042 ipsum
1159 2015 1271 2041 semen;
1290 2012 1379 2043 potest
1394 2009 1466 2036 enim
1487 2010 1557 2038 ferre
1574 2011 1692 2040 fructum
1709 2014 1734 2042 si

943 2053 1093 2080 excolatur.
1110 2051 1177 2085 Quae
1193 2059 1275 2087 porro
1292 2056 1334 2079 est
1349 2060 1420 2088 aqua
1435 2061 1518 2089 super
1537 2063 1620 2089 quam
1640 2064 1733 2084 semen

943 2099 1046 2126 bonum
1062 2099 1252 2126 seminandum
1269 2099 1328 2126 est?
1346 2099 1485 2127 lavacrum
1506 2101 1730 2135 regenerationis.

942 2144 981 2172 lbi
999 2146 1050 2173 bos
1067 2149 1094 2173 et
1117 2145 1212 2174 asinus
1236 2145 1353 2178 calcant,
1374 2145 1423 2173 bos
1439 2153 1524 2180 purus
1546 2152 1573 2174 et
1590 2147 1731 2180 Israelita;

942 2191 1037 2218 asinus
1050 2191 1097 2226 qui
1113 2199 1213 2225 genere
1228 2191 1354 2226 impurus
1369 2195 1411 2219 est
1425 2195 1451 2218 et
1463 2192 1582 2226 gentilis.
1596 2193 1743 2221 Animalia-

91 2232 185 2259 ταῦτα
196 2233 230 2260 τὰ
241 2233 297 2266 ζῶα
304 2235 350 2261 τοῦ
359 2236 610 2272 καταγγελλομένου
621 2236 699 2271 λόγου
710 2239 766 2269 τοῖς
785 2235 890 2273 Ἰσραη-

983 2244 1006 2264 ‘o
1022 2237 1079 2264 haec
1096 2235 1218 2272 symbol?!
1233 2240 1298 2264 sunt
1312 2237 1458 2270 sermonis,
1472 2238 1518 2272 qui
1531 2239 1732 2273 pramuntiatus

93 2278 185 2310 λίταις
199 2281 246 2306 καὶ
262 2279 308 2307 τοῦ
324 2281 529 2317 κεκηρυγμένου
547 2284 602 2314 τοῖς
615 2282 728 2309 ἔθνεσιν.

132 2324 176 2352 i6.
197 2325 369 2360 Κατέχοντα
387 2327 536 2361 δρέπανον
561 2329 596 2354 ἐν
615 2328 707 2362 καιρῷ
732 2329 885 2364 θερισμοῦ.

90 2371 215 2404 Ιίατέχει
233 2370 261 2396 δὲ
281 2370 414 2405 δρέπανον
436 2374 450 2399 6
469 2368 700 2405 Βαϐυλώνιοςοὺκ
717 2374 762 2400 ἐπὶ
777 2374 816 2409 τῷ
834 2375 886 2400 σῶ-

92 2423 151 2450 σαι,
169 2415 226 2441 ἀλλ’
243 2416 290 2442 ἐπὶ
305 2415 343 2450 τῷ
355 2417 479 2452 ἐκτεμεῖν
496 2418 544 2452 τῆς
557 2418 607 2452 γῆς
624 2418 672 2453 τῆς
688 2417 768 2452 ἁγίας
782 2419 829 2444 καὶ
841 2418 886 2445 θε-

92 2461 170 2498 ρίσαι
192 2462 356 2498 Ἐκκλησίας
367 2471 373 2477 ·
399 2463 442 2496 ὂν,
465 2464 529 2499 πρὶν
544 2463 626 2490 τοῦτο
635 2464 745 2496 παθεῖν,
762 2464 886 2500 ὀλοθρεύ-

90 2515 199 2543 σωμεν,
217 2509 280 2539 τοὺς
301 2508 355 2535 τῶν
379 2509 523 2543 αἱρετικῶν
541 2508 752 2544 ἐξαφανίσαντες
770 2509 864 2544 λόγους
877 2518 884 2525 ·

89 2550 147 2585 οἷος
160 2551 195 2589 ἦν
217 2555 231 2580 6
251 2554 357 2586 Παῦλος
381 2555 484 2589 λέγων·
512 2555 652 2589 Ἐτοίμως
668 2555 791 2590 ἔχοντες
807 2556 885 2583 ἐκδι-

89 2599 186 2634 κῆσαι
211 2599 315 2627 πᾶσαν
338 2600 511 2634 παρακοήν·
536 2602 549 2627 6
569 2601 670 2635 λέγων·
695 2601 759 2628 Πᾶν
777 2603 885 2637 ῦψωμη

87 2646 291 2680 ἐπαιρόμενον
314 2646 389 2673 κατὰ
411 2646 465 2680 τῆς
497 2647 634 2681 γνώσεως
661 2648 882 2682 καθαιροῦντες.

88 2689 157 2720 Εἶτα
172 2693 306 2727 μαρτυρεῖ
315 2692 353 2727 τῷ
369 2692 514 2728 Ἑλληνικῷ
527 2693 598 2728 λόγῳ
607 2693 731 2729 δύναμιν,
745 2694 783 2726 ὼς
796 2695 884 2721 πάντα

89 2736 124 2763 τὰ
140 2736 204 2771 ἔθνη
225 2736 313 2772 τούτῳ
329 2739 504 2773 παραχωρεῖν
517 2757 523 2769 ,
542 2738 722 2774 ἁποδεικτικῷ
740 2747 798 2770 πως
813 2736 883 2766 εἶναι

88 2782 201 2809 δοκοῦντ
206 2791 223 2807 ι.

942 2283 1073 2310 lsraetitis
1091 2282 1253 2316 prmdicatus
1266 2287 1308 2310 est
1323 2283 1460 2318 gentibus.

978 2329 1021 2356 l6.
1045 2328 1183 2356 Tonantem
1209 2328 1303 2363 falcem
1327 2329 1354 2355 in
1380 2332 1493 2363 tempore
1519 2330 1621 2357 messis.
1645 2330 1731 2358 Tenet

941 2374 1037 2402 falcem
1065 2374 1230 2410 Babylonius
1256 2382 1311 2401 non
1335 2379 1365 2401 ut
1390 2373 1486 2407 salvet,
1511 2374 1559 2401 sed
1578 2380 1607 2402 ut
1629 2381 1729 2404 terram

940 2425 1062 2447 sanctam
1079 2420 1208 2455 przecidat
1220 2424 1247 2447 et
1263 2423 1347 2447 metat
1361 2419 1522 2447 Ecclesium.
1547 2419 1634 2453 llnnc,
1654 2427 1730 2449 ante-

940 2474 1021 2500 quam
1044 2467 1101 2494 haec
1118 2467 1264 2501 patiamur,
1290 2466 1515 2499 exterminemus,
1539 2467 1727 2496 haereticorum

940 2511 1037 2539 deletis
1058 2512 1246 2545 sermonibus;
1275 2512 1364 2546 qualis
1387 2515 1446 2538 erat
1464 2511 1566 2540 Paulus
1580 2514 1673 2542 dicens
1684 2515 1726 2542 “z

939 2556 1035 2584 Parati
1052 2559 1145 2584 ulcisci
1161 2566 1263 2585 omnem
1279 2557 1378 2584 malum
1396 2557 1527 2591 auditum,
1549 2567 1651 2586 omnem
1665 2561 1729 2588 alti-

939 2603 1057 2629 tudinem
1078 2612 1136 2638 quae
1157 2612 1213 2631 sese
1236 2604 1339 2630 extollit
1366 2605 1489 2631 adversus
1516 2606 1653 2632 scientiam
1678 2607 1727 2633 de-

938 2654 1077 2675 struentes.
1099 2649 1202 2677 Deinde
1219 2654 1334 2678 testatur
1353 2650 1437 2677 rohur
1451 2651 1541 2678 inesse
1557 2651 1651 2679 Graeco
1667 2659 1727 2679 ser-

939 2695 1025 2725 moni,
1044 2695 1080 2721 ita
1105 2700 1134 2722 ut
1159 2700 1252 2730 gentes
1276 2705 1371 2725 omnes
1389 2698 1428 2725 illi
1441 2699 1548 2732 cedant,
1562 2699 1662 2734 quippe
1677 2699 1730 2735 qui

938 2739 1061 2767 videatur
1078 2748 1138 2767 esse
1156 2741 1357 2773 quodammodo
1377 2745 1619 2774 demonstrativum

127 2875 149 2890 "
162 2874 236 2902 Psal.
255 2883 282 2907 ιι,
299 2875 326 2901 5.
366 2875 386 2890 ⁵⁴
405 2874 477 2902 Psal.
493 2883 537 2909 xc,
555 2875 595 2903 l3.
635 2876 655 2892 θ’
674 2876 744 2904 Psal.
763 2885 874 2912 cxxxvt,
891 2885 892 2891 ‘

991 2878 1043 2906 lsa.
1064 2886 1150 2913 χχχιι,
1165 2879 1209 2906 20.
1230 2879 1251 2896 εδ
1266 2879 1288 2907 ll
1302 2880 1365 2908 Cor.
1383 2889 1410 2915 ιι,
1426 2881 1454 2915 6,
1465 2882 1492 2910 ὅ.
