1872 3048
161 149 214 179 595

864 136 910 166 EX
929 134 1081 165 ORIGENE

1738 123 1790 151 596

199 206 243 233 16.
265 205 287 232 Α
304 203 373 239 {acie
397 202 481 238 gladii
505 201 601 229 Gnaei.
627 199 706 232 Illud,
731 196 828 230 Graeci,
851 194 950 230 reliqui

1054 193 1080 220 6.
1103 193 1174 221 Ἀπὸ
1189 191 1352 227 προσώπου
1360 188 1520 236 ,ιιαχιιίλοιις⁵
1533 183 1791 239 ἐξξίηνικῆςᾴἷὴ

162 254 303 279 verterunt
326 249 464 276 columba.
490 247 596 275 Rursus
612 253 677 273 vero
693 244 739 279 qui
752 244 883 271 adversus
897 241 949 268 Ba-

164 295 291 332 bylonios
315 294 452 329 praevalet,
482 292 607 320 columba
633 291 743 323 dicitur,
769 290 839 316 sicut
863 292 890 315 et
913 287 951 314 illi

166 346 258 368 antea.
276 339 438 375 Quicunque
457 338 528 365 enim
543 337 634 364 divino
652 335 756 370 judicio
777 332 952 368 coniungitur

167 387 201 414 ad
213 385 395 413 ministerium
407 383 527 419 aliquod,
542 383 565 409 is
579 381 691 417 pulcher
704 380 769 408 etin
783 383 886 407 honore
895 382 951 411 est;

168 431 221 459 nisi
235 431 304 458 forte
318 430 352 457 ob
365 430 410 464 jus
424 429 531 456 dicendi
544 428 617 463 quod
630 427 665 455 ob
679 425 858 454 reverentiam
873 424 954 452 hahe-

166 479 233 506 bant
243 476 394 511 Bahylonii,
407 476 458 502 hoc
468 473 598 502 transfert
612 473 638 500 in
653 473 746 500 hostes
756 478 861 503 eorum,
875 469 954 504 quasi

167 524 263 552 ordine
276 526 303 550 et
317 526 450 557 potestate
465 525 644 549 commutata.

203 617 246 643 i7.
269 616 331 643 Ovis
356 621 448 641 errans
480 611 576 645 Israel,
590 611 677 638 leones
701 610 858 646 expulerunt
885 618 954 637 eum.

167 662 249 690 Ovem
265 661 341 693 dicit,
358 665 486 695 tanquam
505 666 559 686 una
573 662 692 686 errante.
708 657 777 684 Nam
791 661 817 684 ct
829 657 854 684 in
869 656 957 684 Evan-

167 708 236 744 gelio
249 707 286 734 ait
297 708 319 723 "’
335 715 341 733 :
359 705 446 733 Filius
461 704 574 732 hominis
592 704 660 730 venit
676 711 792 739 quaerere
810 708 833 730 et
855 703 956 730 salvum

167 754 253 788 facere
273 753 343 788 quod
361 752 486 787 perierat.
512 750 545 778 Et
562 751 589 777 in
612 750 751 785 parabolis
778 757 832 777 una
851 753 956 776 tantum

167 807 183 826 c
198 803 307 826 centum
321 797 410 832 periit,
433 804 514 831 quam
532 800 563 823 ut
578 795 720 828 inveniret,
738 794 847 822 advenit
865 798 958 829 pastor

167 851 280 879 peregre
291 843 439 878 profectus,
452 846 479 868 et
492 849 573 876 super
587 840 717 868 humeros
732 839 864 867 sublatam
880 839 958 866 resti-

169 890 221 917 tuit
232 896 347 916 numero
359 887 507 922 nonaginta
521 894 629 914 novem.
644 885 672 912 Si
683 885 754 912 enim
770 891 864 911 omnes
874 891 958 910 unum

170 943 281 970 corpus,
305 934 386 962 etiam
411 933 470 961 ovis
494 940 548 960 una
574 939 679 959 sumus.
705 930 783 958 Unus
798 930 907 965 quidem
919 935 960 957 est

172 989 229 1015 pes,
245 981 316 1008 alius
329 987 393 1007 vero
408 983 498 1013 caput,
514 978 583 1005 alius
596 977 685 1010 aliud;
699 981 793 1012 pastor
809 980 898 1004 autem
911 975 959 1003 ad-

171 1026 295 1057 veniens,
315 1032 346 1052 os
365 1024 398 1052 ad
415 1031 457 1056 os,
483 1023 708 1057 harmoniamque
731 1022 765 1049 ad
789 1021 960 1049 harmoniam

172 1071 318 1106 coaptavit,
329 1075 355 1097 et
366 1074 489 1105 coaptata
502 1069 528 1097 in
539 1069 675 1104 regionem
687 1075 765 1095 suam
777 1067 905 1095 traduxit.
917 1066 960 1095 Fit

172 1125 237 1144 vero
262 1116 418 1151 conjunctio
435 1123 482 1151 per
500 1122 620 1142 amorem
638 1119 666 1142 et
682 1115 822 1142 veritatem
844 1114 960 1142 bonam-

171 1171 224 1197 que
236 1162 413 1189 voluntatem.
425 1160 502 1194 Quod
515 1161 596 1196 igitur
609 1160 636 1187 in
649 1161 696 1188 illo
710 1160 771 1192 fuit,
784 1167 880 1187 omnes
893 1164 959 1187 eon-

169 1207 271 1242 junxit.
287 1206 314 1234 Si
329 1207 439 1242 quidam
456 1214 521 1233 vero
540 1205 687 1233 renitentes
703 1205 753 1233 visi
769 1209 844 1238 sunt,
862 1205 959 1233 morbo

171 1252 330 1279 laborarunt
340 1250 494 1278 ineurabili.
506 1249 581 1278 Unus
592 1250 676 1285 igitur
686 1254 729 1278 est
740 1254 813 1277 totus
824 1249 908 1277 Israel
918 1256 960 1277 eo-

172 1297 299 1332 gnatione
308 1304 381 1329 vera,
391 1296 413 1323 Si
423 1303 520 1322 omnes
530 1303 615 1322 unum
628 1303 728 1330 corpus
737 1303 843 1327 sumus,
853 1299 880 1322 et
891 1302 961 1322 unus

171 1341 252 1376 315
268 1340 363 1375 panis,
390 1340 526 1373 uniusque
546 1339 694 1374 participes
715 1339 837 1374 spiritus.
859 1338 961 1367 Errans

172 1393 237 1413 vero
249 1386 308 1413 ovis
321 1390 363 1413 est
376 1385 438 1420 qui,
460 1385 518 1412 sive
540 1384 655 1419 agendo,
673 1384 730 1412 sive
745 1385 890 1420 loquendo,
907 1392 960 1412 non

173 1431 333 1466 assequitur
345 1430 416 1464 quod
429 1429 520 1456 venari
536 1429 674 1462 convenit,
689 1429 730 1456 vel
744 1429 807 1464 quia
822 1437 877 1456 non
891 1436 962 1464 quae-

174 1477 219 1507 rit,
234 1476 276 1503 vel
295 1475 357 1510 quia
376 1483 429 1502 non
447 1475 560 1502 invenit.
577 1474 629 1508 Qui
639 1482 705 1502 vero
721 1475 772 1502 scit
783 1479 810 1502 et
822 1475 878 1510 agit
888 1474 961 1510 quod

1010 236 1201 272 Ἐλληνικῆᾳ
1218 237 1243 263 οι
1256 235 1345 263 λοιπώ⁴
1362 230 1538 267 περιστερᾶς
1554 229 1699 262 ἐξέδωκαν.
1713 228 1794 255 Πάλιν

1003 283 1031 310 δὲ
1052 284 1066 310 6
1080 283 1151 310 κατὰ
1166 281 1346 309 Βαϐυλωνίων
1365 280 1464 314 ἰσχύων
1483 275 1632 313 περιστερά
1655 275 1794 310 κέκληται,

1003 329 1041 361 ὡς
1072 330 1170 356 ἐκεῖνοι
1200 328 1342 363 πράτερον.
1373 326 1401 351 '0
1426 324 1481 360 γὰρ
1511 322 1555 350 ἀεὶ
1582 321 1795 356 συντασσόμενος

1003 377 1038 412 τῇ
1065 375 1126 411 θείᾳ
1152 373 1242 410 κρίσει
1269 372 1338 408 πρδς
1365 369 1535 404 ὑποζυγξαν,
1555 365 1633 398 οὗτος
1652 366 1683 393 ἐν
1706 366 1797 412 κάλλει

1005 408 1053 449 κᾶι
1073 408 1160 456 τιμῇ·
1173 408 1179 410 ν
1191 419 1215 446 εί
1243 418 1280 455 μὴ
1305 417 1382 453 παρὰ
1398 416 1443 443 τὸν
1465 412 1658 451 χρηματισμὸν
1680 412 1710 438 6v
1728 408 1798 456 εἶχον

1005 466 1050 493 διά
1072 455 1110 492 τδ⁷
1128 455 1210 495 σέϐας
1233 464 1258 490 οί
1280 461 1461 493 Βαϐυλώνιοι,
1486 461 1542 490 τοῖς
1563 457 1686 484 ἐπιοῦσιν
1709 455 1798 487 αὐτοῖς

1007 510 1180 542 ἀποδίδωσιν,
1205 509 1244 541 ὡς
1268 507 1462 542 ἐναλλαγείσης
1486 505 1538 541 τῆς
1556 504 1662 537 τάξεως
1684 502 1732 529 καὶ
1754 501 1799 529 δυ-

1007 557 1128 592 νάμεως.

1043 603 1087 630 i7.
1119 601 1273 635 Πρόϐατον
1291 598 1488 633 πλανώμενον
1511 594 1652 630 Ἰσραήλ·
1679 593 1800 625 λέοντες

1007 648 1160 680 ὲξώσαντο
1186 646 1290 673 αὐτόν.
1314 643 1456 680 Πρόϐατόν
1482 650 1574 678 φησιν,
1599 640 1638 671 ὡς
1664 639 1723 670 ἐνὸς
1753 646 1801 664 πε-

1008 693 1193 729 πλανημένου.
1217 691 1271 718 Καὶ
1289 692 1316 717 ἐν
1332 689 1492 724 Εὑαγγελίῳ
1511 688 1540 714 δέ
1560 695 1644 722 φησιν
1656 694 1663 700 ·
1690 684 1717 711 '0
1737 683 1801 729 Υἱὸς

1008 738 1062 764 τοῦ
1081 728 1238 770 ἀνθρώπου
1257 733 1351 770 ἦλθεν
1374 733 1535 767 ἐκζητήσαι
1566 731 1616 758 καὶ
1644 729 1743 757 σῶσαι
1769 728 1801 755 τὸ

1007 784 1176 816 ἀπολωλός.
1187 782 1242 808 Καὶ
1256 782 1284 808 ἐν
1299 782 1332 816 τῇ
1346 779 1487 816 παραϐολῇ
1498 778 1536 812 δὲ,
1552 777 1581 803 ἓν
1595 778 1629 803 ἐκ
1641 776 1698 802 τῶν
1708 774 1802 802 ἑκατὸν

1010 830 1134 857 ἀπώλετο
1162 829 1259 864 μόνον,
1285 827 1355 863 ὅπερ
1381 824 1462 862 ἦλθεν
1483 825 1572 860 εὑρεῖν
1587 824 1610 854 ,ό
1632 822 1803 857 ἐπιδημήσας

1011 876 1123 912 ποιμὴν,
1141 875 1154 901 ὃ
1171 874 1217 901 καὶ
1233 874 1280 900 ἐπὶ
1297 873 1350 899 τῶν
1366 872 1450 908 ὤμων
1468 869 1609 898 ἀναλαϐὼν
1624 868 1752 896 ἀπέδωκε
1767 866 1804 902 τῷ

1010 921 1122 959 ἀριθμῷ
1152 920 1208 948 τῶν
1245 920 1410 955 ἐνενήκοντα
1436 916 1524 944 ἐννέα.
1551 915 1584 942 Εἰ
1616 914 1673 951 γάρ
1707 913 1803 959 πάντες

1010 957 1039 996 ἓν
1059 967 1138 1003 σῶμά
1149 967 1232 1002 ἐσμεν
1248 966 1296 992 καὶ
1305 965 1333 992 ἓν
1345 964 1481 999 πρόϐατον
1490 971 1497 978 ·
1511 963 1525 988 6
1537 961 1586 998 μέν
1598 969 1642 992 τις
1652 960 1713 986 ἐστὶ
1726 957 1803 989 ποῦς,

1009 1016 1023 1042 6
1053 1014 1081 1040 δέ
1110 1012 1239 1048 κεφαλὴ,”
1258 1013 1273 1038 6
1300 1010 1328 1037 δέ
1351 1010 1416 1038 ἄλλο
1437 1017 1482 1036 τι·
1512 1009 1526 1035 6
1541 1007 1570 1035 δέ
1596 1005 1699 1042 ποιμὴν
1723 1003 1804 1031 ἐλθὼν

1012 1060 1165 1095 συνήγαγεν
1188 1057 1281 1084 ὀστέον
1304 1056 1370 1092 πρὸς
1388 1055 1492 1087 ὀστέον,
1519 1054 1566 1080 καὶ
1589 1051 1724 1088 ἁρμονίαν
1739 1050 1804 1085 πρὸς

1011 1105 1155 1142 ἁρμονίαν,
1183 1104 1229 1131 καὶ
1262 1102 1366 1134 ἐνὼσας
1401 1100 1530 1129 ἀνέλαϐεν
1560 1099 1607 1125 ἐπὶ
1637 1097 1688 1133 τήν
1716 1095 1805 1131 χώραν

1011 1150 1093 1179 αὑτοῦ
1104 1159 1111 1165 ·
1124 1151 1140 1185 ἡ
1150 1150 1178 1177 δέ
1185 1150 1278 1185 ἑνότης
1287 1149 1393 1184 γίνεται
1404 1149 1437 1175 δι’
1448 1147 1558 1182 ἀγάπης
1564 1146 1612 1172 καὶ
1620 1143 1752 1180 ἀληθείας
1760 1143 1806 1171 καὶ

1011 1196 1197 1232 προαιρέσεως
1216 1195 1336 1230 ἀγαθῆς.
1355 1194 1400 1230 Τῷ
1424 1194 1481 1229 ἰδίῳ
1506 1193 1555 1228 μὲν
1574 1190 1622 1219 οὖν
1644 1192 1718 1228 λόγῳ
1741 1193 1805 1219 πάν-

1011 1252 1059 1275 τας
1072 1244 1186 1278 ἥνωσεν.
1200 1243 1232 1269 Εἰ
1248 1241 1276 1268 δέ
1292 1250 1363 1272 τινες
1372 1239 1548 1271 ἀπειθοῦντες
1562 1239 1650 1274 ἐφάνη
1656 1247 1717 1270 σαν,
1732 1238 1805 1264 ἀνία-

1011 1298 1055 1316 τον
1079 1288 1110 1315 τὸ
1126 1288 1211 1320 πάθος
1232 1288 1391 1323 ἐκτήσαντο.
1417 1283 1465 1318 Εἷς
1486 1284 1533 1312 οὖν
1555 1284 1570 1311 6
1592 1285 1648 1316 πᾶς
1675 1283 1805 1319 Ἰσραηλὶ-

1011 1344 1060 1370 της
1077 1334 1148 1361 κατά
1157 1333 1205 1369 τὴν
1219 1333 1379 1368 συγγένειαν
1393 1331 1442 1368 τὴν
1459 1329 1602 1367 ἀληθινὴν,
1620 1330 1646 1356 εἰ
1663 1329 1766 1360 πάντες
1777 1327 1804 1354 ἐν

1012 1380 1093 1415 σῶμά
1105 1381 1188 1414 ἐσμεν
1209 1379 1256 1406 καὶ
1272 1377 1312 1410 εἷς
1323 1378 1416 1414 ἄρτος,
1432 1377 1481 1404 καὶ
1503 1377 1552 1404 τοῦ
1574 1375 1636 1407 ἐνὸς
1655 1375 1806 1411 μετέχομεν

1012 1427 1175 1462 πνεύματος.
1191 1424 1370 1460 Πλανώμενον
1387 1423 1416 1451 δέ
1427 1423 1564 1460 πρόϐατον
1578 1422 1592 1448 ὁ
1612 1423 1650 1458 μή
1664 1421 1806 1456 τυγχάνων

1012 1473 1062 1508 τῆς
1087 1471 1135 1498 τοῦ
1161 1469 1326 1506 καθήκοντος
1352 1469 1440 1505 θήρας
1455 1469 1485 1495 ἐν
1500 1477 1530 1495 τε
1543 1468 1616 1503 λόγῳ
1631 1467 1680 1494 καὶ
1701 1465 1807 1502 πράξει,

174 1522 258 1554 novit,
275 1529 330 1548 non
344 1525 429 1554 errat;
444 1521 489 1555 qui
506 1524 598 1547 autem
612 1524 696 1552 errat,
713 1528 729 1547 a
744 1519 871 1548 leonibus
884 1519 960 1555 ejici-

1051 1517 1091 1553 τῷ
1115 1516 1151 1553 μὴ
1177 1515 1266 1552 ζητεῖν
1286 1514 1303 1551 ἢ
1326 1514 1365 1550 τῷ
1390 1515 1428 1550 μὴ
1445 1514 1544 1550 εὑρεῖν.
1554 1513 1583 1540 '0
1607 1513 1636 1539 δὲ
1660 1511 1740 1543 εἰδὼς
1763 1510 1808 1537 καὶ

175 1573 229 1595 tur.
250 1566 423 1594 Adversarius
443 1566 515 1593 enim
536 1570 629 1593 noster
643 1565 764 1593 diabolus
779 1570 906 1601 tanquam
922 1565 962 1593 leo

175 1613 280 1648 rugiens
304 1612 398 1638 circuit
417 1619 535 1642 quaerens
560 1619 636 1646 quem
652 1611 796 1638 devoret".
822 1609 881 1638 Jam
900 1618 964 1639 vero

176 1662 241 1685 sunt
255 1662 281 1685 et
296 1657 379 1684 catuli
396 1655 478 1684 leonis
495 1657 626 1692 rugientes
642 1661 670 1683 ut
683 1657 789 1691 rapiant
802 1661 827 1683 et
843 1661 964 1692 quaerant

176 1714 192 1732 ιι
208 1705 259 1732 Deo
272 1713 359 1732 escam
372 1703 463 1732 sibi".
482 1703 649 1731 lnsidiantur
664 1708 753 1730 autem
767 1703 860 1738 justis,
873 1703 964 1737 expel-

176 1752 233 1779 lere
249 1751 371 1778 volentes
384 1757 435 1777 nos
449 1757 464 1776 ο
477 1749 617 1777 montibus
636 1749 722 1784 pacis.
738 1748 803 1782 Sed,
816 1748 896 1776 sicuti
911 1748 964 1776 Da-

177 1799 220 1826 vid
238 1797 443 1833 apprehendens
455 1796 541 1824 leonis
556 1800 677 1824 mentum
691 1795 844 1828 sutl‘oeavit,
860 1795 897 1822 ita
908 1795 965 1830 spi-

177 1843 303 1871 ritualem
320 1841 403 1869 David
424 1841 563 1869 Christum
579 1841 772 1877 exquiramus,
793 1841 840 1876 qui
857 1841 963 1868 leonem

179 1889 294 1924 arripuit
310 1893 337 1916 et
347 1896 455 1916 omnem
474 1888 593 1915 ferarum
608 1895 716 1924 gregem
731 1887 877 1916 interfecit.
891 1886 965 1915 Duos

176 1942 242 1962 vero
269 1941 343 1961 nunc
370 1933 496 1969 intelligit
525 1933 617 1961 leones
640 1933 796 1969 principes,
821 1933 965 1969 Assyrium

179 1988 276 2015 nempe
289 1984 317 2007 et
338 1979 530 2015 Babylonium.
548 1978 630 2007 Juxta
646 1979 788 2007 historiam
801 1978 891 2013 quarti
913 1978 966 2006 Re-

178 2034 242 2061 gum
269 2025 324 2053 duo
355 2030 428 2053 sunt.
458 2024 589 2060 Assyrius
616 2032 733 2059 namque
758 2025 871 2052 deduxit
895 2024 966 2051 ﬁlios

179 2071 262 2099 Israel
290 2071 324 2099 ad
345 2071 474 2106 Assyrios
488 2071 521 2098 ad
540 2071 598 2098 lnec
613 2078 701 2105 usque
717 2074 856 2104 tempora;
876 2069 965 2105 Baby-

179 2118 270 2145 lonius
282 2124 347 2144 vero
364 2117 434 2144 ﬁlios
445 2115 515 2143 Juda
529 2116 557 2143 in
570 2115 747 2151 Babylonem.
762 2115 896 2142 Caeterum
911 2122 965 2142 non

180 2163 280 2190 dicitur
291 2170 363 2190 nune
376 2164 481 2197 primus
498 2166 525 2190 et
537 2162 684 2195 secundus,
699 2161 747 2189 sed
759 2161 864 2196 primus
875 2165 904 2189 et
917 2168 967 2188 no-

1015 1563 1098 1592 ποιῶν
1113 1562 1147 1589 τὰ
1165 1562 1215 1598 τῆς
1232 1560 1405 1595 ἐπιγνώσεως
1415 1562 1447 1587 οὺ
1462 1560 1612 1587 πλανᾶταιο
1629 1559 1645 1585 6
1661 1558 1690 1584 δὲ
1706 1556 1808 1584 πλανώ-

1019 1617 1099 1646 μενος
1125 1607 1179 1635 ἀπὸ
1205 1607 1320 1634 λεόντων
1345 1605 1494 1638 ἐξωθεῖται.
1514 1605 1543 1631 '0
1575 1604 1629 1639 γὰρ
1659 1602 1809 1634 ἀντίδικος

1014 1654 1099 1690 ἡμῶν
1115 1652 1253 1685 διάϐολος
1265 1652 1305 1685 ὠς
1321 1652 1400 1679 λέων
1413 1651 1582 1686 ὠρυόμενοι,-
1597 1648 1757 1682 «epla/arsi
1766 1647 1809 1681 ζη-

1014 1703 1074 1730 τῶν
1098 1702 1166 1729 τινα
1186 1700 1401 1736 καταπίῃ.Ἦδη
1418 1699 1446 1726 δέ
1469 1698 1516 1726 καὶ
1533 1698 1662 1732 σκύμνοι
1686 1696 1810 1727 λέοντος

1013 1748 1175 1783 ὠρυόμενοι
1194 1745 1328 1780 ἁρπάσαι
1347 1745 1398 1772 καὶ
1412 1743 1536 1779 ζητῆσαι
1551 1742 1644 1777 παρὰ,
1654 1741 1718 1774 Θεῷ
1735 1740 1809 1775 ,ϐρῶ-

1015 1802 1067 1822 σιν
1088 1793 1191 1826 αὐτοῖς
1215 1790 1419 1819 ἐπιϐουλεύουσι
1434 1791 1491 1821 τοῖς
1507 1788 1631 1820 δικαίοις,
1656 1787 1811 1823 βουλόμενοι

1015 1839 1113 1872 ἐξῶσαι
1134 1838 1207 1874 ἡμᾶς
1233 1837 1287 1864 ἀπὸ
1308 1835 1363 1863 τῶν
1382 1835 1453 1872 ὀρῶν
1472 1835 1523 1869 τῆς
1541 1834 1663 1869 εἰρήνης.
1683 1833 1755 1859 Ἀλλ’
1776 1831 1810 1863 ὡς

1015 1884 1096 1911 Δαυῖδ
1110 1882 1199 1910 λαϐὼν
1207 1882 1252 1909 τοῦ
1262 1881 1393 1916 πώγωνος
1401 1881 1446 1907 τὸν
1454 1880 1549 1907 λέοντα
1563 1879 1680 1912 ἔπνιξεν,
1688 1879 1762 1906 οὕτω
1770 1878 1812 1905 τδν

1016 1929 1199 1965 πνευματικὸν
1225 1927 1307 1954 Δαυτδ
1329 1927 1375 1954 τὸν
1397 1926 1516 1963 Χριστὸν
1541 1926 1742 1961 ὲκζητήσωμεν
1768 1924 1812 1951 λι·

1017 1975 1099 2002 ϐὁντα
1119 1975 1164 2002 τὸν
1184 1973 1278 2001 λέοντα
1294 1973 1342 2000 καὶ
1362 1973 1417 1999 πᾶν
1430 1972 1461 1999 τὸ
1480 1971 1535 1999 τῶν
1553 1971 1656 2007 θηρίων
1675 1971 1812 2006 συνέδριον

1017 2022 1155 2050 ἀνελόντα.
1168 2021 1220 2048 Δύο
1235 2020 1263 2047 δὲ
1280 2019 1329 2046 νῦν
1340 2019 1475 2055 λαμϐάνει
1490 2018 1600 2049 λέοντας
1616 2018 1756 2052 γενικοὺς,
1771 2016 1813 2044 τόν

1015 2075 1045 2092 τε
1062 2065 1203 2101 Ἀσσύριον
1217 2065 1264 2092 καὶ
1278 2064 1323 2090 τὸν
1335 2063 1518 2091 Βαϐυλώνιον.
1530 2063 1611 2089 Κατά
1625 2063 1674 2098 τὴν
1694 2062 1812 2098 ἱστορίαν

1016 2111 1066 2147 τὴν
1085 2112 1113 2138 ἐν
1130 2111 1163 2146 τῇ
1183 2109 1300 2146 τετάρτῃ
1314 2109 1371 2136 τῶν
1387 2108 1536 2136 Βασιλειῶν
1554 2107 1602 2134 δύο
1620 2108 1708 2134 είσίν·
1730 2109 1745 2135 6
1768 2107 1812 2143 μὲν

1017 2155 1072 2191 γὰρ
1095 2155 1237 2190 Ἀσσύριος
1252 2153 1377 2189 ἀπῴκισε
1392 2153 1455 2185 τοὺς
1468 2153 1543 2185 υἱοὺς
1563 2151 1673 2188 Ἰσραὴλ
1689 2153 1732 2184 εὶς
1756 2153 1812 2178 Ἀσ-

180 2208 321 2235 vissimus.
345 2193 455 2235 Primus
477 2207 578 2243 quippe
593 2207 637 2235 leo
655 2193 697 2235 est
713 2193 887 2235 adversarius
909 2207 960 2234 dia-

1049 2200 1130 2236 ιρίους
1141 2199 1193 2230 ἕως
1203 2199 1253 2234 τῆς
1267 2199 1388 2234 σήμερον
1400 2206 1408 2214 ·
1419 2199 1434 2225 6
1448 2197 1476 2225 δὲ
1486 2197 1656 2229 Βαϐυλώνιος
1667 2197 1733 2229 τοὺς
1742 2196 1812 2228 nlo-3;

181 2252 270 2283 holus,
294 2252 350 2286 ipse
373 2251 531 2280 interfector
547 2252 707 2286 hominum;
724 2252 889 2279 novissimus
901 2259 967 2280 vero

180 2299 242 2331 erit,
257 2298 304 2333 qui
321 2298 347 2325 in
362 2298 415 2325 [ine
427 2298 518 2326 saeculi
535 2298 613 2325 homo
629 2299 741 2333 peccati,
755 2299 827 2334 ﬁlius
840 2299 967 2333 perditio-

181 2345 222 2371 nis
232 2365 239 2376 ,
255 2344 300 2377 qui
315 2344 430 2380 erigetur
446 2352 527 2379 supra
538 2352 613 2372 omne
629 2345 698 2379 quod
717 2344 784 2372 Deus
797 2349 906 2372 vocatur
920 2348 968 2371 aut

180 2389 278 2417 (alitur
288 2389 321 2417 σθ,

216 2516 260 2544 18,
290 2515 357 2543 Ecce
383 2524 431 2551 ego
452 2516 566 2543 ulciscor
591 2525 670 2551 super
698 2525 784 2552 regem
811 2517 967 2553 Babylonis.

180 2563 262 2591 Israel
275 2562 302 2589 in
319 2569 368 2589 sua
383 2569 484 2597 pascua
497 2569 550 2589 non
567 2567 656 2597 potest
668 2563 766 2596 redire,
778 2563 806 2590 ni
821 2563 875 2591 duo
890 2571 968 2599 reges

181 2608 319 2643 patiantur
329 2615 391 2643 qua:
405 2607 460 2642 pali
478 2615 526 2635 eos
538 2611 644 2642 oportet
658 2609 791 2642 prO‘male
808 2614 969 2636 rexatorum

181 2653 293 2680 ultione.
318 2652 435 2679 Omnino
456 2651 489 2679 de
511 2651 618 2679 diabolo
634 2652 675 2679 vel
703 2652 873 2681 Antichristo
898 2654 970 2681 acci-

181 2699 295 2732 piendos
308 2703 350 2726 est
364 2699 408 2726 hic
422 2705 524 2726 sermo.
549 2697 578 2725 lu
595 2707 638 2726 me
653 2699 726 2726 enim
747 2703 906 2726 conteratur
922 2698 971 2726 Sa-

182 2749 260 2771 tanas
273 2745 324 2771 sub
337 2744 451 2779 pedibus
462 2745 530 2771 meis
542 2744 681 2771 velociter.
695 2743 763 2771 Cum
780 2749 872 2771 autem
886 2744 967 2772 deleti

217 2846 239 2860 "
254 2845 318 2872 Luc.
334 2854 388 2878 xu,
405 2846 446 2874 l0.

486 2847 509 2862 “
521 2846 530 2873 l
544 2846 601 2874 Pet.
618 2854 645 2879 v,
661 2844 687 2874 8.
727 2847 748 2863 ⁸⁷
765 2846 838 2879 Psal,
857 2855 919 2880 cm,
938 2847 981 2875 2|.

1027 2245 1111 2272 Ἰούδα
1127 2246 1166 2277 εἱς
1182 2244 1341 2271 Βαϐυλῶνα.
1358 2243 1431 2279 Πλὴν
1447 2243 1498 2270 οὐκ
1511 2242 1564 2277 ἐφη
1580 2241 1628 2269 νῦν
1645 2242 1757 2278 πρῶτος
1770 2241 1814 2268 καὶ

1019 2291 1154 2326 δεύτερος,
1169 2289 1238 2316 ἀλλὰ
1250 2289 1359 2325 πρῶτος
1369 2288 1416 2316 καὶ
1425 2287 1548 2323 ἔσχατος.
1559 2287 1673 2323 Πρῶτος
1681 2287 1738 2324 γὰρ
1749 2287 1813 2314 λέων

1019 2338 1034 2364 ὸ
1050 2335 1235 2371 ἀντικείμενος
1249 2334 1380 2366 διάϐολος,
1396 2333 1478 2365 αὐτὸς
1489 2333 1503 2359 6
1518 2332 1747 2368 ἀνθρωποκτόνος
1756 2341 1763 2348 ο
1774 2340 1812 2359 τε-

1019 2382 1142 2413 λευταῖος
1162 2381 1192 2408 δέ
1205 2382 1220 2408 6
1233 2380 1281 2406 ἐπὶ
1298 2379 1437 2414 συντελείᾳ
1451 2378 1498 2405 τοῦ
1512 2377 1609 2410 αίῶνος
1626 2379 1643 2405 ό
1659 2378 1812 2413 ἄνθρωπος

1021 2427 1075 2462 τῆς
1086 2426 1241 2462 ἁμαρτιας,
1258 2425 1274 2452 ὀ
1296 2424 1360 2457 υἱὸς
1375 2423 1431 2458 τῆς
1450 2424 1610 2456 ἀπωλείας,
1627 2424 1645 2450 ὁ
1657 2423 1812 2458 ὲπαιρόμε·

1018 2480 1075 2505 νος
1086 2471 1136 2498 ἐπὶ
1153 2470 1252 2497 πάντα
1263 2470 1428 2504 λεγόμενον
1441 2467 1516 2495 Θεὸν
1529 2468 1549 2502 ἢ
1560 2468 1712 2503 σέϐασμα.

1056 2517 1100 2544 18.
1125 2516 1199 2543 Ἰδοὺ
1213 2515 1270 2549 ἐγὼ
1283 2513 1392 2541 ἐνδικῶ
1405 2513 1454 2541 ἐπὶ
1466 2513 1520 2540 τὸν
1531 2513 1666 2546 ,βασιλέα
1681 2511 1812 2540 Βαδυλῶι

1019 2571 1083 2596 νος.
1104 2562 1141 2589 οὐ
1162 2561 1273 2587 δύναται
1294 2562 1308 2587 6
1329 2559 1437 2596 Ἰσραὴλ
1459 2559 1684 2594 ἀποκαταστῆναι
1705 2559 1747 2590 εἰς
1764 2558 1811 2592 τήν

1020 2607 1106 2642 νομήν
1127 2604 1220 2636 αὑτοῦ⁷
1239 2604 1286 2630 ἐὰν
1310 2604 1346 2639 μὴ
1363 2603 1485 2630 πάθωσιν
1500 2603 1524 2629 oi
1542 2603 1589 2629 δύο
1609 2602 1729 2637 βασιλεῖς
1743 2602 1761 2630 a
1774 2602 1811 2628 δεῖ

1023 2652 1118 2679 παθεῖν
1135 2651 1205 2686 ὑπὲρ
1218 2650 1267 2685 τῆς
1279 2648 1450 2676 πεπονθότων
1459 2648 1550 2680 κακῶς
1561 2648 1737 2684 ἐκδικήσεως.
1744 2647 1810 2675 Πάν·

1024 2708 1077 2731 τως
1093 2698 1134 2724 δεῖ
1145 2696 1191 2723 ἐπὶ
1206 2696 1251 2722 τὸν
1266 2694 1387 2721 διάϐολον
1397 2694 1413 2730 ἢ
1422 2694 1467 2720 τὸν
1482 2694 1665 2730 ’Δντίχριστον
1678 2693 1810 2729 ἐκλαμϐά-

1023 2753 1078 2771 νειν
1103 2743 1149 2769 τὸν
1177 2742 1321 2776 λόγον.Ἐν
1347 2741 1409 2776 ἐμοὶ
1436 2737 1490 2775 γὰρ
1517 2737 1691 2776 ἀναιρεθήτω
1710 2747 1810 2775 συντρι-

1021 2849 1042 2865 ⁶⁸
1064 2846 1083 2874 ll
1097 2846 1192 2874 Thess.
1209 2853 1239 2877 ιι,
1255 2845 1282 2878 5,
1298 2844 1324 2873 ι.
