1872 3048
93 135 141 165 89⁵1

705 134 862 165 SELECTA
879 135 913 164 IN
931 136 1117 167 JEREMIAM.

1667 141 1719 170 598

91 196 202 232 ϐόμενος
227 197 242 223 6
262 196 387 228 Σατανᾶς
410 196 463 223 ὑπὸ
482 197 546 230 τοὺς
570 197 653 230 πόδας
679 206 729 233 μου
744 198 773 225 ὲν
791 197 873 233 τάχει.

958 198 1033 226 ierint
1051 198 1077 226 hi
1095 198 1149 226 duo
1163 202 1191 226 et
1205 197 1370 232 intermedii,
1384 197 1510 227 restituet
1527 197 1608 226 Israel
1622 200 1654 227 ad
1671 201 1719 227 ha-

93 243 173 270 Ὅταν
199 242 228 269 δὲ
249 242 332 277 ἀνέλῃ
355 243 418 274 τοὺς
441 242 488 269 δύο
501 243 611 276 τούτους
625 244 673 271 καὶ
686 244 749 276 τοὺς
765 244 877 279 μεταξὺ,

93 288 308 323 ἀποκαταστήσει
319 288 365 314 τὸν
385 288 493 324 Ἰσραὴλ
507 289 547 321 εις
559 289 608 324 τὴν
622 289 708 324 νομὴν
724 289 821 316 αὐτοῦ·
834 289 878 316 ὅτε

91 334 119 362 δὲ
131 334 276 370 νεμήσεται
293 334 322 360 ὲν
338 333 378 369 τῷ
392 334 546 370 Καρμήλῳ,
559 335 606 362 καὶ
620 337 652 370 τῇ
670 335 770 367 Βασὰν,
787 335 833 362 καὶ
849 336 878 362 ἐν

92 380 145 415 δραι
165 379 294 415 Ἐφραίμ,
312 379 360 406 κε),
372 380 400 406 ὲν
412 380 525 407 Γαλαάδ.
542 381 564 407 Τ
565 381 682 408 οσούτων
694 381 783 408 τόπων
794 382 878 410 ὅντων

92 425 138 460 τῆς
165 425 294 458 Ἰουδαίας
317 426 364 453 καὶ
391 426 440 462 τῆς
464 427 516 461 γῆς
537 427 587 462 τῆς
610 427 875 464 κληρονομουμένης,

91 470 173 498 ταῦτα
188 472 269 506 μόνον
281 471 416 507 ὠνόμασε.

122 517 165 544 25.
184 516 251 550 Πῶς
261 517 396 551 ἐκλάσθη
413 519 462 546 καί
479 519 639 553 συνετρίϐη
660 520 679 554 ἠ
695 520 799 555 σφῦρα
821 520 877 548 πά-

90 570 146 596 σης
168 561 223 596 τῆς
248 562 314 596 τῆς.
342 563 452 599 Σφῦραν
472 564 522 600 τὴν
548 564 695 592 Βαϐυλῶνα
717 566 795 593 καλεῖ
816 567 876 598 ταῖς

93 608 166 640 ἰδίαις
182 608 350 640 πλεονεξίαις
368 609 433 641 τοὺς
448 609 495 636 ἐπὶ
518 610 570 646 γῆς
593 611 876 647 κατατρίψασαν.”οτε

91 653 116 681 δὲ
132 654 174 681 τὺν
191 654 262 681 Θεῖον
277 654 345 681 νεὼν
357 655 371 680 6
387 654 511 690 Σολομὼν
531 656 741 689 κατεσκεύασεν,
755 658 784 684 ὲν
798 657 876 686 ἐπαί-

91 708 125 735 νῳ
141 699 192 726 τῶν
214 700 362 727 Βασιλειῶν
382 700 398 735 ἡ
421 701 500 736 τρίτη
527 702 625 736 φησὶν,
641 703 682 729 ὅτι
707 703 798 738 σφῦρα
828 704 874 730 καὶ

92 745 199 777 πέλεκυς
213 745 265 772 οὐκ
280 745 401 780 ἠκούσθη
417 746 445 773 ὲν
459 746 497 782 τῷ
511 746 578 782 οἴκῳ
591 748 705 784 Κυρίου.
721 748 800 780 οἶκος
815 749 843 775 δὲ
856 750 872 785 ἡ

97 789 237 825 Ἐκκλησία
250 790 327 824 Θεοῦ,
341 791 370 817 ἐν
414 791 452 827 μὴ
466 792 506 818 δεῖ
517 792 663 820 ἀκούεσθαι
675 793 873 830 σφῦραν.Ἔστι

90 834 116 861 δὲ
131 835 219 872 σφῦρα
238 836 330 872 πάσης
343 837 392 872 τῆς
405 837 457 873 γῆς
472 839 487 865 6
498 838 631 872 διάϐολος,
648 840 695 866 καὶ
708 839 782 867 ἔστιν
803 841 817 867 6
835 841 872 878 μὴ

91 881 233 916 φροντίζων
249 882 345 917 αὐτῆς,
361 884 441 910 οιονεί
454 893 495 916 τις
510 884 558 920 ὕλη
575 885 728 922 τυπτομένη
744 887 809 921 παρ’
823 875 872 914 ab;
890 875 909 902 Β

89 926 136 962 τῆς
150 928 194 954 καὶ
207 928 244 964 μὴ
259 929 410 964 πάσχουσα.
419 929 492 957 Ἰδοὺ
511 930 576 966 γὰρ,
592 931 684 967 φησὶν,
697 931 774 966 ἀνὴρ
786 933 873 966 ἑστη-

90 971 144 1005 κὼς
154 972 201 999 ἐπὶ
217 973 338 1007 τείχους
349 974 618 1008 ἁδαμιιντίνου,καὶ
631 976 666 1003 ἐν
679 976 716 1011 τῇ
730 977 805 1012 χειρὶ
819 979 873 1005 αὐ-

89 1017 137 1043 τοῦ
153 1017 281 1052 ἀδάμας·
300 1019 375 1051 ὅστις
393 1019 500 1055 ἀδάμας
519 1020 565 1047 ὑπ’
579 1021 707 1056 οὐδεμιᾶς
731 1023 872 1059 συντριϐε-

89 1069 129 1087 ται
145 1061 258 1098 σφύρας.
273 1062 334 1090 Κᾶν
349 1064 488 1100 ἐφεστήκῃ
500 1064 566 1098 γοῦν
579 1066 594 1092 6
614 1065 735 1097 διάϐολος
749 1068 765 1102 ὴ
780 1067 871 1103 σφῦρα

88 1107 130 1134 καὶ
149 1108 330 1144 ὑποκείμενος
378 1109 486 1145 δράκων
500 1110 594 1146 ὥσπερ
616 1112 712 1147 ἄκμων
728 1113 869 1148 ἀνήλατος,

89 1153 157 1179 οὐδὲν
172 1154 186 1181 6
199 1155 228 1180 ὲν
247 1155 282 1190 τῇ
299 1155 370 1190 χειρὶ
384 1155 485 1192 Κυρίου
503 1156 549 1183 καὶ
566 1158 618 1184 ὑπὸ
631 1157 681 1193 τὴν
697 1158 801 1193 σκέπην
822 1159 871 1186 αὑ-

89 1199 131 1225 τοῦ
151 1200 256 1236 ἀδάμας
273 1200 405 1228 πείσεται.
421 1202 515 1238 Τεῖχος
535 1203 589 1239 γὰρ
603 1205 617 1231 6
632 1204 708 1238 ἅγιος
724 1204 870 1240 ἀδαμάντι-

89 1253 128 1271 νον
142 1245 187 1272 καὶ⁸
208 1247 237 1273 ὲν
260 1247 332 1282 χειρὶ
349 1247 451 1283 Κυρίου
469 1248 557 1284 μένων
579 1250 697 1284 ἀπαθὴς,
719 1250 770 1277 κᾶν
788 1250 869 1285 μέσος

88 1289 169 1327 ληφθῇ
182 1292 232 1327 τῆς
250 1301 282 1320 τε
310 1293 417 1329 σφύρας
441 1294 489 1321 καὶ
511 1295 558 1322 τοῦ
578 1296 819 1331 δράκοντος.¹’οσον
840 1297 870 1324 δὲ

88 1337 220 1369 τύπτεται,
235 1338 426 1375 λαμπρότερον
437 1340 518 1367 αὐτοῦ
533 1341 582 1377 τὴν
596 1341 696 1378 ἀρετὴν
709 1342 868 1370 ὑποδείκνυ-

89 1384 217 1420 σιν-ὁγὰρ
229 1384 361 1417 διάϐολος,
375 1382 419 1412 οἷά
438 1394 481 1417 τις
495 1386 576 1414 λίθων
593 1388 698 1421 ἀγνοῶν
718 1388 809 1423 φύσιν,
825 1389 869 1416 διὰ

82 1428 184 1456 ’πολλῶν
207 1429 351 1466 δοκιμάζει
374 1431 486 1467 πληγῶν
504 1431 550 1459 τὸν
566 1429 621 1460 οἷον
634 1434 785 1469 ἀδάμαντα,
801 1435 869 1462 Θιοῦ

90 1474 162 1509 μόνου
176 1475 267 1508 καλῶς
279 1476 329 1509 τὴν
342 1476 444 1504 τούτων
460 1477 540 1512 φύσιν
554 1478 663 1511 είδότος.
678 1480 709 1506 Et
723 1480 815 1516 σφῦρα
832 1481 868 1518 μὴ

87 1519 113 1556 ᾖ,
128 1521 174 1548 οὐκ
190 1522 266 1549 ἔσται
284 1522 400 1558 σάλπιγξ
415 1523 507 1559 ὲλατὴ,
525 1524 541 1560 ἢ
567 1525 637 1552 κατὰ
662 1525 708 1553 τὸν
733 1526 815 1561 νόμον
834 1525 869 1563 ἦν
882 1535 904 1566 c

87 1567 246 1605 ὃιεγείρουσα
261 1570 309 1597 επὶ
322 1569 371 1602 τὰς
385 1570 482 1607 ἑορτὰς
499 1570 546 1598 τοῦ
559 1571 626 1598 Θεοῦ
645 1571 662 1607 ἢ
684 1573 870 1608 παροξύνουσα

88 1614 124 1645 εἰς
139 1615 251 1649 πόλεμον
274 1617 339 1648 τοὺς
363 1616 523 1649 ἀκούοντας.
541 1618 666 1645 Τοιοῦτον
690 1619 801 1654 ἐποίησε
825 1620 871 1647 τὸν

88 1658 185 1688 Παῦλον
193 1661 236 1688 διὰ
249 1662 412 1698 πειρασμῶν
428 1663 586 1700 ποικίλωνζὴ
603 1664 703 1700 σφῦρα,
723 1665 805 1701 μηδὲν
821 1665 870 1701 μὲν

89 1704 115 1738 ἐξ
127 1706 206 1741 αὐτῆς
221 1707 354 1739 παθόντα,
369 1707 473 1744 μεγάλῃ
484 1708 513 1734 δὲ
529 1709 603 1744 φωνῇ
623 1708 691 1744 πρὸς
710 1709 759 1744 τῆς
771 1710 871 1741 κακίας

87 1749 243 1787 διεγείροντα
264 1752 395 1788 πόλεμον.
411 1752 570 1788 Ἐργάζεται
597 1754 646 1789 μὲν
668 1754 684 1790 ἡ
709 1754 800 1790 σφῦρα
824 1755 870 1782 τὸν

89 1799 239 1834 πειρασμὸν,
256 1799 390 1834 ὑπηρετεί
413 1799 441 1826 δὲ
460 1801 494 1835 τῇ
518 1799 609 1836 σφύρᾳ
624 1800 638 1826 6
654 1799 708 1827 ἀπὸ
730 1799 778 1827 τοῦ
799 1801 870 1828 Κάῖν

89 1844 258 1878 σφυροκόπος,
273 1845 289 1871 6
305 1844 422 1880 χαλκεὺς
437 1844 536 1880 χαλκοῦ
553 1845 601 1872 καὶ
614 1844 732 1881 σιδήρου.
745 1844 870 1877 Τοιοῦτος

88 1889 100 1914 6
112 1888 154 1916 ἐπὶ
167 1889 212 1916 τοῦ
226 1890 355 1926 Σωτῆρος
373 1890 484 1922 Ἰούδας,
499 1890 547 1917 καὶ
564 1891 601 1923 ot,
615 1891 759 1924 Statipw,
777 1891 870 1917 σταύ-

87 1942 136 1966 ρου
154 1935 253 1968 αὐτὸν,
271 1935 449 1971 κεκραγότες,
473 1935 518 1962 διὰ
535 1935 590 1962 τῶν
615 1935 745 1962 τοιούτων
768 1935 871 1971 ὑπηρε-

89 1977 196 2006 τούντων
207 1981 239 2016 τῇ
255 1979 309 2015 σφύ
315 1988 358 2016 pg.

119 2024 160 2052 25.
190 2026 243 2053 Καὶ
273 2026 419 2060 ἐξήνεγκε
452 2026 489 2053 τὰ
518 2027 614 2061 σκεύη
642 2025 734 2061 ὁρτῆς
764 2025 868 2053 αὑτοῦ.

89 2068 168 2106 Σκεύη
180 2071 264 2106 ὀργῆς
280 2071 329 2098 καὶ
342 2073 356 2099 6
370 2072 530 2104 ’Δπὸστολος
546 2069 599 2099 οἶδε
612 2072 816 2108 κατηρτισμένα
830 2072 871 2103 εἰς

90 2114 226 2150 amilum,
243 2117 288 2144 ἵνα
307 2117 427 2154 γνωρίσῃ
442 2117 487 2144 τὸν
502 2117 616 2144 πλοῦτον
629 2117 680 2153 τῆς
695 2117 774 2153 δόξης
787 2117 870 2144 αὐτοῦ

89 2159 129 2186 ἐπὶ
149 2162 229 2197 σκεύη
254 2163 363 2193 ἐλέους·
386 2163 490 2194 πάντας
512 2163 566 2199 γὰρ
587 2162 748 2199 ἀνθρώπους
769 2163 809 2194 εἰς
824 2162 871 2190 δύο

930 243 1078 272 bilaculum
1095 252 1186 276 suum,
1205 245 1315 280 quando
1330 249 1355 272 et
1369 249 1496 280 pascetur
1510 245 1538 272 in
1551 245 1675 273 Carinelo
1692 251 1719 274 et

929 288 1017 317 Basan
1029 310 1037 321 ,
1056 294 1084 317 et
1108 290 1135 317 in
1153 295 1245 318 monte
1263 290 1392 326 Ephraini
1405 311 1413 325 ,
1427 296 1454 319 et
1468 292 1495 319 in
1509 291 1620 319 Galaad.
1648 292 1716 320 Cum

930 339 969 362 tot
985 335 1045 362 loca
1059 334 1159 363 Iudaeae
1180 336 1235 363 sint
1260 340 1392 371 terraeque
1414 337 1441 365 in
1467 338 1650 365 [nereditatem
1670 345 1717 365 ac-

928 384 1024 415 cepta,
1038 380 1096 408 lucc
1108 381 1165 409 sola
1184 381 1343 410 nominavit.

962 515 1008 543 23.
1028 515 1164 549 Quomodo
1177 517 1281 552 fractus
1296 522 1320 544 et
1335 518 1464 545 contritus
1478 523 1516 545 est
1531 517 1642 545 malleus
1656 518 1717 544 uni-

926 568 1008 588 versae
1024 562 1121 590 terra?
1139 561 1266 590 Malleum
1285 566 1363 590 vocat
1384 563 1547 598 Babylonem
1558 583 1565 596 ,
1581 572 1641 599 qua;
1658 564 1715 592 suis

926 607 1122 641 rapacitatibus
1146 609 1277 636 mortales
1299 610 1474 637 contriverat.
1486 611 1561 646 .Cum
1586 619 1650 639 vero
1669 619 1715 640 sa-

925 659 1002 680 crum
1021 654 1151 687 templum
1168 659 1321 682 exstrueret
1338 655 1478 689 Salomon,
1494 657 1590 684 tertius
1608 656 1712 691 Regum

925 698 993 725 liber
1019 698 1047 725 in
1071 699 1151 726 laude
1174 700 1267 734 ponit,
1290 701 1363 735 quod
1382 701 1497 729 malleus
1514 707 1540 729 ct
1556 703 1661 730 securis
1685 704 1712 730 in

924 743 1006 771 domo
1028 743 1075 771 Dei
1096 744 1187 772 audita
1209 753 1262 772 non
1284 750 1356 773 sunt.
1383 746 1484 774 Domus
1506 755 1571 775 vero
1591 747 1712 776 Ecclesia

925 789 971 816 Dei
986 794 1044 824 cst,
1060 791 1086 817 in
1100 798 1153 826 qua
1168 791 1296 819 malleum
1315 793 1401 820 audiri
1418 801 1472 820 non
1488 794 1574 822 decet.
1597 794 1711 823 Malleus

924 840 1014 863 autem
1031 837 1164 865 universa:
1177 842 1256 865 terrae
1273 838 1399 866 diabolus
1416 843 1468 870 est,
1482 843 1510 866 et
1521 840 1619 874 estqui
1635 840 1711 868 illum

924 882 1118 917 parvipendat,
1144 883 1224 917 quasi
1245 884 1356 911 materia
1380 884 1504 919 quaedam
1529 885 1564 912 ab
1587 885 1634 912 illo
1651 894 1711 920 per-

923 935 1003 955 cussa
1014 949 1022 962 ,
1039 928 1085 956 sed
1103 928 1170 955 nihil
1185 929 1300 964 patiens.
1319 929 1386 956 Ecce
1404 930 1474 957 enim
1485 951 1492 963 ,
1506 931 1563 963 ait,
1581 931 1622 957 vir
1636 936 1710 959 stans

922 981 1000 1008 super
1014 982 1088 1001 muro
1100 975 1289 1008 adamantina,
1310 980 1335 1002 et
1354 976 1383 1002 in
1404 983 1485 1002 manu
1507 977 1565 1011 ejus
1581 977 1710 1009 adamas;

921 1019 969 1054 qui
985 1019 1096 1047 adamas
1111 1020 1187 1047 nullo
1202 1021 1354 1048 conteritur
1366 1021 1474 1049 malleo.
1491 1022 1575 1057 Igitur
1585 1024 1712 1057 quamvis

922 1064 1004 1090 instet
1029 1063 1170 1095 diabolus,
1187 1064 1270 1100 316
1286 1065 1333 1100 qui
1359 1065 1474 1093 malleus
1496 1071 1552 1100 est,
1570 1067 1710 1102 subjaceat

921 1109 1004 1137 draco
1016 1109 1098 1137 veluti
1119 1110 1196 1138 incus
1212 1111 1355 1143 indomita,
1371 1111 1437 1138 nihil
1453 1112 1500 1147 qui
1512 1112 1539 1138 in
1556 1120 1637 1140 manu
1656 1113 1710 1141 Do-

921 1155 988 1182 mini
1007 1159 1052 1182 est
1073 1159 1100 1182 et
1117 1155 1143 1181 in
1166 1156 1337 1189 protectione
1351 1156 1428 1191 ejus,
1450 1157 1568 1192 patietur
1584 1158 1706 1186 adamas.

921 1200 1015 1228 Murus
1028 1201 1128 1235 quippe
1141 1201 1335 1229 adamantinus
1348 1208 1461 1230 sanctus
1473 1207 1526 1235 est,
1544 1202 1610 1230 etin
1625 1211 1706 1230 manu

921 1245 1029 1272 Domini
1043 1249 1118 1273 stans
1135 1245 1170 1273 ab
1183 1246 1257 1273 omni
1272 1246 1400 1280 passione
1412 1246 1481 1273 liber
1497 1251 1549 1278 est,
1571 1246 1635 1274 licet
1649 1254 1708 1274 me-

920 1291 983 1319 dius
997 1291 1033 1318 sit
1046 1291 1116 1318 inter
1130 1291 1258 1319 malleum
1277 1298 1306 1318 et
1318 1291 1475 1319 draconem.
1503 1291 1556 1320 Sed
1572 1299 1627 1327 quo
1645 1292 1708 1327 plus

921 1337 1083 1372 percutitur,
1113 1344 1147 1365 eo
1171 1337 1315 1365 clariorem
1338 1338 1459 1365 ostendit
1481 1338 1541 1373 ejus
1566 1338 1706 1365 virtutem.

921 1382 989 1410 Nam
1005 1382 1132 1410 diabolus
1144 1402 1152 1414 ,
1176 1386 1205 1410 ut
1227 1383 1276 1417 qui
1292 1382 1413 1417 lapidum
1434 1382 1541 1417 ignorat
1562 1387 1706 1415 naturam.

920 1428 1014 1456 multis
1027 1428 1126 1455 ictibus
1142 1428 1327 1462 probatillum
1337 1448 1345 1462 ,
1368 1428 1415 1463 qui
1430 1428 1512 1455 veluti
1525 1427 1639 1455 adamas
1653 1431 1705 1455 est.

920 1474 993 1502 Deus
1008 1474 1109 1509 quippe
1122 1474 1198 1502 solus
1213 1474 1324 1502 illorum
1345 1481 1471 1502 naturam
1487 1474 1574 1502 novit.
1596 1472 1654 1501 Nisi
1671 1475 1707 1501 sit

920 1520 1048 1552 malleus,
1061 1527 1114 1547 non
1129 1520 1175 1547 tlet
1189 1520 1255 1547 tuba
1271 1520 1400 1553 ductilis,
1425 1527 1487 1554 qua;
1502 1519 1653 1547 secundum
1668 1519 1708 1546 le-

922 1572 982 1600 gem
992 1565 1160 1592 convocabat
1170 1564 1205 1592 ad
1214 1565 1273 1593 dies
1285 1564 1369 1592 festos
1380 1563 1497 1597 Domini,
1505 1569 1533 1592 et
1541 1564 1575 1592 ad
1587 1571 1706 1599 pugnam

922 1610 1065 1638 audientes
1084 1610 1230 1637 excitabat.
1252 1610 1346 1638 Talem
1368 1609 1433 1636 fecit
1450 1610 1564 1637 malleus
1590 1609 1705 1636 Paulum

921 1663 970 1690 per
985 1655 1076 1683 varias
1094 1654 1270 1685 tentationes.
1282 1654 1350 1681 nihil
1362 1654 1471 1688 quidem
1486 1654 1521 1681 ab
1534 1660 1568 1681 eo
1581 1661 1705 1689 passum,

920 1701 967 1729 sed
985 1708 1083 1736 magna
1097 1708 1163 1727 voce
1179 1699 1342 1727 excitantem
1366 1700 1400 1727 ad
1424 1706 1542 1734 pugnam
1555 1703 1649 1727 contra
1662 1698 1705 1726 vi-

921 1746 968 1773 tia.
996 1745 1083 1773 EtIicit
1100 1746 1191 1779 itaque
1205 1744 1319 1772 malleus
1335 1744 1510 1771 tentationem
1521 1764 1528 1777 ,
1543 1744 1641 1771 malleo
1656 1750 1707 1770 au-

921 1795 976 1819 tem
992 1790 1111 1818 deservit
1130 1790 1290 1825 progenitus
1313 1797 1329 1816 e
1348 1790 1434 1816 Caino
1456 1789 1609 1822 malleator,
1630 1788 1707 1816 faber

921 1836 984 1864 teris
999 1841 1026 1864 et
1042 1836 1118 1863 ferri.
1140 1835 1216 1863 Talis
1240 1835 1292 1862 fuit
1313 1834 1461 1863 Salvatoris
1473 1839 1594 1870 tempore
1609 1834 1704 1865 Iudas.

920 1882 1022 1917 quique
1042 1881 1180 1916 cruciﬁge,
1209 1881 1332 1916 crucifige
1354 1880 1507 1908 clamarunt
1517 1880 1539 1896 θ’
1565 1887 1614 1914 per
1637 1879 1706 1907 tales

921 1925 1010 1953 mallei
1025 1925 1178 1953 ministros.

954 2018 1000 2045 25.
1021 2016 1056 2044 Et
1079 2015 1188 2051 protulit
1213 2023 1277 2042 uasa
1300 2015 1348 2042 ira
1370 2022 1435 2042 aute.
1458 2013 1528 2043 Vasa
1554 2014 1601 2041 ira!
1623 2014 1705 2041 etiam

921 2064 1069 2099 Apostolus
1084 2062 1159 2091 novit
1171 2062 1199 2089 in
1212 2061 1392 2097 perditionem
1413 2060 1494 2093 facta,
1509 2063 1538 2087 ut
1551 2058 1706 2087 manifestet

920 2109 1030 2136 divitias
1049 2108 1141 2143 gloria
1164 2115 1220 2135 suae
1243 2107 1270 2134 in
1292 2114 1357 2134 vasa
1374 2105 1578 2133 misericordiae.
1605 2105 1707 2133 Omnes

920 2155 992 2182 enim
1007 2154 1131 2181 homines
1146 2154 1173 2181 in
1189 2153 1248 2181 haec
1262 2152 1317 2180 duo
1332 2151 1423 2180 divisit
1438 2159 1515 2185 vasa,
1530 2152 1587 2179 haec
1597 2151 1706 2187 quidem

89 2205 165 2233 ταῦτα
180 2196 258 2235 διεῗλε
274 2208 371 2244 σκεύη,
384 2208 418 2236 τὰ
438 2209 487 2244 μὲν
504 2196 598 2245 ὀργῆς,
620 2196 654 2237 τά
670 2209 699 2236 δὲ
711 2209 817 2240 ἐλέους·
834 2208 869 2236 τὰ

958 2207 987 2232 e,
1002 2199 1048 2226 illa
1070 2207 1134 2227 vero
1155 2198 1365 2232 misericordiae,
1383 2197 1440 2226 hac
1455 2197 1546 2233 qualis
1559 2196 1666 2225 Pharao
1681 2202 1708 2224 et

91 2251 133 2285 μὲν
148 2250 200 2285 οἷος
211 2256 225 2281 ὁ
238 2253 340 2290 Φαραὼ
354 2254 400 2281 καὶ
413 2255 438 2281 οἱ
453 2255 606 2289 Αἰγύπτιοι,
619 2255 654 2282 τὰ
667 2254 695 2281 δὲ
705 2251 760 2286 οἶος
772 2255 786 2281 6
798 2255 871 2281 Παῦ-

90 2296 128 2329 λος
139 2299 183 2325 καὶ
196 2300 220 2326 οἱ
238 2299 533 2331 πιστεύσαντες.Ἄλλὰ
557 2300 599 2332 τίς
621 2300 636 2326 ό
659 2299 797 2336 θησαυρὸς
813 2301 870 2327 Κυ-

92 2343 152 2377 ρίου,
168 2345 196 2371 ὲν
211 2342 233 2379 ᾧ
247 2345 283 2371 τὰ
299 2344 383 2380 σκεύη
397 2345 447 2380 τῆς
464 2344 566 2380 ὀργῆς;
582 2345 662 2376 Ἴσως
676 2345 693 2380 ἡ
711 2345 869 2380 Ἐκκλησία,

89 2386 115 2413 ὲν
151 2389 262 2416 τοιοῦτοι
278 2389 407 2421 πολλάκις
419 2389 686 2416 λανθάνουσιν.Ἔστι
696 2388 724 2415 δὲ
737 2389 751 2415 6
763 2389 868 2425 καιρὸς,

90 2431 128 2458 ὅτε
154 2433 253 2468 ἀνοίγει
276 2433 328 2469 τὴν
350 2433 522 2468 Ἐκκλησίαν
547 2433 595 2460 νῦν
622 2433 677 2468 γὰρ
702 2433 867 2467 κέκλεισται,

91 2478 176 2505 καὶτὰ
190 2479 273 2514 σκεύη
290 2479 341 2514 τῆς
356 2478 441 2514 ὀργῆς
453 2478 522 2514 μετᾶ
535 2477 590 2505 τῶν
601 2478 705 2505 σκευῶν
718 2479 765 2505 τοῦ
777 2479 869 2512 ἐλέους

90 2521 202 2557 νέμεται,
219 2524 266 2551 καὶ
286 2524 321 2550 τὰ
343 2523 435 2559 ἄχυρα
452 2523 522 2559 μετὰ
544 2523 591 2550 τοῦ
615 2523 689 2550 σίτου
712 2524 764 2550 είσὶ
781 2524 828 2551 καὶ
839 2525 869 2551 ἐν

93 2568 136 2603 μιᾷ
150 2570 251 2606 σαγήνῃ
265 2569 293 2596 ot
302 2577 333 2595 τε
345 2569 503 2605 ἀπόϐλητοι,
520 2569 568 2595 καὶ
586 2569 611 2595 ot
628 2569 751 2596 ἐκλεκτοὶ
768 2569 868 2605 ἰχθύες.

96 2611 201 2649 ’Δνοίγει
218 2615 247 2642 δὲ
262 2615 309 2642 τὸν
328 2614 464 2651 θησαυρδν
480 2613 562 2641 αὑτοῦ
583 2615 597 2641 6
613 2614 715 2650 Κύριος
735 2615 806 2642 κατὰ
824 2616 869 2642 τὸν

91 2659 177 2694 καιρὸν
190 2660 239 2696 τῆς
250 2660 379 2696 κρίσεως,
394 2660 449 2692 ὅτε,
463 2659 520 2686 τῶν
547 2658 652 2686 σκευῶν
663 2659 713 2694 τῆς
727 2660 811 2695 ὀργῆς
824 2661 871 2687 ἐκ-

90 2702 264 2740 ϐαλλομένων,
279 2707 294 2733 ὁ
306 2706 399 2738 ἐλέους
412 2705 508 2737 σκεῦος
525 2705 653 2741 ὑπάρχων
667 2705 738 2732 εἴποι
753 2705 785 2732 ἂν
799 2706 870 2733 είκό-

90 2756 137 2782 τως
147 2759 153 2766 ’
175 2752 318 2787 Ἐξῆλθον
333 2752 383 2787 ἀφ’
400 2751 538 2787 ἡμῶνοού
552 2752 607 2787 γὰρ
621 2749 702 2786 ἦσαν
720 2751 755 2784 ἐξ
774 2751 867 2787 ἡμῶν.

125 2830 145 2845 "
159 2829 222 2859 Luc.
236 2839 303 2859 mu
316 2852 324 2865 ,
340 2830 372 2858 2i
388 2839 395 2864 ;
411 2830 488 2859 Joan.
503 2839 547 2858 xu
559 2851 566 2864 ,
584 2829 610 2858 6.
649 2831 671 2846 '°
683 2830 692 2857 l
705 2830 781 2858 Joan.
798 2838 827 2863 ιι,
846 2830 886 2858 l9.

921 2245 1059 2280 Aigyptii;
1074 2245 1119 2272 illa
1134 2244 1223 2279 qualis
1246 2243 1348 2272 Paulus
1361 2249 1390 2271 et
1404 2244 1452 2278 qui
1471 2243 1551 2270 ﬁdem
1576 2249 1706 2277 suscepe-

919 2297 994 2320 runt.
1020 2291 1072 2319 Sed
1087 2292 1215 2326 quisnam
1230 2295 1272 2318 est
1286 2290 1396 2318 Domini
1419 2291 1580 2322 thesaurus,
1601 2289 1628 2316 in
1651 2296 1712 2323 quo.

919 2345 984 2365 vasa
998 2337 1044 2364 ira:
1061 2336 1144 2364 sunt?
1155 2336 1272 2364 fortasse
1284 2335 1405 2364 Ecclesia
1420 2336 1447 2363 in
1459 2343 1512 2370 qua
1527 2342 1598 2368 saepe
1608 2334 1707 2368 hujus-

922 2382 994 2410 modi
1013 2383 1108 2410 latent.
1133 2380 1180 2409 Est
1195 2388 1259 2408 vero
1277 2385 1398 2416 tempus,
1420 2388 1482 2408 cum
1505 2380 1591 2414 aperit
1613 2378 1707 2406 Εωιο-

923 2427 1010 2460 siam;
1024 2435 1097 2454 nunc
1105 2426 1178 2455 enim
1193 2426 1286 2453 clausa
1296 2430 1348 2458 est,
1360 2432 1480 2460 vasaquc
1496 2425 1543 2452 irae
1556 2432 1619 2452 cum
1636 2424 1708 2451 vasis

922 2472 1119 2500 misericordiae
1142 2475 1302 2506 pascuntur,
1319 2471 1455 2505 paleatque
1469 2477 1524 2497 una
1538 2477 1600 2497 cum
1622 2477 1713 2504 grano.

923 2523 989 2547 sunt
1012 2523 1040 2546 et
1059 2519 1087 2546 in
1111 2526 1164 2549 una
1187 2524 1288 2552 sagena
1312 2516 1439 2551 rejecticii
1455 2516 1587 2550 eiectique
1606 2515 1705 2550 pisces.

925 2565 1021 2600 Aperit
1036 2572 1100 2592 vero
1114 2564 1272 2591 thesaurum
1287 2569 1366 2590 suum
1386 2561 1518 2589 Dominus
1532 2566 1653 2595 tempore
1663 2560 1710 2594 ju-

924 2610 999 2644 dicii,
1014 2610 1135 2645 quando,
1150 2609 1224 2636 vasis
1238 2609 1285 2636 ira:
1301 2607 1440 2643 projectis,
1456 2607 1501 2641 qui
1514 2605 1709 2634 misericordias

923 2663 972 2683 vas
985 2660 1042 2688 est,
1066 2658 1248 2689 congruenter
1260 2654 1388 2681 dixerit"
1402 2663 1408 2681 :
1424 2653 1553 2680 Exierunt
1573 2661 1590 2679 ιι
1612 2651 1686 2678 nobis
1698 2670 1707 2684 ,

924 2710 974 2728 mm
994 2701 1063 2728 enim
1080 2706 1154 2727 erant
1171 2708 1204 2727 ex
1223 2700 1306 2727 nobis.
1325 2700 1376 2733 Qui
1396 2708 1460 2727 vero
1480 2704 1555 2727 extra
1578 2697 1625 2725 Dei
1650 2697 1708 2724 the-

926 2755 1038 2776 saurum
1057 2747 1235 2781 delinquunt,
1257 2754 1322 2774 vasa
1346 2747 1393 2774 ira:
1418 2752 1498 2778 sunt,
1520 2746 1565 2773 sed
1592 2745 1706 2772 minora.
