1872 3048
194 152 244 180 599

893 146 938 175 ΕΧ
967 144 1118 173 ORIGENE

1760 138 1809 166 600

194 207 298 235 Etenim
316 207 386 235 servi
404 210 468 235 sunt
488 206 652 234 voluntatem
667 205 775 234 Domini
789 205 836 234 sui
851 204 977 232 uescieu-
991 204 1013 233 Δ

1047 201 1069 228 ’ὰ
1091 201 1120 228 δὲ
1140 200 1193 233 ἔξω
1208 200 1255 227 τοῦ
1274 198 1411 236 θησαυροῦ
1429 197 1620 234 ἁμαρτάνοντα
1634 195 1719 231 σκεύη
1731 195 1809 230 ὀργῆς

194 258 251 285 tes,
268 257 295 280 et
309 261 362 280 non
377 253 507 281 facientes
527 260 598 280 eam.
619 251 690 280 Vasa
711 251 796 287 igitur
818 250 978 286 simpliciter

195 304 276 331 sunt,
292 299 339 327 sed
355 299 388 326 ad
405 299 478 326 aliud
495 302 644 326 asservata.

230 389 275 416 27.
304 389 374 422 Quia
395 390 463 417 venit
486 389 542 416 dies
564 389 690 423 ipsorum.
716 387 848 420 Venient,
871 387 978 422 inquit,

195 435 293 470 captivi
307 435 417 470 quidam
429 434 545 467 ludam,
559 433 674 461 feliciter
687 433 882 461 annuntiantes
893 434 978 460 ultio-

197 489 257 508 nem
269 485 363 508 contra
375 479 548 515 Babylonem.
561 479 654 507 Potest
665 478 747 507 etiam
762 479 874 514 intelligi
888 479 922 506 de
935 479 978 506 his

195 526 242 560 qni
262 534 294 553 ex
316 525 466 552 idololatria
486 529 693 558 convertuntur,
714 532 797 559 quam
813 524 978 560 Babylonem

196 571 330 605 appellat,
344 570 389 605 qni
415 570 553 598 venientes
569 569 596 597 in
619 569 685 598 Sion
705 570 859 605 speculam,
881 577 980 604 nempe

196 615 354 647 Ecclesiam,
372 615 498 643 nuntiant
515 615 645 644 ultionem
661 623 677 642 a
692 615 809 642 Domino
823 615 888 643 Deo.

226 704 272 731 29.
291 703 456 731 Annuntiate
473 705 502 731 in
520 704 655 740 Babylone
673 704 776 731 multis.
793 703 822 731 In
841 703 979 739 Babylone

193 749 271 776 multi
286 753 361 781 sunt,
373 748 550 784 Jerosolymis
567 750 656 784 pauci.
674 750 779 777 Dictum
795 754 836 777 est
849 750 920 777 enim
932 750 953 765 "
968 758 975 776 :

195 793 256 820 Non
277 799 382 828 propter
400 794 448 821 hoc
472 794 567 821 dilexit
590 803 634 822 vos
654 795 735 830 317
763 795 888 822 Dominus
908 795 977 822 Deus

193 842 286 871 vester,
298 846 330 865 ea:
343 846 373 865 eo
393 839 462 873 quod
482 839 559 866 multi
579 839 652 866 estis.
679 839 728 867 Vos
744 840 813 866 enim
826 848 880 875 pra:
893 841 978 866 omni-

194 882 242 909 bus
257 883 408 917 paucissimi
421 884 494 911 estis.
515 882 583 910 Nam
605 884 684 919 pauci
696 892 759 912 vere
782 889 846 912 sunt
859 885 905 919 qui
923 885 974 912 sal-

195 931 304 960 vantur,
320 927 422 962 quique
444 935 491 963 per
513 933 656 963 angustam
681 929 752 956 viam
778 929 977 965 ingrediuntur.

194 971 310 999 Jubetur
344 976 434 999 autem
467 974 655 1008 unusquisque
686 981 780 1001 arcum
816 974 926 1002 tendere
951 974 978 1001 in

196 1017 278 1044 latam
302 1022 329 1046 et
353 1018 500 1052 spatiosam
523 1018 705 1055 Babylonem,
729 1023 759 1047 ut
782 1019 809 1046 in
834 1027 866 1047 ea
889 1019 979 1047 nullus

194 1062 302 1090 evadat.

228 1107 273 1135 29.
295 1107 438 1136 Retribuite
447 1108 473 1136 ei
486 1111 627 1136 secundum
642 1117 722 1144 opera
734 1109 801 1144 ejus.
817 1110 888 1143 Quot
900 1110 978 1145 quis-

193 1160 247 1188 que
271 1153 354 1180 habet
375 1154 555 1189 cogitationes
574 1155 666 1189 pietati
682 1160 876 1191 repugnantes.
900 1155 979 1184 Multi

193 1203 258 1226 sunt
277 1198 416 1234 Babylonii
430 1200 476 1234 qui
493 1204 586 1235 utpote
600 1204 759 1235 peccatores
773 1206 852 1230 terrae
863 1203 979 1230 necandi

194 1248 274 1276 sunt.
292 1251 307 1271 ι
321 1244 421 1280 quibus
436 1245 483 1280 qui
499 1245 567 1272 liber
580 1246 714 1279 evaserit,
737 1246 840 1274 civitati
867 1247 978 1275 ascribi-

193 1293 238 1315 tur
257 1287 303 1316 Dei
318 1289 365 1323 qui
381 1288 526 1324 Babylonis
543 1290 673 1324 iniuriam
689 1290 840 1318 ulciscitur.
864 1290 981 1319 Putabat

193 1332 267 1359 cnim
287 1339 317 1360 se
341 1334 460 1368 propriis
474 1334 578 1362 viribus
592 1335 735 1362 victoriam
759 1336 931 1369 obtinuisse,
953 1341 981 1364 et

194 1379 326 1406 adversus
339 1378 425 1406 Deum
441 1380 625 1414 superbiehat.
641 1379 790 1409 Combusto
804 1385 895 1408 autem
912 1386 980 1409 tem-

195 1425 252 1458 plo,
275 1431 353 1452 sacra
366 1432 431 1452 vasa
453 1426 479 1452 in
503 1426 629 1460 pellicum
650 1433 730 1453 usum
750 1433 880 1454 conversa
905 1431 978 1454 sunt.

195 1469 366 1504 Quapropter
381 1469 579 1498 infructuosam
594 1475 713 1507 gentem,
725 1471 764 1498 uti
775 1472 872 1499 silvam
883 1480 980 1508 quam-

195 1515 258 1542 dam
275 1515 336 1564 igne
347 1515 500 1551 absumpsit
510 1536 517 1549 ,
531 1517 646 1564 ideoque
660 1517 698 1544 ait
708 1518 730 1534 "
745 1526 752 1545 :
765 1517 832 1545 Ecce
843 1526 890 1553 ego
904 1519 940 1546 ad
955 1524 979 1547 te
992 1535 1013 1564 α

195 1561 379 1588 contumeliose
390 1566 508 1597 agentem
518 1582 525 1595 ,
540 1562 605 1589 dicit
619 1562 748 1590 Dominus
761 1564 935 1592 exercitum.

519 1607 595 1636 CAP.
613 1606 657 1635 LI.

231 1651 258 1677 3.
279 1650 313 1678 Et
333 1651 412 1679 nolite
432 1659 538 1686 parcere
551 1653 689 1687 juvenibus
713 1655 780 1688 ejus.
798 1655 978 1683 Consumma-

197 1696 298 1723 tionem
321 1702 430 1732 repente
446 1697 565 1725 futuram
588 1698 721 1733 praedicit.
748 1699 826 1728 Sicut
846 1700 919 1728 enim
936 1701 977 1728 di-

197 1742 262 1770 luvii
275 1747 395 1778 tempore
407 1748 434 1772 et
455 1745 482 1772 in
501 1745 598 1772 diebus
611 1744 662 1772 Lot
675 1752 771 1773 omnes
793 1748 900 1782 negotia
916 1747 978 1776 vitae

197 1787 392 1823 transigebant,
407 1790 493 1817 donec
507 1789 581 1817 venit
593 1789 736 1822 diluvium,
748 1795 775 1818 et
792 1790 874 1826 ignis,
887 1797 914 1820 et
929 1792 976 1820 de-

196 1832 259 1859 levit
281 1841 394 1868 omnes,
417 1834 458 1863 sic
478 1835 530 1862 erit
551 1839 578 1863 et
608 1837 809 1864 consummatio
836 1838 977 1872 repentina

195 1883 277 1913 atque
299 1879 464 1914 improvisa,
479 1880 557 1915 cujus
579 1880 663 1916 ﬁgura
678 1881 746 1914 fuit,
772 1889 832 1917 quae
845 1890 900 1911 uno
915 1890 976 1910 mo-

196 1929 286 1952 mento
302 1925 421 1953 concidit
435 1925 477 1953 vel
491 1926 550 1954 solo
567 1926 692 1955 tubarum
706 1928 833 1963 clangore
855 1927 975 1956 Jericho.

195 1969 228 1996 Et
252 1974 373 2005 tempore
394 1970 543 2000 Dominicas
566 1972 701 2007 passionis
724 1978 835 2008 repente
859 1974 979 2002 concidit

196 2014 330 2050 Babylon,
342 2015 490 2051 abrogante
500 2016 610 2045 Christo
623 2018 750 2052 dogmata
764 2018 904 2054 gentilium
917 2019 978 2046 ido-

196 2061 296 2093 lorum,
310 2065 338 2088 et
350 2061 482 2090 liberante
495 2069 544 2091 eos
557 2062 604 2098 qui
616 2070 632 2091 e
643 2063 770 2099 gentibus
793 2064 976 2092 Crediderunt.

232 2151 258 2178 7.
280 2151 359 2178 Catia;
378 2159 473 2179 aureus
497 2152 626 2188 Babylon.
652 2153 759 2182 Aureus
776 2158 818 2182 est
835 2153 979 2183 Nabucho-

1030 248 1114 279 ἔστιν,
1131 246 1188 274 ἀλλ’
1203 246 1342 273 ιλάττονα.
1357 244 1450 271 Δοῦλοι
1470 243 1525 279 γάρ
1544 244 1597 270 εισι
1620 242 1658 278 μὴ
1672 241 1769 273 ειδότες
1783 242 1810 269 τὸ

1029 293 1138 328 θέλημα
1153 292 1200 320 τοῦ
1215 293 1318 329 Κυρίου
1338 291 1439 323 αὐτῶν,
1454 291 1501 318 καὶ
1517 289 1554 325 μὴ
1578 288 1720 320 ποιοῦντες
1739 288 1809 314 αὐτό.

1030 338 1117 374 Σκεύη
1128 339 1216 365 τοίνυν
1227 338 1296 364 εἰσὶν
1311 336 1404 368 ἁπλῶς
1415 336 1455 367 είς
1471 334 1535 362 ἀλλο
1547 333 1714 368 τηρούμενα.

1064 384 1109 411 27.
1130 385 1191 411 ’Ότι
1202 384 1267 418 ἣκει
1279 383 1298 417 ἡ
1312 381 1406 417 ἡμέρα
1417 379 1524 407 αὐτῶν.
1535 380 1660 412 Ἥξουσι,
1677 379 1752 414 φησὶ,
1762 377 1811 404 τῶν

1029 429 1210 467 αἰχμαλώτων
1219 429 1291 460 τινες
1303 428 1353 462 τῆς
1368 425 1507 456 Ἰουδαίας,
1519 423 1754 459 εὐαγγελιζόμενοι
1767 423 1811 459 τὴν

1029 476 1101 503 κατὰ
1115 474 1273 505 Βαϐυλῶνος
1286 472 1434 507 ἐκδίκησιν.
1449 469 1532 503 Λόγοι
1546 469 1568 495 δ’
1579 468 1612 495 ἂν
1626 469 1674 495 καὶ
1688 468 1751 503 περὶ
1763 467 1811 493 τῶν

1030 522 1061 554 ἑξ
1072 519 1293 555 είδωλολατρειας
1307 515 1534 552 ἐπιστρεφόντων,
1551 514 1584 549 ἣν
1600 514 1680 540 καλεῖ
1695 513 1812 540 Βασυω-

1029 576 1076 594 να·
1092 567 1201 597 οἵτινες,
1219 564 1342 594 ἒλθόντες
1355 563 1395 593 εἰς
1411 560 1479 587 Σιὼν
1500 559 1531 586 τδ
1552 560 1758 594 σκοπευτήριινν,
1768 558 1812 593 τὴν

1036 612 1210 648 Ἐκκλησίαν,
1224 611 1273 646 τὴν
1291 610 1367 645 παρὰ
1381 606 1483 643 Κυρίου
1499 604 1568 633 Θεοῦ
1584 607 1600 641 ὴ
1605 605 1665 642 μῶν
1681 605 1812 640 ἐκδίκησιν

1029 658 1234 692 ἀναγγέλλουσι.

1064 702 1109 730 29.
1131 700 1350 736 Παραγγειλστε
1373 699 1423 726 ἐπὶ
1446 699 1608 727 Βαϐυλῶνα
1629 695 1767 728 πολλοῖς.
1784 694 1812 721 οι

1032 748 1081 784 μὲν
1094 749 1125 774 ὲν
1139 746 1278 774 Βαϐυλῶνι
1294 745 1396 776 πολλοὶ,
1413 746 1438 772 οἱ
1462 745 1490 772 δὲ
1510 747 1539 772 εν
1560 743 1739 780 Ἰερουσαλὴμ
1755 741 1811 767 ἐλά-

1030 801 1131 828 χιστοι·
1157 793 1264 828 εἴρηται
1284 792 1356 828 γάρ·
1380 792 1422 818 οὐ
1445 791 1526 825 παρὰ
1551 789 1641 817 τοῦτο
1660 788 1813 823 ἠγάπησε-ν

1030 838 1109 873 ὑμᾶς
1123 838 1231 872 Κύριος
1242 839 1258 864 ὁ
1276 837 1349 870 Θεὸς
1362 837 1447 871 ἡμῶν
1460 835 1539 870 παρὰ
1556 834 1590 862 τὸ
1610 832 1688 861 εἶναι
1710 833 1812 859 10.1.10-

995 867 1015 894 B
1029 867 1123 916 στοάς
1132 892 1139 898 ·
1253 882 1310 917 γάρ
1320 867 1392 909 sim}
1407 867 1558 916 ὀλιτοστοὶ
1573 879 1654 914 παρὰ
1670 878 1767 905 πάντα
1782 877 1812 903 τὰ

1027 928 1219 963 ἕθνη.¹ολίγοι
1240 929 1295 964 γὰρ
1309 928 1393 959 ὃντως
1415 929 1440 955 oi
1461 927 1608 962 σωζόμενοι
1633 924 1680 952 καὶ
1704 924 1749 950 διὰ
1769 920 1813 956 τῆς

1029 975 1126 1009 στενῆς
1144 974 1329 1010 εἰσερχόμενοι
1353 973 1447 1008 θύρας.
1472 971 1696 1007 Παραγγέλλεται
1718 969 1747 996 δὲ
1766 969 1813 998 πᾶς

1029 1020 1076 1046 ἐπὶ
1100 1021 1150 1056 τὴν
1171 1020 1301 1046 πλατεῖαν
1323 1019 1371 1046 καὶ
1392 1018 1547 1054 εὐρύχωρον
1570 1016 1721 1044 Βαὸυλῶνα
1743 1014 1813 1046 τόξον

1029 1065 1171 1097 ἐκτείνειν,
1187 1066 1235 1092 καὶ
1248 1064 1352 1101 μηδένα
1363 1064 1466 1099 ταύτης
1478 1061 1692 1098 περιποιεῖσθαι.

1064 1111 1108 1138 29.
1135 1110 1328 1138 Ἀνταπόδοτε
1352 1109 1430 1143 αὐτῇ
1458 1108 1532 1135 κατὰ
1556 1107 1593 1134 τὰ
1616 1107 1690 1140 ἔργα
1715 1103 1811 1137 αὐτῆς.

1030 1157 1128 1188 Ὀσους
1152 1165 1194 1188 τις
1216 1156 1272 1191 ἔχει
1294 1155 1441 1190 λογισμοὺς
1453 1153 1655 1188 ἀνθεστηκότας
1669 1149 1810 1183 θεωεεείᾳ.

1029 1202 1125 1229 Πολλοί
1137 1202 1191 1228 εισι
1206 1201 1384 1232 Βασυλώνιοι,
1397 1200 1445 1232 οὓς
1463 1198 1630 1234 ἀναιρετέον,
1643 1195 1813 1232 ἁμαρτωλοὺς

1029 1248 1107 1280 ὕντας
1122 1249 1172 1283 τῆς
1185 1249 1247 1283 γῆς,
1264 1247 1295 1279 ἐξ
1305 1243 1342 1274 ὧν
1358 1246 1372 1272 ὁ
1384 1244 1553 1279 καθαρεύσας
1569 1244 1598 1269 ὲν
1609 1244 1644 1277 τῇ
1660 1241 1737 1268 πόλει
1747 1239 1813 1274 γίνε-

1028 1301 1073 1320 ται
1097 1293 1144 1320 τοῦ
1164 1292 1231 1319 Θεοῦ
1254 1291 1302 1318 τοῦ
1323 1290 1494 1322 ἐκδικοῦντος
1517 1290 1566 1324 τῆς
1590 1286 1751 1317 Βαϐυλῶνος
1771 1284 1812 1319 τὴν

1030 1338 1125 1373 ὓϐριν·
1152 1337 1220 1372 ᾤετο
1241 1336 1296 1372 γὰρ
1313 1336 1402 1371 οἰκείᾳ
1421 1335 1534 1370 δυνάμει
1547 1332 1758 1369 κεκρατηκέναι,
1773 1330 1812 1357 καὶ

1030 1381 1258 1418 κατηλαζονεύετο
1269 1382 1316 1409 τοῦ
1328 1381 1407 1408 Θεοῦ.
1415 1379 1638 1416 Ἐμπρησθέντος
1647 1379 1677 1405 δὲ
1687 1378 1734 1404 τοῦ
1745 1375 1812 1407 ναοῦ,

1029 1429 1064 1456 τὰ
1081 1429 1164 1464 σκεύη
1179 1428 1214 1454 τὰ
1232 1427 1293 1463 ἱερὰ
1315 1429 1375 1459 ταῖς
1391 1426 1541 1457 παλλακαῖς
1555 1426 1596 1457 εἰς
1612 1426 1712 1460 χρῆσιν
1732 1423 1813 1457 ἐδόθη.

1030 1475 1130 1510 Διόπερ
1145 1474 1211 1510 πυρὶ
1223 1474 1254 1500 τὸ
1268 1474 1391 1509 ἄκαρπον
1404 1472 1480 1503 ἔθνος
1494 1471 1621 1507 καθάπερ
1636 1471 1668 1506 δή
1684 1479 1744 1496 τινα
1755 1469 1810 1504 δρυ-

1032 1521 1082 1556 μὸν
1103 1519 1289 1555 κατηνάλωσε.
1303 1519 1395 1554 Ταύτῃ
1418 1518 1460 1545 τοί
1481 1525 1578 1553 φησιν·
1604 1515 1679 1544 Ἰδοὺ
1699 1515 1755 1549 ἐγὼ
1770 1513 1813 1541 ἐπὶ

1030 1565 1067 1593 σὲ
1081 1565 1139 1600 τὴν
1151 1561 1335 1599 ὑϐριάτριαν,
1346 1563 1428 1598 λέγει
1442 1563 1551 1597 Κύριος
1565 1561 1626 1589 τῶν
1636 1560 1797 1595 δυνάμεων.

1344 1609 1423 1637 ΚΕΦ.
1444 1608 1507 1635 NA'.

1062 1657 1088 1685 5.
1109 1656 1164 1684 Kal
1181 1655 1226 1691 μὴ
1248 1655 1391 1690 φείσεσθε
1405 1653 1455 1681 ἐπὶ
1477 1653 1549 1686 τοὺς
1563 1653 1749 1684 νεανίσκους
1768 1650 1813 1676 αὑ-

1027 1701 1093 1736 τῆς.
1113 1700 1283 1737 Προφητεύει
1305 1699 1355 1736 τὴν
1375 1699 1529 1726 συντέλειαν
1553 1698 1661 1733 ἀθρόως
1674 1695 1812 1731 γενηθησο-

1029 1747 1115 1783 μένην
1126 1755 1134 1762 ·
1149 1747 1245 1782 ὥσπερ
1257 1745 1312 1781 γὰρ
1319 1746 1349 1772 ὲν
1359 1745 1420 1777 ταῖς
1431 1744 1551 1780 ἡμέραις
1561 1743 1609 1770 τοῦ
1624 1739 1812 1776 κατακλυσμοῦ

1028 1793 1075 1821 καὶ
1083 1793 1144 1824 ταῖς
1157 1791 1274 1827 ἡμέραις
1286 1791 1332 1818 τοῦ
1343 1790 1405 1817 Λὼτ
1417 1789 1452 1817 τὰ
1465 1789 1579 1825 βιωτικὰ
1590 1789 1692 1820 πάντες
1704 1787 1813 1816 ἐποίουν.

1030 1839 1084 1870 ἕως
1095 1835 1177 1873 ἦλθεν
1192 1837 1207 1863 ὁ
1217 1835 1408 1872 κατακλυσμὸς
1422 1835 1469 1862 καὶ
1481 1835 1511 1862 τδ
1522 1834 1590 1870 πῦρ,
1602 1834 1650 1860 καὶ
1658 1831 1728 1869 ἦρεν
1739 1832 1814 1859 ᾶπαν-

1026 1892 1076 1916 τας
1085 1892 1092 1899 ·
1112 1883 1198 1914 οὕτως
1213 1882 1290 1909 ἔσται
1308 1881 1340 1909 τὸ
1354 1881 1405 1917 τῆς
1417 1880 1570 1912 συντελείας
1583 1879 1720 1914 αἰφνίδιον
1730 1887 1737 1894 ·
1750 1874 1814 1911 οῦδὴ

1029 1928 1163 1965 σύμδολον
1177 1925 1210 1963 ἧν
1225 1928 1242 1963 ἡ
1256 1927 1362 1964 ἀθρόως
1375 1926 1495 1954 πεσοῦσα
1509 1927 1585 1961 φωνῇ
1600 1925 1648 1952 καὶ
1671 1924 1741 1959 μόνῃ
1757 1921 1812 1949 σαλ-

1027 1975 1135 2009 πίγγων
1153 1972 1267 2009 Ἱεριχὼ.
1285 1971 1340 1998 Καί
1359 1971 1434 2007 παρὰ
1452 1971 1498 1998 τὸν
1517 1970 1613 2006 καιρὸν
1626 1970 1655 1996 δὲ
1673 1969 1724 1996 τοῦ
1738 1976 1814 2001 συντη-

1029 2021 1088 2056 ρίου
1103 2020 1216 2052 πάθους,
1230 2019 1307 2054 ἄφνω
1319 2018 1400 2045 ἔπεσε
1412 2015 1551 2047 Βαῦυλὼν,
1567 2015 1686 2050 Χριστοῦ
1708 2014 1742 2041 τὰ
1757 2012 1812 2046 περὶ

1027 2065 1082 2092 τῶν
1104 2064 1217 2092 ἐθνικῶν
1239 2063 1355 2091 εἰδώλων
1374 2062 1598 2098 καταργήσαντος
1616 2061 1752 2095 δόγματα,
1773 2058 1812 2084 καὶ

1028 2113 1092 2145 τοὺς
1106 2113 1160 2140 ἀπὺ
1172 2111 1226 2139 τῶν
1240 2111 1324 2138 ἐθνῶν
1340 2109 1492 2146 ῥυσαμένου
1508 2107 1720 2138 πιστεύσαντας.

1066 2159 1091 2186 7.
1112 2158 1257 2192 Ποτήριον
1269 2156 1407 2192 χρυσοῦν
1417 2157 1436 2190 ὴ
1449 2153 1602 2182 Βαϐυλών.
1624 2152 1750 2189 Χρυσοῦν
1761 2151 1810 2177 ἐστι

195 2197 340 2224 donosoris
364 2197 433 2224 calix
450 2197 484 2225 ad
497 2197 630 2225 fallendos
643 2198 778 2232 homines,
793 2203 823 2226 ut
844 2201 980 2235 accipien-
994 2196 1013 2226 ll

1047 2204 1077 2231 οῦ
1093 2203 1326 2239 Ναϐουχοδονόσορ
1340 2202 1370 2228 τδ
1389 2201 1517 2236 ποτήριον
1529 2201 1570 2231 εἰς
1586 2199 1698 2234 ἀπάτην

196 2247 236 2269 tes
250 2242 362 2276 bibant,
377 2243 442 2270 dum
458 2244 550 2271 vident
566 2252 662 2271 aurum
673 2264 680 2276 ,
697 2249 724 2272 et
737 2245 796 2273 visu
818 2246 978 2281 pulchrum,

194 2293 222 2316 et
234 2289 352 2324 cogitatu
368 2289 522 2324 speciosum
531 2310 539 2322 ,
556 2290 602 2317 sed
614 2290 685 2325 quod
703 2291 729 2318 in
739 2299 772 2318 eo
780 2291 914 2326 judicium
926 2297 979 2326 est,

194 2343 248 2362 non
272 2335 501 2363 animadvertunt.
526 2335 651 2370 lmproba
673 2337 746 2364 enim
769 2337 830 2373 ejus
852 2338 980 2374 dogmata

131 2402 137 2407 .
193 2389 290 2408 vocum
303 2381 436 2416 elegantia
447 2386 543 2409 ornata
559 2386 632 2413 sunt,
642 2381 802 2417 decipientis
815 2383 979 2412 elocutionis

193 2431 335 2454 venustate
356 2431 384 2453 et
408 2427 537 2454 methodo
562 2426 719 2455 artiﬁciosa.
747 2426 814 2454 Nam
838 2432 865 2456 et
887 2428 979 2456 omnis

192 2475 271 2506 poeta
285 2471 420 2498 excellens
434 2472 546 2499 calicem
564 2479 677 2499 aureum
692 2473 877 2507 comparavit,
893 2480 977 2500 vene—

193 2524 258 2543 num
278 2517 435 2544 immiscens
449 2517 618 2550 idololatriae,
641 2518 798 2552 turpiloquii
812 2522 838 2545 et
853 2518 977 2545 omnium

191 2563 290 2590 anima:
309 2562 454 2590 malorum.
475 2562 510 2589 At
524 2562 603 2590 Jesus
617 2560 703 2591 noluit
713 2563 825 2591 calicem
842 2571 955 2590 aureum
967 2583 976 2597 ,

192 2615 226 2634 ne
245 2608 282 2635 illi
299 2608 398 2636 similis
411 2615 472 2635 esse
495 2608 642 2636 videretur.
667 2608 839 2644 Quapropter
851 2609 975 2635 habemus

192 2653 344 2680 thesaurum
358 2655 426 2681 Itum:
439 2663 467 2681 tn
483 2655 550 2681 vasis
566 2654 691 2689 ﬁctilibus
703 2655 737 2688 ⁷³,
749 2655 796 2682 sed
809 2655 906 2682 salutis
915 2662 977 2688 quae

194 2699 220 2724 in
237 2706 269 2725 eo
286 2704 337 2726 cst.
353 2699 488 2727 Cuaterum
506 2700 577 2727 calix
593 2709 688 2728 aureus
710 2700 847 2735 Babylon,
861 2708 923 2727 eum
942 2700 976 2727 ad

194 2743 324 2770 ultionem
337 2745 454 2778 venerit,
472 2746 499 2772 in
517 2754 596 2773 manu
612 2745 718 2773 Domini
731 2745 816 2778 est",
834 2753 896 2780 qua:
910 2746 975 2773 olim

229 2835 250 2851 "
270 2835 349 2862 Deut.
370 2845 416 2870 vn,
433 2838 457 2863 'l.

1031 2257 1100 2282 πων,
1114 2249 1158 2276 ἶνα
1176 2249 1317 2284 δεξάμενοι
1335 2247 1443 2279 πίωσιν,
1466 2245 1583 2281 ὁρῶντες
1601 2245 1632 2271 τὺ
1655 2244 1765 2280 χρυσὸν,
1777 2243 1810 2268 ὅτι

1029 2294 1111 2321 καλὸν
1124 2295 1181 2325 τοῖς
1196 2293 1344 2328 ὀφθαλμοῖς
1363 2292 1426 2319 ἰδεῖν
1445 2291 1493 2318 καὶ
1511 2291 1612 2325 ὡραῖον
1624 2289 1672 2316 τοῦ
1690 2287 1811 2320 κατανοῆ-

1030 2348 1092 2367 σαι·
1110 2339 1140 2366 τὸ
1162 2339 1190 2365 δὲ
1213 2340 1301 2374 κρῖμα
1317 2338 1348 2364 τὺ
1371 2339 1400 2364 ὲν
1415 2336 1503 2371 τούτῳ
1524 2335 1562 2371 μὴ
1583 2334 1761 2370 λογιζόμενοι.
1777 2331 1810 2357 Τὰ

1032 2385 1156 2421 μοχθηρὰ
1167 2384 1222 2420 γὰρ
1233 2383 1315 2411 αὐτοῦ
1331 2383 1453 2418 δόγματα
1467 2380 1623 2415 καλλιλεξίᾳ
1637 2381 1808 2414 κεκόσμηται,

1030 2430 1070 2466 τῷ
1083 2430 1133 2465 τῆς
1145 2430 1271 2465 φράσεως
1281 2428 1440 2461 δελεάζοντα
1456 2427 1549 2454 κάλλει
1562 2427 1610 2453 καὶ
1623 2427 1656 2461 τῇ
1672 2425 1772 2460 μεθόδῳ
1781 2424 1808 2456 τῇ

1031 2477 1153 2512 τεχνικῇ.
1175 2475 1232 2502 Καὶ
1243 2475 1296 2507 πᾶς
1308 2474 1337 2501 δὲ
1351 2473 1464 2509 ποιητὴς
1476 2473 1559 2508 ἄκρος
1575 2469 1645 2498 εἶναι
1661 2471 1756 2500 ἄικῶν,
1768 2477 1810 2494 πο-

1029 2521 1124 2557 τήριον
1137 2520 1254 2556 χρυσοῦν
1264 2520 1459 2551 κατεσκεύασε,
1471 2519 1632 2554 δηλητήριον
1645 2516 1767 2552 ὲμὸαλὼν
1777 2515 1808 2541 εἰ·

1029 2565 1236 2601 δωλολατρείας,
1251 2565 1440 2600 αἰσχρολογίας
1450 2564 1497 2591 καὶ
1517 2563 1572 2590 τῶν
1587 2564 1712 2599 ψυχικῶν
1730 2561 1807 2589 ἁπάν-

1027 2619 1082 2638 των
1099 2610 1200 2637 κακῶν.
1210 2610 1238 2636 '0
1252 2609 1281 2636 δὲ
1302 2609 1405 2645 Ἰησοῦς
1416 2610 1447 2636 οὺ
1463 2608 1565 2644 χρυσοῦ
1589 2609 1720 2645 ποτηρίου
1737 2614 1807 2642 προε-

1027 2657 1155 2692 νοήσατο,
1168 2657 1272 2691 μήποτε
1280 2655 1328 2682 καὶ
1340 2655 1402 2690 δόξῃ
1414 2655 1510 2689 ἐκείνῳ
1521 2655 1613 2689 ὅμοιον
1625 2652 1709 2681 εἶναι’
1722 2652 1806 2686 διόπερ

1029 2701 1138 2736 ἔχομεν
1168 2701 1223 2727 τὸν
1251 2700 1405 2734 θησαυρὸν
1433 2700 1541 2727 τοῦτον
1566 2700 1602 2726 ἐν
1629 2693 1804 2734 όστραιίὲοκ

1029 2747 1183 2779 σκεύεσιν,
1195 2745 1265 2773 ἀλλὰ
1285 2746 1335 2782 τῆς
1350 2747 1379 2773 ὲν
1392 2745 1467 2781 αὐτῷ
1487 2745 1634 2781 σωτηρίας.
1652 2745 1687 2772 Τὸ
1701 2744 1727 2770 εδ
1742 2751 1791 2777 χρ]

497 2840 518 2855 ⁷³
534 2839 633 2868 Jcrcm.
647 2848 672 2873 L,
687 2840 732 2867 3i.
770 2840 793 2856 "
809 2839 828 2866 ll
841 2840 903 2868 Cor.
918 2848 955 2873 iv,
970 2841 997 2868 7.
1034 2841 1056 2857 “
1069 2840 1169 2869 Jcrem.
1185 2849 1223 2876 LI,
1242 2840 1266 2868 7.
