1872 3048
114 149 165 178 Nl

724 153 877 182 SELECTA
896 154 928 182 IN
947 155 1133 185 JEREMIAM.

1689 163 1742 190 eos
1764 154 1766 156 ’

115 209 196 236 σοῦν
209 207 354 242 ποτήριον
372 208 390 242 ἢ
404 208 557 240 Βαϐυλὼν,
568 208 633 236 ὅταν
651 210 696 236 ἐπὶ
710 210 758 246 τὴν
773 211 894 247 ὲκδίκησι

981 213 1048 248 :tigit
1063 213 1114 241 Job
1125 234 1132 246 ,
1148 214 1280 242 inebrians
1296 215 1443 242 universam
1460 221 1557 244 terram
1564 218 1587 234 "
1601 217 1656 251 ira,
1675 228 1743 248 nue-

116 251 193 289 ἔλθῃ,
207 253 242 279 ἐν
257 252 334 287 χειρὶ
351 253 460 287 Κυρίου
470 252 585 286 γίνεται,
598 255 630 289 τῇ
649 255 772 290 ἁψαμένη
785 256 849 282 ποτὲ
861 256 907 282 τοῦ

121 298 194 330 Ἰὼϐ,
207 299 361 333 μεθύσκον
371 297 473 324 πᾶσαν
485 298 542 332 τὴν
555 298 612 333 γῆν
627 299 680 326 ἀπὸ
689 300 785 335 ὀργῆς,
797 301 850 327 ἀπὸ
861 301 908 327 λύ-

116 353 183 379 πης,
204 343 324 378 ἐρώτων,
341 343 508 376 κενοδοξίας·
521 344 572 371 ὅσα
582 344 636 380 γὰρ
653 345 848 381 ἁμαρτήματα.
864 354 908 372 το-

116 388 217 416 σαῦται
231 389 279 416 καὶ
292 388 381 424 μέθαι,
396 389 522 425 καθάπερ
539 390 568 422 ἐξ
585 391 658 417 οἴνου
680 391 787 418 πάντων
803 392 908 418 σαλευο-

116 432 219 466 μένων,
233 432 281 458 xui.
299 432 406 467 βέϐαιον
419 433 494 459 οὐδὲν
506 434 630 468 ἐχόντων.
640 435 668 461 '0
687 435 716 461 δὲ
735 435 838 468 δίκαιος
857 437 907 463 οὐκ

115 477 174 504 ἔστι
189 477 244 512 γῆ·
257 477 295 504 ῶν
311 478 365 514 γὰρ
382 479 427 505 ἐπὶ
440 479 501 514 γῆς,
517 479 574 514 ἔχει
598 481 627 506 ὲν
647 481 770 516 οὐρανοῖς
787 482 817 508 τὸ
834 483 907 510 πολί-

112 529 216 557 τευμα,
230 523 277 549 καὶ
300 523 351 550 οὐκ
375 523 407 550 ἂν
432 523 576 550 ἀκούσειε⁵
596 524 641 559 Γῆ
663 524 700 558 εἴ,
715 526 764 553 καὶ
784 529 828 560 είς
848 527 906 562 γῆν

113 567 284 602 ἀπελεύσῃ,
298 568 356 595 ἀλλ’
367 569 399 595 ὲκ
408 568 462 595 τῶν
477 569 589 596 εἰκότων
599 579 606 586 υ
622 571 744 607 Οὐρανὸς
757 570 792 604 εἴ,
807 573 854 600 καὶ
867 574 906 605 εἰς

113 612 248 648 οὐρανοὺς
263 614 401 651 ἀπελεύσῃ
410 623 416 630 ·
433 617 526 652 φορεῖς
537 616 591 652 γὰρ
600 616 650 652 τὴν
663 617 754 644 είκόνα
765 618 812 645 τοῦ
825 619 906 645 ὲπου-

114 659 221 694 ρανίου,
240 660 289 686 καὶ
302 661 400 695 πάγιος
416 661 544 697 ἕστηκας.

150 704 178 731 9.
206 705 410 740 Tarpeiian
419 707 594 740 Βαϐυλῶνα,
611 707 660 736 καὶ
674 709 730 736 οὐκ
745 709 820 744 ιάθη.
830 711 862 737 Ὴ
876 711 904 737 δὲ

114 749 245 777 Βαϐυλὼν
257 752 308 778 οὐκ
319 752 503 786 ἀπέγνωσταν
520 754 550 781 οὐ
564 754 618 790 γὰρ
630 754 663 781 ἂν
676 755 778 790 ἔλεγεν,
793 756 830 783 Et
841 765 904 791 ,πως

114 795 281 829 ἰαθήσεται.
302 798 385 824 Ποίαν
396 798 484 834 ψυχὴν
503 799 599 835 ἑτέραν
620 801 852 837 ἀπογνωσόμεθα;
872 805 903 831 Et

111 841 142 868 δὲ
160 842 198 878 μὴ
215 842 359 876 σέσωσται,
382 844 460 871 τοῦτο
477 845 572 880 γέγονε
594 847 659 882 παρ’
674 848 742 883 αὐτῇ
754 856 761 863 ’
779 848 817 880 ὡς
840 850 904 882 τοὺς

958 267 1030 291 rore.
1049 260 1198 293 amoribus,
1214 260 1287 287 inani
1301 261 1398 296 gloria.
1422 261 1494 295 Quot
1506 263 1579 290 enim
1600 269 1664 291 sunt
1680 273 1742 299 pce—

958 308 1017 331 cata
1028 323 1036 334 ,
1052 304 1163 331 totidem
1192 309 1253 331 sunt
1270 305 1432 338 ebrietates,
1449 311 1576 341 tanquam
1593 308 1655 335 vino
1668 317 1743 335 com-

959 349 1040 376 motis
1052 350 1191 382 omnibus,
1206 350 1328 384 nihilque
1343 351 1439 378 stabile
1461 352 1634 380 habentibus.
1647 352 1742 381 Justus

957 401 1023 421 vero
1039 399 1110 422 terra
1126 403 1179 422 non
1192 400 1243 423 est.
1260 395 1328 423 Cum
1342 397 1414 424 enim
1430 397 1456 424 iu
1475 402 1547 425 terra
1561 399 1606 431 sit,
1618 399 1698 426 bahet
1713 400 1740 426 in

958 440 1035 468 caelis
1048 441 1292 473 conversationem,
1303 442 1386 477 318
1396 448 1422 470 et
1438 451 1491 470 non
1507 444 1646 472 audiet":
1660 445 1741 472 Terra

957 493 994 518 es,
1007 490 1032 512 et
1046 486 1072 512 in
1083 491 1181 512 terram
1197 489 1341 520 rererten's,
1357 489 1403 516 sed
1420 489 1627 523 convenienter;
1640 491 1740 518 caelum

956 535 996 560 es,
1014 532 1042 555 et
1057 528 1083 555 in
1099 529 1197 556 caelum
1213 532 1372 565 reverteris,
1388 532 1442 560 fers
1453 533 1526 560 enim
1538 534 1656 562 ctelcstis
1669 534 1739 563 ima-

959 573 1060 608 ginem,
1076 574 1200 610 ﬁxuSque
1213 579 1280 603 stas.

991 709 1019 736 9.
1040 709 1196 738 Curavimus
1214 711 1389 746 Babylonem,
1407 719 1431 740 et
1447 723 1497 741 non
1516 720 1554 742 est
1567 720 1671 743 sanata.
1686 716 1738 743 Ba-

955 754 1037 790 bylon
1057 763 1111 783 non
1127 761 1168 784 est
1185 757 1335 791 desperata.
1361 757 1453 793 Neque
1472 760 1544 787 enim
1569 761 1736 789 dixisset":

955 799 986 826 Si
997 800 1066 834 forte
1081 807 1197 828 sanetur.
1208 802 1294 835 Quam
1307 803 1388 830 aliam
1401 805 1518 832 animam
1534 814 1584 841 pro
1594 807 1736 842 desperata

956 845 1135 873 habebimus?
1152 846 1228 880 Quod
1243 848 1265 874 si
1281 856 1334 876 non
1351 849 1424 876 salva
1440 855 1491 883 est,
1514 858 1561 885 per
1577 851 1663 885 ipsam
1680 858 1736 879 ste-

112 888 243 923 ἀρίστους
264 890 373 924 ἰατροὺς
389 890 580 925 ἀπολογεῖσθαι
600 893 647 919 καὶ
662 893 764 928 λέγειν·
784 895 894 930 Ὶατρεύ-

981 897 1004 923 ι-;
1030 891 1065 918 ita
1083 897 1111 918 ut
1127 893 1221 927 optimi
1246 894 1348 928 quique
1364 895 1460 922 medici
1478 883 1676 930 respondeant,
1696 898 1737 924 di-

111 940 213 966 σαμεν
225 933 282 967 τὴν
292 934 466 968 Βαϐυλῶνα,
477 934 525 962 καὶ
538 937 594 963 οὐκ
610 937 690 972 ιὰθηο
703 938 903 974 ἐγκαταλίπω-

108 986 171 1012 μεν
186 979 293 1012 αὑτήν.
311 981 348 1006 Οὐ
366 981 432 1017 παρ’
447 982 544 1014 αὐτοὺς
558 982 612 1019 γὰρ
634 984 694 1011 οὐδὲ
709 985 784 1020 παρὰ
799 986 847 1022 τὴν
862 988 903 1014 ία-

110 1024 221 1060 τρικὴν,
233 1025 294 1051 οὐδὲ
316 1026 392 1062 παρὰ
411 1027 461 1062 τὴν
486 1028 596 1064 ῥητίνην
609 1029 640 1055 τὺ
655 1029 692 1065 μὴ
707 1031 808 1066 ταύτην
822 1031 902 1068 θερα-

111 1069 255 1098 πεύεσθαι.
265 1071 362 1107 Ίατροὶ
373 1072 402 1099 δὲ
417 1072 536 1107 ἄγγελοι,
549 1074 602 1100 ὑπὸ
614 1075 659 1101 τὸν
671 1076 757 1110 μέγαν
771 1077 847 1109 ὄντες
862 1078 902 1105 ία-

109 1114 177 1150 τρὺν
191 1115 237 1142 τὸν
249 1116 326 1148 Θεὸν,
343 1117 391 1144 καὶ
403 1118 569 1153 θεραπεῦσαι
584 1121 647 1152 τοὺς
659 1121 834 1157 πειθομένους
847 1124 902 1151 ἐθέ-

109 1160 220 1193 λοντες·
236 1163 259 1188 εί
277 1162 306 1189 δὲ
321 1163 368 1198 μὴ,
386 1164 507 1199 ἐροῦσιν·
526 1166 782 1202 Ἐγκαταλίπωμεν
792 1169 899 1204 αὐτὴν,

110 1205 289 1242 ἀπέειθωμεν
302 1208 429 1242 ἕκαστος
440 1212 483 1243 είς
493 1211 550 1244 τὴν
561 1211 621 1246 γῆν
633 1213 736 1246 αὑτοῦ,
748 1216 795 1242 καὶ
807 1215 854 1242 τὸν
867 1217 902 1242 ol—

108 1253 185 1279 uiov
201 1253 283 1280 τόπον
299 1255 347 1280 καὶ
360 1255 410 1290 τὴν
422 1256 523 1283 οἰκείαν
541 1256 650 1292 πρᾶξιν,
663 1257 704 1284 ὃτι
725 1258 836 1293 ήγγικεν
861 1261 900 1292 εἰς

108 1298 158 1325 τὸν
170 1299 284 1333 οὐρανὸν
303 1300 333 1326 τὸ
353 1302 439 1337 κρῖμα
460 1301 554 1337 αὐτῆς,
571 1303 798 1335 καταδικάσαντες
816 1305 900 1341 αὐτὴν

109 1343 149 1374 ὡς
166 1343 283 1377 ἀνίατον,
295 1345 342 1372 καὶ
355 1346 520 1381 πεισομένην
534 1347 568 1374 τὰ
578 1349 628 1384 τῆς
639 1348 829 1383 ἀπογνώσεως.
847 1351 900 1378 Καὶ

108 1389 134 1413 οἱ
149 1388 205 1415 τῶν
221 1391 354 1424 σωμάτων
366 1391 419 1427 γὰρ
432 1393 520 1428 ἰατροὶ
530 1394 594 1425 τοὺς
607 1395 732 1426 ἀνιάτους
743 1396 900 1429 ἐγκαταλεί-

110 1442 203 1466 πουσι,
222 1435 321 1470 μήπως
341 1437 370 1462 ὲν
391 1438 450 1469 ταῖς
468 1438 556 1464 αὐτῶν
570 1440 646 1474 χερσὶ
660 1440 854 1476 τελευτήσωσιν
864 1450 870 1456 ·
885 1442 899 1469 ὃ

108 1478 137 1504 δὲ
154 1479 276 1506 ποιοῦσιν
290 1481 483 1515 ἄγγελοι.”οσα
505 1483 533 1510 δὲ
545 1484 746 1520 ἁμαρτάνομεν,
767 1486 797 1512 τὸ
812 1488 898 1522 κρῖμα

108 1524 190 1558 ἡμῶν
203 1524 279 1557 αὔξει
292 1527 339 1552 καὶ
351 1526 453 1562 ἐξαίρει
472 1528 525 1560 ἕως
538 1529 590 1556 τῶν
605 1530 721 1566 ἄστρων,
738 1531 792 1558 τῶν
813 1533 897 1567 ἁγίων

107 1570 225 1606 δηλαδή·
243 1572 289 1597 καὶ
301 1573 361 1598 τότε
377 1574 390 1599 ὁ
403 1573 469 1605 Θεὸς
489 1574 600 1611 ἐκφέρει
615 1576 646 1602 τὸ
658 1578 744 1612 κρῖμα
759 1578 841 1605 αὐτοῦ
859 1581 897 1611 είς

106 1616 275 1644 ταπείνωσιν
289 1617 336 1643 τοῦ
352 1617 501 1652 ὑψωθὲντος
523 1620 654 1655 κρίματος
674 1623 727 1649 ἀπὸ
743 1623 792 1659 τῆς
808 1625 898 1659 ἁμαρ-

106 1660 184 1694 τίας.
195 1662 330 1690 ταπεινῶν
343 1663 392 1699 τὴν
404 1664 550 1700 ἁμαρτίαν,
565 1667 611 1693 καὶ
619 1666 653 1693 τὰ
664 1668 732 1704 πρὸς
742 1669 819 1702 ἀξίαν
832 1671 899 1697 ἀπο-

105 1707 208 1740 διδούς.

144 1754 189 1781 10.
211 1756 309 1789 Δεῦτε,
322 1756 373 1783 καὶ
394 1757 616 1793 ἀναγγείλωμεν
638 1759 673 1787 ἐν
696 1761 780 1788 Σιών.
802 1762 858 1788 Καὶ
883 1763 898 1789 ὁ

114 1799 230 1832 Ἡσαΐας
245 1800 405 1828 ἐθέσπισεν·
427 1803 485 1829 Ἐπ’
502 1803 590 1837 ὄρους
603 1805 725 1832 πεδινοῦ
739 1806 827 1840 ἄρατε
840 1815 896 1840 ση-

102 1844 201 1879 μεῖον,
214 1845 358 1880 ὑψώσατε
371 1847 428 1881 τὴν
447 1848 550 1882 φωνὴν
565 1850 666 1883 αὐτοῖς
675 1859 682 1865 ·
699 1853 897 1885 παρακαλεῖτε

105 1889 144 1923 τῇ
161 1890 245 1924 χειρί.
260 1891 352 1918 Ταῦτα
363 1892 391 1918 δὲ
407 1892 525 1928 Πέρσαις
541 1894 588 1920 καὶ
601 1895 703 1930 Μήδοις
720 1897 744 1922 οἱ
759 1898 895 1933 προφῆται

105 1937 333 1971 παρεκελεύοντο,
349 1938 387 1970 ὡς
407 1940 576 1975 κρατήσασιν
596 1941 645 1977 ήδη
669 1941 834 1975 Βαϐυλῶνος,
848 1945 895 1971 ἐπὶ

102 1982 162 2008 τῶν
178 1983 262 2018 αὐτῆς
285 1984 383 2018 τειχῶν
402 1984 575 2021 ἁλωσομένης
590 1986 739 2014 ἀνατείνειν
754 1988 802 2015 τοῦ
817 1990 896 2016 πολέ-

107 2035 161 2062 μου
175 2027 205 2053 τὸ
221 2027 350 2063 σύνθεμα,
367 2029 399 2056 δι’
415 2027 445 2056 οὗ
458 2030 567 2065 δηλοῦσι
581 2032 637 2063 τοῖς
654 2033 832 2068 στρατιώταις
846 2035 894 2070 τὴν

105 2072 214 2107 ἔφοδον.
232 2074 286 2100 Καὶ
300 2074 334 2101 τὰ
350 2075 419 2101 ὅπλα
430 2075 500 2111 ἔχειν
517 2077 546 2102 ἐν
559 2077 658 2113 ἑτοίμῳ
670 2080 892 2114 παρακελεύεται·

101 2119 138 2146 τὰ
154 2119 220 2152 τόξα
235 2121 291 2152 τοῖς
304 2121 406 2156 Μήδοις
423 2122 514 2157 φησίν.

138 2166 182 2192 Π.
210 2166 376 2202 Ἐμωράνθη
404 2168 463 2202 πᾶς
488 2169 642 2204 ἅνθρωπος
661 2171 719 2198 ἀπὸ
742 2172 890 2207 γνώσεως.

952 941 1070 971 eantque
1083 946 1090 964 :
1104 936 1261 964 Curavimus
1276 939 1454 975 Babylonem,
1467 945 1491 967 et
1512 949 1563 968 non
1578 947 1615 968 est
1629 948 1736 975 sanata,

952 981 1163 1015 derelinquamus
1182 990 1250 1009 eam.
1266 981 1321 1010 Nec
1344 983 1416 1010 enim
1439 983 1543 1011 defectu
1561 992 1676 1017 eorum,
1690 990 1738 1012 aut

953 1025 1104 1057 medicinae.
1120 1031 1167 1054 aut
1182 1027 1279 1054 resinae
1291 1033 1384 1055 curata
1403 1036 1457 1055 non
1471 1034 1522 1056 est.
1538 1029 1624 1058 Porro
1638 1031 1735 1058 medici

952 1077 1015 1099 sunt
1031 1073 1118 1107 angeli
1135 1073 1187 1100 sub
1204 1082 1302 1109 magno
1317 1075 1422 1102 medico
1437 1075 1501 1110 Deo,
1513 1077 1559 1111 qui
1571 1085 1668 1104 curare
1685 1078 1736 1105 Oli-

951 1124 1096 1154 sequentes
1114 1120 1218 1147 volunt.
1245 1120 1293 1148 Sin
1315 1121 1422 1155 minus,
1444 1122 1589 1150 dicent":
1616 1123 1736 1150 Derelin-

950 1172 1061 1198 quam“
1076 1173 1150 1196 eam,
1171 1173 1261 1192 eamus
1279 1167 1455 1202 unusquisque
1476 1168 1502 1194 in
1524 1173 1621 1195 terram
1642 1177 1734 1202 suam,

951 1218 1086 1245 suumque
1103 1211 1207 1244 locum,
1220 1216 1246 1238 et
1260 1219 1339 1239 suum
1353 1220 1421 1246 opus
1435 1233 1442 1245 ,
1456 1215 1580 1248 quoniam
1593 1215 1735 1249 appropin-

950 1257 1039 1291 quavit
1061 1257 1095 1282 ad
1108 1256 1201 1283 ctzlum
1213 1257 1345 1291 judicium
1360 1257 1417 1292 ejus
1427 1259 1461 1292 ",
1478 1260 1654 1294 reprobantes
1673 1268 1734 1287 eam

951 1306 980 1328 ut
1003 1302 1180 1329 incurabilem
1196 1307 1222 1329 et
1233 1310 1386 1337 passuram,
1401 1312 1462 1338 qua:
1478 1306 1532 1340 pati
1547 1305 1625 1332 decet
1637 1305 1734 1340 despo-

950 1350 1034 1373 ratos.
1057 1345 1124 1373 Nam
1138 1351 1165 1374 et
1178 1355 1322 1382 corporum
1338 1349 1434 1376 medici
1447 1349 1577 1377 deserunt
1594 1350 1734 1385 incurabi-

950 1393 1000 1425 les,
1014 1400 1048 1420 ne
1060 1393 1086 1419 in
1103 1394 1228 1420 manibus
1245 1401 1341 1421 eorum
1362 1396 1527 1428 moriantur,
1541 1396 1612 1430 quod
1630 1395 1733 1423 faciunt

949 1439 1046 1474 angeli.
1063 1438 1149 1467 Porro
1161 1439 1267 1474 quoties
1284 1447 1439 1475 peccamus,
1452 1441 1588 1476 judicium
1605 1447 1731 1471 nostrum

949 1484 1047 1511 crescit
1060 1488 1088 1511 et
1109 1484 1141 1511 ad
1164 1485 1253 1512 sidera
1268 1485 1380 1517 tollitur,
1399 1486 1425 1513 id
1440 1490 1498 1520 est,
1511 1495 1597 1522 usque
1616 1489 1650 1515 ad
1669 1497 1732 1516 san-

949 1534 1018 1562 ctos,
1039 1534 1067 1557 et
1081 1534 1145 1557 tunc
1161 1529 1232 1557 Deus
1249 1531 1352 1566 profert
1372 1532 1506 1566 judicium
1531 1541 1610 1561 suum
1633 1535 1667 1562 ad
1684 1535 1732 1562 de-

950 1575 1121 1610 primendum
1136 1575 1269 1609 judicium
1285 1584 1300 1603 a
1315 1582 1425 1611 peccato
1439 1578 1625 1612 sublevatum,
1642 1580 1732 1606 humi-

949 1621 1019 1648 liaus
1036 1626 1177 1656 peccatum
1195 1627 1220 1650 et
1239 1623 1373 1659 condigna
1387 1625 1554 1653 retribuam.

984 1761 1027 1787 10.
1057 1760 1158 1794 Venite,
1173 1765 1198 1788 et
1213 1762 1398 1789 atmuntiemus
1414 1763 1440 1789 in
1461 1762 1536 1790 Sion.
1564 1763 1648 1792 Isaias
1662 1772 1729 1799 quo—

947 1814 1000 1841 que
1016 1807 1179 1835 vaticinatus
1200 1812 1241 1835 est
1254 1808 1277 1824 ⁸⁸
1292 1816 1299 1835 :
1315 1807 1398 1842 Super
1415 1815 1502 1835 monte
1527 1810 1667 1843 campestri
1684 1817 1730 1837 ea:-

947 1852 1033 1879 tollite
1052 1853 1166 1887 signum,
1183 1853 1279 1880 elevate
1293 1861 1378 1880 vocem
1395 1854 1458 1887 illis,
1472 1854 1615 1881 hortamini
1638 1863 1728 1882 manu.

947 1898 984 1925 ha
1011 1905 1092 1932 porro
1115 1898 1213 1926 Persas
1235 1899 1381 1933 Medosque
1397 1899 1578 1926 hortabantur
1593 1900 1729 1934 prophetae

943 1945 999 1978 jam
1017 1952 1106 1971 rerum
1120 1944 1343 1980 Babylonicarum
1360 1945 1474 1979 potitos,
1490 1950 1519 1972 ut
1533 1954 1614 1980 super
1634 1954 1728 1973 muros

945 1990 1019 2016 illius
1033 1991 1219 2025 expugnanda}
1234 1990 1295 2017 belli
1312 1990 1419 2025 signum
1443 1991 1593 2024 erigerent,
1606 1999 1661 2025 quo
1676 1992 1728 2018 nii-

945 2035 1037 2062 litibus
1052 2036 1252 2070 aggressionem
1267 2035 1427 2062 indicarent.
1445 2035 1477 2062 Et
1490 2037 1516 2063 in
1536 2042 1661 2071 promptu
1679 2037 1725 2064 ha-

946 2081 1008 2107 bere
1024 2089 1097 2108 arma
1110 2081 1198 2115 jubet,
1212 2089 1290 2109 arcus
1306 2081 1430 2109 videlicet
1443 2082 1592 2110 Medorum.

980 2171 1022 2198 i7.
1043 2171 1148 2198 Stultus
1168 2172 1254 2207 facias
1276 2178 1315 2200 est
1337 2175 1420 2200 omnis
1446 2175 1522 2201 homo
1544 2174 1571 2200 in
1602 2176 1723 2204 scientia.

99 2211 261 2246 Συμφὼνως
276 2211 304 2238 δὲ
320 2213 370 2248 τῷ,
388 2214 552 2249 Ἐμωράνθη
577 2215 636 2249 πᾶς
657 2217 811 2252 ἅνθρωπος
832 2221 890 2247 ἀπὸ

985 2217 1036 2243 uile
1050 2217 1112 2244 huic
1127 2226 1133 2244 :
1150 2217 1252 2244 Stultus
1268 2219 1355 2252 [actus
1366 2225 1402 2246 est
1422 2220 1506 2246 omnis
1522 2221 1597 2247 Itonia
1614 2230 1629 2248 α
1644 2223 1726 2249 scien-

98 2256 249 2291 γνώσεως,
267 2258 281 2284 ὁ
295 2258 400 2290 nam;
415 2269 497 2295 φησιν
510 2269 516 2276 ·
535 2261 606 2296 Οὐχὶ
623 2262 772 2297 ἐμώρανεν
791 2267 807 2291 ὁ
822 2266 894 2299 Θεὸς

97 2301 158 2335 τὴν
174 2303 286 2336 σοφίαν
302 2304 355 2331 τοῦ
376 2305 491 2339 κόσμου
508 2307 634 2339 τούτου;
657 2309 759 2344 Καιρὸς
778 2309 807 2335 δὲ
834 2311 893 2336 ἐπι-

98 2347 224 2381 σκέψεως
238 2347 356 2382 μάλιστα
369 2350 385 2384 ἡ
404 2350 453 2384 τῆς
464 2350 684 2387 εἰδωλολατρείας
697 2353 751 2379 ἀπὸ
763 2354 812 2389 τῆς
824 2355 891 2390 Χρι-

96 2391 164 2417 στοῦ
182 2393 332 2427 παρουσίας
344 2393 511 2429 καθαίρεσις.
528 2396 614 2431 Σκεὺη
638 2397 665 2423 δὲ
687 2398 804 2433 πολέμου
819 2400 890 2435 ειπερ

94 2437 110 2462 ὁ
124 2436 296 2468 Βαϐυλώνιος
309 2438 496 2475 διεσκόρπισεν
511 2441 535 2467 οί
553 2441 601 2468 τοῦ
619 2442 725 2478 Ἰσραὴλ
739 2444 786 2470 καὶ
802 2444 887 2471 Ἰούδα

93 2482 224 2517 πολέμων
249 2483 374 2518 ἔμπειροι
396 2484 501 2521 ἄνδρες,
517 2486 576 2514 ἀνθ’
586 2484 623 2514 ὧν
644 2488 750 2515 ἀπειλεῖ
774 2490 887 2525 μηδενὸς

94 2529 232 2556 ποιεῖσθαι
246 2529 339 2564 φειδώ.

130 2574 176 2601 21.
198 2576 254 2602 Καὶ
270 2576 453 2611 διασκορπιῶ
466 2578 515 2605 ἐπὶ
531 2579 591 2607 σοὶ.
616 2589 643 2607 κ.
671 2589 696 2607 τ.
723 2581 746 2607 ὲ.
773 2581 885 2609 Ἀναϐά-

90 2628 138 2646 ται
167 2621 259 2648 ἵππων
282 2623 307 2649 oi
330 2622 464 2658 δαίμονες,
488 2625 513 2651 οἱ
535 2627 595 2657 ταῖς
619 2628 762 2662 σαρκικαῖς
779 2627 884 2663 ἡδοναῖς

89 2667 300 2702 ὲπικαθήμενοι.
319 2667 372 2694 Καὶ
387 2669 470 2696 πάλαι
488 2670 537 2705 μὲν
560 2671 611 2706 τῆς
631 2673 766 2706 Αἰγύπτου
790 2674 883 2701 ἵππον

89 2712 140 2739 καὶ
161 2712 316 2747 ἀναϐάτην
336 2714 458 2749 ἕῤῥιψεν
481 2716 524 2748 εις
547 2716 724 2744 θάλασσαν·
747 2715 820 2746 οὗτοι
842 2720 880 2752 δὲ,

88 2757 255 2792 ζευγνύντες
278 2760 307 2786 ὲν
330 2761 396 2795 ἡμῖν
420 2761 535 2797 διάφορα
558 2763 648 2798 πάθη,
672 2765 732 2795 ταῖς
755 2765 881 2800 τέτρασιν

126 2815 150 2831 τ’
167 2815 268 2842 Jerem.
284 2824 320 2845 LI.
333 2817 360 2844 7.

425 2818 555 2848 “Cenes.
572 2827 612 2854 ιιι,
630 2821 670 2848 l9.
709 2821 731 2837 ⁷⁷
745 2820 844 2850 Jcrcm.
858 2830 882 2849 ιι

88 2850 136 2878 20.
177 2850 200 2866 ⁵⁸
215 2850 300 2878 Exod.
318 2859 363 2884 xv.
384 2853 408 2880 i.

943 2265 991 2290 tia.
1009 2262 1109 2290 Paulus
1125 2263 1236 2290 habet“
1252 2273 1259 2291 :
1275 2264 1370 2291 Nonne
1383 2265 1492 2292 stultam
1509 2267 1571 2300 fecit
1587 2266 1655 2294 Deus
1679 2276 1724 2294 sa—

941 2309 1067 2344 pientium
1078 2309 1155 2343 hujus
1171 2310 1283 2337 mundi?
1296 2309 1414 2344 Tempus
1428 2311 1590 2338 visitationis
1610 2312 1719 2339 destrui--

940 2355 993 2381 ctio
1017 2359 1059 2381 est
1081 2354 1239 2381 idololatriae
1260 2360 1321 2390 post
1345 2355 1447 2383 (lhristi
1471 2357 1634 2389 adventum;
1656 2365 1721 2384 vasa

939 2399 1000 2426 belli
1022 2407 1083 2432 quze
1105 2399 1268 2436 Babylonius
1291 2402 1437 2436 dispersit,
1453 2407 1517 2429 sunt
1537 2402 1586 2429 viri
1609 2401 1677 2430 Juda
1695 2407 1722 2429 et

939 2445 1046 2472 lsraclis
1065 2446 1218 2479 bellatores,
1231 2455 1280 2482 pro
1295 2448 1394 2482 quibus
1406 2448 1526 2475 minatur
1539 2456 1569 2476 se
1587 2449 1613 2475 in
1626 2456 1721 2476 omnes

937 2492 1199 2520 animadversurum.

972 2579 1017 2606 2i.
1039 2578 1074 2606 Et
1096 2580 1245 2615 dispergam
1269 2581 1297 2607 in
1314 2585 1353 2614 te,
1371 2585 1423 2610 etc.
1447 2582 1615 2611 Ascensores
1635 2591 1721 2619 equo—

936 2633 1013 2656 rum,
1027 2626 1165 2653 dthOIIt‘S
1186 2629 1264 2659 ‘sunt,
1281 2628 1328 2662 qui
1344 2627 1434 2655 carnis
1447 2628 1631 2662 voluptatibus
1652 2630 1720 2657 iusi-

935 2672 1009 2700 dent.
1028 2671 1060 2699 Et
1074 2672 1138 2699 olim
1155 2673 1263 2707 quidem
1281 2673 1389 2709 {Egypti
1406 2682 1500 2709 equum
1514 2679 1538 2700 et
1556 2683 1719 2701 ascensorem

934 2718 1044 2752 projecit
1059 2719 1085 2745 in
1097 2727 1169 2745 mare
1176 2719 1216 2752 s’;
1240 2719 1267 2746 hi
1282 2727 1346 2746 vero
1358 2721 1449 2748 varios
1463 2721 1576 2748 allectus
1595 2721 1622 2748 in
1638 2723 1720 2750 nobis

932 2764 1076 2800 iungentes
1101 2769 1218 2800 quatuor
1239 2764 1386 2795 virtutibus
1408 2769 1547 2803 oppositos
1571 2769 1719 2796 moliuntur

891 2843 899 2856 ,
913 2822 939 2850 8.
977 2824 999 2839 ⁷⁸
1016 2823 1079 2851 ibid.
1094 2823 1121 2850 9.
1160 2823 1182 2838 τ’
1196 2823 1260 2851 ibid.
1299 2825 1322 2841 ⁸⁸
1337 2824 1388 2853 lsa.
1409 2834 1469 2861 xm,
1484 2825 1511 2855 2.
1550 2828 1570 2844 "
1592 2828 1600 2855 Ι
1619 2828 1682 2856 Cor.
1698 2838 1717 2862 I,
