1872 3048
190 161 240 193 6οἸ

894 156 937 184 EX
967 153 1118 184 ORICENE

1758 148 1809 176 603

192 221 227 248 ab
238 221 297 254 ipso
309 219 397 251 Thau,
413 219 507 246 ul'ima
520 219 692 246 llelrrmorum
706 219 805 250 littera,
823 226 918 245 rursus
931 226 970 244 re-

1087 213 1141 240 ἀπὸ
1161 211 1207 238 τοῦ
1227 217 1247 240 n
1265 211 1425 247 ἀρχόμενον,
1438 209 1506 244 ὅπερ
1523 207 1582 235 ἐστὶ
1595 207 1748 234 τελευταῖον

193 269 233 296 dit
250 269 282 295 ad
300 268 396 302 Aleph,
420 273 446 295 et
462 268 557 294 iterum
574 268 670 302 plorat,
688 267 769 301 idque
789 269 886 300 quater
900 265 974 296 facit,

193 320 337 340 numerum
351 312 444 347 viginti
461 313 576 339 duorum
593 312 786 338 elementorum
803 317 974 345 percurrens.

231 400 363 434 Ejusdem.
391 399 452 427 Ideo
465 399 548 426 Judmi
563 403 688 426 asserunt
707 399 808 426 veteris
829 398 977 433 Scripturze

194 447 279 474 libros
298 446 438 472 elementis
451 453 530 479 pares
546 452 617 477 esse,
642 449 671 471 ut
685 445 775 471 omnis
792 444 925 471 institutio
942 444 978 470 sit

194 492 227 518 ad
243 491 288 518 Dei
304 491 496 526 cognitionem,
519 490 749 524 quemadmodum
773 489 977 516 addiscentibus

196 537 229 563 ad
246 543 352 562 omnem
364 534 533 568 disciplinam
549 537 613 560 sunt
629 533 772 560 elementa.
788 531 850 558 ideo
862 531 978 558 fortasse

195 586 291 617 quater
309 585 475 614 repetuntur,
491 579 620 613 quoniam
641 583 667 605 et
683 586 827 613 corporum
845 578 978 605 elementa

195 633 311 662 quatuor
325 631 398 653 sunt.
413 625 444 652 Et
461 625 571 660 inferius
586 632 595 651 :
609 624 639 651 In
659 624 775 652 Threnis
794 632 859 651 vero
876 623 979 658 Aquin

195 672 442 706 Theodotiouisque
451 670 534 697 editio
543 677 677 704 nusquam
689 673 809 703 apparet,
818 669 864 695 sed
874 673 978 695 tantum

194 718 348 754 Symmachi
367 721 393 744 et
408 716 595 751 Septuaginta.
617 714 651 741 Et
668 721 780 741 rursus:
794 714 903 747 Quaerat
917 721 980 741 vero

194 764 328 798 quispiam
342 771 391 789 cur
407 762 433 788 in
449 761 510 788 libri
524 761 600 788 titulo
614 760 711 795 plurali
724 767 838 787 numero
850 759 980 794 scriptum

193 811 230 838 sit
244 809 455 841 lamentationes,
468 807 494 834 in
513 806 645 842 prooemio
675 813 738 833 vero
767 805 981 832 lamentationem

194 855 370 889 singulariter
392 853 566 888 expresserit.
592 852 644 879 Sed
665 852 691 879 in
709 856 799 886 partes
812 851 907 878 divisse
919 850 981 885 qui-

1031 257 1163 293 Ἑϐραίων
1184 256 1316 291 γράμμα,
1332 254 1510 289 ἐπανέρχεται
1526 252 1572 279 ἐπὶ
1594 251 1626 278 τδ
1647 250 1744 284 Ἄλεῳ,
1765 249 1812 276 καὶ

1025 303 1106 330 πάλιν
1123 303 1226 337 θρηνεῖ,
1242 301 1287 327 καὶ
1304 300 1384 327 τοῦτο
1398 300 1470 325 ποιεῖ
1481 298 1610 334 τετράκις
1620 296 1656 323 τὰ
1673 296 1757 322 εἴκοσι
1767 295 1813 322 δύο

1027 349 1146 382 στοιχεῖα
1162 345 1287 379 ἐπεξιών.

1065 393 1121 419 Τοῦ
1136 391 1238 418 αὐτοῦ.
1254 391 1303 418 Διὰ
1315 390 1395 417 τοῦτό
1405 397 1486 424 φασιν
1503 387 1624 424 Ἑϐραῖοι
1636 386 1688 421 τῆς
1700 385 1813 418 παλαιᾶς

1027 437 1138 472 Γραφῆς
1154 435 1314 471 ἰσαρίθμους
1326 436 1382 466 τοῖς
1398 433 1540 468 στοιχείοις
1551 431 1619 458 εἶναι
1634 431 1685 462 τὰς
1699 430 1812 466 βίϐλους,

1027 482 1064 514 ὡς
1083 480 1152 509 εἶναι
1169 481 1238 517 πρὸς
1258 479 1423 515 θεογνωσίαν
1445 480 1535 506 πᾶσαν
1550 475 1717 511 εἰσαγωγὴν,
1733 475 1818 502 καθά-

1029 537 1082 564 περ
1099 528 1133 554 τὰ
1159 527 1278 562 στοιχεῖα
1295 526 1364 562 πρὸς
1389 526 1497 552 ἅπασαν
1517 525 1573 555 τοῖς
1594 522 1759 558 μανθάνουσι
1773 527 1817 546 σο-

1029 573 1103 608 φίαν.
1127 572 1176 598 Διὰ
1195 572 1273 598 τοῦτο
1301 570 1563 606 τετραπλασιάζεται
1576 568 1656 602 τάχα,
1676 566 1744 592 διότι
1769 565 1816 591 καὶ

1028 618 1082 645 τῶν
1102 617 1238 653 σωμάτων
1260 617 1294 643 τὰ
1310 618 1428 651 στοιχεῖα
1451 614 1602 648 καθέστηκε
1617 612 1748 646 τέσσαρα.
1763 610 1817 636 Καὶ

1026 664 1091 699 μετ’
1115 664 1210 698 ὀλίγα·
1229 663 1355 693 Ἐκδοσις
1368 662 1396 688 δὲ
1419 661 1518 688 Ἀκύλα
1536 660 1582 686 καὶ
1598 657 1774 687 Θεοδοτίωνος
1788 656 1817 681 ὲν

1029 711 1085 741 τοῖς
1109 709 1224 744 Θρήνοις
1248 709 1277 734 οὺ
1297 707 1429 742 φαίνεται,
1447 707 1526 741 μόνου
1548 704 1576 731 δὲ
1600 703 1750 738 Συμμάχου
1771 700 1818 727 καὶ

1030 754 1084 780 τῶν
1105 754 1314 788 Ἐὃδομήκοντα.
1335 753 1389 779 Kal
1409 750 1510 777 πάλιν·
1530 749 1664 784 Ζητήσειε
1682 747 1705 773 δ’
1722 747 1755 773 ἄν
1766 754 1817 776 τις,

1031 799 1102 832 πῶς,
1115 799 1165 834 τῆς
1187 798 1342 834 ἐπιγραφῆς
1357 797 1404 823 τοῦ
1422 795 1522 831 βιϐλίου
1538 791 1731 829 πληθυντικῶς
1746 791 1819 825 ἐχού-

1032 854 1092 880 σης,
1118 843 1240 878 Θρῆνοι,
1258 843 1355 875 ἑνικῶς
1377 843 1406 868 ὲν
1427 841 1466 877 τῷ
1487 839 1622 876 προοιμίῳ
1643 837 1692 864 τδν
1710 836 1820 870 θρῆνον

195 902 256 928 dem
280 903 354 931 sunt,
377 898 520 925 clementis
544 897 690 928 distinctae,
716 904 808 923 verum
831 903 926 923 omnes
946 895 980 922 ad

1073 890 1126 916 i16v
1139 897 1229 924 φησιν’
1246 888 1314 915 ἀλλὰ
1327 887 1433 923 μερικοὶ
1449 886 1497 922 μὲν
1516 885 1624 916 πλείους
1641 883 1818 918 ὑπάρχουσιν,

196 954 280 974 unum
296 946 374 980 plane
391 944 554 977 referuntur,
568 950 630 970 cum
651 950 735 970 unum
760 942 876 970 habeant
899 949 982 977 argu-

195 997 317 1020 Iuenlum
334 991 424 1018 Israel.

232 1083 357 1119 Ejusdem
372 1081 513 1109 secundum
535 1081 674 1108 theoriam.
699 1080 728 1108 Si
750 1080 900 1108 viderimus
922 1080 982 1107 ani-

197 1138 267 1156 mam
285 1130 311 1156 in
326 1128 436 1161 diaboli,
457 1128 498 1155 vel
518 1128 674 1163 angelorum
690 1127 750 1162 ejus
764 1131 924 1162 potestatem
938 1133 982 1153 re-

196 1176 313 1208 dactam,
327 1180 354 1202 et
369 1175 480 1201 omnino
493 1174 590 1201 factam
603 1174 720 1201 inimicis
731 1174 876 1201 virtutibus
889 1173 983 1201 subdi-

198 1226 265 1253 tam,
279 1229 338 1248 eam
357 1228 417 1256 qua:
439 1225 535 1247 natura
549 1225 611 1255 apta
627 1219 661 1247 ad
679 1219 915 1254 contemplandum
929 1223 980 1250 est,

196 1272 224 1294 et
238 1268 271 1295 ad
284 1267 486 1302 cognoscendas
497 1274 552 1298 res,
561 1271 588 1294 et
599 1266 736 1294 curiosius
751 1265 926 1300 inquirendas
938 1273 984 1292 ae-

197 1311 378 1344 commodata,
392 1311 571 1345 intelligemus
584 1310 786 1345 quodammodo
802 1314 829 1336 et
846 1309 984 1344 captivita-

198 1361 264 1389 tem,
278 1361 305 1384 et
326 1364 388 1383 eum
407 1357 453 1391 qui
470 1356 496 1383 in
510 1356 694 1391 captivitatem
711 1355 798 1382 duxit.
815 1354 868 1382 Sed
885 1353 983 1382 confu—

199 1402 303 1436 gientes
317 1401 349 1428 ad
364 1400 515 1434 Christum,
531 1401 576 1436 qui
595 1400 745 1428 secundum
758 1399 856 1427 lsaiam
870 1400 983 1434 prophe-

199 1451 254 1473 tam
278 1446 391 1480 captivis
414 1447 602 1474 remissioncm
617 1446 783 1481 prmdicavit,
799 1453 814 1473 a
829 1445 985 1480 captivitate

201 1490 387 1523 lilierabimur,
401 1491 506 1518 etiamsi
521 1491 568 1526 qui
587 1492 709 1526 captivos
731 1490 808 1518 duxit
827 1490 860 1517 ad
878 1490 984 1517 vincula

201 1543 287 1570 usque
300 1536 438 1563 inferenda
455 1544 616 1571 progressus
631 1537 677 1564 sit.
703 1535 780 1564 Venit
794 1536 893 1571 quippe
904 1535 984 1563 Jesus

200 1582 232 1608 ad
249 1582 403 1609 educendos
413 1589 428 1608 e
440 1582 556 1610 vinculis
566 1582 738 1615 constrictos,
750 1589 765 1610 e
776 1582 857 1609 domo
868 1581 985 1609 carceris

200 1627 327 1654 sedentes
342 1627 367 1653 in
382 1627 510 1655 tenebris.

237 1672 310 1699 Sedit
324 1672 453 1700 Ieremia:
464 1674 541 1708 ﬂens.
557 1673 671 1700 Luctum
685 1673 731 1709 qui
744 1681 776 1701 ex
791 1672 924 1700 charitate
934 1676 985 1705 est,

199 1722 226 1743 et
246 1717 411 1744 beatitudine
425 1718 533 1752 dignus.
549 1718 641 1745 Sancti
659 1726 776 1753 namque
792 1723 833 1746 est
851 1719 914 1753 ﬂere
927 1725 986 1744 cum

201 1762 334 1796 ﬂentibus,
348 1767 372 1789 et
382 1763 496 1798 gaudere
510 1771 568 1790 cum
584 1764 755 1798 gaudentibus
767 1764 800 1790 ".

238 1808 374 1842 Ejusdem.
391 1809 455 1836 Cum
467 1810 686 1845 appropinquaret
696 1809 844 1837 Jerusalem
859 1809 987 1837 Dominus

201 1855 282 1889 ﬂavit,
298 1854 415 1889 dixitque
429 1863 438 1881 :
453 1854 482 1881 Si
494 1857 655 1890 cogitat-isses
669 1860 696 1881 tu
708 1863 766 1890 quit
779 1856 813 1882 ad
827 1863 918 1890 pacem
928 1855 986 1883 tibi.

200 1901 359 1933 Jerusalem,
373 1901 520 1929 Jerusalem
535 1911 593 1938 quw
606 1903 704 1930 occidis
717 1903 865 1937 prophetas,
879 1907 904 1929 et
916 1902 987 1936 lapi—

200 1948 249 1974 dus
262 1957 304 1975 eos
316 1950 361 1984 qui
376 1949 448 1975 missi
460 1953 520 1975 sunt
535 1950 568 1976 ad
582 1955 615 1981 te,
630 1950 730 1984 quoties
749 1949 818 1976 volui
831 1956 988 1984 congregare

200 1994 270 2028 [illos
294 2000 363 2026 t.os,
385 1994 465 2030 322
487 1995 706 2029 quemadmodum
727 1995 826 2030 gallina
848 1999 988 2031 congregat

199 2039 286 2074 pullas
302 2048 361 2066 suos
377 2040 423 2067 sub
436 2039 504 2073 alas,
520 2044 544 2066 et
559 2040 681 2066 noluistis
690 2040 725 2067 "‘.

240 2151 375 2185 Ejusdem.
391 2150 419 2177 Si
435 2151 526 2185 itaque
539 2150 607 2177 beati
616 2150 661 2185 qui
678 2149 781 2184 lugetis,
804 2150 930 2183 quoniam
952 2150 990 2177 ri-

203 2197 344 2230 debitis”,
372 2198 465 2231 utique
489 2197 633 2232 mysticum
658 2197 711 2223 hoc
737 2196 885 2223 lamentum
910 2196 989 2223 edere

1032 937 1088 967 τοῖς
1102 935 1242 970 στοιχείοις
1260 934 1433 969 διῃρημένοι,
1454 933 1494 964 εις
1513 932 1561 957 Eva.
1582 930 1611 956 δὲ
1631 930 1739 959 πάντως
1757 927 1823 954 ἀνέ-

1033 989 1143 1016 γονται,
1170 980 1240 1015 πρὸς
1266 979 1330 1014 μίαν
1360 978 1487 1005 ὑπόθεσιν
1511 977 1556 1003 τὸν
1585 974 1696 1011 Ἰσραὴλ
1723 971 1820 1006 ἀναγό-

1036 1034 1121 1062 μενοι.

1072 1070 1127 1097 Τοῦ
1140 1069 1232 1097 αὐτοῦ
1249 1069 1324 1096 κατὰ
1348 1068 1481 1102 θεωρίαν.
1503 1067 1566 1094 Ἐὰν
1587 1065 1688 1100 ἴδωμεν
1711 1062 1812 1097 ὑποχεί-

1036 1123 1092 1151 ριον
1119 1115 1263 1150 γινομένην
1286 1114 1335 1149 τὴν
1358 1113 1446 1148 ψυχὴν
1468 1111 1507 1146 τῷ
1529 1110 1655 1145 διαϐόλῳ,
1672 1109 1689 1144 ἢ
1706 1109 1753 1135 καὶ
1766 1108 1821 1138 τοῖς

1035 1150 1160 1194 ἀγγέλοις
1175 1158 1268 1190 αὺτοῦ,
1282 1158 1330 1185 καὶ
1348 1155 1516 1189 ἁπαξαπλῶς
1531 1155 1592 1186 ταῖς
1616 1153 1727 1188 ἐχθραῖς
1744 1150 1822 1178 δυνα-

1038 1213 1100 1241 μεσι
1116 1205 1165 1240 τὴν
1180 1206 1212 1240 τῇ
1227 1204 1307 1239 φύσει
1325 1202 1492 1239 θεωρητικὴν
1507 1202 1556 1228 καὶ
1575 1199 1695 1234 συνορᾷν
1713 1198 1747 1224 τὰ
1760 1198 1821 1223 ὄντα

1036 1251 1083 1277 καὶ
1099 1251 1244 1286 ἐπιστῆσαι
1257 1249 1421 1285 δυναμένην,
1436 1246 1570 1283 νοήσομέν
1588 1254 1648 1276 πως
1662 1245 1712 1279 τὴν
1725 1244 1823 1278 αἰχμα-

1035 1297 1137 1324 λωσίαν
1157 1297 1205 1324 καὶ
1226 1296 1272 1324 τὸν
1298 1294 1568 1332 αἰχμαλωτεύσαντα.
1598 1291 1679 1318 Ἀλλὰ
1702 1298 1821 1322 καταφυ-

1036 1343 1130 1378 γόντες
1156 1342 1202 1369 ἐπὶ
1224 1342 1269 1369 τὸν
1291 1341 1409 1378 Χριστὸν
1433 1340 1479 1366 τὸν
1505 1337 1664 1374 κηρύξαντα
1687 1334 1758 1362 κατὰ
1779 1333 1822 1360 τὸν

1036 1388 1183 1423 προφήτην
1203 1387 1318 1414 Ἡσαΐαν
1344 1384 1524 1420 αἰχμαλώτοις
1543 1383 1657 1418 ἄφεσιν,
1677 1380 1822 1414 ἐλευθερω-

1037 1432 1175 1468 θησόμεθα
1185 1432 1238 1459 ἀπὸ
1248 1432 1298 1467 τῆς
1311 1429 1506 1466 αἰχμαλωσίας,
1519 1428 1571 1454 κᾶν
1586 1427 1669 1462 μέχρι
1684 1425 1730 1452 τοῦ
1744 1423 1821 1458 δῆσαι

1037 1479 1128 1515 φθάσῃ
1142 1479 1156 1506 ὁ
1172 1476 1409 1514 αἰχμαλωτεύσας.
1425 1473 1511 1501 Ἦλθε
1527 1473 1581 1508 γὰρ
1605 1471 1710 1508 Ἰησοῦς
1727 1470 1823 1504 ἐξαγα-

1036 1526 1094 1559 γεῐν
1110 1525 1142 1550 ὲκ
1157 1522 1264 1558 δεσμῶν
1278 1521 1447 1557 δεδεμένους,
1459 1519 1489 1552 ἐξ
1507 1519 1581 1546 οῐκου
1600 1516 1722 1552 φυλακῆς
1737 1516 1824 1550 καθηο

998 1560 1019 1589 c
1037 1569 1134 1605 μένους
1147 1569 1176 1595 ὲν
1189 1567 1290 1594 σκότει.

1079 1655 1236 1683 Ἐκάθισεν
1266 1653 1403 1687 Ἱερεμίας
1426 1651 1550 1678 κλαίων.
1579 1650 1633 1677 Τὸν
1659 1649 1692 1682 ἐξ
1717 1649 1824 1683 ἀγάπης

1037 1702 1175 1737 κλαυθμὸν
1192 1700 1417 1736 μακαριζόμενον.
1430 1697 1484 1724 Τοῦ
1501 1697 1556 1732 γὰρ
1569 1696 1649 1730 ἁγίου
1661 1695 1733 1727 ἐστὶ,
1747 1695 1826 1722 κλαί-

1036 1757 1082 1777 ειν
1092 1747 1168 1783 μετὰ
1182 1746 1356 1776 κλαιόντων,
1371 1744 1420 1771 καὶ
1432 1744 1546 1778 χαίρειν
1555 1742 1632 1776 μετὰ
1645 1741 1819 1776 χαιρόντων.

1076 1793 1132 1821 Τοῦ
1143 1791 1245 1819 αὐτοῦ.
1269 1790 1402 1825 Ἐτυγίζων
1419 1788 1456 1822 τῇ
1475 1786 1671 1822 Ἰερουσαλὴμ
1683 1788 1700 1813 ό
1720 1787 1824 1819 Κύριος

1037 1839 1171 1866 ἐκλαυσε
1189 1837 1238 1864 καὶ
1257 1834 1352 1863 εἴπεν·
1373 1836 1407 1862 El
1429 1834 1562 1869 ἔγνωκας
1577 1832 1618 1858 σὺ
1638 1831 1676 1858 τὰ
1696 1832 1742 1864 εἰς
1754 1829 1826 1864 εἰρήο

1037 1892 1096 1918 νην
1111 1890 1180 1910 σου.
1202 1879 1404 1915 Ἰερουσαλὴμ,
1428 1877 1622 1912 Ἰερουσαλὴμ
1632 1896 1639 1908 ,
1656 1877 1678 1910 ἡ
1694 1875 1826 1902 ἀποκτεί-

1037 1933 1138 1955 νουσα
1163 1925 1234 1958 τοὺς
1261 1923 1431 1958 προφήτας,
1457 1922 1506 1948 καὶ
1528 1920 1735 1948 λιθοϐολοῦσα
1760 1919 1827 1951 τοὺς

1039 1970 1286 2005 ἀπεσταλμένους
1310 1968 1385 2002 πρὸς
1407 1967 1514 2000 αὐτὴν,
1539 1965 1670 1998 ποσάκις
1694 1965 1826 1999 ἠθέλησα

1039 2015 1221 2048 ἐπισυνάξαι
1235 2015 1272 2042 τὰ
1293 2014 1386 2041 τέκνα
1409 2019 1477 2044 σου,
1492 2011 1529 2038 ὃν
1548 2012 1660 2045 τρόπον
1675 2011 1760 2045 ὄρνις
1770 2011 1827 2036 ἐκι-

1039 2061 1166 2098 συνάγει
1193 2061 1229 2088 τὰ
1254 2059 1367 2087 νοσσία
1384 2058 1494 2092 ἑαυτῆς
1508 2057 1568 2085 ὑπὸ
1590 2057 1646 2090 τὰς
1669 2057 1826 2092 πτέρυγας,

1039 2108 1089 2136 καὶ
1105 2108 1162 2134 οὐκ
1179 2105 1348 2141 ἠθελήσατε
1357 2104 1367 2130 l

1077 2153 1133 2181 Τοῦ
1147 2151 1249 2180 αὐτοῦ.
1265 2152 1297 2178 Et
1311 2151 1400 2177 τοίνυν
1409 2148 1548 2184 μακάριοι
1560 2150 1586 2175 ot
1600 2148 1773 2181 κλαίοντες,
1787 2146 1827 2174 ὅτι

1040 2198 1194 2234 γελάσετε,
1208 2197 1260 2223 ἔδει
1280 2195 1412 2232 Ἰερεμίαν
1427 2195 1473 2222 τὸν
1495 2194 1624 2230 μυστικὸν
1635 2194 1732 2220 τοῦτον
1750 2192 1826 2220 ma.

204 2243 349 2277 oportebat
373 2242 518 2270 Jeremiam
529 2263 536 2275 ,
554 2247 582 2269 et
604 2242 755 2270 secundum
774 2242 840 2269 illud
851 2242 875 2258 "
890 2251 896 2269 :
912 2241 978 2269 Beat

1073 2254 1086 2272 ιι
1100 2243 1249 2279 κλαυθμὸν,
1271 2243 1319 2270 καὶ
1333 2241 1406 2269 κατὰ
1420 2242 1461 2272 τὸ,
1475 2239 1621 2273 Μακάριοι
1639 2241 1668 2266 οι
1683 2238 1822 2266 πενθοῦν-

202 2289 249 2324 qui
264 2289 363 2324 lugent,
379 2296 426 2316 eos
438 2288 485 2323 qui
501 2288 576 2323 digni
590 2293 668 2316 erant
683 2289 788 2324 ploratu
801 2290 952 2324 deplorare.

241 2336 378 2368 Quomodo
396 2336 463 2362 sedit
481 2336 537 2363 sola
550 2336 653 2363 civitas.
670 2335 781 2363 Videtur
799 2340 901 2367 autem,
916 2336 990 2370 quod

203 2382 300 2408 attinet
315 2381 348 2408 ad
366 2382 494 2413 litteram,
513 2381 668 2416 signiﬁcare
684 2381 831 2408 multitudo
842 2380 933 2415 populi
949 2380 990 2407 iu-

204 2428 358 2454 habitantes
373 2427 528 2458 Israelitas;
541 2431 567 2453 et
581 2426 724 2454 multitudo
736 2426 869 2460 gentium,
882 2426 920 2452 uti
933 2426 990 2460 jam

203 2478 283 2501 antea
294 2474 462 2504 dicebamus,
480 2473 639 2508 proselytos.
659 2473 813 2507 AnagOgiee
831 2479 906 2504 vero,
921 2478 990 2505 quo-

203 2521 277 2547 niam
295 2519 451 2554 cognatiora
469 2524 533 2547 sunt
544 2520 651 2551 animae,
665 2523 692 2547 et
706 2519 796 2546 minus
806 2518 989 2545 circumstan-

203 2566 249 2592 tiis
264 2565 361 2592 vallata
382 2565 548 2600 speculativa
575 2572 658 2600 quam
685 2564 816 2599 practica,
843 2561 989 2589 multitudo

203 2611 295 2645 populi
320 2611 442 2638 indicare
469 2610 568 2645 poterit
592 2610 678 2637 beata:
699 2609 773 2636 illius
790 2608 940 2635 Jerusalem
962 2607 989 2633 in

202 2656 412 2691 contemplando
425 2656 532 2683 divitias
543 2665 550 2690 ;
561 2655 704 2683 multitudo
719 2662 784 2682 vero
799 2653 918 2689 gentium
932 2660 989 2679 ma-

205 2709 286 2736 gnum
301 2702 434 2728 bonarum
450 2702 588 2729 actionum
600 2708 755 2728 numerum.
771 2699 806 2726 Et
819 2703 877 2734 post
887 2706 988 2734 pauca:

205 2747 271 2780 Qua.
284 2749 362 2782 plena
380 2749 481 2784 populo
495 2755 564 2781 erat.
576 2749 633 2777 sola
646 2749 732 2780 sedet,
751 2754 784 2775 eo
800 2746 871 2782 quod
889 2753 990 2781 sponsa

1039 2300 1098 2324 τες,
1112 2289 1244 2324 πενθῆσαι
1258 2289 1321 2319 τοὺς
1335 2287 1381 2314 τοῦ
1397 2285 1554 2313 πενθεῖσθαι
1566 2284 1670 2317 ἀξίους.

1074 2335 1142 2369 Πῶς
1163 2334 1284 2362 ἐκάθισε
1303 2334 1382 2368 μόνη
1405 2334 1425 2367 ἡ
1445 2332 1545 2365 πόλις.
1567 2331 1660 2357 Ἔοικε
1683 2329 1712 2356 δὲ
1733 2329 1765 2356 τὺ
1783 2328 1826 2363 μὲν

1041 2382 1143 2417 πλῆθος
1157 2380 1204 2408 τοῦ
1221 2380 1285 2407 λαοῦ
1301 2380 1363 2406 ὅσον
1381 2378 1426 2405 ἐπὶ
1441 2379 1474 2413 τῇ
1490 2377 1562 2410 λέξει
1575 2375 1673 2412 δηλοῦν
1689 2375 1755 2407 τοὺς
1770 2375 1827 2401 ἐνοι-

1040 2428 1156 2459 κοῦντας
1176 2425 1364 2462 Ἰσραηλίτας,
1384 2424 1414 2450 τδ
1437 2423 1466 2450 δὲ
1488 2422 1589 2458 πλῆθος
1607 2422 1662 2449 τῶν
1680 2421 1778 2452 ἐθνῶν,
1793 2420 1826 2449 ὡς

1041 2473 1257 2510 προειρήκαμεν.
1273 2471 1336 2502 τοὺς
1350 2468 1544 2506 προσηλύτους.
1564 2468 1612 2499 Εἰς
1625 2467 1655 2494 δὲ
1674 2466 1825 2510 ἀναγωγὴν,

1040 2508 1101 2545 ἐπεὶ
1115 2508 1314 2552 συγγενέστερά
1325 2516 1383 2541 ἐστι
1395 2515 1427 2550 τῇ
1443 2514 1527 2549 ψυχῇ,
1549 2512 1596 2540 καὶ
1613 2512 1784 2547 ἀπερίσταςα
1797 2508 1827 2535 τὰ

1041 2560 1195 2598 θεωρητικὰ
1214 2559 1345 2596 μᾶλλονῆ
1365 2559 1400 2586 τὰ
1426 2557 1576 2594 πρακτικὰ,
1601 2557 1631 2583 τδ
1659 2556 1708 2592 μὲν
1731 2554 1827 2588 πλῆθος

1040 2607 1087 2635 τοῦ
1108 2606 1170 2633 λαοῦ
1193 2605 1320 2641 σημαίνοι
1336 2604 1369 2631 ἂν
1389 2603 1438 2638 τῆς
1455 2601 1680 2638 μακαριζομένης
1698 2600 1825 2635 Ἰερουσσε

1041 2653 1097 2688 λὴμ
1107 2652 1151 2679 τδν
1163 2651 1276 2678 πλοῦτον
1286 2650 1340 2677 τῶν
1357 2649 1550 2685 θεωρημάτων·
1567 2647 1597 2674 τὸ
1615 2647 1644 2673 δὲ
1662 2646 1764 2681 πλῆθος
1779 2644 1826 2670 τῶν

1042 2698 1126 2725 ἐθνῶν
1138 2697 1182 2724 τὸν
1202 2696 1285 2724 πολὺν
1305 2695 1420 2731 ἁριθμὴν
1440 2695 1495 2721 τῶν
1517 2693 1609 2721 καλῶν
1627 2692 1763 2728 πράξεων.
1777 2688 1823 2716 Kal

1041 2744 1104 2779 μετ’
1120 2743 1215 2778 ὀλίγα·
1235 2743 1268 2770 Ἥ
1286 2741 1498 2777 πεπληθυσμένη
1514 2742 1544 2767 ἐν
1560 2739 1650 2767 ἔθνεσι
1669 2739 1737 2775 μόνη
1755 2734 1825 2764 καθι-

244 2861 265 2876 ⁹⁶
283 2861 360 2889 Rom.
380 2871 428 2897 xu,
451 2864 490 2891 l5.
530 2865 550 2880 ²¹
571 2863 637 2892 Luc.
653 2872 709 2898 XIX,
726 2863 777 2897 tll;
798 2861 894 2890 Matth.
911 2869 978 2889 xxm

1087 2861 1108 2876 "
1120 2859 1186 2887 Luc.
1202 2867 1240 2893 vr,
1253 2858 1297 2886 21.
1335 2857 1357 2874 ’⁸
1371 2857 1464 2885 Matth.
1480 2865 1506 2889 v,
1520 2855 1547 2883 5.
