1872 3048
189 57 236 83 ﬁll

897 58 941 86 EX
962 58 1112 87 ORIGENE

1765 61 1807 89 ιιι

187 108 341 150 posuimus,
358 114 511 143 Jerusalem
526 121 605 144 vacat
619 116 764 151 perlectam
782 115 912 149 animam,
933 117 947 144 il

1039 117 1120 145 τῶσαι
1142 117 1191 153 τὴν
1208 117 1391 154 μητρόπολιν,
1414 119 1443 146 ὲν
1469 117 1556 153 καιρῷ
1572 117 1762 153 περιστάσεως
1782 120 1807 145 οὐ

186 160 253 188 ﬂere
275 161 389 188 dicenda
407 167 466 195 est,
489 162 562 197 quod
582 170 598 189 e
623 170 673 189 suo
692 167 762 189 statu
784 163 926 189 deturbata
947 163 974 189 in

186 207 374 235 confusionem
391 208 437 241 sit,
456 213 482 235 ct
498 208 622 243 opposita
637 208 815 243 dispositione
828 209 921 235 all‘ecta
937 208 975 235 illi

186 260 247 287 qua:
262 258 303 280 est
318 254 344 280 in
361 254 416 281 risu
429 254 519 289 gaudii
533 257 559 281 et
579 254 733 285 hilaritatis.
749 262 829 288 quem
846 254 977 282 Dominus

186 304 280 326 noster
296 300 429 334 promittit
453 300 504 327 Illis
518 300 563 334 qui
579 300 688 326 laudato
705 299 768 326 ﬂetu
785 300 913 332 luxerint,
938 299 980 327 di-

186 352 251 372 cens
267 346 289 361 ⁸⁸
308 354 314 372 :
328 345 405 372 Beati
418 346 463 380 qui
484 345 569 380 lugent
586 353 654 371 nunc
665 366 671 378 ,
690 346 813 380 quoniam
835 344 978 378 ridebunt,-

186 395 213 418 οι
230 391 255 418 in
272 390 323 418 Job
340 401 346 418 :
369 391 473 424 Verum,
497 392 536 418 ait
554 392 594 424 ",
616 399 644 417 os
662 390 780 425 implebit
801 391 875 422 risu;
892 395 918 417 ct
941 390 976 417 ob

187 437 238 463 hoc
263 436 378 464 fortasse
403 437 616 471 patriarcharum
639 444 712 463 unus
732 436 832 463 dicitur
853 435 925 463 risus
940 436 973 463 "’.

187 481 238 514 Qui
255 481 346 516 itaque
360 482 522 517 iugemiscit,
539 482 602 516 quia
617 486 660 509 est
676 481 702 509 in
719 482 772 508 hoc
788 481 973 514 tabernaculo,

186 528 265 555 sicuti
283 528 428 562 Apostolus
446 528 590 562 explicavit
605 536 667 555 cum
688 527 790 555 diceret
804 527 828 543 ’⁸
843 537 850 554 :
868 527 972 554 Etenim

184 574 229 608 qui
250 582 340 601 sumus
356 575 381 601 in
405 575 452 602 hoc
473 575 660 607 tabernaculo.
682 575 875 610 ingemiscimus
896 573 973 608 quasi

182 619 295 652 gravati,
311 619 473 653 promissum
490 619 574 647 risum
590 625 720 654 appetens
732 624 758 647 et
773 619 893 646 divinam
910 618 974 646 hila-

183 663 305 695 ritatem,
335 665 358 692 is
380 665 515 700 ploratum
534 666 622 700 plorat
643 666 765 702 apprime
791 666 971 698 nutrientem,

181 708 334 743 animaeque
350 709 536 737 utilissimum.

1030 163 1212 199 παρεκάλουν.
1226 165 1281 191 Kal
1298 165 1360 198 μετ’
1373 164 1469 199 ὀλίγαι
1483 163 1575 190 Ταῦτα
1592 164 1641 199 μὲν
1656 163 1695 195 ὡς
1711 164 1776 199 πρὸς
1785 164 1808 191 τὸ

1031 207 1112 243 ῥητόν
1122 216 1128 222 ·
1147 208 1195 234 ἐὰν
1207 208 1236 235 δὲ
1254 209 1267 234 ὁ
1283 208 1378 242 λόγος,
1394 207 1431 239 ὡς
1454 209 1482 234 ὲν
1498 209 1554 240 τοῖς
1571 208 1624 244 πρὸ
1646 207 1750 235 τούτων
1764 217 1807 235 πα-

1034 255 1220 290 ρεστήσαμεν,
1244 254 1422 290 Ἰερουσαλὴμ
1440 253 1506 289 λέγῃ
1528 254 1577 289 τὴν
1598 254 1705 281 τελείαν
1720 254 1806 290 ψυχὴν,

1031 297 1100 333 αὑτὴ
1108 297 1140 325 ἂν
1149 298 1254 325 κλαίειν
1261 298 1376 332 λέγοιτο,
1386 296 1537 324 ὲκπεσοῦσα
1548 297 1598 332 τῆς
1612 298 1716 330 οἰκείας
1728 298 1807 334 χώρας

1032 345 1062 371 ὲν
1074 344 1203 379 συγχύσει
1218 343 1360 379 γενομένη,
1371 343 1417 370 καὶ
1435 343 1600 370 κατάστασιν
1608 343 1680 379 ἔχειν
1696 344 1807 371 ἐναντίαν

1029 389 1068 425 τῷ
1083 390 1166 425 γελᾷν
1181 389 1288 424 γέλωτα
1302 389 1348 417 τὸν
1370 389 1424 416 ἀπὸ
1437 389 1524 424 χαρᾶς
1538 389 1585 416 καὶ
1605 389 1771 425 ἱλαρότητος,
1785 391 1807 417 ὃν

1027 435 1042 462 ὀ
1054 435 1156 471 Κύριος
1170 435 1249 471 ἡμῶν
1263 435 1461 470 ἐπαγγέλλεται
1481 434 1614 470 ὑπάρξειν
1633 437 1690 467 τοῖς
1706 435 1751 462 τὸν
1765 446 1807 471 μαι

1027 480 1207 517 χαριζόμενον
1226 480 1359 508 κλαύσασι
1379 481 1506 515 φάσκων·
1524 480 1670 515 Μακάριοι
1689 483 1717 508 οΙ
1734 483 1807 509 κλαί-

1025 534 1111 559 οντες
1136 526 1205 558 νῦν,
1221 526 1266 552 ὅτι
1279 526 1477 561 γελάσονται·
1504 528 1553 554 καὶ
1573 528 1602 554 ὲν
1619 527 1659 563 τῷ
1681 527 1742 555 ’1ὼὸ
1766 528 1805 555 δέ·

1032 571 1195 604 Ἀληθινὸν,
1210 572 1287 606 φησὶ,
1304 572 1401 606 στόμα
1419 572 1567 607 ἐμπλήσει
1583 573 1723 607 γέλωτος.
1740 574 1806 609 Τάχα

1024 616 1053 643 δὲ
1067 616 1111 643 διὰ
1127 616 1206 643 τοῦτο
1216 617 1264 644 καὶ
1276 615 1316 649 εἷς
1333 617 1388 644 τῶν
1405 619 1582 655 πατριαρχῶν
1596 619 1682 653 γέλως
1698 619 1805 654 λέγεται.

1031 663 1060 689 '0
1072 662 1161 689 τοίνυν
1175 661 1312 694 στενάζων
1324 662 1368 689 διὰ
1382 663 1412 690 τὺ
1427 661 1497 690 εἷναι
1511 665 1539 692 εν
1551 664 1590 700 τῷ
1606 665 1711 700 σκήνει,
1721 665 1807 700 ὥσπερ

1024 709 1039 734 ὁ
1061 706 1220 738 Ἀπόστολος
1243 706 1394 742 δεδήλωκεν
1410 708 1493 735 είπών
1505 717 1512 724 ·
1535 709 1590 735 Καὶ
1606 709 1661 744 γὰρ
1680 710 1708 736 οἱ
1731 709 1806 743 ὄντες

179 757 216 782 ἐν
237 753 277 787 τῷ
302 753 410 788 σκήνει
432 754 613 790 στενάζομεν
644 756 843 791 βαρούμενοι·
870 755 917 782 τὸν
941 755 971 782 ὲν
998 751 1151 787 ἐπαγγελίᾳ
1179 751 1285 785 γέλωτα
1309 751 1399 779 ποθῶν
1419 753 1466 780 καὶ
1493 753 1542 790 τὴν
1559 754 1634 781 θείαν
1658 755 1804 791 ἱλαρότητα,

181 801 320 837 κλαυθμὸν
337 802 425 828 κλαίει
443 803 667 838 τροφιμώτατον,
684 803 730 829 καὶ
750 802 906 838 ὠφελοῦντα
921 802 969 838 τὴν
988 800 1088 836 ψυχήν.

217 849 294 877 Vers.
312 850 339 876 Ξ.
359 850 402 877 Ex
413 850 533 877 cornibus
554 851 599 886 qui
615 850 730 886 diligunt
753 858 822 878 eam.
846 851 973 878 l’utamtts
989 851 1010 880 Β

180 895 252 923 enim
266 903 358 923 amare
372 896 481 930 quidem
496 904 557 924 esse
580 897 701 924 divinum
719 897 874 932 quidpiam.
889 901 925 929 et,
945 901 974 923 ut

181 943 218 970 ita
231 943 331 974 dicam,
351 943 501 977 spirituale,
517 943 628 978 diligere
643 951 707 971 vero
720 944 811 978 potius
828 943 861 970 ad
876 950 973 977 corpo-

180 996 226 1015 rea
251 993 276 1014 et
302 990 382 1015 lnnna
396 997 418 1015 .a
445 989 588 1023 pertinuere.
617 988 746 1017 Fortasse
767 997 831 1016 vero
853 989 926 1016 nullo
945 988 972 1016 in

180 1039 288 1061 amante
303 1034 450 1069 quidquam
468 1035 530 1061 mali
548 1034 638 1062 videre
652 1039 702 1062 est.
720 1034 787 1062 Nam
800 1036 832 1062 de
845 1039 976 1069 praestari.

180 1081 296 1108 tioribus
312 1081 364 1107 ait:
384 1080 443 1108 Non
455 1087 492 1108 est
511 1082 556 1117 qui
573 1081 722 1109 consoletur
733 1090 791 1109 eam
806 1090 838 1109 ea:
853 1081 972 1108 omnibus

179 1127 330 1152 amantibus
341 1135 408 1154 eam.
426 1127 460 1154 Al
476 1135 538 1154 vero
554 1127 587 1155 de
601 1127 786 1160 inferioribus,
811 1134 910 1158 omnes,
924 1126 971 1157 ait,

178 1171 314 1207 diligentes
326 1181 383 1199 eum
400 1179 551 1208 spreverunt
564 1183 631 1206 eant,
646 1174 712 1209 facti
730 1178 790 1200 runt
812 1174 836 1200 ei
855 1173 972 1205 inimici;

179 1218 311 1253 siquidem
327 1219 470 1248 inferiores
485 1225 511 1247 et
520 1225 682 1255 spreverunt
693 1228 764 1253 eam,
774 1224 801 1246 cl.
810 1219 874 1246 lacti
890 1218 972 1255 324

179 1267 243 1290 sunt
267 1263 303 1290 illi
329 1263 433 1292 inimici
443 1265 658 1299 :prazstantiores
673 1273 737 1292 vero
757 1269 862 1292 tantum
877 1273 972 1292 conso-

179 1308 226 1335 lati
247 1316 300 1335 non
319 1313 393 1336 sunt.

214 1354 291 1382 Vcrs.
303 1355 329 1382 5.
346 1355 469 1390 Migravit
495 1355 593 1383 Judtea
618 1360 724 1391 propter
749 1355 970 1382 Itumiliationcm.

178 1400 219 1428 Ad
231 1401 347 1428 litteram
363 1401 424 1429 talis
436 1402 487 1429 erit
498 1409 605 1429 sensus.
621 1401 764 1437 Proprium
778 1401 866 1429 locum
878 1401 970 1428 iudica

179 1447 293 1474 mutavit
307 1447 348 1474 bis
363 1447 396 1474 de
409 1447 512 1479 causis,
531 1447 672 1474 liumiliata
689 1451 798 1482 propter
815 1451 967 1482 peccaturo,

1066 846 1133 873 Ἀπὸ
1154 846 1275 873 πάντων
1289 846 1348 873 τῶν
1369 847 1552 882 ἀγαπώντων
1570 848 1677 882 αὐτήν.
1696 849 1806 885 οἰόμεθα

1022 892 1077 928 γὰρ
1095 892 1126 919 τὸ
1150 892 1200 927 μὲν
1217 892 1328 928 ἀγαπᾷν
1349 893 1483 930 θειότερον
1502 893 1581 927 εἶναι,
1599 895 1657 927 καὶ,
1678 895 1711 921 ἶν’
1728 895 1806 926 οὕτως

1022 937 1108 970 εἴπω,
1135 938 1341 973 πνευματικὸν,
1367 938 1397 965 τὸ
1420 939 1449 966 δὲ
1474 940 1561 974 φιλεῖν
1588 941 1746 976 σωματικὸν
1766 941 1806 968 καὶ

1022 982 1276 1019 ἀνθρωπικώτερον.
1293 984 1369 1018 Τάχα
1393 983 1421 1010 δὲ
1437 984 1543 1016 οὐδενὸς
1566 984 1668 1020 φαῦλον
1691 994 1805 1021 παρατη-

1024 1027 1118 1063 ρητέον
1146 1028 1322 1062 ἀγαπῶντος-
1346 1028 1387 1054 ὅτι
1415 1029 1480 1063 περὶ
1504 1030 1552 1065 μὲν
1571 1029 1625 1056 τῶν
1651 1031 1804 1066 κρειττόνων

1023 1074 1114 1108 φησιν,
1127 1075 1187 1109 Οὐχ
1196 1073 1320 1108 ὑπάρχει
1340 1074 1522 1108 παρακαλῶν
1540 1075 1639 1109 αὐτὴν
1659 1076 1718 1103 ἀπὸ
1737 1076 1804 1103 za'r-

1022 1127 1080 1145 των
1095 1118 1155 1145 τῶν
1170 1118 1351 1153 ἀγαπώντων
1367 1118 1478 1152 αὐτὴν
1501 1121 1565 1156 περὶ
1580 1119 1608 1146 δὲ
1629 1120 1684 1147 τῶν
1705 1120 1803 1146 ἐλαττό-

1022 1173 1084 1196 νων,
1098 1163 1213 1197 Πάντες
1222 1165 1248 1191 ol
1261 1164 1422 1198 φιλοῦντες
1431 1166 1528 1200 αὐτὴν
1537 1165 1693 1200 ἠθέτησαν
1703 1166 1802 1199 αὐτὴν,

1021 1210 1160 1245 ἐγένοντο
1180 1210 1257 1245 αὐτῇ
1278 1212 1322 1244 είς
1347 1211 1489 1246 ἐχθρούς·
1506 1212 1531 1238 oi
1557 1213 1605 1248 μὲν
1630 1212 1685 1248 γὰρ
1702 1212 1803 1239 ὑποδεέ-

1022 1265 1112 1292 στεροι
1140 1257 1187 1283 καὶ
1212 1257 1348 1292 ἠθέτησαν
1382 1257 1484 1293 αὐτὴν,
1510 1259 1557 1284 κα)⁵
1585 1258 1710 1293 ἐγένοντο
1741 1259 1802 1293 αὐτῇ

1021 1301 1128 1338 ἐχθροί·
1146 1303 1171 1329 oi
1182 1302 1209 1329 δὲ
1223 1302 1375 1338 κρείττονες
1393 1303 1472 1338 μόνον
1489 1303 1518 1330 οὐ
1535 1304 1738 1340 παρεκάλεσαν,

1056 1349 1231 1382 Μετῳκίσθη
1259 1349 1383 1375 Ἰουδαία
1411 1349 1470 1376 ἀπὸ
1499 1350 1716 1383 ταπεινώσεως.
1739 1349 1803 1385 Πρὸς

1022 1394 1071 1429 μὲν
1082 1394 1114 1421 τὸ
1129 1393 1210 1430 ῥητὸν
1226 1394 1344 1427 τοιοῦτος
1355 1394 1388 1422 ἂν
1402 1394 1444 1431 εἴη
1462 1395 1476 1422 ὸ
1489 1394 1561 1428 νοῦς.
1586 1395 1638 1422 Τὸν
1652 1396 1717 1423 ἴδιον
1728 1395 1802 1423 τόπον

1020 1439 1036 1473 ἡ
1057 1438 1173 1465 Ἰουδαία
1187 1439 1313 1474 ἠμειψεν,
1330 1440 1423 1467 αίτίων
1436 1440 1538 1467 τούτων
1557 1441 1709 1477 γινομένων
1727 1442 1802 1476 αὐτῇ,

177 1501 211 1520 ex
230 1500 284 1528 quo
307 1498 427 1521 erectum
441 1501 519 1520 suum
535 1497 562 1520 et
577 1493 720 1520 sublimem
740 1492 850 1528 reliquit
866 1497 947 1520 statui

1039 1485 1069 1520 ῆς
1093 1485 1286 1517 ταπεινώσεως
1317 1486 1402 1521 αὐτῆς
1428 1487 1460 1521 ἦν
1492 1487 1688 1515 τεταπείνωται
1721 1488 1804 1523 ἁμαρ-

177 1539 203 1565 iu
220 1547 276 1574 quo
291 1544 361 1572 erat,
375 1540 439 1566 dum
456 1540 582 1574 pietatem
597 1539 708 1571 coleret,
722 1547 772 1566 nec
787 1547 840 1566 non
858 1544 947 1574 proptt

1039 1529 1113 1562 οὖσα,
1131 1530 1179 1556 καὶ
1193 1530 1224 1556 τὸ
1238 1531 1383 1566 ἀνάστημα
1399 1531 1489 1558 καὶτὸ
1505 1532 1693 1568 ιγηγερμένον
1710 1533 1725 1559 ὃ
1740 1532 1803 1568 πρό-

177 1584 290 1611 multam
307 1584 366 1619 ejus
390 1585 548 1611 servitutem
572 1591 627 1619 qua
649 1584 823 1619 passionibus
845 1584 965 1619 subjecta

177 1630 323 1656 serviebat.
342 1629 461 1663 Mign-aus
482 1637 546 1656 vero
568 1629 639 1656 inter
661 1633 754 1664 gentes
769 1629 899 1656 collocata
912 1634 964 1662 est,

178 1675 223 1701 ubi
241 1674 361 1709 requiem
380 1675 501 1703 invenire
517 1683 568 1702 non
587 1675 685 1710 potuit,
702 1675 819 1702 inimicis
838 1675 965 1703 onmibus

175 1729 235 1747 eam
254 1721 495 1755 persequentibus,
514 1720 781 1755 apprehendentibus
797 1725 825 1747 et
847 1720 964 1748 tenenti—

176 1766 227 1794 bus
242 1767 311 1794 inter
329 1772 421 1803 gontes
436 1771 586 1794 mai-antem
605 1767 651 1802 qui
666 1774 725 1793 eam
743 1766 910 1801 premebant.

213 1886 287 1914 Vers.
303 1887 328 1913 4.
349 1886 403 1914 Via:
423 1886 487 1915 Sion
511 1887 608 1922 lugent,
632 1895 662 1913 eo
682 1887 752 1922 quod
772 1895 822 1914 non
843 1888 896 1914 sint
918 1888 962 1922 qui

173 1934 276 1960 ueniam
289 1933 324 1959 ud
339 1933 541 1960 solemuilulem.
560 1933 664 1961 Sensus
677 1933 710 1960 ad
726 1933 841 1960 litteram
855 1934 898 1961 hic
909 1938 960 1961 est.

172 1979 241 2012 Quia
262 1980 303 2006 lex
322 1980 434 2014 jubebat
449 1979 472 1995 "
493 1989 498 2005 :
522 1979 572 2006 Ter
591 1979 619 2005 in
638 1987 707 2005 anno
727 1979 862 2014 apparebit
886 1987 961 2007 omne

173 2025 347 2051 masculinum
366 2030 439 2051 tuum
457 2025 483 2051 in
500 2029 638 2058 conspectu
654 2024 760 2051 Domini
780 2024 826 2052 Dei
843 2026 897 2057 tui;
917 2033 962 2060 po-

172 2070 253 2104 pulus
267 2070 388 2097 studiose
404 2070 593 2100 concurrebat.
610 2069 815 2103 exstructojam
835 2079 850 2097 a
865 2071 960 2098 diebus

172 2114 329 2142 Salomonis
350 2116 467 2149 templo,
493 2115 525 2142 ad
541 2115 714 2150 exsequenda
734 2115 828 2149 jussa;
843 2123 960 2151 cumque

171 2162 244 2189 circa
270 2161 419 2189 Jerusalem
438 2167 528 2189 essent
554 2161 654 2188 Iudaeae
676 2162 816 2195 civitates,
840 2163 960 2197 undique

1017 1585 1097 1612 τερον
1117 1575 1188 1612 εῖχεν
1204 1577 1232 1604 ὲν
1256 1577 1396 1612 θεοσεϐείᾳ
1416 1577 1578 1614 ὑπάρχουσα
1602 1579 1802 1610 καταλιποῦσα,

1017 1621 1057 1648 ἔτι
1072 1621 1102 1649 δὲ
1122 1623 1170 1648 καὶ
1185 1623 1234 1658 τῆς
1250 1623 1349 1658 πολλῆς
1361 1622 1484 1654 δουλείας
1500 1623 1587 1659 αὐτῆς
1607 1625 1641 1659 ἣν
1663 1623 1805 1650 δεδούλωτο

1018 1668 1223 1703 ὑπστεταγμένη
1249 1669 1305 1700 τοῖς
1339 1669 1450 1697 πάθεσι.
1484 1669 1695 1697 Μετοικισθεῖσα
1718 1670 1747 1696 δὲ
1777 1670 1803 1695 ὲν

1016 1712 1120 1739 ἔθνεσιν
1132 1712 1253 1748 ίδρύνθη.
1270 1714 1333 1740 ἔνθα
1344 1714 1434 1749 εὑρεῖν
1446 1714 1600 1741 ἀνάπαυσιν
1609 1715 1641 1741 οὺ
1653 1715 1802 1751 δεδύνηται,

1017 1758 1125 1785 πάντων
1140 1758 1194 1785 τῶν
1214 1759 1319 1795 ἐχθρῶν
1337 1760 1559 1787 καταδιωκόντων
1572 1760 1668 1796 αὐτὴν,
1687 1761 1802 1788 καταλα-

1016 1803 1135 1837 ϐόντων,
1167 1804 1214 1830 καὶ
1240 1806 1520 1841 κατακεκρατηκότων
1542 1806 1628 1842 αὐτῆς
1659 1807 1805 1843 γενομένης

1016 1849 1091 1884 παρὰ
1106 1851 1164 1881 τοῖς
1176 1850 1290 1883 ἔθνεσιν,
1307 1852 1332 1877 οῖ
1346 1851 1450 1878 ἑθλιϐον
1464 1852 1559 1888 αὑτήν.

1056 1895 1135 1922 Ὀδοὶ
1162 1895 1240 1923 Σιὼν
1253 1897 1415 1930 πενθοῦσι,
1440 1897 1490 1925 διὰ
1511 1898 1544 1925 τὸ
1558 1898 1602 1933 μὴ
1621 1896 1698 1926 εἶναι
1720 1899 1803 1934 ἐρχο-

1011 1940 1123 1976 μένους
1136 1941 1171 1968 ἐν
1185 1942 1283 1977 ἑορτῇ.
1300 1943 1329 1969 '0
1341 1944 1410 1979 πρὸς
1426 1943 1456 1970 τὸ
1473 1944 1555 1980 ῥητὸν
1569 1945 1632 1976 νοῦς
1643 1943 1722 1978 οὗτός
1731 1946 1802 1972 ἐστι.

1014 1986 1067 2013 Τοῦ
1081 1987 1163 2023 νόμου
1176 1987 1300 2022 λέγοντος
1310 1997 1316 2004 ·
1338 1989 1403 2023 Τρις
1416 1990 1469 2017 τοῦ
1486 1990 1626 2018 ἐνιαυτοῦ
1640 1991 1805 2026 ὀφθήσεται

1013 2031 1074 2059 πᾶν
1092 2033 1254 2067 ἀρσενικόν
1279 2042 1338 2061 σου
1365 2035 1495 2062 ἐνώπιον
1524 2036 1635 2070 Kvplov
1655 2038 1710 2065 τοῦ
1733 2038 1804 2065 Θεοῦ

1012 2086 1088 2105 σου’
1106 2078 1235 2106 ἔσπευδον
1250 2081 1276 2106 oi
1294 2080 1347 2107 ἀπὸ
1361 2081 1408 2108 τοῦ
1431 2081 1495 2108 λαοῦ
1514 2082 1581 2117 μετὰ
1595 2083 1805 2119 οἰκοδομηθῆναι

1012 2122 1057 2149 τὸν
1069 2123 1130 2150 ναὸν
1146 2124 1175 2150 ἐν
1192 2124 1261 2151 Σιὼν
1279 2125 1332 2152 ἀπὸ
1346 2125 1393 2152 τοῦ
1410 2126 1506 2162 χρόνον
1523 2127 1697 2162 Σολομῶντος
1715 2129 1805 2155 ἐπιτε-

1012 2168 1068 2195 λεῖν
1080 2169 1111 2196 τὸ
1125 2172 1362 2207 προστεταγμένον
1371 2181 1378 2187 ·
1396 2173 1442 2199 καὶ
1458 2171 1550 2208 κύκλῳ
1564 2173 1614 2209 τῆς
1627 2173 1806 2210 Ἰερουσαλὴμ

169 2212 249 2235 erant
261 2208 310 2235 vice
329 2208 361 2235 ad
382 2208 445 2235 Sion
461 2209 602 2237 ducentes.
618 2209 672 2237 llas
688 2210 769 2245 igitur
781 2209 818 2236 ait
831 2210 947 2244 propliet:

1039 2202 1202 2250 ιγχανουσῶν
1221 2202 1398 2244 τῶν-πόλεων
1421 2217 1470 2253 τῆς
1498 2202 1629 2250 Ἰουδαίας
1640 2239 1647 2250 ,
1664 2202 1805 2246 ’πάντοθεν

169 2258 282 2288 propter
299 2254 483 2288 captivitatem
509 2254 601 2289 lugere
626 2259 787 2288 mea-rentes,
803 2259 829 2281 et
851 2262 961 2281 summa

170 2300 197 2326 in
221 2299 365 2326 solitudine
383 2299 545 2326 constitutas
560 2299 600 2326 vel
615 2300 695 2327 etiam
715 2300 882 2334 temporibus
896 2299 961 2333 illis,

166 2344 279 2379 quando
296 2345 391 2379 ingens
407 2345 535 2379 gaudium
557 2349 584 2372 et
607 2345 698 2372 lmtitia
716 2350 775 2372 erat
798 2345 869 2380 apud
887 2345 959 2378 illos,

166 2390 378 2425 properantibus
391 2391 424 2418 ad
438 2391 509 2418 diem
524 2391 622 2418 festum
631 2391 733 2419 ludatis
747 2392 820 2418 omni
836 2399 868 2418 ex
886 2396 962 2426 parte

166 2435 201 2462 ad
216 2440 348 2462 montem.
371 2435 438 2462 Cum
453 2443 518 2463 vero
532 2437 622 2463 multm
637 2441 728 2465 essent
749 2441 833 2472 perm
848 2437 874 2464 in
891 2436 954 2464 Sion

165 2485 312 2508 exstructa:
339 2488 557 2516 quaquaversum
582 2486 755 2517 spectantes,
789 2483 888 2510 dicitur
910 2483 955 2510 hic

165 2534 262 2553 omnes
275 2534 334 2553 esse
355 2526 518 2560 destructas,
534 2531 561 2554 et
578 2527 733 2554 sacerdotes
747 2535 864 2562 gemere,
881 2527 954 2562 quod

166 2572 270 2599 scilicet
294 2573 462 2600 sacerdotale
490 2581 590 2601 munus
613 2581 741 2602 exercere
766 2582 820 2601 non
845 2579 955 2608 possent

166 2618 243 2645 festis
259 2619 366 2651 diebus,
382 2624 408 2646 et
425 2619 531 2654 reliquo
546 2625 683 2654 tempore;
703 2620 744 2647 vel
762 2620 833 2654 quod
854 2620 953 2655 captivi

165 2663 220 2698 iam
238 2669 338 2697 essent,
362 2666 402 2693 vel
421 2666 492 2700 quod
509 2667 600 2694 nullus
615 2667 757 2695 accederet
778 2666 810 2693 ad
830 2675 888 2698 cos,
907 2668 954 2702 qui

200 2770 223 2784 "
235 2768 300 2796 Luc.
315 2779 350 2803 vr,
362 2771 405 2797 (ξι.
443 2772 526 2799 “Job
552 2781 612 2805 vui,
627 2774 670 2800 9.1.

1010 2259 1064 2287 ὁδοὶ
1079 2258 1151 2296 ἦσαν
1161 2261 1293 2298 φέρουσαι
1307 2263 1354 2288 ἐπὶ
1366 2263 1415 2298 τὴν
1434 2262 1512 2289 Σιών.
1528 2263 1638 2296 Ταύτας
1651 2262 1699 2291 οὖν
1710 2267 1726 2292 ὁ
1741 2273 1805 2301 τερον

1011 2305 1101 2341 φήτης
1123 2305 1167 2333 διὰ
1190 2306 1239 2342 τὴν
1258 2307 1450 2342 αἰχμαλωσίαν
1470 2309 1536 2344 φησὶ
1556 2309 1664 2336 πενθεῖν
1680 2310 1806 2345 σκυθρω-

1011 2351 1160 2384 παζούσας,
1176 2353 1223 2378 καὶ
1239 2353 1269 2379 ὲν
1288 2353 1362 2389 πάσῃ
1386 2353 1489 2390 ἐρημίᾳ
1509 2354 1686 2390 ὑπαρχούσας
1706 2356 1758 2382 καὶ
1779 2356 1805 2381 ὲν

1010 2397 1125 2429 ἐκείνοις
1155 2399 1213 2430 τοῖς
1241 2400 1368 2434 καιροῖς,
1393 2399 1438 2425 ὅτε
1468 2399 1552 2435 πολλὴ
1576 2400 1733 2437 εὐφροσύνη
1761 2402 1807 2428 καὶ

1010 2442 1138 2479 ἱλαρότης
1149 2441 1184 2478 ἦν
1195 2444 1225 2470 ἐν
1244 2444 1351 2476 αὐτοῖς,
1370 2444 1538 2472 σπευδόντων
1554 2446 1602 2472 ἐπὶ
1627 2446 1729 2482 ἑορτὴν
1752 2447 1806 2472 τῶν

1007 2487 1194 2523 ἁπανταχόθεν
1211 2488 1345 2516 Ἰουδαίων
1360 2490 1407 2516 ἐπὶ
1426 2490 1457 2517 τδ
1472 2489 1541 2517 Σιὼν
1555 2490 1627 2525 δρος.
1645 2490 1761 2517 Πολλῶν
1779 2491 1806 2516 δὲ

1007 2531 1095 2559 οὐσῶν
1111 2532 1167 2559 τῶν
1188 2533 1281 2560 πυλῶν
1302 2533 1357 2561 τῶν
1378 2534 1605 2569 οίκοδομηθεισῶν
1630 2535 1659 2562 ὲν
1678 2535 1754 2562 Σιὼν
1772 2535 1804 2560 ὲκ

1009 2577 1118 2604 πάντων
1130 2578 1185 2605 τῶν
1205 2578 1355 2614 κλιμάτων,
1374 2580 1455 2615 φησὶν
1471 2581 1485 2606 ὁ
1501 2580 1579 2614 λόγος
1594 2581 1684 2613 πάσας
1699 2582 1804 2617 ἠφανί-

1009 2623 1080 2655 σθαι,
1100 2624 1216 2657 καὶτοὺς
1235 2625 1317 2660 ἱερεῖς
1334 2626 1482 2658 στενάζειν,
1496 2626 1616 2661 δηλονότι
1626 2627 1660 2654 τὰ
1672 2628 1801 2663 ίερατικά

1008 2669 1076 2706 ἔργα
1093 2671 1127 2697 τὰ
1139 2671 1209 2697 κατὰ
1226 2670 1275 2703 τὰς
1288 2672 1395 2707 ἑορτὰς,
1417 2673 1461 2699 καὶ
1477 2673 1526 2704 τὰς
1544 2673 1627 2705 ἄλλας
1644 2673 1755 2711 ἡμέρας
1770 2674 1801 2700 οὐ

714 2775 735 2789 ³⁷
751 2774 820 2801 Gen.
835 2782 891 2805 ut.
907 2773 933 2802 ϐ.
968 2776 990 2791 ’⁸
1008 2775 1028 2802 ll
1045 2777 1108 2804 Cor.
1127 2785 1151 2810 v,
1170 2777 1196 2805 l.
1225 2778 1246 2793 ’τ’
1260 2777 1345 2804 Exod.
1365 2786 1444 2812 “In,
1464 2778 1506 2805 Π.
