  <div class='ocr_page' id='page_1' title='image "/cluster/home/n/w/nwhite01/storage/ocr_20150623/13/njp.32101077772430/379.png"; bbox 0 0 1872 3048; ppageno 0'>
   <div class='ocr_carea' id='block_1_1' title="bbox 159 96 211 123">
    <p class='ocr_par' dir='ltr' id='par_1_1' title="bbox 159 96 211 123">
     <span class='ocr_line' id='line_1_1' title="bbox 159 96 211 123; baseline 0 0"><span class='ocrx_word' id='word_1_1' title='bbox 159 96 211 123; x_wconf 82' lang='grc'><strong>615</strong></span> 
     </span>
    </p>
   </div>
   <div class='ocr_carea' id='block_1_2' title="bbox 845 85 1069 117">
    <p class='ocr_par' dir='ltr' id='par_1_2' title="bbox 845 85 1069 117">
     <span class='ocr_line' id='line_1_2' title="bbox 845 85 1069 117; baseline -0.022 0"><span class='ocrx_word' id='word_1_2' title='bbox 845 89 889 117; x_wconf 76' lang='lat' dir='ltr'><strong>EX</strong></span> <span class='ocrx_word' id='word_1_3' title='bbox 910 85 1069 116; x_wconf 78' lang='lat' dir='ltr'><strong>ORIGENE&#39;</strong></span> 
     </span>
    </p>
   </div>
   <div class='ocr_carea' id='block_1_3' title="bbox 1727 77 1776 105">
    <p class='ocr_par' dir='ltr' id='par_1_3' title="bbox 1727 77 1776 105">
     <span class='ocr_line' id='line_1_3' title="bbox 1727 77 1776 105; baseline -0.02 0"><span class='ocrx_word' id='word_1_4' title='bbox 1727 77 1776 105; x_wconf 79' lang='grc'><strong>616</strong></span> 
     </span>
    </p>
   </div>
   <div class='ocr_carea' id='block_1_4' title="bbox 154 132 950 191">
    <p class='ocr_par' dir='ltr' id='par_1_4' title="bbox 154 143 939 191">
     <span class='ocr_line' id='line_1_4' title="bbox 154 143 939 191; baseline -0.018 -8"><span class='ocrx_word' id='word_1_5' title='bbox 154 155 225 191; x_wconf 88' lang='lat' dir='ltr'><strong>quod</strong></span> <span class='ocrx_word' id='word_1_6' title='bbox 246 153 349 188; x_wconf 88' lang='lat' dir='ltr'><strong>justum</strong></span> <span class='ocrx_word' id='word_1_7' title='bbox 371 155 413 178; x_wconf 85' lang='lat' dir='ltr'><strong>est</strong></span> <span class='ocrx_word' id='word_1_8' title='bbox 436 147 624 185; x_wconf 80' lang='lat' dir='ltr'><strong>persequitur.</strong></span> <span class='ocrx_word' id='word_1_9' title='bbox 643 145 689 181; x_wconf 88' lang='lat' dir='ltr'><strong>qui</strong></span> <span class='ocrx_word' id='word_1_10' title='bbox 724 144 795 180; x_wconf 84' lang='lat' dir='ltr'><strong>quod</strong></span> <span class='ocrx_word' id='word_1_11' title='bbox 819 143 939 178; x_wconf 60' lang='lat' dir='ltr'><strong>aequitati</strong></span> 
     </span>
    </p>
   </div>
   <div class='ocr_carea' id='block_1_5' title="bbox 1037 132 1778 191">
    <p class='ocr_par' dir='ltr' id='par_1_5' title="bbox 1037 132 1778 191">
     <span class='ocr_line' id='line_1_5' title="bbox 1037 132 1778 173; baseline -0.015 -7"><span class='ocrx_word' id='word_1_12' title='bbox 1037 139 1118 173; x_wconf 83' lang='grc' dir='ltr'><strong>ιύτη,</strong></span> <span class='ocrx_word' id='word_1_13' title='bbox 1138 137 1208 164; x_wconf 82' lang='grc' dir='ltr'>ὲπὰν</span> <span class='ocrx_word' id='word_1_14' title='bbox 1223 135 1255 163; x_wconf 81' lang='grc' dir='ltr'><strong>τὺ</strong></span> <span class='ocrx_word' id='word_1_15' title='bbox 1277 134 1397 170; x_wconf 82' lang='grc' dir='ltr'>καθῆκον</span> <span class='ocrx_word' id='word_1_16' title='bbox 1421 133 1470 168; x_wconf 85' lang='grc' dir='ltr'><strong>μέν</strong></span> <span class='ocrx_word' id='word_1_17' title='bbox 1493 142 1533 164; x_wconf 84' lang='grc' dir='ltr'><strong>τις</strong></span> <span class='ocrx_word' id='word_1_18' title='bbox 1561 132 1693 168; x_wconf 79' lang='grc' dir='ltr'>ἐπιτελῇ,</span> <span class='ocrx_word' id='word_1_19' title='bbox 1716 142 1778 168; x_wconf 74' lang='grc' dir='ltr'><strong>πμ,-</strong></span> 
     </span>
     <span class='ocr_line' id='line_1_6' title="bbox 1079 179 1759 191; baseline -0.015 9"><span class='ocrx_word' id='word_1_20' title='bbox 1079 185 1099 191; x_wconf 57' lang='grc' dir='ltr'><strong>λ·</strong></span> <span class='ocrx_word' id='word_1_21' title='bbox 1174 183 1186 191; x_wconf 74' lang='grc' dir='ltr'><strong>Α</strong></span> <span class='ocrx_word' id='word_1_22' title='bbox 1230 183 1243 191; x_wconf 71' lang='grc'><strong><em>⁸</em></strong></span> <span class='ocrx_word' id='word_1_23' title='bbox 1276 183 1282 190; x_wconf 67' lang='grc'><strong>⁷</strong></span> <span class='ocrx_word' id='word_1_24' title='bbox 1327 181 1349 191; x_wconf 52' lang='grc' dir='ltr'>νυ</span> <span class='ocrx_word' id='word_1_25' title='bbox 1370 189 1409 191; x_wconf 35' lang='grc' dir='ltr'><strong>κν.</strong></span> <span class='ocrx_word' id='word_1_26' title='bbox 1427 179 1501 191; x_wconf 57' lang='lat'><strong>&gt;12-..</strong></span> <span class='ocrx_word' id='word_1_27' title='bbox 1519 179 1567 191; x_wconf 58' lang='grc' dir='ltr'><strong>-.ι-η</strong></span> <span class='ocrx_word' id='word_1_28' title='bbox 1585 179 1660 191; x_wconf 46' lang='grc' dir='ltr'><strong>-.ι-ι.</strong></span> <span class='ocrx_word' id='word_1_29' title='bbox 1680 179 1759 191; x_wconf 68' lang='lat' dir='ltr'><strong>L_.n__-</strong></span> 
     </span>
    </p>
   </div>
   <div class='ocr_carea' id='block_1_6' title="bbox 154 188 942 233">
    <p class='ocr_par' dir='ltr' id='par_1_6' title="bbox 154 188 942 233">
     <span class='ocr_line' id='line_1_7' title="bbox 154 188 942 233; baseline -0.015 -9"><span class='ocrx_word' id='word_1_30' title='bbox 154 188 263 233; x_wconf 74' lang='lat' dir='ltr'><strong>quidem</strong></span> <span class='ocrx_word' id='word_1_31' title='bbox 283 199 494 223; x_wconf 85' lang='lat' dir='ltr'><strong>consentaneum</strong></span> <span class='ocrx_word' id='word_1_32' title='bbox 516 197 568 224; x_wconf 83' lang='lat' dir='ltr'><strong>est,</strong></span> <span class='ocrx_word' id='word_1_33' title='bbox 585 191 664 222; x_wconf 85' lang='lat' dir='ltr'><strong>facit,</strong></span> <span class='ocrx_word' id='word_1_34' title='bbox 689 189 735 217; x_wconf 92' lang='lat' dir='ltr'><strong>sed</strong></span> <span class='ocrx_word' id='word_1_35' title='bbox 759 188 855 215; x_wconf 82' lang='lat' dir='ltr'><strong>allectu</strong></span> <span class='ocrx_word' id='word_1_36' title='bbox 880 195 942 221; x_wconf 89' lang='lat' dir='ltr'><strong>per-</strong></span> 
     </span>
    </p>
   </div>
   <div class='ocr_carea' id='block_1_7' title="bbox 155 233 941 274">
    <p class='ocr_par' dir='ltr' id='par_1_7' title="bbox 155 233 941 274">
     <span class='ocr_line' id='line_1_8' title="bbox 155 233 941 274; baseline -0.014 -5"><span class='ocrx_word' id='word_1_37' title='bbox 155 249 251 272; x_wconf 81' lang='lat' dir='ltr'><strong>verso.</strong></span> <span class='ocrx_word' id='word_1_38' title='bbox 277 245 306 266; x_wconf 84' lang='lat' dir='ltr'><strong>ul</strong></span> <span class='ocrx_word' id='word_1_39' title='bbox 329 240 352 267; x_wconf 89' lang='lat' dir='ltr'><strong>si</strong></span> <span class='ocrx_word' id='word_1_40' title='bbox 367 239 430 274; x_wconf 83' lang='lat' dir='ltr'><strong>quis</strong></span> <span class='ocrx_word' id='word_1_41' title='bbox 451 241 522 266; x_wconf 87' lang='lat' dir='ltr'><strong>bona</strong></span> <span class='ocrx_word' id='word_1_42' title='bbox 548 235 712 272; x_wconf 81' lang='lat' dir='ltr'><strong>pauperibus</strong></span> <span class='ocrx_word' id='word_1_43' title='bbox 740 233 885 260; x_wconf 88' lang='lat' dir='ltr'><strong>distribuat</strong></span> <span class='ocrx_word' id='word_1_44' title='bbox 907 233 941 259; x_wconf 89' lang='lat' dir='ltr'><strong>ad</strong></span> 
     </span>
    </p>
   </div>
   <div class='ocr_carea' id='block_1_8' title="bbox 157 277 943 321">
    <p class='ocr_par' dir='ltr' id='par_1_8' title="bbox 157 277 943 321">
     <span class='ocr_line' id='line_1_9' title="bbox 157 277 943 321; baseline -0.011 -8"><span class='ocrx_word' id='word_1_45' title='bbox 157 286 269 321; x_wconf 79' lang='lat' dir='ltr'><strong>gloriam</strong></span> <span class='ocrx_word' id='word_1_46' title='bbox 284 284 318 311; x_wconf 87' lang='lat' dir='ltr'><strong>ab</strong></span> <span class='ocrx_word' id='word_1_47' title='bbox 332 283 489 311; x_wconf 86' lang='lat' dir='ltr'><strong>hominibus</strong></span> <span class='ocrx_word' id='word_1_48' title='bbox 504 281 663 316; x_wconf 74' lang='lat' dir='ltr'><strong>captandam</strong></span> <span class='ocrx_word' id='word_1_49' title='bbox 679 288 685 306; x_wconf 90' lang='lat'><strong>:</strong></span> <span class='ocrx_word' id='word_1_50' title='bbox 700 287 760 313; x_wconf 77' lang='lat' dir='ltr'><strong>qua:</strong></span> <span class='ocrx_word' id='word_1_51' title='bbox 774 283 869 306; x_wconf 84' lang='lat' dir='ltr'><strong>vetans</strong></span> <span class='ocrx_word' id='word_1_52' title='bbox 883 277 943 304; x_wconf 90' lang='lat' dir='ltr'><strong>Sal-</strong></span> 
     </span>
    </p>
   </div>
   <div class='ocr_carea' id='block_1_9' title="bbox 157 325 943 364">
    <p class='ocr_par' dir='ltr' id='par_1_9' title="bbox 157 325 943 364">
     <span class='ocr_line' id='line_1_10' title="bbox 157 325 943 364; baseline -0.011 -6"><span class='ocrx_word' id='word_1_53' title='bbox 157 337 234 358; x_wconf 85' lang='lat' dir='ltr'><strong>valor</strong></span> <span class='ocrx_word' id='word_1_54' title='bbox 247 331 284 357; x_wconf 87' lang='lat' dir='ltr'><strong>ait</strong></span> <span class='ocrx_word' id='word_1_55' title='bbox 299 331 309 346; x_wconf 82' lang='lat'><strong>’</strong></span> <span class='ocrx_word' id='word_1_56' title='bbox 327 339 335 357; x_wconf 86' lang='lat'><strong>:</strong></span> <span class='ocrx_word' id='word_1_57' title='bbox 354 329 383 356; x_wconf 85' lang='lat' dir='ltr'><strong>Si</strong></span> <span class='ocrx_word' id='word_1_58' title='bbox 397 329 465 364; x_wconf 73' lang='lat' dir='ltr'><strong>facis</strong></span> <span class='ocrx_word' id='word_1_59' title='bbox 479 328 677 361; x_wconf 78' lang='lat' dir='ltr'><strong>elecmosyuam.</strong></span> <span class='ocrx_word' id='word_1_60' title='bbox 698 325 751 351; x_wconf 77' lang='lat' dir='ltr'><strong>noli</strong></span> <span class='ocrx_word' id='word_1_61' title='bbox 771 325 833 350; x_wconf 86' lang='lat' dir='ltr'><strong>tuba</strong></span> <span class='ocrx_word' id='word_1_62' title='bbox 851 331 943 350; x_wconf 79' lang='lat' dir='ltr'><strong>canere</strong></span> 
     </span>
    </p>
   </div>
   <div class='ocr_carea' id='block_1_10' title="bbox 159 369 943 409">
    <p class='ocr_par' dir='ltr' id='par_1_10' title="bbox 159 369 943 409">
     <span class='ocr_line' id='line_1_11' title="bbox 159 369 943 409; baseline -0.013 -5"><span class='ocrx_word' id='word_1_63' title='bbox 159 382 219 403; x_wconf 78' lang='lat' dir='ltr'><strong>ante</strong></span> <span class='ocrx_word' id='word_1_64' title='bbox 244 381 278 409; x_wconf 81' lang='lat' dir='ltr'><strong>te,</strong></span> <span class='ocrx_word' id='word_1_65' title='bbox 299 376 365 402; x_wconf 70' lang='lat' dir='ltr'><strong>sicut</strong></span> <span class='ocrx_word' id='word_1_66' title='bbox 381 374 523 408; x_wconf 81' lang='lat' dir='ltr'><strong>hypocrita:</strong></span> <span class='ocrx_word' id='word_1_67' title='bbox 542 372 644 406; x_wconf 77' lang='lat' dir='ltr'><strong>faciunt</strong></span> <span class='ocrx_word' id='word_1_68' title='bbox 670 371 697 397; x_wconf 81' lang='lat' dir='ltr'><strong>in</strong></span> <span class='ocrx_word' id='word_1_69' title='bbox 721 369 859 404; x_wconf 73' lang='lat' dir='ltr'><strong>synagogis</strong></span> <span class='ocrx_word' id='word_1_70' title='bbox 876 374 900 395; x_wconf 86' lang='lat' dir='ltr'><strong>et</strong></span> <span class='ocrx_word' id='word_1_71' title='bbox 916 369 943 395; x_wconf 84' lang='lat' dir='ltr'><strong>in</strong></span> 
     </span>
    </p>
   </div>
   <div class='ocr_carea' id='block_1_11' title="bbox 159 415 943 454">
    <p class='ocr_par' dir='ltr' id='par_1_11' title="bbox 159 415 943 454">
     <span class='ocr_line' id='line_1_12' title="bbox 159 415 943 454; baseline -0.009 -6"><span class='ocrx_word' id='word_1_72' title='bbox 159 422 233 454; x_wconf 77' lang='lat' dir='ltr'><strong>vicis,</strong></span> <span class='ocrx_word' id='word_1_73' title='bbox 255 426 282 447; x_wconf 88' lang='lat' dir='ltr'><strong>ut</strong></span> <span class='ocrx_word' id='word_1_74' title='bbox 301 420 505 454; x_wconf 74' lang='lat' dir='ltr'><strong>hauoriﬁceutur</strong></span> <span class='ocrx_word' id='word_1_75' title='bbox 525 418 556 444; x_wconf 87' lang='lat' dir='ltr'><strong>ab</strong></span> <span class='ocrx_word' id='word_1_76' title='bbox 574 416 732 443; x_wconf 81' lang='lat' dir='ltr'><strong>hominibus.</strong></span> <span class='ocrx_word' id='word_1_77' title='bbox 755 415 831 442; x_wconf 83' lang='lat' dir='ltr'><strong>Jusle</strong></span> <span class='ocrx_word' id='word_1_78' title='bbox 854 420 943 442; x_wconf 90' lang='lat' dir='ltr'><strong>autem</strong></span> 
     </span>
    </p>
   </div>
   <div class='ocr_carea' id='block_1_12' title="bbox 159 459 944 502">
    <p class='ocr_par' dir='ltr' id='par_1_12' title="bbox 159 459 944 502">
     <span class='ocr_line' id='line_1_13' title="bbox 159 459 944 502; baseline -0.011 -8"><span class='ocrx_word' id='word_1_79' title='bbox 159 467 231 502; x_wconf 81' lang='lat' dir='ltr'><strong>quod</strong></span> <span class='ocrx_word' id='word_1_80' title='bbox 252 466 383 500; x_wconf 87' lang='lat' dir='ltr'><strong>injnstum</strong></span> <span class='ocrx_word' id='word_1_81' title='bbox 400 468 442 491; x_wconf 90' lang='lat' dir='ltr'><strong>est</strong></span> <span class='ocrx_word' id='word_1_82' title='bbox 464 463 552 490; x_wconf 83' lang='lat' dir='ltr'><strong>facere</strong></span> <span class='ocrx_word' id='word_1_83' title='bbox 569 461 758 496; x_wconf 75' lang='lat' dir='ltr'><strong>intelligendus</strong></span> <span class='ocrx_word' id='word_1_84' title='bbox 779 465 820 487; x_wconf 84' lang='lat' dir='ltr'><strong>est</strong></span> <span class='ocrx_word' id='word_1_85' title='bbox 843 460 880 492; x_wconf 86' lang='lat' dir='ltr'><strong>is,</strong></span> <span class='ocrx_word' id='word_1_86' title='bbox 898 459 944 494; x_wconf 88' lang='lat' dir='ltr'><strong>qui</strong></span> 
     </span>
    </p>
   </div>
   <div class='ocr_carea' id='block_1_13' title="bbox 161 505 945 545">
    <p class='ocr_par' dir='ltr' id='par_1_13' title="bbox 161 505 945 545">
     <span class='ocr_line' id='line_1_14' title="bbox 161 505 945 545; baseline -0.011 -5"><span class='ocrx_word' id='word_1_87' title='bbox 161 513 271 540; x_wconf 87' lang='lat' dir='ltr'><strong>meliora</strong></span> <span class='ocrx_word' id='word_1_88' title='bbox 288 512 338 539; x_wconf 90' lang='lat' dir='ltr'><strong>sibi</strong></span> <span class='ocrx_word' id='word_1_89' title='bbox 354 509 489 545; x_wconf 87' lang='lat' dir='ltr'><strong>proponit,</strong></span> <span class='ocrx_word' id='word_1_90' title='bbox 512 509 557 535; x_wconf 88' lang='lat' dir='ltr'><strong>sed</strong></span> <span class='ocrx_word' id='word_1_91' title='bbox 581 508 616 535; x_wconf 91' lang='lat' dir='ltr'><strong>ob</strong></span> <span class='ocrx_word' id='word_1_92' title='bbox 635 507 698 534; x_wconf 91' lang='lat' dir='ltr'><strong>boni</strong></span> <span class='ocrx_word' id='word_1_93' title='bbox 720 506 854 533; x_wconf 80' lang='lat' dir='ltr'><strong>inscitiam</strong></span> <span class='ocrx_word' id='word_1_94' title='bbox 868 505 945 532; x_wconf 84' lang='lat' dir='ltr'><strong>dete-</strong></span> 
     </span>
    </p>
   </div>
   <div class='ocr_carea' id='block_1_14' title="bbox 162 549 945 592">
    <p class='ocr_par' dir='ltr' id='par_1_14' title="bbox 162 549 945 592">
     <span class='ocr_line' id='line_1_15' title="bbox 162 549 945 592; baseline -0.011 -6"><span class='ocrx_word' id='word_1_95' title='bbox 162 559 234 585; x_wconf 82' lang='lat' dir='ltr'><strong>riora</strong></span> <span class='ocrx_word' id='word_1_96' title='bbox 255 557 374 592; x_wconf 77' lang='lat' dir='ltr'><strong>peragit;</strong></span> <span class='ocrx_word' id='word_1_97' title='bbox 394 555 482 590; x_wconf 85' lang='lat' dir='ltr'><strong>qualis</strong></span> <span class='ocrx_word' id='word_1_98' title='bbox 506 554 570 581; x_wconf 90' lang='lat' dir='ltr'><strong>olim</strong></span> <span class='ocrx_word' id='word_1_99' title='bbox 591 553 673 588; x_wconf 74' lang='lat'><strong>326</strong></span> <span class='ocrx_word' id='word_1_100' title='bbox 692 557 750 579; x_wconf 85' lang='lat' dir='ltr'><strong>erat</strong></span> <span class='ocrx_word' id='word_1_101' title='bbox 773 551 874 578; x_wconf 81' lang='lat' dir='ltr'><strong>Paulus</strong></span> <span class='ocrx_word' id='word_1_102' title='bbox 898 549 945 584; x_wconf 86' lang='lat' dir='ltr'><strong>qui</strong></span> 
     </span>
    </p>
   </div>
   <div class='ocr_carea' id='block_1_15' title="bbox 160 595 946 639">
    <p class='ocr_par' dir='ltr' id='par_1_15' title="bbox 160 595 946 639">
     <span class='ocr_line' id='line_1_16' title="bbox 160 595 946 639; baseline -0.011 -9"><span class='ocrx_word' id='word_1_103' title='bbox 160 603 266 639; x_wconf 87' lang='lat' dir='ltr'><strong>pietatis</strong></span> <span class='ocrx_word' id='word_1_104' title='bbox 286 601 342 629; x_wconf 82' lang='lat' dir='ltr'><strong>zelo</strong></span> <span class='ocrx_word' id='word_1_105' title='bbox 365 599 501 628; x_wconf 83' lang='lat' dir='ltr'><strong>Ecclesias</strong></span> <span class='ocrx_word' id='word_1_106' title='bbox 517 599 649 626; x_wconf 76' lang='lat' dir='ltr'><strong>tradebat.</strong></span> <span class='ocrx_word' id='word_1_107' title='bbox 666 598 768 632; x_wconf 85' lang='lat' dir='ltr'><strong>injuste</strong></span> <span class='ocrx_word' id='word_1_108' title='bbox 790 603 855 623; x_wconf 84' lang='lat' dir='ltr'><strong>vero</strong></span> <span class='ocrx_word' id='word_1_109' title='bbox 873 595 946 630; x_wconf 89' lang='lat' dir='ltr'><strong>quod</strong></span> 
     </span>
    </p>
   </div>
   <div class='ocr_carea' id='block_1_16' title="bbox 161 642 947 683">
    <p class='ocr_par' dir='ltr' id='par_1_16' title="bbox 161 642 947 683">
     <span class='ocr_line' id='line_1_17' title="bbox 161 642 947 683; baseline -0.011 -7"><span class='ocrx_word' id='word_1_110' title='bbox 161 649 289 683; x_wconf 89' lang='lat' dir='ltr'><strong>injustum</strong></span> <span class='ocrx_word' id='word_1_111' title='bbox 303 652 345 674; x_wconf 82' lang='lat' dir='ltr'><strong>est</strong></span> <span class='ocrx_word' id='word_1_112' title='bbox 358 647 396 679; x_wconf 83' lang='lat' dir='ltr'><strong>iit,</strong></span> <span class='ocrx_word' id='word_1_113' title='bbox 417 653 480 673; x_wconf 89' lang='lat' dir='ltr'><strong>cum</strong></span> <span class='ocrx_word' id='word_1_114' title='bbox 495 649 522 672; x_wconf 87' lang='lat' dir='ltr'><strong>et</strong></span> <span class='ocrx_word' id='word_1_115' title='bbox 537 644 609 679; x_wconf 88' lang='lat' dir='ltr'><strong>quod</strong></span> <span class='ocrx_word' id='word_1_116' title='bbox 627 644 717 678; x_wconf 74' lang='lat' dir='ltr'><strong>agitur</strong></span> <span class='ocrx_word' id='word_1_117' title='bbox 731 642 850 677; x_wconf 71' lang='lat' dir='ltr'><strong>aequitati</strong></span> <span class='ocrx_word' id='word_1_118' title='bbox 865 648 947 676; x_wconf 81' lang='lat' dir='ltr'><strong>repu-</strong></span> 
     </span>
    </p>
   </div>
   <div class='ocr_carea' id='block_1_17' title="bbox 160 691 823 730">
    <p class='ocr_par' dir='ltr' id='par_1_17' title="bbox 160 691 823 730">
     <span class='ocr_line' id='line_1_18' title="bbox 160 691 823 730; baseline -0.011 -8"><span class='ocrx_word' id='word_1_119' title='bbox 160 697 233 730; x_wconf 75' lang='lat' dir='ltr'><strong>gnat,</strong></span> <span class='ocrx_word' id='word_1_120' title='bbox 248 699 276 721; x_wconf 92' lang='lat' dir='ltr'><strong>et</strong></span> <span class='ocrx_word' id='word_1_121' title='bbox 294 693 393 720; x_wconf 86' lang='lat' dir='ltr'><strong>mentis</strong></span> <span class='ocrx_word' id='word_1_122' title='bbox 406 691 579 726; x_wconf 88' lang='lat' dir='ltr'><strong>propositum</strong></span> <span class='ocrx_word' id='word_1_123' title='bbox 596 696 755 725; x_wconf 84' lang='lat' dir='ltr'><strong>perversum</strong></span> <span class='ocrx_word' id='word_1_124' title='bbox 771 692 823 716; x_wconf 83' lang='lat' dir='ltr'><strong>est.</strong></span> 
     </span>
    </p>
   </div>
   <div class='ocr_carea' id='block_1_18' title="bbox 194 775 946 815">
    <p class='ocr_par' dir='ltr' id='par_1_18' title="bbox 194 775 946 815">
     <span class='ocr_line' id='line_1_19' title="bbox 194 775 946 815; baseline -0.012 -5"><span class='ocrx_word' id='word_1_125' title='bbox 194 783 272 810; x_wconf 84' lang='lat' dir='ltr'><strong>Vers.</strong></span> <span class='ocrx_word' id='word_1_126' title='bbox 279 782 307 809; x_wconf 83' lang='lat'><strong>6.</strong></span> <span class='ocrx_word' id='word_1_127' title='bbox 317 781 350 808; x_wconf 82' lang='lat' dir='ltr'><strong>Et</strong></span> <span class='ocrx_word' id='word_1_128' title='bbox 360 788 478 815; x_wconf 69' lang='lat' dir='ltr'><strong>egressus</strong></span> <span class='ocrx_word' id='word_1_129' title='bbox 488 783 526 806; x_wconf 70' lang='lat' dir='ltr'><strong>est</strong></span> <span class='ocrx_word' id='word_1_130' title='bbox 534 787 551 805; x_wconf 81' lang='grc' dir='ltr'><strong>α</strong></span> <span class='ocrx_word' id='word_1_131' title='bbox 559 778 616 813; x_wconf 85' lang='lat' dir='ltr'><strong>ﬁlia</strong></span> <span class='ocrx_word' id='word_1_132' title='bbox 627 777 690 805; x_wconf 81' lang='lat' dir='ltr'><strong>Sion</strong></span> <span class='ocrx_word' id='word_1_133' title='bbox 699 784 782 804; x_wconf 72' lang='lat' dir='ltr'><strong>omnis</strong></span> <span class='ocrx_word' id='word_1_134' title='bbox 791 776 869 802; x_wconf 82' lang='lat' dir='ltr'><strong>decor</strong></span> <span class='ocrx_word' id='word_1_135' title='bbox 878 775 946 810; x_wconf 72' lang='lat' dir='ltr'><strong>ejus.</strong></span> 
     </span>
    </p>
   </div>
   <div class='ocr_carea' id='block_1_19' title="bbox 161 821 948 862">
    <p class='ocr_par' dir='ltr' id='par_1_19' title="bbox 161 821 948 862">
     <span class='ocr_line' id='line_1_20' title="bbox 161 821 948 862; baseline -0.013 -5"><span class='ocrx_word' id='word_1_136' title='bbox 161 829 262 857; x_wconf 86' lang='lat' dir='ltr'><strong>Littera</strong></span> <span class='ocrx_word' id='word_1_137' title='bbox 288 835 338 862; x_wconf 91' lang='lat' dir='ltr'><strong>pro</strong></span> <span class='ocrx_word' id='word_1_138' title='bbox 356 827 462 854; x_wconf 86' lang='lat' dir='ltr'><strong>viribus</strong></span> <span class='ocrx_word' id='word_1_139' title='bbox 487 823 646 859; x_wconf 78' lang='lat' dir='ltr'><strong>exponenda</strong></span> <span class='ocrx_word' id='word_1_140' title='bbox 676 827 718 850; x_wconf 86' lang='lat' dir='ltr'><strong>est</strong></span> <span class='ocrx_word' id='word_1_141' title='bbox 750 821 948 856; x_wconf 84' lang='lat' dir='ltr'><strong>inquirentibus</strong></span> 
     </span>
    </p>
   </div>
   <div class='ocr_carea' id='block_1_20' title="bbox 162 866 950 910">
    <p class='ocr_par' dir='ltr' id='par_1_20' title="bbox 162 866 950 910">
     <span class='ocr_line' id='line_1_21' title="bbox 162 866 950 910; baseline -0.013 -8"><span class='ocrx_word' id='word_1_142' title='bbox 162 882 223 910; x_wconf 63' lang='lat' dir='ltr'><strong>quae</strong></span> <span class='ocrx_word' id='word_1_143' title='bbox 239 874 275 900; x_wconf 86' lang='lat' dir='ltr'><strong>sit</strong></span> <span class='ocrx_word' id='word_1_144' title='bbox 287 873 340 899; x_wconf 87' lang='lat' dir='ltr'><strong>lilia</strong></span> <span class='ocrx_word' id='word_1_145' title='bbox 354 872 431 904; x_wconf 84' lang='lat' dir='ltr'><strong>Sion,</strong></span> <span class='ocrx_word' id='word_1_146' title='bbox 447 875 473 898; x_wconf 90' lang='lat' dir='ltr'><strong>et</strong></span> <span class='ocrx_word' id='word_1_147' title='bbox 487 870 514 897; x_wconf 96' lang='lat' dir='ltr'><strong>in</strong></span> <span class='ocrx_word' id='word_1_148' title='bbox 530 876 586 904; x_wconf 90' lang='lat' dir='ltr'><strong>quo</strong></span> <span class='ocrx_word' id='word_1_149' title='bbox 599 869 680 896; x_wconf 84' lang='lat' dir='ltr'><strong>decor</strong></span> <span class='ocrx_word' id='word_1_150' title='bbox 693 867 753 902; x_wconf 84' lang='lat' dir='ltr'><strong>ejus</strong></span> <span class='ocrx_word' id='word_1_151' title='bbox 767 866 908 898; x_wconf 86' lang='lat' dir='ltr'><strong>consistat,</strong></span> <span class='ocrx_word' id='word_1_152' title='bbox 922 871 950 894; x_wconf 85' lang='lat' dir='ltr'><strong>et</strong></span> 
     </span>
    </p>
   </div>
   <div class='ocr_carea' id='block_1_21' title="bbox 163 911 948 955">
    <p class='ocr_par' dir='ltr' id='par_1_21' title="bbox 163 911 948 955">
     <span class='ocr_line' id='line_1_22' title="bbox 163 911 948 955; baseline -0.011 -8"><span class='ocrx_word' id='word_1_153' title='bbox 163 927 224 955; x_wconf 63' lang='lat' dir='ltr'><strong>qua:</strong></span> <span class='ocrx_word' id='word_1_154' title='bbox 245 926 347 954; x_wconf 88' lang='lat' dir='ltr'><strong>pascua</strong></span> <span class='ocrx_word' id='word_1_155' title='bbox 361 925 422 952; x_wconf 68' lang='lat' dir='ltr'><strong>quas</strong></span> <span class='ocrx_word' id='word_1_156' title='bbox 439 923 494 943; x_wconf 93' lang='lat' dir='ltr'><strong>non</strong></span> <span class='ocrx_word' id='word_1_157' title='bbox 517 915 618 942; x_wconf 84' lang='lat' dir='ltr'><strong>habent</strong></span> <span class='ocrx_word' id='word_1_158' title='bbox 638 913 776 949; x_wconf 82' lang='lat' dir='ltr'><strong>principes</strong></span> <span class='ocrx_word' id='word_1_159' title='bbox 793 912 854 940; x_wconf 62' lang='lat' dir='ltr'><strong>lilia</strong></span> <span class='ocrx_word' id='word_1_160' title='bbox 872 911 948 945; x_wconf 83' lang='lat' dir='ltr'><strong>Sion,</strong></span> 
     </span>
    </p>
   </div>
   <div class='ocr_carea' id='block_1_22' title="bbox 163 959 949 1000">
    <p class='ocr_par' dir='ltr' id='par_1_22' title="bbox 163 959 949 1000">
     <span class='ocr_line' id='line_1_23' title="bbox 163 959 949 1000; baseline -0.011 -5"><span class='ocrx_word' id='word_1_161' title='bbox 163 969 251 995; x_wconf 87' lang='lat' dir='ltr'><strong>instar</strong></span> <span class='ocrx_word' id='word_1_162' title='bbox 268 966 384 994; x_wconf 87' lang='lat' dir='ltr'><strong>arietum</strong></span> <span class='ocrx_word' id='word_1_163' title='bbox 399 970 476 1000; x_wconf 88' lang='lat' dir='ltr'><strong>pastu</strong></span> <span class='ocrx_word' id='word_1_164' title='bbox 489 963 665 998; x_wconf 76' lang='lat' dir='ltr'><strong>indigentium</strong></span> <span class='ocrx_word' id='word_1_165' title='bbox 682 971 689 989; x_wconf 85' lang='lat'><strong>:</strong></span> <span class='ocrx_word' id='word_1_166' title='bbox 704 965 731 988; x_wconf 91' lang='lat' dir='ltr'><strong>et</strong></span> <span class='ocrx_word' id='word_1_167' title='bbox 745 960 882 996; x_wconf 91' lang='lat' dir='ltr'><strong>quomodo</strong></span> <span class='ocrx_word' id='word_1_168' title='bbox 905 959 949 987; x_wconf 83' lang='lat' dir='ltr'><strong>isti</strong></span> 
     </span>
    </p>
   </div>
   <div class='ocr_carea' id='block_1_23' title="bbox 164 1007 951 1047">
    <p class='ocr_par' dir='ltr' id='par_1_23' title="bbox 164 1007 951 1047">
     <span class='ocr_line' id='line_1_24' title="bbox 164 1007 951 1047; baseline -0.011 -6"><span class='ocrx_word' id='word_1_169' title='bbox 164 1013 322 1042; x_wconf 82' lang='lat' dir='ltr'><strong>fortitudine</strong></span> <span class='ocrx_word' id='word_1_170' title='bbox 334 1011 430 1047; x_wconf 83' lang='lat' dir='ltr'><strong>privati</strong></span> <span class='ocrx_word' id='word_1_171' title='bbox 445 1010 583 1038; x_wconf 85' lang='lat' dir='ltr'><strong>ambulent</strong></span> <span class='ocrx_word' id='word_1_172' title='bbox 596 1015 659 1036; x_wconf 84' lang='lat' dir='ltr'><strong>ante</strong></span> <span class='ocrx_word' id='word_1_173' title='bbox 675 1007 770 1035; x_wconf 83' lang='lat' dir='ltr'><strong>faciem</strong></span> <span class='ocrx_word' id='word_1_174' title='bbox 787 1013 951 1041; x_wconf 86' lang='lat' dir='ltr'><strong>persequen-</strong></span> 
     </span>
    </p>
   </div>
   <div class='ocr_carea' id='block_1_24' title="bbox 164 1051 950 1089">
    <p class='ocr_par' dir='ltr' id='par_1_24' title="bbox 164 1051 950 1089">
     <span class='ocr_line' id='line_1_25' title="bbox 164 1051 950 1089; baseline -0.011 -4"><span class='ocrx_word' id='word_1_175' title='bbox 164 1059 209 1085; x_wconf 84' lang='lat' dir='ltr'><strong>tis.</strong></span> <span class='ocrx_word' id='word_1_176' title='bbox 227 1057 400 1084; x_wconf 79' lang='lat' dir='ltr'><strong>Arbitrantur</strong></span> <span class='ocrx_word' id='word_1_177' title='bbox 421 1055 513 1089; x_wconf 88' lang='lat' dir='ltr'><strong>itaque</strong></span> <span class='ocrx_word' id='word_1_178' title='bbox 532 1057 650 1080; x_wconf 88' lang='lat' dir='ltr'><strong>montem</strong></span> <span class='ocrx_word' id='word_1_179' title='bbox 670 1051 735 1080; x_wconf 87' lang='lat' dir='ltr'><strong>Sion</strong></span> <span class='ocrx_word' id='word_1_180' title='bbox 755 1058 816 1082; x_wconf 81' lang='lat' dir='ltr'><strong>esse</strong></span> <span class='ocrx_word' id='word_1_181' title='bbox 835 1054 950 1076; x_wconf 87' lang='lat' dir='ltr'><strong>matrem</strong></span> 
     </span>
    </p>
   </div>
   <div class='ocr_carea' id='block_1_25' title="bbox 165 1095 951 1138">
    <p class='ocr_par' dir='ltr' id='par_1_25' title="bbox 165 1095 951 1138">
     <span class='ocr_line' id='line_1_26' title="bbox 165 1095 951 1138; baseline -0.01 -9"><span class='ocrx_word' id='word_1_182' title='bbox 165 1102 314 1138; x_wconf 72' lang='lat' dir='ltr'><strong>Synagoga:</strong></span> <span class='ocrx_word' id='word_1_183' title='bbox 329 1107 389 1135; x_wconf 62' lang='lat' dir='ltr'><strong>quae</strong></span> <span class='ocrx_word' id='word_1_184' title='bbox 410 1100 436 1127; x_wconf 94' lang='lat' dir='ltr'><strong>in</strong></span> <span class='ocrx_word' id='word_1_185' title='bbox 460 1099 516 1134; x_wconf 88' lang='lat' dir='ltr'><strong>ipsa</strong></span> <span class='ocrx_word' id='word_1_186' title='bbox 539 1103 590 1131; x_wconf 87' lang='lat' dir='ltr'><strong>est,</strong></span> <span class='ocrx_word' id='word_1_187' title='bbox 613 1104 727 1132; x_wconf 64' lang='lat' dir='ltr'><strong>quasque</strong></span> <span class='ocrx_word' id='word_1_188' title='bbox 741 1097 854 1131; x_wconf 74' lang='lat' dir='ltr'><strong>figuram</strong></span> <span class='ocrx_word' id='word_1_189' title='bbox 870 1095 951 1122; x_wconf 84' lang='lat' dir='ltr'><strong>habet</strong></span> 
     </span>
    </p>
   </div>
   <div class='ocr_carea' id='block_1_26' title="bbox 164 1141 951 1179">
    <p class='ocr_par' dir='ltr' id='par_1_26' title="bbox 164 1141 951 1179">
     <span class='ocr_line' id='line_1_27' title="bbox 164 1141 951 1179; baseline -0.009 -5"><span class='ocrx_word' id='word_1_190' title='bbox 164 1148 225 1174; x_wconf 71' lang='lat' dir='ltr'><strong>lilite</strong></span> <span class='ocrx_word' id='word_1_191' title='bbox 236 1146 318 1179; x_wconf 88' lang='lat' dir='ltr'><strong>Sion;</strong></span> <span class='ocrx_word' id='word_1_192' title='bbox 338 1146 463 1172; x_wconf 86' lang='lat' dir='ltr'><strong>decorem</strong></span> <span class='ocrx_word' id='word_1_193' title='bbox 476 1151 540 1170; x_wconf 84' lang='lat' dir='ltr'><strong>vero</strong></span> <span class='ocrx_word' id='word_1_194' title='bbox 553 1143 614 1170; x_wconf 72' lang='lat' dir='ltr'><strong>tilia:</strong></span> <span class='ocrx_word' id='word_1_195' title='bbox 637 1142 701 1170; x_wconf 90' lang='lat' dir='ltr'><strong>Sion</strong></span> <span class='ocrx_word' id='word_1_196' title='bbox 716 1141 873 1168; x_wconf 88' lang='lat' dir='ltr'><strong>indumenta</strong></span> <span class='ocrx_word' id='word_1_197' title='bbox 890 1147 951 1168; x_wconf 85' lang='lat' dir='ltr'><strong>esse</strong></span> 
     </span>
    </p>
   </div>
   <div class='ocr_carea' id='block_1_27' title="bbox 163 1187 951 1228">
    <p class='ocr_par' dir='ltr' id='par_1_27' title="bbox 163 1187 951 1228">
     <span class='ocr_line' id='line_1_28' title="bbox 163 1187 951 1228; baseline -0.008 -9"><span class='ocrx_word' id='word_1_198' title='bbox 163 1200 224 1228; x_wconf 61' lang='lat' dir='ltr'><strong>quae</strong></span> <span class='ocrx_word' id='word_1_199' title='bbox 249 1192 293 1219; x_wconf 88' lang='lat' dir='ltr'><strong>illa</strong></span> <span class='ocrx_word' id='word_1_200' title='bbox 319 1191 484 1227; x_wconf 81' lang='lat' dir='ltr'><strong>possidebat,</strong></span> <span class='ocrx_word' id='word_1_201' title='bbox 508 1198 568 1225; x_wconf 80' lang='lat' dir='ltr'><strong>quze</strong></span> <span class='ocrx_word' id='word_1_202' title='bbox 584 1190 685 1224; x_wconf 80' lang='lat' dir='ltr'><strong>rapina:</strong></span> <span class='ocrx_word' id='word_1_203' title='bbox 702 1193 822 1222; x_wconf 89' lang='lat' dir='ltr'><strong>tempore</strong></span> <span class='ocrx_word' id='word_1_204' title='bbox 846 1187 951 1221; x_wconf 86' lang='lat' dir='ltr'><strong>direpta</strong></span> 
     </span>
    </p>
   </div>
   <div class='ocr_carea' id='block_1_28' title="bbox 164 1231 950 1269">
    <p class='ocr_par' dir='ltr' id='par_1_28' title="bbox 164 1231 950 1269">
     <span class='ocr_line' id='line_1_29' title="bbox 164 1231 950 1269; baseline -0.011 -4"><span class='ocrx_word' id='word_1_205' title='bbox 164 1237 199 1265; x_wconf 85' lang='lat' dir='ltr'><strong>ab</strong></span> <span class='ocrx_word' id='word_1_206' title='bbox 214 1237 338 1264; x_wconf 90' lang='lat' dir='ltr'><strong>hostibus</strong></span> <span class='ocrx_word' id='word_1_207' title='bbox 351 1257 359 1269; x_wconf 82' lang='lat'><strong>,</strong></span> <span class='ocrx_word' id='word_1_208' title='bbox 385 1235 510 1262; x_wconf 84' lang='lat' dir='ltr'><strong>abierunt</strong></span> <span class='ocrx_word' id='word_1_209' title='bbox 530 1234 564 1260; x_wconf 90' lang='lat' dir='ltr'><strong>ab</strong></span> <span class='ocrx_word' id='word_1_210' title='bbox 580 1233 623 1260; x_wconf 89' lang='lat' dir='ltr'><strong>bis</strong></span> <span class='ocrx_word' id='word_1_211' title='bbox 638 1239 753 1267; x_wconf 84' lang='lat' dir='ltr'><strong>quorum</strong></span> <span class='ocrx_word' id='word_1_212' title='bbox 768 1231 849 1258; x_wconf 83' lang='lat' dir='ltr'><strong>decor</strong></span> <span class='ocrx_word' id='word_1_213' title='bbox 863 1233 950 1262; x_wconf 80' lang='lat' dir='ltr'><strong>erant,</strong></span> 
     </span>
    </p>
   </div>
   <div class='ocr_carea' id='block_1_29' title="bbox 165 1275 952 1317">
    <p class='ocr_par' dir='ltr' id='par_1_29' title="bbox 165 1275 952 1317">
     <span class='ocr_line' id='line_1_30' title="bbox 165 1275 952 1317; baseline -0.013 -6"><span class='ocrx_word' id='word_1_214' title='bbox 165 1283 218 1310; x_wconf 90' lang='lat' dir='ltr'><strong>hoc</strong></span> <span class='ocrx_word' id='word_1_215' title='bbox 233 1287 274 1310; x_wconf 86' lang='lat' dir='ltr'><strong>est</strong></span> <span class='ocrx_word' id='word_1_216' title='bbox 291 1285 429 1317; x_wconf 82' lang='lat' dir='ltr'><strong>asportata</strong></span> <span class='ocrx_word' id='word_1_217' title='bbox 451 1285 530 1313; x_wconf 85' lang='lat' dir='ltr'><strong>sunt;</strong></span> <span class='ocrx_word' id='word_1_218' title='bbox 555 1279 607 1306; x_wconf 89' lang='lat' dir='ltr'><strong>hoc</strong></span> <span class='ocrx_word' id='word_1_219' title='bbox 625 1277 724 1312; x_wconf 84' lang='lat' dir='ltr'><strong>quippe</strong></span> <span class='ocrx_word' id='word_1_220' title='bbox 745 1275 882 1303; x_wconf 82' lang='lat' dir='ltr'><strong>cﬂicacius</strong></span> <span class='ocrx_word' id='word_1_221' title='bbox 905 1282 952 1302; x_wconf 83' lang='lat' dir='ltr'><strong>ex-</strong></span> 
     </span>
    </p>
   </div>
   <div class='ocr_carea' id='block_1_30' title="bbox 165 1320 951 1364">
    <p class='ocr_par' dir='ltr' id='par_1_30' title="bbox 165 1320 951 1364">
     <span class='ocr_line' id='line_1_31' title="bbox 165 1320 951 1364; baseline -0.013 -8"><span class='ocrx_word' id='word_1_222' title='bbox 165 1328 264 1364; x_wconf 83' lang='lat' dir='ltr'><strong>pressit</strong></span> <span class='ocrx_word' id='word_1_223' title='bbox 281 1335 328 1362; x_wconf 91' lang='lat' dir='ltr'><strong>per</strong></span> <span class='ocrx_word' id='word_1_224' title='bbox 345 1327 409 1353; x_wconf 93' lang='lat' dir='ltr'><strong>illud</strong></span> <span class='ocrx_word' id='word_1_225' title='bbox 431 1335 437 1352; x_wconf 90' lang='lat'>:</span> <span class='ocrx_word' id='word_1_226' title='bbox 455 1325 582 1360; x_wconf 78' lang='lat' dir='ltr'><strong>Egressus</strong></span> <span class='ocrx_word' id='word_1_227' title='bbox 598 1327 654 1354; x_wconf 72' lang='lat' dir='ltr'><strong>est;</strong></span> <span class='ocrx_word' id='word_1_228' title='bbox 670 1322 806 1356; x_wconf 83' lang='lat' dir='ltr'><strong>principes</strong></span> <span class='ocrx_word' id='word_1_229' title='bbox 819 1328 884 1348; x_wconf 88' lang='lat' dir='ltr'><strong>vero</strong></span> <span class='ocrx_word' id='word_1_230' title='bbox 902 1320 951 1355; x_wconf 88' lang='lat' dir='ltr'><strong>Sy-</strong></span> 
     </span>
    </p>
   </div>
   <div class='ocr_carea' id='block_1_31' title="bbox 165 1366 953 1409">
    <p class='ocr_par' dir='ltr' id='par_1_31' title="bbox 165 1366 953 1409">
     <span class='ocr_line' id='line_1_32' title="bbox 165 1366 953 1409; baseline -0.013 -7"><span class='ocrx_word' id='word_1_231' title='bbox 165 1381 287 1409; x_wconf 69' lang='lat' dir='ltr'><strong>nagogaa,</strong></span> <span class='ocrx_word' id='word_1_232' title='bbox 303 1373 427 1400; x_wconf 87' lang='lat' dir='ltr'><strong>hostibus</strong></span> <span class='ocrx_word' id='word_1_233' title='bbox 441 1369 640 1406; x_wconf 81' lang='lat' dir='ltr'><strong>ingruentibus,</strong></span> <span class='ocrx_word' id='word_1_234' title='bbox 656 1368 832 1402; x_wconf 86' lang='lat' dir='ltr'><strong>captivosque</strong></span> <span class='ocrx_word' id='word_1_235' title='bbox 851 1366 953 1393; x_wconf 82' lang='lat' dir='ltr'><strong>ducen—</strong></span> 
     </span>
    </p>
   </div>
   <div class='ocr_carea' id='block_1_32' title="bbox 165 1411 953 1451">
    <p class='ocr_par' dir='ltr' id='par_1_32' title="bbox 165 1411 953 1451">
     <span class='ocr_line' id='line_1_33' title="bbox 165 1411 953 1451; baseline -0.013 -3"><span class='ocrx_word' id='word_1_236' title='bbox 165 1420 255 1451; x_wconf 83' lang='lat' dir='ltr'><strong>tibus.</strong></span> <span class='ocrx_word' id='word_1_237' title='bbox 271 1422 403 1446; x_wconf 89' lang='lat' dir='ltr'><strong>consueto</strong></span> <span class='ocrx_word' id='word_1_238' title='bbox 417 1417 488 1444; x_wconf 91' lang='lat' dir='ltr'><strong>victu</strong></span> <span class='ocrx_word' id='word_1_239' title='bbox 506 1415 662 1446; x_wconf 88' lang='lat' dir='ltr'><strong>deiiciente,</strong></span> <span class='ocrx_word' id='word_1_240' title='bbox 683 1417 854 1448; x_wconf 83' lang='lat' dir='ltr'><strong>comparatos</strong></span> <span class='ocrx_word' id='word_1_241' title='bbox 869 1411 953 1439; x_wconf 86' lang='lat' dir='ltr'><strong>fuisse</strong></span> 
     </span>
    </p>
   </div>
   <div class='ocr_carea' id='block_1_33' title="bbox 166 1458 952 1492">
    <p class='ocr_par' dir='ltr' id='par_1_33' title="bbox 166 1458 952 1492">
     <span class='ocr_line' id='line_1_34' title="bbox 166 1458 952 1492; baseline -0.01 0"><span class='ocrx_word' id='word_1_242' title='bbox 166 1464 298 1492; x_wconf 89' lang='lat' dir='ltr'><strong>arietibus</strong></span> <span class='ocrx_word' id='word_1_243' title='bbox 317 1471 371 1491; x_wconf 93' lang='lat' dir='ltr'><strong>non</strong></span> <span class='ocrx_word' id='word_1_244' title='bbox 396 1461 596 1490; x_wconf 86' lang='lat' dir='ltr'><strong>invenientibus</strong></span> <span class='ocrx_word' id='word_1_245' title='bbox 611 1459 720 1491; x_wconf 89' lang='lat' dir='ltr'><strong>cibum;</strong></span> <span class='ocrx_word' id='word_1_246' title='bbox 736 1463 763 1486; x_wconf 87' lang='lat' dir='ltr'><strong>et</strong></span> <span class='ocrx_word' id='word_1_247' title='bbox 786 1458 866 1491; x_wconf 81' lang='lat' dir='ltr'><strong>sicut,</strong></span> <span class='ocrx_word' id='word_1_248' title='bbox 887 1458 952 1485; x_wconf 92' lang='lat' dir='ltr'><strong>dum</strong></span> 
     </span>
    </p>
   </div>
   <div class='ocr_carea' id='block_1_34' title="bbox 166 1504 954 1543">
    <p class='ocr_par' dir='ltr' id='par_1_34' title="bbox 166 1504 954 1543">
     <span class='ocr_line' id='line_1_35' title="bbox 166 1504 954 1543; baseline -0.011 -4"><span class='ocrx_word' id='word_1_249' title='bbox 166 1511 265 1538; x_wconf 85' lang='lat' dir='ltr'><strong>arietes</strong></span> <span class='ocrx_word' id='word_1_250' title='bbox 278 1510 415 1538; x_wconf 86' lang='lat' dir='ltr'><strong>ducuntur</strong></span> <span class='ocrx_word' id='word_1_251' title='bbox 438 1508 484 1543; x_wconf 89' lang='lat' dir='ltr'><strong>qui</strong></span> <span class='ocrx_word' id='word_1_252' title='bbox 506 1507 574 1542; x_wconf 88' lang='lat' dir='ltr'><strong>pasti</strong></span> <span class='ocrx_word' id='word_1_253' title='bbox 598 1513 651 1533; x_wconf 92' lang='lat' dir='ltr'><strong>non</strong></span> <span class='ocrx_word' id='word_1_254' title='bbox 673 1505 737 1536; x_wconf 87' lang='lat' dir='ltr'><strong>sint,</strong></span> <span class='ocrx_word' id='word_1_255' title='bbox 764 1504 829 1531; x_wconf 90' lang='lat' dir='ltr'><strong>lenti</strong></span> <span class='ocrx_word' id='word_1_256' title='bbox 853 1504 954 1531; x_wconf 83' lang='lat' dir='ltr'><strong>abeunt</strong></span> 
     </span>
    </p>
   </div>
   <div class='ocr_carea' id='block_1_35' title="bbox 165 1551 955 1591">
    <p class='ocr_par' dir='ltr' id='par_1_35' title="bbox 165 1551 955 1591">
     <span class='ocr_line' id='line_1_36' title="bbox 165 1551 955 1591; baseline -0.01 -6"><span class='ocrx_word' id='word_1_257' title='bbox 165 1557 300 1585; x_wconf 68' lang='lat' dir='ltr'><strong>violentiae</strong></span> <span class='ocrx_word' id='word_1_258' title='bbox 316 1555 538 1591; x_wconf 76' lang='lat' dir='ltr'><strong>prosequentium</strong></span> <span class='ocrx_word' id='word_1_259' title='bbox 556 1553 698 1585; x_wconf 81' lang='lat' dir='ltr'><strong>cedentes;</strong></span> <span class='ocrx_word' id='word_1_260' title='bbox 717 1551 752 1578; x_wconf 92' lang='lat' dir='ltr'><strong>ita</strong></span> <span class='ocrx_word' id='word_1_261' title='bbox 775 1554 802 1578; x_wconf 90' lang='lat' dir='ltr'><strong>et</strong></span> <span class='ocrx_word' id='word_1_262' title='bbox 818 1551 955 1585; x_wconf 82' lang='lat' dir='ltr'><strong>principes</strong></span> 
     </span>
    </p>
   </div>
   <div class='ocr_carea' id='block_1_36' title="bbox 165 1597 955 1638">
    <p class='ocr_par' dir='ltr' id='par_1_36' title="bbox 165 1597 955 1638">
     <span class='ocr_line' id='line_1_37' title="bbox 165 1597 955 1638; baseline -0.009 -8"><span class='ocrx_word' id='word_1_263' title='bbox 165 1603 265 1638; x_wconf 84' lang='lat' dir='ltr'><strong>captivi</strong></span> <span class='ocrx_word' id='word_1_264' title='bbox 288 1602 369 1634; x_wconf 86' lang='lat' dir='ltr'><strong>facti,</strong></span> <span class='ocrx_word' id='word_1_265' title='bbox 390 1601 455 1628; x_wconf 91' lang='lat' dir='ltr'><strong>dum</strong></span> <span class='ocrx_word' id='word_1_266' title='bbox 475 1600 503 1627; x_wconf 92' lang='lat' dir='ltr'><strong>in</strong></span> <span class='ocrx_word' id='word_1_267' title='bbox 526 1599 661 1626; x_wconf 88' lang='lat' dir='ltr'><strong>victorum</strong></span> <span class='ocrx_word' id='word_1_268' title='bbox 689 1598 748 1624; x_wconf 83' lang='lat' dir='ltr'><strong>loca</strong></span> <span class='ocrx_word' id='word_1_269' title='bbox 774 1597 955 1630; x_wconf 82' lang='lat' dir='ltr'><strong>ducerentur,</strong></span> 
     </span>
    </p>
   </div>
   <div class='ocr_carea' id='block_1_37' title="bbox 166 1641 949 1679">
    <p class='ocr_par' dir='ltr' id='par_1_37' title="bbox 166 1641 949 1679">
     <span class='ocr_line' id='line_1_38' title="bbox 166 1641 949 1679; baseline -0.009 -4"><span class='ocrx_word' id='word_1_270' title='bbox 166 1648 299 1679; x_wconf 77' lang='lat' dir='ltr'><strong>abibant,</strong></span> <span class='ocrx_word' id='word_1_271' title='bbox 334 1653 388 1673; x_wconf 89' lang='lat' dir='ltr'><strong>non</strong></span> <span class='ocrx_word' id='word_1_272' title='bbox 411 1645 439 1672; x_wconf 91' lang='lat' dir='ltr'><strong>in</strong></span> <span class='ocrx_word' id='word_1_273' title='bbox 466 1643 624 1672; x_wconf 74' lang='lat' dir='ltr'><strong>fortitudine</strong></span> <span class='ocrx_word' id='word_1_274' title='bbox 652 1646 715 1670; x_wconf 80' lang='lat' dir='ltr'><strong>ante</strong></span> <span class='ocrx_word' id='word_1_275' title='bbox 741 1641 838 1669; x_wconf 87' lang='lat' dir='ltr'><strong>faciem</strong></span> <span class='ocrx_word' id='word_1_276' title='bbox 861 1649 949 1677; x_wconf 83' lang='lat' dir='ltr'><strong>perse-</strong></span> 
     </span>
    </p>
   </div>
   <div class='ocr_carea' id='block_1_38' title="bbox 165 1692 286 1729">
    <p class='ocr_par' dir='ltr' id='par_1_38' title="bbox 165 1692 286 1729">
     <span class='ocr_line' id='line_1_39' title="bbox 165 1692 286 1729; baseline 0 -10"><span class='ocrx_word' id='word_1_277' title='bbox 165 1692 286 1729; x_wconf 81' lang='lat' dir='ltr'><strong>quentis.</strong></span> 
     </span>
    </p>
   </div>
   <div class='ocr_carea' id='block_1_39' title="bbox 204 1776 954 1815">
    <p class='ocr_par' dir='ltr' id='par_1_39' title="bbox 204 1776 954 1815">
     <span class='ocr_line' id='line_1_40' title="bbox 204 1776 954 1815; baseline -0.007 -7"><span class='ocrx_word' id='word_1_278' title='bbox 204 1780 332 1815; x_wconf 70' lang='lat' dir='ltr'><strong>Ejusdem</strong></span> <span class='ocrx_word' id='word_1_279' title='bbox 361 1787 407 1814; x_wconf 85' lang='lat' dir='ltr'><strong>per</strong></span> <span class='ocrx_word' id='word_1_280' title='bbox 431 1786 575 1814; x_wconf 81' lang='lat' dir='ltr'><strong>anagogen.</strong></span> <span class='ocrx_word' id='word_1_281' title='bbox 595 1777 706 1814; x_wconf 84' lang='lat' dir='ltr'><strong>Mystice</strong></span> <span class='ocrx_word' id='word_1_282' title='bbox 730 1783 796 1804; x_wconf 84' lang='lat' dir='ltr'><strong>vero</strong></span> <span class='ocrx_word' id='word_1_283' title='bbox 819 1776 954 1811; x_wconf 85' lang='lat' dir='ltr'><strong>ejusmodi</strong></span> 
     </span>
    </p>
   </div>
   <div class='ocr_carea' id='block_1_40' title="bbox 168 1821 957 1858">
    <p class='ocr_par' dir='ltr' id='par_1_40' title="bbox 168 1821 957 1858">
     <span class='ocr_line' id='line_1_41' title="bbox 168 1821 957 1858; baseline -0.006 -5"><span class='ocrx_word' id='word_1_284' title='bbox 168 1825 259 1854; x_wconf 82' lang='lat' dir='ltr'><strong>anima</strong></span> <span class='ocrx_word' id='word_1_285' title='bbox 277 1825 331 1852; x_wconf 82' lang='lat' dir='ltr'><strong>lilia</strong></span> <span class='ocrx_word' id='word_1_286' title='bbox 345 1829 388 1852; x_wconf 85' lang='lat' dir='ltr'><strong>est</strong></span> <span class='ocrx_word' id='word_1_287' title='bbox 404 1824 486 1857; x_wconf 83' lang='lat' dir='ltr'><strong>Sion;</strong></span> <span class='ocrx_word' id='word_1_288' title='bbox 506 1823 622 1858; x_wconf 77' lang='lat' dir='ltr'><strong>exempli</strong></span> <span class='ocrx_word' id='word_1_289' title='bbox 641 1823 739 1858; x_wconf 74' lang='lat' dir='ltr'><strong>gratia,</strong></span> <span class='ocrx_word' id='word_1_290' title='bbox 755 1826 798 1850; x_wconf 89' lang='lat' dir='ltr'><strong>est</strong></span> <span class='ocrx_word' id='word_1_291' title='bbox 813 1822 865 1849; x_wconf 82' lang='lat' dir='ltr'><strong>lilia</strong></span> <span class='ocrx_word' id='word_1_292' title='bbox 879 1821 957 1857; x_wconf 87' lang='lat' dir='ltr'><strong>justi-</strong></span> 
     </span>
    </p>
   </div>
   <div class='ocr_carea' id='block_1_41' title="bbox 166 1867 954 1906">
    <p class='ocr_par' dir='ltr' id='par_1_41' title="bbox 166 1867 954 1906">
     <span class='ocr_line' id='line_1_42' title="bbox 166 1867 954 1906; baseline -0.005 -8"><span class='ocrx_word' id='word_1_293' title='bbox 166 1872 211 1899; x_wconf 74' lang='lat' dir='ltr'><strong>tite</strong></span> <span class='ocrx_word' id='word_1_294' title='bbox 231 1871 325 1906; x_wconf 81' lang='lat' dir='ltr'><strong>justa,</strong></span> <span class='ocrx_word' id='word_1_295' title='bbox 346 1870 400 1897; x_wconf 81' lang='lat' dir='ltr'><strong>filia</strong></span> <span class='ocrx_word' id='word_1_296' title='bbox 416 1869 557 1904; x_wconf 67' lang='lat' dir='ltr'><strong>sapientiae</strong></span> <span class='ocrx_word' id='word_1_297' title='bbox 572 1869 692 1903; x_wconf 81' lang='lat' dir='ltr'><strong>sapiens.</strong></span> <span class='ocrx_word' id='word_1_298' title='bbox 717 1867 763 1895; x_wconf 87' lang='lat' dir='ltr'><strong>Sic</strong></span> <span class='ocrx_word' id='word_1_299' title='bbox 784 1867 867 1894; x_wconf 90' lang='lat' dir='ltr'><strong>etiam</strong></span> <span class='ocrx_word' id='word_1_300' title='bbox 893 1874 954 1894; x_wconf 90' lang='lat' dir='ltr'><strong>cum</strong></span> 
     </span>
    </p>
   </div>
   <div class='ocr_carea' id='block_1_42' title="bbox 167 1913 956 1951">
    <p class='ocr_par' dir='ltr' id='par_1_42' title="bbox 167 1913 956 1951">
     <span class='ocr_line' id='line_1_43' title="bbox 167 1913 956 1951; baseline -0.006 -7"><span class='ocrx_word' id='word_1_301' title='bbox 167 1917 233 1944; x_wconf 87' lang='lat' dir='ltr'><strong>Sion</strong></span> <span class='ocrx_word' id='word_1_302' title='bbox 257 1916 366 1951; x_wconf 85' lang='lat' dir='ltr'><strong>specula</strong></span> <span class='ocrx_word' id='word_1_303' title='bbox 389 1916 444 1948; x_wconf 88' lang='lat' dir='ltr'><strong>sit,</strong></span> <span class='ocrx_word' id='word_1_304' title='bbox 477 1914 641 1949; x_wconf 86' lang='lat' dir='ltr'><strong>speculatrix</strong></span> <span class='ocrx_word' id='word_1_305' title='bbox 668 1919 695 1942; x_wconf 84' lang='lat' dir='ltr'><strong>et</strong></span> <span class='ocrx_word' id='word_1_306' title='bbox 724 1913 956 1948; x_wconf 83' lang='lat' dir='ltr'><strong>contemplatione</strong></span> 
     </span>
    </p>
   </div>
   <div class='ocr_carea' id='block_1_43' title="bbox 167 1960 956 1998">
    <p class='ocr_par' dir='ltr' id='par_1_43' title="bbox 167 1960 956 1998">
     <span class='ocr_line' id='line_1_44' title="bbox 167 1960 956 1998; baseline -0.006 -6"><span class='ocrx_word' id='word_1_307' title='bbox 167 1969 246 1992; x_wconf 87' lang='lat' dir='ltr'><strong>utens</strong></span> <span class='ocrx_word' id='word_1_308' title='bbox 266 1971 356 1991; x_wconf 78' lang='lat' dir='ltr'><strong>rerum</strong></span> <span class='ocrx_word' id='word_1_309' title='bbox 374 1963 592 1998; x_wconf 72' lang='lat' dir='ltr'><strong>investigatrice,</strong></span> <span class='ocrx_word' id='word_1_310' title='bbox 618 1961 673 1989; x_wconf 86' lang='lat' dir='ltr'><strong>tilia</strong></span> <span class='ocrx_word' id='word_1_311' title='bbox 696 1960 762 1988; x_wconf 91' lang='lat' dir='ltr'><strong>Sion</strong></span> <span class='ocrx_word' id='word_1_312' title='bbox 785 1968 839 1988; x_wconf 91' lang='lat' dir='ltr'><strong>non</strong></span> <span class='ocrx_word' id='word_1_313' title='bbox 858 1960 956 1988; x_wconf 87' lang='lat' dir='ltr'><strong>incon-</strong></span> 
     </span>
    </p>
   </div>
   <div class='ocr_carea' id='block_1_44' title="bbox 167 2005 954 2044">
    <p class='ocr_par' dir='ltr' id='par_1_44' title="bbox 167 2005 954 2044">
     <span class='ocr_line' id='line_1_45' title="bbox 167 2005 954 2044; baseline -0.008 -8"><span class='ocrx_word' id='word_1_314' title='bbox 167 2016 235 2044; x_wconf 77' lang='lat' dir='ltr'><strong>grue</strong></span> <span class='ocrx_word' id='word_1_315' title='bbox 248 2009 363 2036; x_wconf 84' lang='lat' dir='ltr'><strong>dicetur.</strong></span> <span class='ocrx_word' id='word_1_316' title='bbox 384 2007 514 2035; x_wconf 80' lang='lat' dir='ltr'><strong>Decorem</strong></span> <span class='ocrx_word' id='word_1_317' title='bbox 539 2013 603 2034; x_wconf 89' lang='lat' dir='ltr'><strong>vero</strong></span> <span class='ocrx_word' id='word_1_318' title='bbox 627 2006 701 2033; x_wconf 89' lang='lat' dir='ltr'><strong>illius</strong></span> <span class='ocrx_word' id='word_1_319' title='bbox 717 2005 935 2040; x_wconf 73' lang='lat' dir='ltr'><strong>dignitatemque</strong></span> <span class='ocrx_word' id='word_1_320' title='bbox 947 2024 954 2036; x_wconf 86' lang='lat'><strong>,</strong></span> 
     </span>
    </p>
   </div>
   <div class='ocr_carea' id='block_1_45' title="bbox 167 2052 956 2089">
    <p class='ocr_par' dir='ltr' id='par_1_45' title="bbox 167 2052 956 2089">
     <span class='ocr_line' id='line_1_46' title="bbox 167 2052 956 2089; baseline -0.006 -8"><span class='ocrx_word' id='word_1_321' title='bbox 167 2054 232 2089; x_wconf 86' lang='lat' dir='ltr'><strong>quid</strong></span> <span class='ocrx_word' id='word_1_322' title='bbox 245 2054 318 2081; x_wconf 87' lang='lat' dir='ltr'><strong>aliud</strong></span> <span class='ocrx_word' id='word_1_323' title='bbox 340 2053 532 2080; x_wconf 84' lang='lat' dir='ltr'><strong>convenienter</strong></span> <span class='ocrx_word' id='word_1_324' title='bbox 548 2052 711 2087; x_wconf 82' lang='lat' dir='ltr'><strong>putaverim,</strong></span> <span class='ocrx_word' id='word_1_325' title='bbox 729 2058 811 2086; x_wconf 87' lang='lat' dir='ltr'><strong>quam</strong></span> <span class='ocrx_word' id='word_1_326' title='bbox 829 2057 895 2085; x_wconf 84' lang='lat' dir='ltr'><strong>opes</strong></span> <span class='ocrx_word' id='word_1_327' title='bbox 911 2057 956 2076; x_wconf 88' lang='lat' dir='ltr'><strong>ve-</strong></span> 
     </span>
    </p>
   </div>
   <div class='ocr_carea' id='block_1_46' title="bbox 168 2095 958 2131">
    <p class='ocr_par' dir='ltr' id='par_1_46' title="bbox 168 2095 958 2131">
     <span class='ocr_line' id='line_1_47' title="bbox 168 2095 958 2131; baseline -0.005 -5"><span class='ocrx_word' id='word_1_328' title='bbox 168 2099 256 2126; x_wconf 83' lang='lat' dir='ltr'><strong>ritatis</strong></span> <span class='ocrx_word' id='word_1_329' title='bbox 281 2102 437 2126; x_wconf 84' lang='lat' dir='ltr'><strong>sanctorum</strong></span> <span class='ocrx_word' id='word_1_330' title='bbox 453 2097 611 2131; x_wconf 74' lang='lat' dir='ltr'><strong>dogmatum</strong></span> <span class='ocrx_word' id='word_1_331' title='bbox 626 2104 689 2124; x_wconf 87' lang='lat' dir='ltr'><strong>cum</strong></span> <span class='ocrx_word' id='word_1_332' title='bbox 709 2095 841 2131; x_wconf 82' lang='lat' dir='ltr'><strong>sapientia</strong></span> <span class='ocrx_word' id='word_1_333' title='bbox 866 2096 958 2130; x_wconf 83' lang='lat' dir='ltr'><strong>inspe-</strong></span> 
     </span>
    </p>
   </div>
   <div class='ocr_carea' id='block_1_47' title="bbox 992 179 1779 219">
    <p class='ocr_par' dir='ltr' id='par_1_47' title="bbox 992 179 1779 219">
     <span class='ocr_line' id='line_1_48' title="bbox 992 179 1779 219; baseline -0.013 -6"><span class='ocrx_word' id='word_1_334' title='bbox 992 186 1065 213; x_wconf 81' lang='grc' dir='ltr'><strong>θέσει</strong></span> <span class='ocrx_word' id='word_1_335' title='bbox 1077 185 1105 211; x_wconf 84' lang='grc' dir='ltr'><strong>δὲ</strong></span> <span class='ocrx_word' id='word_1_336' title='bbox 1120 183 1254 219; x_wconf 75' lang='grc' dir='ltr'><strong>μοχθηρᾷ,</strong></span> <span class='ocrx_word' id='word_1_337' title='bbox 1268 183 1306 213; x_wconf 82' lang='grc' dir='ltr'>ὡς</span> <span class='ocrx_word' id='word_1_338' title='bbox 1322 181 1349 208; x_wconf 77' lang='grc' dir='ltr'>εἴ</span> <span class='ocrx_word' id='word_1_339' title='bbox 1367 189 1409 212; x_wconf 89' lang='grc' dir='ltr'><strong>τις</strong></span> <span class='ocrx_word' id='word_1_340' title='bbox 1424 179 1502 211; x_wconf 79' lang='grc' dir='ltr'>δόξαν</span> <span class='ocrx_word' id='word_1_341' title='bbox 1518 179 1568 214; x_wconf 85' lang='grc' dir='ltr'>τὴν</span> <span class='ocrx_word' id='word_1_342' title='bbox 1584 179 1662 215; x_wconf 86' lang='grc' dir='ltr'><strong>παρά</strong></span> <span class='ocrx_word' id='word_1_343' title='bbox 1678 179 1779 214; x_wconf 83' lang='grc' dir='ltr'>ἀνθρὼ-</span> 
     </span>
    </p>
   </div>
   <div class='ocr_carea' id='block_1_48' title="bbox 993 224 1780 265">
    <p class='ocr_par' dir='ltr' id='par_1_48' title="bbox 993 224 1780 265">
     <span class='ocr_line' id='line_1_49' title="bbox 993 224 1780 265; baseline -0.01 -8"><span class='ocrx_word' id='word_1_344' title='bbox 993 239 1051 257; x_wconf 86' lang='grc' dir='ltr'>πων</span> <span class='ocrx_word' id='word_1_345' title='bbox 1065 229 1224 265; x_wconf 76' lang='grc' dir='ltr'><strong>θηρώμενος</strong></span> <span class='ocrx_word' id='word_1_346' title='bbox 1252 227 1404 262; x_wconf 84' lang='grc' dir='ltr'><strong>κοινωνήσῃ</strong></span> <span class='ocrx_word' id='word_1_347' title='bbox 1426 225 1480 251; x_wconf 83' lang='grc' dir='ltr'>τῶν</span> <span class='ocrx_word' id='word_1_348' title='bbox 1498 224 1676 259; x_wconf 78' lang='grc' dir='ltr'><strong>ὑπαρχόντων</strong></span> <span class='ocrx_word' id='word_1_349' title='bbox 1700 226 1780 259; x_wconf 80' lang='grc' dir='ltr'>πένη-</span> 
     </span>
    </p>
   </div>
   <div class='ocr_carea' id='block_1_49' title="bbox 993 270 1781 311">
    <p class='ocr_par' dir='ltr' id='par_1_49' title="bbox 993 270 1781 311">
     <span class='ocr_line' id='line_1_50' title="bbox 993 270 1781 311; baseline -0.01 -8"><span class='ocrx_word' id='word_1_350' title='bbox 993 285 1035 303; x_wconf 90' lang='grc' dir='ltr'><strong>σιν</strong></span> <span class='ocrx_word' id='word_1_351' title='bbox 1045 285 1051 291; x_wconf 93' lang='grc'><strong>·</strong></span> <span class='ocrx_word' id='word_1_352' title='bbox 1068 276 1141 311; x_wconf 79' lang='grc' dir='ltr'>ειπερ</span> <span class='ocrx_word' id='word_1_353' title='bbox 1155 273 1336 309; x_wconf 79' lang='grc' dir='ltr'><strong>ἀπαγορεύων</strong></span> <span class='ocrx_word' id='word_1_354' title='bbox 1349 273 1363 298; x_wconf 82' lang='grc' dir='ltr'>ὁ</span> <span class='ocrx_word' id='word_1_355' title='bbox 1380 271 1475 306; x_wconf 79' lang='grc' dir='ltr'>Σωτὴρ</span> <span class='ocrx_word' id='word_1_356' title='bbox 1488 279 1583 305; x_wconf 78' lang='grc' dir='ltr'>φησιν’</span> <span class='ocrx_word' id='word_1_357' title='bbox 1610 270 1680 296; x_wconf 82' lang='grc' dir='ltr'><strong>Ἐὰν</strong></span> <span class='ocrx_word' id='word_1_358' title='bbox 1696 270 1781 303; x_wconf 75' lang='grc' dir='ltr'>ποιῇς</span> 
     </span>
    </p>
   </div>
   <div class='ocr_carea' id='block_1_50' title="bbox 992 318 1780 357">
    <p class='ocr_par' dir='ltr' id='par_1_50' title="bbox 992 318 1780 357">
     <span class='ocr_line' id='line_1_51' title="bbox 992 318 1780 357; baseline -0.009 -7"><span class='ocrx_word' id='word_1_359' title='bbox 992 323 1223 357; x_wconf 76' lang='grc' dir='ltr'><strong>ἐλεημοσύνην,</strong></span> <span class='ocrx_word' id='word_1_360' title='bbox 1252 320 1294 355; x_wconf 79' lang='grc' dir='ltr'><strong>μὴ</strong></span> <span class='ocrx_word' id='word_1_361' title='bbox 1323 320 1482 352; x_wconf 68' lang='grc' dir='ltr'>σαλπίσῃς</span> <span class='ocrx_word' id='word_1_362' title='bbox 1510 318 1683 351; x_wconf 76' lang='grc' dir='ltr'>ἔμπροσθέν</span> <span class='ocrx_word' id='word_1_363' title='bbox 1714 325 1780 348; x_wconf 84' lang='grc' dir='ltr'>σου,</span> 
     </span>
    </p>
   </div>
   <div class='ocr_carea' id='block_1_51' title="bbox 993 362 1781 401">
    <p class='ocr_par' dir='ltr' id='par_1_51' title="bbox 993 362 1781 401">
     <span class='ocr_line' id='line_1_52' title="bbox 993 362 1781 401; baseline -0.008 -7"><span class='ocrx_word' id='word_1_364' title='bbox 993 367 1093 401; x_wconf 77' lang='grc' dir='ltr'>ὥσπερ</span> <span class='ocrx_word' id='word_1_365' title='bbox 1108 368 1135 392; x_wconf 89' lang='grc' dir='ltr'>οἱ</span> <span class='ocrx_word' id='word_1_366' title='bbox 1151 364 1309 399; x_wconf 78' lang='grc' dir='ltr'>ὑποκριταὶ</span> <span class='ocrx_word' id='word_1_367' title='bbox 1322 363 1462 390; x_wconf 82' lang='grc' dir='ltr'>ποιοῦσιν</span> <span class='ocrx_word' id='word_1_368' title='bbox 1472 363 1508 388; x_wconf 86' lang='grc' dir='ltr'>ἐν</span> <span class='ocrx_word' id='word_1_369' title='bbox 1519 362 1583 395; x_wconf 80' lang='grc' dir='ltr'>ταῖς</span> <span class='ocrx_word' id='word_1_370' title='bbox 1595 363 1781 397; x_wconf 65' lang='grc' dir='ltr'>συναγοηααῖς</span> 
     </span>
    </p>
   </div>
   <div class='ocr_carea' id='block_1_52' title="bbox 994 407 1784 445">
    <p class='ocr_par' dir='ltr' id='par_1_52' title="bbox 994 407 1784 445">
     <span class='ocr_line' id='line_1_53' title="bbox 994 407 1784 445; baseline -0.008 -5"><span class='ocrx_word' id='word_1_371' title='bbox 994 414 1043 440; x_wconf 77' lang='grc' dir='ltr'><strong>καί</strong></span> <span class='ocrx_word' id='word_1_372' title='bbox 1063 414 1098 440; x_wconf 77' lang='grc' dir='ltr'><strong>ἐν</strong></span> <span class='ocrx_word' id='word_1_373' title='bbox 1113 412 1178 445; x_wconf 79' lang='grc' dir='ltr'>ταῖς</span> <span class='ocrx_word' id='word_1_374' title='bbox 1192 412 1301 445; x_wconf 76' lang='grc' dir='ltr'>ῥύμαις</span> <span class='ocrx_word' id='word_1_375' title='bbox 1312 429 1319 441; x_wconf 86' lang='grc'>,</span> <span class='ocrx_word' id='word_1_376' title='bbox 1336 409 1415 442; x_wconf 82' lang='grc' dir='ltr'>ὅπως</span> <span class='ocrx_word' id='word_1_377' title='bbox 1435 407 1626 440; x_wconf 73' lang='grc' dir='ltr'><em>δοξασθῶσιν</em></span> <span class='ocrx_word' id='word_1_378' title='bbox 1644 409 1705 435; x_wconf 68' lang='grc' dir='ltr'><strong>ὑπὸ</strong></span> <span class='ocrx_word' id='word_1_379' title='bbox 1728 408 1784 434; x_wconf 80' lang='grc' dir='ltr'><strong>τῶν</strong></span> 
     </span>
    </p>
   </div>
   <div class='ocr_carea' id='block_1_53' title="bbox 994 453 1783 492">
    <p class='ocr_par' dir='ltr' id='par_1_53' title="bbox 994 453 1783 492">
     <span class='ocr_line' id='line_1_54' title="bbox 994 453 1783 492; baseline -0.009 -6"><span class='ocrx_word' id='word_1_380' title='bbox 994 459 1166 492; x_wconf 79' lang='grc' dir='ltr'>ἀνθρώπων.</span> <span class='ocrx_word' id='word_1_381' title='bbox 1183 457 1219 483; x_wconf 81' lang='grc' dir='ltr'>Τὸ</span> <span class='ocrx_word' id='word_1_382' title='bbox 1234 456 1262 483; x_wconf 80' lang='grc' dir='ltr'><strong>δὲ</strong></span> <span class='ocrx_word' id='word_1_383' title='bbox 1283 455 1394 485; x_wconf 80' lang='grc' dir='ltr'><strong>δικαίως</strong></span> <span class='ocrx_word' id='word_1_384' title='bbox 1408 456 1439 480; x_wconf 84' lang='grc' dir='ltr'>τὸ</span> <span class='ocrx_word' id='word_1_385' title='bbox 1461 454 1552 481; x_wconf 82' lang='grc' dir='ltr'>ἄδικον</span> <span class='ocrx_word' id='word_1_386' title='bbox 1572 455 1660 480; x_wconf 79' lang='grc' dir='ltr'>ποιεῖν</span> <span class='ocrx_word' id='word_1_387' title='bbox 1676 453 1783 489; x_wconf 78' lang='grc' dir='ltr'>νοηὺείη</span> 
     </span>
    </p>
   </div>
   <div class='ocr_carea' id='block_1_54' title="bbox 995 500 1783 539">
    <p class='ocr_par' dir='ltr' id='par_1_54' title="bbox 995 500 1783 539">
     <span class='ocr_line' id='line_1_55' title="bbox 995 500 1783 539; baseline -0.009 -7"><span class='ocrx_word' id='word_1_388' title='bbox 995 506 1038 537; x_wconf 86' lang='grc' dir='ltr'><strong>ἂν,</strong></span> <span class='ocrx_word' id='word_1_389' title='bbox 1054 505 1117 531; x_wconf 71' lang='grc' dir='ltr'>ὃταν</span> <span class='ocrx_word' id='word_1_390' title='bbox 1127 524 1134 535; x_wconf 88' lang='grc'>,</span> <span class='ocrx_word' id='word_1_391' title='bbox 1152 503 1279 539; x_wconf 78' lang='grc' dir='ltr'><strong>προθέσει</strong></span> <span class='ocrx_word' id='word_1_392' title='bbox 1296 502 1331 527; x_wconf 76' lang='grc' dir='ltr'>τὰ</span> <span class='ocrx_word' id='word_1_393' title='bbox 1347 501 1488 535; x_wconf 78' lang='grc' dir='ltr'>κρείττονα</span> <span class='ocrx_word' id='word_1_394' title='bbox 1504 502 1590 526; x_wconf 82' lang='grc' dir='ltr'><strong>ποιεῖν</strong></span> <span class='ocrx_word' id='word_1_395' title='bbox 1608 509 1652 532; x_wconf 84' lang='grc' dir='ltr'><strong>τις</strong></span> <span class='ocrx_word' id='word_1_396' title='bbox 1673 500 1783 536; x_wconf 79' lang='grc' dir='ltr'>προελό-</span> 
     </span>
    </p>
   </div>
   <div class='ocr_carea' id='block_1_55' title="bbox 998 546 1782 587">
    <p class='ocr_par' dir='ltr' id='par_1_55' title="bbox 998 546 1782 587">
     <span class='ocr_line' id='line_1_56' title="bbox 998 546 1782 587; baseline -0.006 -10"><span class='ocrx_word' id='word_1_397' title='bbox 998 560 1092 587; x_wconf 77' lang='grc' dir='ltr'>μενος,</span> <span class='ocrx_word' id='word_1_398' title='bbox 1109 551 1173 586; x_wconf 78' lang='grc' dir='ltr'>παρ’</span> <span class='ocrx_word' id='word_1_399' title='bbox 1186 550 1295 583; x_wconf 77' lang='grc' dir='ltr'>ἄγνοιαν</span> <span class='ocrx_word' id='word_1_400' title='bbox 1311 547 1358 574; x_wconf 84' lang='grc' dir='ltr'>τοῦ</span> <span class='ocrx_word' id='word_1_401' title='bbox 1375 546 1457 573; x_wconf 79' lang='grc' dir='ltr'>καλοῦ</span> <span class='ocrx_word' id='word_1_402' title='bbox 1484 547 1589 582; x_wconf 74' lang='grc' dir='ltr'>πράττῃ</span> <span class='ocrx_word' id='word_1_403' title='bbox 1610 546 1645 573; x_wconf 86' lang='grc' dir='ltr'><strong>τὰ</strong></span> <span class='ocrx_word' id='word_1_404' title='bbox 1662 547 1782 582; x_wconf 81' lang='grc' dir='ltr'>χείρονα·</span> 
     </span>
    </p>
   </div>
   <div class='ocr_carea' id='block_1_56' title="bbox 996 592 1786 629">
    <p class='ocr_par' dir='ltr' id='par_1_56' title="bbox 996 592 1786 629">
     <span class='ocr_line' id='line_1_57' title="bbox 996 592 1786 629; baseline -0.008 -5"><span class='ocrx_word' id='word_1_405' title='bbox 996 597 1087 628; x_wconf 76' lang='grc' dir='ltr'>ὁποῖός</span> <span class='ocrx_word' id='word_1_406' title='bbox 1103 604 1168 622; x_wconf 71' lang='grc' dir='ltr'>ποτε</span> <span class='ocrx_word' id='word_1_407' title='bbox 1184 595 1278 629; x_wconf 88' lang='grc' dir='ltr'>γέγονε</span> <span class='ocrx_word' id='word_1_408' title='bbox 1296 593 1401 624; x_wconf 80' lang='grc' dir='ltr'>Παῦλος</span> <span class='ocrx_word' id='word_1_409' title='bbox 1415 592 1556 628; x_wconf 75' lang='grc' dir='ltr'>προδιδοὺς</span> <span class='ocrx_word' id='word_1_410' title='bbox 1571 593 1621 624; x_wconf 82' lang='grc' dir='ltr'><strong>τὰς</strong></span> <span class='ocrx_word' id='word_1_411' title='bbox 1638 593 1786 627; x_wconf 76' lang='grc' dir='ltr'><strong>ἐκκλησίας</strong></span> 
     </span>
    </p>
   </div>
   <div class='ocr_carea' id='block_1_57' title="bbox 996 638 1786 675">
    <p class='ocr_par' dir='ltr' id='par_1_57' title="bbox 996 638 1786 675">
     <span class='ocr_line' id='line_1_58' title="bbox 996 638 1786 675; baseline -0.006 -6"><span class='ocrx_word' id='word_1_412' title='bbox 996 641 1068 669; x_wconf 82' lang='grc' dir='ltr'>κατὰ</span> <span class='ocrx_word' id='word_1_413' title='bbox 1086 641 1166 675; x_wconf 80' lang='grc' dir='ltr'>ζῆλον</span> <span class='ocrx_word' id='word_1_414' title='bbox 1182 639 1345 670; x_wconf 77' lang='grc' dir='ltr'>θεοσιῦείας.</span> <span class='ocrx_word' id='word_1_415' title='bbox 1369 638 1482 669; x_wconf 79' lang='grc' dir='ltr'>Ἀδῐκως</span> <span class='ocrx_word' id='word_1_416' title='bbox 1502 638 1530 664; x_wconf 80' lang='grc' dir='ltr'><strong>δὲ</strong></span> <span class='ocrx_word' id='word_1_417' title='bbox 1548 638 1579 664; x_wconf 85' lang='grc' dir='ltr'>τὸ</span> <span class='ocrx_word' id='word_1_418' title='bbox 1599 638 1702 668; x_wconf 59' lang='lat' dir='ltr'><strong>ﬁnem.</strong></span> <span class='ocrx_word' id='word_1_419' title='bbox 1724 640 1786 665; x_wconf 83' lang='grc' dir='ltr'>ὅταν</span> 
     </span>
    </p>
   </div>
   <div class='ocr_carea' id='block_1_58' title="bbox 997 682 1787 721">
    <p class='ocr_par' dir='ltr' id='par_1_58' title="bbox 997 682 1787 721">
     <span class='ocr_line' id='line_1_59' title="bbox 997 682 1787 721; baseline -0.001 -8"><span class='ocrx_word' id='word_1_420' title='bbox 997 687 1088 714; x_wconf 75' lang='grc' dir='ltr'>καὶτὸ</span> <span class='ocrx_word' id='word_1_421' title='bbox 1109 686 1294 721; x_wconf 82' lang='grc' dir='ltr'>πραττόμενον</span> <span class='ocrx_word' id='word_1_422' title='bbox 1313 685 1404 711; x_wconf 75' lang='grc' dir='ltr'>ἄδικον</span> <span class='ocrx_word' id='word_1_423' title='bbox 1419 682 1447 721; x_wconf 83' lang='grc' dir='ltr'><strong>ᾖ,</strong></span> <span class='ocrx_word' id='word_1_424' title='bbox 1461 684 1508 711; x_wconf 80' lang='grc' dir='ltr'>καὶ</span> <span class='ocrx_word' id='word_1_425' title='bbox 1523 685 1539 720; x_wconf 85' lang='grc' dir='ltr'>ἡ</span> <span class='ocrx_word' id='word_1_426' title='bbox 1561 685 1724 720; x_wconf 82' lang='grc' dir='ltr'>προαίρεσις</span> <span class='ocrx_word' id='word_1_427' title='bbox 1739 693 1787 712; x_wconf 76' lang='grc' dir='ltr'>κα-</span> 
     </span>
    </p>
   </div>
   <div class='ocr_carea' id='block_1_59' title="bbox 997 733 1170 768">
    <p class='ocr_par' dir='ltr' id='par_1_59' title="bbox 997 733 1170 768">
     <span class='ocr_line' id='line_1_60' title="bbox 997 733 1170 768; baseline -0.006 -8"><span class='ocrx_word' id='word_1_428' title='bbox 997 733 1170 768; x_wconf 81' lang='grc' dir='ltr'>κοποιητική.</span> 
     </span>
    </p>
   </div>
   <div class='ocr_carea' id='block_1_60' title="bbox 1032 775 1787 812">
    <p class='ocr_par' dir='ltr' id='par_1_60' title="bbox 1032 775 1787 812">
     <span class='ocr_line' id='line_1_61' title="bbox 1032 775 1787 812; baseline -0.005 -6"><span class='ocrx_word' id='word_1_429' title='bbox 1032 779 1087 806; x_wconf 80' lang='lat' dir='ltr'><strong>Kal</strong></span> <span class='ocrx_word' id='word_1_430' title='bbox 1109 778 1220 812; x_wconf 77' lang='grc' dir='ltr'>ἐξῆλθε</span> <span class='ocrx_word' id='word_1_431' title='bbox 1231 777 1266 805; x_wconf 73' lang='grc' dir='ltr'>ἐκ</span> <span class='ocrx_word' id='word_1_432' title='bbox 1286 776 1432 812; x_wconf 76' lang='grc' dir='ltr'>θυγατρὸς</span> <span class='ocrx_word' id='word_1_433' title='bbox 1448 776 1525 803; x_wconf 79' lang='grc' dir='ltr'>Σιὼν</span> <span class='ocrx_word' id='word_1_434' title='bbox 1540 775 1625 804; x_wconf 78' lang='grc' dir='ltr'><strong>πᾶσα</strong></span> <span class='ocrx_word' id='word_1_435' title='bbox 1645 777 1665 810; x_wconf 80' lang='grc' dir='ltr'><strong>ἠ</strong></span> <span class='ocrx_word' id='word_1_436' title='bbox 1683 775 1787 810; x_wconf 67' lang='grc' dir='ltr'>εὐπρέ-</span> 
     </span>
    </p>
   </div>
   <div class='ocr_carea' id='block_1_61' title="bbox 999 821 1789 858">
    <p class='ocr_par' dir='ltr' id='par_1_61' title="bbox 999 821 1789 858">
     <span class='ocr_line' id='line_1_62' title="bbox 999 821 1789 858; baseline -0.006 -7"><span class='ocrx_word' id='word_1_437' title='bbox 999 832 1068 851; x_wconf 79' lang='grc' dir='ltr'>πεια</span> <span class='ocrx_word' id='word_1_438' title='bbox 1081 823 1186 858; x_wconf 81' lang='grc' dir='ltr'>αὐτῆς.</span> <span class='ocrx_word' id='word_1_439' title='bbox 1202 823 1242 850; x_wconf 82' lang='grc' dir='ltr'><strong>Τὰ</strong></span> <span class='ocrx_word' id='word_1_440' title='bbox 1256 823 1306 858; x_wconf 86' lang='grc' dir='ltr'>τῆς</span> <span class='ocrx_word' id='word_1_441' title='bbox 1328 822 1436 855; x_wconf 77' lang='grc' dir='ltr'>λέξεως,</span> <span class='ocrx_word' id='word_1_442' title='bbox 1457 821 1508 856; x_wconf 80' lang='grc' dir='ltr'><strong>ὅση</strong></span> <span class='ocrx_word' id='word_1_443' title='bbox 1523 821 1637 856; x_wconf 80' lang='grc' dir='ltr'>δύναμις</span> <span class='ocrx_word' id='word_1_444' title='bbox 1657 822 1724 856; x_wconf 84' lang='grc' dir='ltr'>ἡμῖν</span> <span class='ocrx_word' id='word_1_445' title='bbox 1742 829 1789 847; x_wconf 91' lang='grc' dir='ltr'>σα-</span> 
     </span>
    </p>
   </div>
   <div class='ocr_carea' id='block_1_62' title="bbox 999 866 1789 905">
    <p class='ocr_par' dir='ltr' id='par_1_62' title="bbox 999 866 1789 905">
     <span class='ocr_line' id='line_1_63' title="bbox 999 866 1789 905; baseline -0.006 -8"><span class='ocrx_word' id='word_1_446' title='bbox 999 869 1159 905; x_wconf 83' lang='grc' dir='ltr'>φηνιστέον,</span> <span class='ocrx_word' id='word_1_447' title='bbox 1185 868 1341 902; x_wconf 69' lang='grc' dir='ltr'><strong>ἐξετάζουσι</strong></span> <span class='ocrx_word' id='word_1_448' title='bbox 1360 868 1403 900; x_wconf 78' lang='grc' dir='ltr'><strong>τίς</strong></span> <span class='ocrx_word' id='word_1_449' title='bbox 1423 869 1439 902; x_wconf 85' lang='grc' dir='ltr'>ὴ</span> <span class='ocrx_word' id='word_1_450' title='bbox 1460 867 1582 902; x_wconf 77' lang='grc' dir='ltr'><strong>θυγάτηρ</strong></span> <span class='ocrx_word' id='word_1_451' title='bbox 1599 866 1669 893; x_wconf 85' lang='grc' dir='ltr'>Σιὼν</span> <span class='ocrx_word' id='word_1_452' title='bbox 1692 867 1739 893; x_wconf 77' lang='grc' dir='ltr'>καὶ</span> <span class='ocrx_word' id='word_1_453' title='bbox 1762 867 1789 892; x_wconf 82' lang='grc' dir='ltr'>ἐν</span> 
     </span>
    </p>
   </div>
   <div class='ocr_carea' id='block_1_63' title="bbox 998 913 1789 950">
    <p class='ocr_par' dir='ltr' id='par_1_63' title="bbox 998 913 1789 950">
     <span class='ocr_line' id='line_1_64' title="bbox 998 913 1789 950; baseline -0.005 -8"><span class='ocrx_word' id='word_1_454' title='bbox 998 915 1052 942; x_wconf 87' lang='grc' dir='ltr'>τίνι</span> <span class='ocrx_word' id='word_1_455' title='bbox 1067 915 1166 950; x_wconf 68' lang='grc' dir='ltr'>ἔχουσα</span> <span class='ocrx_word' id='word_1_456' title='bbox 1181 915 1231 950; x_wconf 79' lang='grc' dir='ltr'>τὴν</span> <span class='ocrx_word' id='word_1_457' title='bbox 1243 913 1425 950; x_wconf 81' lang='grc' dir='ltr'>εὐπρέπειαν,</span> <span class='ocrx_word' id='word_1_458' title='bbox 1442 913 1485 945; x_wconf 84' lang='grc' dir='ltr'><strong>τίς</strong></span> <span class='ocrx_word' id='word_1_459' title='bbox 1501 922 1532 939; x_wconf 90' lang='grc' dir='ltr'><strong>τε</strong></span> <span class='ocrx_word' id='word_1_460' title='bbox 1548 914 1565 948; x_wconf 81' lang='grc' dir='ltr'>ἡ</span> <span class='ocrx_word' id='word_1_461' title='bbox 1584 913 1671 948; x_wconf 74' lang='grc' dir='ltr'>νομὴ,</span> <span class='ocrx_word' id='word_1_462' title='bbox 1687 913 1720 948; x_wconf 73' lang='grc' dir='ltr'><strong>ην</strong></span> <span class='ocrx_word' id='word_1_463' title='bbox 1742 913 1789 938; x_wconf 74' lang='grc' dir='ltr'>οὐκ</span> 
     </span>
    </p>
   </div>
   <div class='ocr_carea' id='block_1_64' title="bbox 998 958 1789 997">
    <p class='ocr_par' dir='ltr' id='par_1_64' title="bbox 998 958 1789 997">
     <span class='ocr_line' id='line_1_65' title="bbox 998 958 1789 997; baseline -0.005 -9"><span class='ocrx_word' id='word_1_464' title='bbox 998 961 1106 997; x_wconf 79' lang='grc' dir='ltr'>ἔχουσιν</span> <span class='ocrx_word' id='word_1_465' title='bbox 1118 961 1143 987; x_wconf 75' lang='grc' dir='ltr'>οἱ</span> <span class='ocrx_word' id='word_1_466' title='bbox 1161 961 1292 996; x_wconf 75' lang='grc' dir='ltr'>ἄρχοντες</span> <span class='ocrx_word' id='word_1_467' title='bbox 1310 960 1359 996; x_wconf 84' lang='grc' dir='ltr'><strong>τῆς</strong></span> <span class='ocrx_word' id='word_1_468' title='bbox 1375 959 1509 994; x_wconf 81' lang='grc' dir='ltr'>θυγατρὸς</span> <span class='ocrx_word' id='word_1_469' title='bbox 1522 958 1590 985; x_wconf 81' lang='grc' dir='ltr'>Σιὼν</span> <span class='ocrx_word' id='word_1_470' title='bbox 1608 959 1688 994; x_wconf 73' lang='grc' dir='ltr'>δίκην</span> <span class='ocrx_word' id='word_1_471' title='bbox 1708 959 1789 994; x_wconf 78' lang='grc' dir='ltr'>κριῶν</span> 
     </span>
    </p>
   </div>
   <div class='ocr_carea' id='block_1_65' title="bbox 999 1002 1789 1043">
    <p class='ocr_par' dir='ltr' id='par_1_65' title="bbox 999 1002 1789 1043">
     <span class='ocr_line' id='line_1_66' title="bbox 999 1002 1789 1043; baseline -0.005 -9"><span class='ocrx_word' id='word_1_472' title='bbox 999 1007 1172 1043; x_wconf 74' lang='grc' dir='ltr'><strong>ἀπορούντων</strong></span> <span class='ocrx_word' id='word_1_473' title='bbox 1191 1006 1364 1041; x_wconf 77' lang='grc' dir='ltr'>βοσκήσεως“</span> <span class='ocrx_word' id='word_1_474' title='bbox 1384 1005 1504 1036; x_wconf 77' lang='grc' dir='ltr'>καὶπῶς</span> <span class='ocrx_word' id='word_1_475' title='bbox 1521 1002 1594 1031; x_wconf 75' lang='grc' dir='ltr'>οὗτοι</span> <span class='ocrx_word' id='word_1_476' title='bbox 1619 1005 1789 1040; x_wconf 69' lang='grc' dir='ltr'><strong>ἐστερημένοι</strong></span> 
     </span>
    </p>
   </div>
   <div class='ocr_carea' id='block_1_66' title="bbox 1002 1049 1788 1088">
    <p class='ocr_par' dir='ltr' id='par_1_66' title="bbox 1002 1049 1788 1088">
     <span class='ocr_line' id='line_1_67' title="bbox 1002 1049 1788 1088; baseline -0.006 -9"><span class='ocrx_word' id='word_1_477' title='bbox 1002 1053 1092 1088; x_wconf 76' lang='grc' dir='ltr'>ἰσχύος</span> <span class='ocrx_word' id='word_1_478' title='bbox 1117 1051 1275 1088; x_wconf 83' lang='grc' dir='ltr'>πορεύονται</span> <span class='ocrx_word' id='word_1_479' title='bbox 1301 1050 1373 1078; x_wconf 84' lang='grc' dir='ltr'>κατὰ</span> <span class='ocrx_word' id='word_1_480' title='bbox 1396 1050 1540 1085; x_wconf 81' lang='grc' dir='ltr'>πρόσωπον</span> <span class='ocrx_word' id='word_1_481' title='bbox 1563 1049 1611 1075; x_wconf 81' lang='grc' dir='ltr'>τοῦ</span> <span class='ocrx_word' id='word_1_482' title='bbox 1635 1049 1788 1081; x_wconf 82' lang='grc' dir='ltr'>διώκοντος.</span> 
     </span>
    </p>
   </div>
   <div class='ocr_carea' id='block_1_67' title="bbox 1006 1093 1790 1133">
    <p class='ocr_par' dir='ltr' id='par_1_67' title="bbox 1006 1093 1790 1133">
     <span class='ocr_line' id='line_1_68' title="bbox 1006 1093 1790 1133; baseline -0.006 -8"><span class='ocrx_word' id='word_1_483' title='bbox 1006 1098 1161 1133; x_wconf 83' lang='grc' dir='ltr'>Ἦγούμεθα</span> <span class='ocrx_word' id='word_1_484' title='bbox 1177 1098 1206 1124; x_wconf 80' lang='grc' dir='ltr'><strong>δὲ</strong></span> <span class='ocrx_word' id='word_1_485' title='bbox 1220 1097 1251 1124; x_wconf 77' lang='grc' dir='ltr'>τὸ</span> <span class='ocrx_word' id='word_1_486' title='bbox 1265 1097 1313 1132; x_wconf 81' lang='grc' dir='ltr'>μὲν</span> <span class='ocrx_word' id='word_1_487' title='bbox 1326 1097 1389 1132; x_wconf 77' lang='grc' dir='ltr'>ὅρος</span> <span class='ocrx_word' id='word_1_488' title='bbox 1407 1096 1476 1122; x_wconf 89' lang='grc' dir='ltr'>Σιὼν</span> <span class='ocrx_word' id='word_1_489' title='bbox 1491 1095 1595 1131; x_wconf 81' lang='grc' dir='ltr'>μητέρα</span> <span class='ocrx_word' id='word_1_490' title='bbox 1613 1093 1684 1122; x_wconf 80' lang='grc' dir='ltr'>εἶναι</span> <span class='ocrx_word' id='word_1_491' title='bbox 1697 1095 1746 1130; x_wconf 81' lang='grc' dir='ltr'>τῆς</span> <span class='ocrx_word' id='word_1_492' title='bbox 1764 1096 1790 1121; x_wconf 80' lang='grc' dir='ltr'>ὲν</span> 
     </span>
    </p>
   </div>
   <div class='ocr_carea' id='block_1_68' title="bbox 1000 1140 1789 1180">
    <p class='ocr_par' dir='ltr' id='par_1_68' title="bbox 1000 1140 1789 1180">
     <span class='ocr_line' id='line_1_69' title="bbox 1000 1140 1789 1180; baseline -0.008 -9"><span class='ocrx_word' id='word_1_493' title='bbox 1000 1144 1068 1180; x_wconf 80' lang='grc' dir='ltr'>αὐτῇ</span> <span class='ocrx_word' id='word_1_494' title='bbox 1083 1143 1259 1178; x_wconf 82' lang='grc' dir='ltr'><strong>Συναγωγῆς,</strong></span> <span class='ocrx_word' id='word_1_495' title='bbox 1275 1142 1408 1178; x_wconf 80' lang='grc' dir='ltr'>θυγατρὸς</span> <span class='ocrx_word' id='word_1_496' title='bbox 1419 1141 1640 1177; x_wconf 64' lang='grc' dir='ltr'>σχημτιζοὺσης</span> <span class='ocrx_word' id='word_1_497' title='bbox 1653 1141 1703 1176; x_wconf 76' lang='grc' dir='ltr'>τῆς</span> <span class='ocrx_word' id='word_1_498' title='bbox 1711 1140 1789 1166; x_wconf 82' lang='grc' dir='ltr'>Σιὼν·</span> 
     </span>
    </p>
   </div>
   <div class='ocr_carea' id='block_1_69' title="bbox 1000 1185 1792 1225">
    <p class='ocr_par' dir='ltr' id='par_1_69' title="bbox 1000 1185 1792 1225">
     <span class='ocr_line' id='line_1_70' title="bbox 1000 1185 1792 1225; baseline -0.005 -9"><span class='ocrx_word' id='word_1_499' title='bbox 1000 1189 1051 1225; x_wconf 87' lang='grc' dir='ltr'><strong>τὴν</strong></span> <span class='ocrx_word' id='word_1_500' title='bbox 1066 1189 1095 1216; x_wconf 80' lang='grc' dir='ltr'><strong>δὲ</strong></span> <span class='ocrx_word' id='word_1_501' title='bbox 1110 1188 1276 1224; x_wconf 79' lang='grc' dir='ltr'>εὐπρέπειαν</span> <span class='ocrx_word' id='word_1_502' title='bbox 1288 1188 1336 1223; x_wconf 83' lang='grc' dir='ltr'>τῆς</span> <span class='ocrx_word' id='word_1_503' title='bbox 1347 1187 1482 1222; x_wconf 84' lang='grc' dir='ltr'>θυγατρὸς</span> <span class='ocrx_word' id='word_1_504' title='bbox 1495 1185 1563 1213; x_wconf 88' lang='grc' dir='ltr'>Σιὼν</span> <span class='ocrx_word' id='word_1_505' title='bbox 1576 1187 1626 1222; x_wconf 77' lang='grc' dir='ltr'>τὴν</span> <span class='ocrx_word' id='word_1_506' title='bbox 1639 1187 1736 1222; x_wconf 81' lang='grc' dir='ltr'>κτῆσιν</span> <span class='ocrx_word' id='word_1_507' title='bbox 1745 1186 1792 1221; x_wconf 77' lang='grc' dir='ltr'>τὴν</span> 
     </span>
    </p>
   </div>
   <div class='ocr_carea' id='block_1_70' title="bbox 1001 1231 1791 1269">
    <p class='ocr_par' dir='ltr' id='par_1_70' title="bbox 1001 1231 1791 1269">
     <span class='ocr_line' id='line_1_71' title="bbox 1001 1231 1791 1269; baseline -0.005 -8"><span class='ocrx_word' id='word_1_508' title='bbox 1001 1236 1030 1262; x_wconf 79' lang='grc' dir='ltr'>ὲν</span> <span class='ocrx_word' id='word_1_509' title='bbox 1042 1235 1157 1264; x_wconf 77' lang='grc' dir='ltr'>πέπλοις</span> <span class='ocrx_word' id='word_1_510' title='bbox 1166 1234 1253 1269; x_wconf 75' lang='grc' dir='ltr'>αὐτῆς</span> <span class='ocrx_word' id='word_1_511' title='bbox 1263 1242 1269 1249; x_wconf 92' lang='grc'><strong>·</strong></span> <span class='ocrx_word' id='word_1_512' title='bbox 1279 1234 1340 1268; x_wconf 80' lang='grc' dir='ltr'>ἥτις</span> <span class='ocrx_word' id='word_1_513' title='bbox 1354 1233 1460 1267; x_wconf 80' lang='grc' dir='ltr'>κτῆσις,</span> <span class='ocrx_word' id='word_1_514' title='bbox 1476 1233 1505 1258; x_wconf 81' lang='grc' dir='ltr'>ὲν</span> <span class='ocrx_word' id='word_1_515' title='bbox 1515 1231 1554 1267; x_wconf 88' lang='grc' dir='ltr'>τῷ</span> <span class='ocrx_word' id='word_1_516' title='bbox 1569 1232 1658 1267; x_wconf 86' lang='grc' dir='ltr'>καιρῷ</span> <span class='ocrx_word' id='word_1_517' title='bbox 1671 1232 1720 1267; x_wconf 78' lang='grc' dir='ltr'>τῆς</span> <span class='ocrx_word' id='word_1_518' title='bbox 1729 1240 1791 1267; x_wconf 85' lang='grc' dir='ltr'>προ-</span> 
     </span>
    </p>
   </div>
   <div class='ocr_carea' id='block_1_71' title="bbox 1001 1277 1793 1316">
    <p class='ocr_par' dir='ltr' id='par_1_71' title="bbox 1001 1277 1793 1316">
     <span class='ocr_line' id='line_1_72' title="bbox 1001 1277 1793 1316; baseline -0.005 -9"><span class='ocrx_word' id='word_1_519' title='bbox 1001 1281 1086 1316; x_wconf 80' lang='grc' dir='ltr'>νομῆς</span> <span class='ocrx_word' id='word_1_520' title='bbox 1096 1279 1229 1315; x_wconf 83' lang='grc' dir='ltr'><strong>ληφθεῖσα</strong></span> <span class='ocrx_word' id='word_1_521' title='bbox 1245 1279 1297 1306; x_wconf 76' lang='grc' dir='ltr'><strong>ὑπδ</strong></span> <span class='ocrx_word' id='word_1_522' title='bbox 1307 1279 1361 1306; x_wconf 83' lang='grc' dir='ltr'>τῶν</span> <span class='ocrx_word' id='word_1_523' title='bbox 1377 1277 1525 1313; x_wconf 79' lang='grc' dir='ltr'>πολεμίων,</span> <span class='ocrx_word' id='word_1_524' title='bbox 1538 1277 1651 1312; x_wconf 74' lang='grc' dir='ltr'>ἐξῆλθεν</span> <span class='ocrx_word' id='word_1_525' title='bbox 1666 1278 1721 1304; x_wconf 77' lang='grc' dir='ltr'>ἀπὸ</span> <span class='ocrx_word' id='word_1_526' title='bbox 1736 1277 1793 1304; x_wconf 77' lang='grc' dir='ltr'>τού-</span> 
     </span>
    </p>
   </div>
   <div class='ocr_carea' id='block_1_72' title="bbox 1001 1322 1792 1361">
    <p class='ocr_par' dir='ltr' id='par_1_72' title="bbox 1001 1322 1792 1361">
     <span class='ocr_line' id='line_1_73' title="bbox 1001 1322 1792 1361; baseline -0.005 -9"><span class='ocrx_word' id='word_1_527' title='bbox 1001 1334 1055 1352; x_wconf 84' lang='grc' dir='ltr'><strong>των</strong></span> <span class='ocrx_word' id='word_1_528' title='bbox 1065 1322 1125 1352; x_wconf 82' lang='grc' dir='ltr'><strong>ὧνὸ</strong></span> <span class='ocrx_word' id='word_1_529' title='bbox 1140 1326 1242 1361; x_wconf 82' lang='grc' dir='ltr'>κόσμος</span> <span class='ocrx_word' id='word_1_530' title='bbox 1253 1323 1297 1360; x_wconf 80' lang='grc' dir='ltr'><strong>ἦν,</strong></span> <span class='ocrx_word' id='word_1_531' title='bbox 1314 1324 1453 1350; x_wconf 82' lang='grc' dir='ltr'>τουτέστιν</span> <span class='ocrx_word' id='word_1_532' title='bbox 1467 1322 1728 1358; x_wconf 80' lang='grc' dir='ltr'>ὲξεκομίσθη·τοῦτο</span> <span class='ocrx_word' id='word_1_533' title='bbox 1742 1322 1792 1357; x_wconf 72' lang='grc' dir='ltr'><strong>γὰρ</strong></span> 
     </span>
    </p>
   </div>
   <div class='ocr_carea' id='block_1_73' title="bbox 1002 1369 1792 1408">
    <p class='ocr_par' dir='ltr' id='par_1_73' title="bbox 1002 1369 1792 1408">
     <span class='ocr_line' id='line_1_74' title="bbox 1002 1369 1792 1408; baseline -0.006 -9"><span class='ocrx_word' id='word_1_534' title='bbox 1002 1372 1224 1408; x_wconf 78' lang='grc' dir='ltr'>ὲμφατικὼτερον</span> <span class='ocrx_word' id='word_1_535' title='bbox 1233 1371 1272 1406; x_wconf 83' lang='grc' dir='ltr'>τῷ</span> <span class='ocrx_word' id='word_1_536' title='bbox 1280 1370 1410 1405; x_wconf 77' lang='grc' dir='ltr'>ἐξῆλθεν</span> <span class='ocrx_word' id='word_1_537' title='bbox 1420 1370 1555 1405; x_wconf 81' lang='grc' dir='ltr'>ὠνόμασε·</span> <span class='ocrx_word' id='word_1_538' title='bbox 1564 1370 1629 1400; x_wconf 76' lang='grc' dir='ltr'>τοὺς</span> <span class='ocrx_word' id='word_1_539' title='bbox 1638 1369 1667 1396; x_wconf 74' lang='grc' dir='ltr'><strong>δὲ</strong></span> <span class='ocrx_word' id='word_1_540' title='bbox 1676 1369 1792 1404; x_wconf 79' lang='grc' dir='ltr'>ἡγουμέ-</span> 
     </span>
    </p>
   </div>
   <div class='ocr_carea' id='block_1_74' title="bbox 1002 1414 1793 1454">
    <p class='ocr_par' dir='ltr' id='par_1_74' title="bbox 1002 1414 1793 1454">
     <span class='ocr_line' id='line_1_75' title="bbox 1002 1414 1793 1454; baseline -0.008 -8"><span class='ocrx_word' id='word_1_541' title='bbox 1002 1427 1064 1451; x_wconf 86' lang='grc' dir='ltr'>νους</span> <span class='ocrx_word' id='word_1_542' title='bbox 1084 1418 1134 1454; x_wconf 82' lang='grc' dir='ltr'>τῆς</span> <span class='ocrx_word' id='word_1_543' title='bbox 1151 1417 1333 1453; x_wconf 79' lang='grc' dir='ltr'>Συναγωγῆς,</span> <span class='ocrx_word' id='word_1_544' title='bbox 1355 1416 1399 1443; x_wconf 85' lang='grc' dir='ltr'><strong>διὰ</strong></span> <span class='ocrx_word' id='word_1_545' title='bbox 1415 1415 1447 1442; x_wconf 80' lang='grc' dir='ltr'>τὸ</span> <span class='ocrx_word' id='word_1_546' title='bbox 1468 1414 1608 1442; x_wconf 73' lang='grc' dir='ltr'>ἐκκεῖσθαι</span> <span class='ocrx_word' id='word_1_547' title='bbox 1630 1415 1695 1447; x_wconf 81' lang='grc' dir='ltr'>τοὺς</span> <span class='ocrx_word' id='word_1_548' title='bbox 1718 1414 1793 1441; x_wconf 75' lang='grc' dir='ltr'>πολε-</span> 
     </span>
    </p>
   </div>
   <div class='ocr_carea' id='block_1_75' title="bbox 967 1459 1792 1513">
    <p class='ocr_par' dir='ltr' id='par_1_75' title="bbox 967 1459 1792 1513">
     <span class='ocr_line' id='line_1_76' title="bbox 967 1459 1792 1513; baseline -0.007 -22"><span class='ocrx_word' id='word_1_549' title='bbox 967 1485 988 1513; x_wconf 77' lang='lat' dir='ltr'>c</span> <span class='ocrx_word' id='word_1_550' title='bbox 1006 1464 1094 1500; x_wconf 87' lang='grc' dir='ltr'>μίους,</span> <span class='ocrx_word' id='word_1_551' title='bbox 1110 1464 1157 1490; x_wconf 76' lang='grc' dir='ltr'>καὶ</span> <span class='ocrx_word' id='word_1_552' title='bbox 1170 1462 1379 1499; x_wconf 80' lang='grc' dir='ltr'>αἰχμαλωτίζειν</span> <span class='ocrx_word' id='word_1_553' title='bbox 1397 1461 1568 1497; x_wconf 80' lang='grc' dir='ltr'>ἀποροῦντας</span> <span class='ocrx_word' id='word_1_554' title='bbox 1588 1459 1643 1487; x_wconf 83' lang='grc' dir='ltr'>τῶν</span> <span class='ocrx_word' id='word_1_555' title='bbox 1662 1460 1792 1495; x_wconf 76' lang='grc' dir='ltr'>συνήθων,</span> 
     </span>
    </p>
   </div>
   <div class='ocr_carea' id='block_1_76' title="bbox 1004 1507 1794 1546">
    <p class='ocr_par' dir='ltr' id='par_1_76' title="bbox 1004 1507 1794 1546">
     <span class='ocr_line' id='line_1_77' title="bbox 1004 1507 1794 1546; baseline -0.008 -9"><span class='ocrx_word' id='word_1_556' title='bbox 1004 1509 1162 1546; x_wconf 82' lang='grc' dir='ltr'>ὡμοιῶσθαι</span> <span class='ocrx_word' id='word_1_557' title='bbox 1181 1510 1269 1546; x_wconf 81' lang='grc' dir='ltr'>κριοῖς</span> <span class='ocrx_word' id='word_1_558' title='bbox 1297 1508 1346 1543; x_wconf 83' lang='grc' dir='ltr'>οὐχ</span> <span class='ocrx_word' id='word_1_559' title='bbox 1369 1507 1526 1542; x_wconf 82' lang='grc' dir='ltr'>εὑρίσκουσι</span> <span class='ocrx_word' id='word_1_560' title='bbox 1551 1507 1667 1542; x_wconf 71' lang='grc' dir='ltr'>τροφήν.</span> <span class='ocrx_word' id='word_1_561' title='bbox 1693 1507 1794 1541; x_wconf 72' lang='grc' dir='ltr'>Ὠσπερ</span> 
     </span>
    </p>
   </div>
   <div class='ocr_carea' id='block_1_77' title="bbox 1007 1552 1795 1591">
    <p class='ocr_par' dir='ltr' id='par_1_77' title="bbox 1007 1552 1795 1591">
     <span class='ocr_line' id='line_1_78' title="bbox 1007 1552 1795 1591; baseline -0.005 -9"><span class='ocrx_word' id='word_1_562' title='bbox 1007 1556 1130 1591; x_wconf 82' lang='grc' dir='ltr'>μέντοιγε</span> <span class='ocrx_word' id='word_1_563' title='bbox 1151 1555 1224 1588; x_wconf 79' lang='grc' dir='ltr'>κριοὶ</span> <span class='ocrx_word' id='word_1_564' title='bbox 1250 1553 1424 1588; x_wconf 73' lang='grc' dir='ltr'>ἐλαυνόμενοι</span> <span class='ocrx_word' id='word_1_565' title='bbox 1440 1553 1478 1588; x_wconf 85' lang='grc' dir='ltr'>μὴ</span> <span class='ocrx_word' id='word_1_566' title='bbox 1500 1553 1651 1588; x_wconf 80' lang='grc' dir='ltr'>τραφέντες</span> <span class='ocrx_word' id='word_1_567' title='bbox 1677 1552 1795 1583; x_wconf 76' lang='grc' dir='ltr'>ἀσθενῶς</span> 
     </span>
    </p>
   </div>
   <div class='ocr_carea' id='block_1_78' title="bbox 1005 1596 1794 1636">
    <p class='ocr_par' dir='ltr' id='par_1_78' title="bbox 1005 1596 1794 1636">
     <span class='ocr_line' id='line_1_79' title="bbox 1005 1596 1794 1636; baseline -0.005 -10"><span class='ocrx_word' id='word_1_568' title='bbox 1005 1600 1166 1636; x_wconf 85' lang='grc' dir='ltr'>πορεύονται</span> <span class='ocrx_word' id='word_1_569' title='bbox 1176 1620 1184 1630; x_wconf 87' lang='grc'>,</span> <span class='ocrx_word' id='word_1_570' title='bbox 1201 1600 1234 1634; x_wconf 79' lang='grc' dir='ltr'>τῇ</span> <span class='ocrx_word' id='word_1_571' title='bbox 1254 1598 1360 1634; x_wconf 82' lang='grc' dir='ltr'>ἀνάγκῃ</span> <span class='ocrx_word' id='word_1_572' title='bbox 1375 1597 1429 1624; x_wconf 86' lang='grc' dir='ltr'>τῶν</span> <span class='ocrx_word' id='word_1_573' title='bbox 1446 1596 1645 1623; x_wconf 73' lang='grc' dir='ltr'>ἐπιδιωκόντων</span> <span class='ocrx_word' id='word_1_574' title='bbox 1662 1597 1794 1626; x_wconf 80' lang='grc' dir='ltr'>εἴκοντες·</span> 
     </span>
    </p>
   </div>
   <div class='ocr_carea' id='block_1_79' title="bbox 1005 1641 1796 1680">
    <p class='ocr_par' dir='ltr' id='par_1_79' title="bbox 1005 1641 1796 1680">
     <span class='ocr_line' id='line_1_80' title="bbox 1005 1641 1796 1680; baseline -0.006 -8"><span class='ocrx_word' id='word_1_575' title='bbox 1005 1645 1092 1677; x_wconf 80' lang='grc' dir='ltr'>οὕτως</span> <span class='ocrx_word' id='word_1_576' title='bbox 1103 1645 1150 1672; x_wconf 70' lang='grc' dir='ltr'>καὶ</span> <span class='ocrx_word' id='word_1_577' title='bbox 1165 1646 1190 1671; x_wconf 74' lang='grc' dir='ltr'>οἱ</span> <span class='ocrx_word' id='word_1_578' title='bbox 1203 1644 1333 1680; x_wconf 77' lang='grc' dir='ltr'>ἄρχοντες</span> <span class='ocrx_word' id='word_1_579' title='bbox 1347 1643 1514 1678; x_wconf 69' lang='grc' dir='ltr'>αἰχμάλωτοι</span> <span class='ocrx_word' id='word_1_580' title='bbox 1527 1642 1680 1677; x_wconf 79' lang='grc' dir='ltr'>γενόμενοι,</span> <span class='ocrx_word' id='word_1_581' title='bbox 1698 1641 1796 1675; x_wconf 73' lang='grc' dir='ltr'>ἀπαγό-</span> 
     </span>
    </p>
   </div>
   <div class='ocr_carea' id='block_1_80' title="bbox 1007 1687 1796 1727">
    <p class='ocr_par' dir='ltr' id='par_1_80' title="bbox 1007 1687 1796 1727">
     <span class='ocr_line' id='line_1_81' title="bbox 1007 1687 1796 1727; baseline -0.006 -9"><span class='ocrx_word' id='word_1_582' title='bbox 1007 1700 1082 1727; x_wconf 86' lang='grc' dir='ltr'>μενοι</span> <span class='ocrx_word' id='word_1_583' title='bbox 1094 1692 1143 1727; x_wconf 81' lang='grc' dir='ltr'>τὴν</span> <span class='ocrx_word' id='word_1_584' title='bbox 1159 1690 1252 1727; x_wconf 84' lang='grc' dir='ltr'>χώραν</span> <span class='ocrx_word' id='word_1_585' title='bbox 1267 1690 1321 1717; x_wconf 84' lang='grc' dir='ltr'><strong>τῶν</strong></span> <span class='ocrx_word' id='word_1_586' title='bbox 1340 1688 1614 1724; x_wconf 77' lang='grc' dir='ltr'>αίχμαλωτισάντων,</span> <span class='ocrx_word' id='word_1_587' title='bbox 1636 1687 1796 1723; x_wconf 70' lang='grc' dir='ltr'>ἐπορεύοντο</span> 
     </span>
    </p>
   </div>
   <div class='ocr_carea' id='block_1_81' title="bbox 1005 1735 1556 1772">
    <p class='ocr_par' dir='ltr' id='par_1_81' title="bbox 1005 1735 1556 1772">
     <span class='ocr_line' id='line_1_82' title="bbox 1005 1735 1556 1772; baseline -0.005 -8"><span class='ocrx_word' id='word_1_588' title='bbox 1005 1738 1056 1764; x_wconf 86' lang='grc' dir='ltr'>οὐκ</span> <span class='ocrx_word' id='word_1_589' title='bbox 1065 1738 1094 1764; x_wconf 77' lang='grc' dir='ltr'>ἐν</span> <span class='ocrx_word' id='word_1_590' title='bbox 1107 1737 1178 1772; x_wconf 69' lang='grc' dir='ltr'>ἰσχύϊ</span> <span class='ocrx_word' id='word_1_591' title='bbox 1190 1737 1249 1763; x_wconf 79' lang='grc' dir='ltr'>κατ’</span> <span class='ocrx_word' id='word_1_592' title='bbox 1265 1736 1327 1771; x_wconf 70' lang='grc' dir='ltr'>ὁψιν</span> <span class='ocrx_word' id='word_1_593' title='bbox 1342 1735 1390 1762; x_wconf 81' lang='grc' dir='ltr'>τοῦ</span> <span class='ocrx_word' id='word_1_594' title='bbox 1404 1735 1556 1766; x_wconf 84' lang='grc' dir='ltr'>διώκοντος.</span> 
     </span>
    </p>
   </div>
   <div class='ocr_carea' id='block_1_82' title="bbox 1043 1778 1796 1816">
    <p class='ocr_par' dir='ltr' id='par_1_82' title="bbox 1043 1778 1796 1816">
     <span class='ocr_line' id='line_1_83' title="bbox 1043 1778 1796 1816; baseline -0.008 -7"><span class='ocrx_word' id='word_1_595' title='bbox 1043 1782 1101 1810; x_wconf 82' lang='grc' dir='ltr'><strong>Τοῦ</strong></span> <span class='ocrx_word' id='word_1_596' title='bbox 1117 1781 1209 1808; x_wconf 79' lang='grc' dir='ltr'>αὐτοῦ</span> <span class='ocrx_word' id='word_1_597' title='bbox 1227 1781 1302 1809; x_wconf 76' lang='grc' dir='ltr'>κατὰ</span> <span class='ocrx_word' id='word_1_598' title='bbox 1313 1779 1481 1816; x_wconf 63' lang='grc' dir='ltr'>ἀναγωγήν.</span> <span class='ocrx_word' id='word_1_599' title='bbox 1501 1780 1574 1815; x_wconf 75' lang='grc' dir='ltr'>Πρὸς</span> <span class='ocrx_word' id='word_1_600' title='bbox 1597 1779 1627 1805; x_wconf 73' lang='grc' dir='ltr'><strong>δὲ</strong></span> <span class='ocrx_word' id='word_1_601' title='bbox 1646 1779 1766 1805; x_wconf 77' lang='grc' dir='ltr'>διάνοιαν</span> <span class='ocrx_word' id='word_1_602' title='bbox 1781 1778 1796 1812; x_wconf 76' lang='grc' dir='ltr'>ἡ</span> 
     </span>
    </p>
   </div>
   <div class='ocr_carea' id='block_1_83' title="bbox 1005 1822 1797 1862">
    <p class='ocr_par' dir='ltr' id='par_1_83' title="bbox 1005 1822 1797 1862">
     <span class='ocr_line' id='line_1_84' title="bbox 1005 1822 1797 1862; baseline -0.008 -8"><span class='ocrx_word' id='word_1_603' title='bbox 1005 1827 1093 1854; x_wconf 84' lang='grc' dir='ltr'>τοιάδε</span> <span class='ocrx_word' id='word_1_604' title='bbox 1107 1827 1180 1862; x_wconf 83' lang='grc' dir='ltr'>ψυχὴ</span> <span class='ocrx_word' id='word_1_605' title='bbox 1195 1826 1318 1862; x_wconf 81' lang='grc' dir='ltr'>θυγάτηρ</span> <span class='ocrx_word' id='word_1_606' title='bbox 1335 1826 1393 1852; x_wconf 74' lang='grc' dir='ltr'>ἐστὶ</span> <span class='ocrx_word' id='word_1_607' title='bbox 1409 1825 1491 1851; x_wconf 83' lang='grc' dir='ltr'>Σιών·</span> <span class='ocrx_word' id='word_1_608' title='bbox 1501 1823 1557 1851; x_wconf 78' lang='grc' dir='ltr'>οἷον</span> <span class='ocrx_word' id='word_1_609' title='bbox 1568 1824 1607 1855; x_wconf 83' lang='grc' dir='ltr'><strong>ὡς</strong></span> <span class='ocrx_word' id='word_1_610' title='bbox 1624 1823 1752 1859; x_wconf 78' lang='grc' dir='ltr'>θυγάτηρ</span> <span class='ocrx_word' id='word_1_611' title='bbox 1761 1822 1797 1848; x_wconf 86' lang='grc' dir='ltr'><strong>δι-</strong></span> 
     </span>
    </p>
   </div>
   <div class='ocr_carea' id='block_1_84' title="bbox 1007 1869 1797 1908">
    <p class='ocr_par' dir='ltr' id='par_1_84' title="bbox 1007 1869 1797 1908">
     <span class='ocr_line' id='line_1_85' title="bbox 1007 1869 1797 1908; baseline -0.006 -9"><span class='ocrx_word' id='word_1_612' title='bbox 1007 1872 1156 1908; x_wconf 85' lang='grc' dir='ltr'>καιοσύνης</span> <span class='ocrx_word' id='word_1_613' title='bbox 1173 1873 1190 1907; x_wconf 83' lang='grc' dir='ltr'>ὴ</span> <span class='ocrx_word' id='word_1_614' title='bbox 1206 1871 1308 1903; x_wconf 83' lang='grc' dir='ltr'>δικαία,</span> <span class='ocrx_word' id='word_1_615' title='bbox 1321 1871 1367 1898; x_wconf 77' lang='grc' dir='ltr'>καὶ</span> <span class='ocrx_word' id='word_1_616' title='bbox 1378 1871 1472 1897; x_wconf 87' lang='grc' dir='ltr'>τέκνον</span> <span class='ocrx_word' id='word_1_617' title='bbox 1486 1869 1582 1905; x_wconf 82' lang='grc' dir='ltr'>σοφίας</span> <span class='ocrx_word' id='word_1_618' title='bbox 1598 1870 1615 1905; x_wconf 79' lang='grc' dir='ltr'>ἡ</span> <span class='ocrx_word' id='word_1_619' title='bbox 1633 1870 1718 1905; x_wconf 77' lang='grc' dir='ltr'>σοφή·</span> <span class='ocrx_word' id='word_1_620' title='bbox 1731 1869 1797 1895; x_wconf 78' lang='grc' dir='ltr'>οὕτω</span> 
     </span>
    </p>
   </div>
   <div class='ocr_carea' id='block_1_85' title="bbox 1006 1913 1798 1952">
    <p class='ocr_par' dir='ltr' id='par_1_85' title="bbox 1006 1913 1798 1952">
     <span class='ocr_line' id='line_1_86' title="bbox 1006 1913 1798 1952; baseline -0.005 -9"><span class='ocrx_word' id='word_1_621' title='bbox 1006 1918 1045 1950; x_wconf 77' lang='grc' dir='ltr'><strong>δὲ,</strong></span> <span class='ocrx_word' id='word_1_622' title='bbox 1055 1917 1116 1943; x_wconf 75' lang='grc' dir='ltr'><strong>ἐπεὶ</strong></span> <span class='ocrx_word' id='word_1_623' title='bbox 1127 1915 1196 1943; x_wconf 85' lang='grc' dir='ltr'>Σιών</span> <span class='ocrx_word' id='word_1_624' title='bbox 1207 1918 1266 1942; x_wconf 82' lang='grc' dir='ltr'>εστι</span> <span class='ocrx_word' id='word_1_625' title='bbox 1278 1916 1308 1942; x_wconf 76' lang='grc' dir='ltr'>τὸ</span> <span class='ocrx_word' id='word_1_626' title='bbox 1321 1916 1527 1952; x_wconf 77' lang='grc' dir='ltr'>σκοπευτήριον,</span> <span class='ocrx_word' id='word_1_627' title='bbox 1537 1916 1554 1950; x_wconf 79' lang='grc' dir='ltr'><strong>ἠ</strong></span> <span class='ocrx_word' id='word_1_628' title='bbox 1567 1914 1746 1950; x_wconf 75' lang='grc' dir='ltr'>σκοπευτικὴ,</span> <span class='ocrx_word' id='word_1_629' title='bbox 1755 1913 1798 1939; x_wconf 77' lang='grc' dir='ltr'>καὶ</span> 
     </span>
    </p>
   </div>
   <div class='ocr_carea' id='block_1_86' title="bbox 1007 1959 1797 1998">
    <p class='ocr_par' dir='ltr' id='par_1_86' title="bbox 1007 1959 1797 1998">
     <span class='ocr_line' id='line_1_87' title="bbox 1007 1959 1797 1998; baseline -0.005 -9"><span class='ocrx_word' id='word_1_630' title='bbox 1007 1962 1182 1998; x_wconf 84' lang='grc' dir='ltr'>θεωρητικῶς</span> <span class='ocrx_word' id='word_1_631' title='bbox 1199 1961 1332 1997; x_wconf 76' lang='grc' dir='ltr'>διιξοδικὴ</span> <span class='ocrx_word' id='word_1_632' title='bbox 1345 1961 1467 1996; x_wconf 83' lang='grc' dir='ltr'>θυγάτηρ</span> <span class='ocrx_word' id='word_1_633' title='bbox 1484 1960 1553 1987; x_wconf 84' lang='grc' dir='ltr'>Σιὼν</span> <span class='ocrx_word' id='word_1_634' title='bbox 1569 1961 1602 1987; x_wconf 81' lang='grc' dir='ltr'>ἂν</span> <span class='ocrx_word' id='word_1_635' title='bbox 1613 1960 1731 1994; x_wconf 87' lang='grc' dir='ltr'>λέγοιτο.</span> <span class='ocrx_word' id='word_1_636' title='bbox 1749 1959 1797 1986; x_wconf 64' lang='grc' dir='ltr'><strong>Εὔα</strong></span> 
     </span>
    </p>
   </div>
   <div class='ocr_carea' id='block_1_87' title="bbox 1007 2006 1797 2044">
    <p class='ocr_par' dir='ltr' id='par_1_87' title="bbox 1007 2006 1797 2044">
     <span class='ocr_line' id='line_1_88' title="bbox 1007 2006 1797 2044; baseline -0.004 -9"><span class='ocrx_word' id='word_1_637' title='bbox 1007 2009 1142 2044; x_wconf 85' lang='grc' dir='ltr'>πρέπειαν</span> <span class='ocrx_word' id='word_1_638' title='bbox 1156 2008 1183 2035; x_wconf 78' lang='grc' dir='ltr'><strong>δὲ</strong></span> <span class='ocrx_word' id='word_1_639' title='bbox 1194 2009 1279 2043; x_wconf 80' lang='grc' dir='ltr'>αὐτῆς</span> <span class='ocrx_word' id='word_1_640' title='bbox 1290 2008 1336 2034; x_wconf 79' lang='grc' dir='ltr'>καὶ</span> <span class='ocrx_word' id='word_1_641' title='bbox 1348 2007 1456 2042; x_wconf 78' lang='grc' dir='ltr'>ἀξίωμα</span> <span class='ocrx_word' id='word_1_642' title='bbox 1469 2006 1495 2033; x_wconf 85' lang='grc' dir='ltr'><strong>τί</strong></span> <span class='ocrx_word' id='word_1_643' title='bbox 1509 2006 1542 2034; x_wconf 71' lang='grc' dir='ltr'>ἂν</span> <span class='ocrx_word' id='word_1_644' title='bbox 1554 2006 1619 2033; x_wconf 76' lang='grc' dir='ltr'>ἄλλο</span> <span class='ocrx_word' id='word_1_645' title='bbox 1630 2006 1747 2037; x_wconf 76' lang='grc' dir='ltr'>δεόντως</span> <span class='ocrx_word' id='word_1_646' title='bbox 1756 2012 1797 2032; x_wconf 58' lang='grc' dir='ltr'><strong>νιν</strong></span> 
     </span>
    </p>
   </div>
   <div class='ocr_carea' id='block_1_88' title="bbox 1008 2050 1798 2089">
    <p class='ocr_par' dir='ltr' id='par_1_88' title="bbox 1008 2050 1798 2089">
     <span class='ocr_line' id='line_1_89' title="bbox 1008 2050 1798 2089; baseline -0.006 -9"><span class='ocrx_word' id='word_1_647' title='bbox 1008 2053 1143 2089; x_wconf 80' lang='grc' dir='ltr'>μιοαίμην</span> <span class='ocrx_word' id='word_1_648' title='bbox 1154 2052 1170 2088; x_wconf 81' lang='grc' dir='ltr'><strong>ἢ</strong></span> <span class='ocrx_word' id='word_1_649' title='bbox 1181 2052 1227 2079; x_wconf 83' lang='grc' dir='ltr'>τὸν</span> <span class='ocrx_word' id='word_1_650' title='bbox 1235 2051 1349 2079; x_wconf 85' lang='grc' dir='ltr'>πλοῦτον</span> <span class='ocrx_word' id='word_1_651' title='bbox 1359 2051 1413 2078; x_wconf 86' lang='grc' dir='ltr'>τῶν</span> <span class='ocrx_word' id='word_1_652' title='bbox 1421 2051 1470 2086; x_wconf 86' lang='grc' dir='ltr'>τῆς</span> <span class='ocrx_word' id='word_1_653' title='bbox 1482 2050 1611 2086; x_wconf 80' lang='grc' dir='ltr'>ἀληθείας</span> <span class='ocrx_word' id='word_1_654' title='bbox 1624 2050 1694 2085; x_wconf 84' lang='grc' dir='ltr'>μετὰ</span> <span class='ocrx_word' id='word_1_655' title='bbox 1707 2050 1798 2084; x_wconf 70' lang='grc' dir='ltr'>σοφίας</span> 
     </span>
    </p>
   </div>
   <div class='ocr_carea' id='block_1_89' title="bbox 1006 2094 1799 2135">
    <p class='ocr_par' dir='ltr' id='par_1_89' title="bbox 1006 2094 1799 2135">
     <span class='ocr_line' id='line_1_90' title="bbox 1006 2094 1799 2135; baseline -0.005 -10"><span class='ocrx_word' id='word_1_656' title='bbox 1006 2098 1219 2135; x_wconf 83' lang='grc' dir='ltr'>τεθεωρημένων</span> <span class='ocrx_word' id='word_1_657' title='bbox 1231 2097 1317 2131; x_wconf 84' lang='grc' dir='ltr'>ἁγίων</span> <span class='ocrx_word' id='word_1_658' title='bbox 1331 2097 1491 2132; x_wconf 78' lang='grc' dir='ltr'>δογμάτων;</span> <span class='ocrx_word' id='word_1_659' title='bbox 1509 2095 1593 2122; x_wconf 78' lang='grc' dir='ltr'>Ἐπὰν</span> <span class='ocrx_word' id='word_1_660' title='bbox 1611 2094 1660 2122; x_wconf 75' lang='grc' dir='ltr'>οὖν</span> <span class='ocrx_word' id='word_1_661' title='bbox 1675 2096 1799 2131; x_wconf 79' lang='grc' dir='ltr'>ἀμελὴσῃ</span> 
     </span>
    </p>
   </div>
   <div class='ocr_carea' id='block_1_90' title="bbox 167 2142 950 2180">
    <p class='ocr_par' dir='ltr' id='par_1_90' title="bbox 167 2142 950 2179">
     <span class='ocr_line' id='line_1_91' title="bbox 167 2142 950 2179; baseline -0.004 -6"><span class='ocrx_word' id='word_1_662' title='bbox 167 2144 292 2173; x_wconf 76' lang='lat' dir='ltr'><strong>ctorum?</strong></span> <span class='ocrx_word' id='word_1_663' title='bbox 310 2144 339 2171; x_wconf 88' lang='lat' dir='ltr'><strong>Si</strong></span> <span class='ocrx_word' id='word_1_664' title='bbox 356 2144 418 2179; x_wconf 88' lang='lat' dir='ltr'><strong>quis</strong></span> <span class='ocrx_word' id='word_1_665' title='bbox 437 2144 528 2179; x_wconf 83' lang='lat' dir='ltr'><strong>itaque</strong></span> <span class='ocrx_word' id='word_1_666' title='bbox 554 2144 719 2179; x_wconf 73' lang='lat' dir='ltr'><strong>negligenter</strong></span> <span class='ocrx_word' id='word_1_667' title='bbox 739 2143 824 2178; x_wconf 77' lang='lat' dir='ltr'><strong>egerit</strong></span> <span class='ocrx_word' id='word_1_668' title='bbox 839 2147 901 2178; x_wconf 88' lang='lat' dir='ltr'><strong>post</strong></span> <span class='ocrx_word' id='word_1_669' title='bbox 914 2142 950 2170; x_wconf 92' lang='lat' dir='ltr'><strong>di-</strong></span> 
     </span>
    </p>
   </div>
   <div class='ocr_carea' id='block_1_91' title="bbox 1037 2142 1798 2180">
    <p class='ocr_par' dir='ltr' id='par_1_91' title="bbox 1037 2142 1798 2180">
     <span class='ocr_line' id='line_1_92' title="bbox 1037 2142 1798 2180; baseline -0.008 -8"><span class='ocrx_word' id='word_1_670' title='bbox 1037 2154 1059 2178; x_wconf 76' lang='grc' dir='ltr'>ς,</span> <span class='ocrx_word' id='word_1_671' title='bbox 1070 2145 1138 2180; x_wconf 87' lang='grc' dir='ltr'><strong>μετά</strong></span> <span class='ocrx_word' id='word_1_672' title='bbox 1147 2144 1178 2171; x_wconf 80' lang='grc' dir='ltr'><strong>τὺ</strong></span> <span class='ocrx_word' id='word_1_673' title='bbox 1193 2142 1345 2180; x_wconf 81' lang='grc' dir='ltr'>κτήσασθαι</span> <span class='ocrx_word' id='word_1_674' title='bbox 1358 2143 1466 2178; x_wconf 75' lang='grc' dir='ltr'>ἀξίωμα</span> <span class='ocrx_word' id='word_1_675' title='bbox 1476 2142 1524 2169; x_wconf 71' lang='grc' dir='ltr'><strong>καὶ</strong></span> <span class='ocrx_word' id='word_1_676' title='bbox 1534 2142 1704 2177; x_wconf 79' lang='grc' dir='ltr'>εὐπρέπειαν</span> <span class='ocrx_word' id='word_1_677' title='bbox 1715 2142 1763 2176; x_wconf 76' lang='grc' dir='ltr'>τῆς</span> <span class='ocrx_word' id='word_1_678' title='bbox 1772 2149 1798 2167; x_wconf 82' lang='grc' dir='ltr'><strong>τε</strong></span> 
     </span>
    </p>
   </div>
   <div class='ocr_carea' id='block_1_92' title="bbox 168 2188 954 2224">
    <p class='ocr_par' dir='ltr' id='par_1_92' title="bbox 168 2188 954 2224">
     <span class='ocr_line' id='line_1_93' title="bbox 168 2188 954 2224; baseline -0.001 -8"><span class='ocrx_word' id='word_1_679' title='bbox 168 2189 279 2224; x_wconf 70' lang='lat' dir='ltr'><strong>gnitatis</strong></span> <span class='ocrx_word' id='word_1_680' title='bbox 300 2188 461 2223; x_wconf 86' lang='lat' dir='ltr'><strong>decorisque</strong></span> <span class='ocrx_word' id='word_1_681' title='bbox 484 2189 683 2216; x_wconf 78' lang='lat' dir='ltr'><strong>assecutionem</strong></span> <span class='ocrx_word' id='word_1_682' title='bbox 697 2209 704 2221; x_wconf 86' lang='lat'><strong>,</strong></span> <span class='ocrx_word' id='word_1_683' title='bbox 737 2188 838 2216; x_wconf 88' lang='lat' dir='ltr'><strong>amittit</strong></span> <span class='ocrx_word' id='word_1_684' title='bbox 860 2195 954 2215; x_wconf 85' lang='lat' dir='ltr'><strong>carum</strong></span> 
     </span>
    </p>
   </div>
   <div class='ocr_carea' id='block_1_93' title="bbox 169 2233 956 2270">
    <p class='ocr_par' dir='ltr' id='par_1_93' title="bbox 169 2233 956 2270">
     <span class='ocr_line' id='line_1_94' title="bbox 169 2233 956 2270; baseline -0.003 -8"><span class='ocrx_word' id='word_1_685' title='bbox 169 2235 369 2270; x_wconf 84' lang='lat' dir='ltr'><strong>possessionem</strong></span> <span class='ocrx_word' id='word_1_686' title='bbox 393 2233 602 2268; x_wconf 85' lang='lat' dir='ltr'><strong>divinarumque</strong></span> <span class='ocrx_word' id='word_1_687' title='bbox 624 2234 780 2261; x_wconf 87' lang='lat' dir='ltr'><strong>divitiarum</strong></span> <span class='ocrx_word' id='word_1_688' title='bbox 804 2234 956 2261; x_wconf 86' lang='lat' dir='ltr'><strong>incremen-</strong></span> 
     </span>
    </p>
   </div>
   <div class='ocr_carea' id='block_1_94' title="bbox 169 2278 956 2314">
    <p class='ocr_par' dir='ltr' id='par_1_94' title="bbox 169 2278 956 2314">
     <span class='ocr_line' id='line_1_95' title="bbox 169 2278 956 2314; baseline -0.001 -8"><span class='ocrx_word' id='word_1_689' title='bbox 169 2284 238 2312; x_wconf 85' lang='lat' dir='ltr'><strong>tum,</strong></span> <span class='ocrx_word' id='word_1_690' title='bbox 261 2283 288 2306; x_wconf 88' lang='lat' dir='ltr'><strong>et</strong></span> <span class='ocrx_word' id='word_1_691' title='bbox 310 2278 487 2313; x_wconf 72' lang='lat' dir='ltr'><strong>egrediuntur</strong></span> <span class='ocrx_word' id='word_1_692' title='bbox 509 2286 570 2314; x_wconf 69' lang='lat' dir='ltr'><strong>quae</strong></span> <span class='ocrx_word' id='word_1_693' title='bbox 592 2278 694 2306; x_wconf 90' lang='lat' dir='ltr'><strong>dudum</strong></span> <span class='ocrx_word' id='word_1_694' title='bbox 713 2279 773 2314; x_wconf 86' lang='lat' dir='ltr'><strong>ejus</strong></span> <span class='ocrx_word' id='word_1_695' title='bbox 797 2282 956 2305; x_wconf 88' lang='lat' dir='ltr'><strong>ornamenta</strong></span> 
     </span>
    </p>
   </div>
   <div class='ocr_carea' id='block_1_95' title="bbox 168 2325 955 2360">
    <p class='ocr_par' dir='ltr' id='par_1_95' title="bbox 168 2325 955 2360">
     <span class='ocr_line' id='line_1_96' title="bbox 168 2325 955 2360; baseline -0.001 -7"><span class='ocrx_word' id='word_1_696' title='bbox 168 2331 256 2353; x_wconf 89' lang='lat' dir='ltr'><strong>erant.</strong></span> <span class='ocrx_word' id='word_1_697' title='bbox 279 2325 418 2360; x_wconf 80' lang='lat' dir='ltr'><strong>Principes</strong></span> <span class='ocrx_word' id='word_1_698' title='bbox 430 2333 506 2359; x_wconf 87' lang='lat' dir='ltr'><strong>vero,</strong></span> <span class='ocrx_word' id='word_1_699' title='bbox 527 2325 575 2360; x_wconf 90' lang='lat' dir='ltr'><strong>qui</strong></span> <span class='ocrx_word' id='word_1_700' title='bbox 592 2326 674 2353; x_wconf 88' lang='lat' dir='ltr'><strong>duces</strong></span> <span class='ocrx_word' id='word_1_701' title='bbox 690 2325 821 2353; x_wconf 70' lang='lat' dir='ltr'><strong>doctrina:</strong></span> <span class='ocrx_word' id='word_1_702' title='bbox 835 2325 955 2357; x_wconf 89' lang='lat' dir='ltr'><strong>fuerunt,</strong></span> 
     </span>
    </p>
   </div>
   <div class='ocr_carea' id='block_1_96' title="bbox 168 2371 958 2407">
    <p class='ocr_par' dir='ltr' id='par_1_96' title="bbox 168 2371 958 2407">
     <span class='ocr_line' id='line_1_97' title="bbox 168 2371 958 2407; baseline 0 -9"><span class='ocrx_word' id='word_1_703' title='bbox 168 2376 196 2398; x_wconf 87' lang='lat' dir='ltr'><strong>et</strong></span> <span class='ocrx_word' id='word_1_704' title='bbox 212 2379 293 2398; x_wconf 91' lang='lat' dir='ltr'><strong>manu</strong></span> <span class='ocrx_word' id='word_1_705' title='bbox 310 2372 446 2398; x_wconf 79' lang='lat' dir='ltr'><strong>duxerunt</strong></span> <span class='ocrx_word' id='word_1_706' title='bbox 471 2371 504 2398; x_wconf 92' lang='lat' dir='ltr'><strong>ad</strong></span> <span class='ocrx_word' id='word_1_707' title='bbox 528 2371 722 2407; x_wconf 89' lang='lat' dir='ltr'><strong>acquirendum</strong></span> <span class='ocrx_word' id='word_1_708' title='bbox 738 2371 895 2406; x_wconf 67' lang='lat' dir='ltr'><strong>praedictum</strong></span> <span class='ocrx_word' id='word_1_709' title='bbox 910 2371 958 2398; x_wconf 85' lang='lat' dir='ltr'><strong>de-</strong></span> 
     </span>
    </p>
   </div>
   <div class='ocr_carea' id='block_1_97' title="bbox 170 2416 956 2452">
    <p class='ocr_par' dir='ltr' id='par_1_97' title="bbox 170 2416 956 2452">
     <span class='ocr_line' id='line_1_98' title="bbox 170 2416 956 2452; baseline -0.001 -8"><span class='ocrx_word' id='word_1_710' title='bbox 170 2425 272 2449; x_wconf 81' lang='lat' dir='ltr'><strong>corem.</strong></span> <span class='ocrx_word' id='word_1_711' title='bbox 290 2422 318 2444; x_wconf 89' lang='lat' dir='ltr'><strong>et</strong></span> <span class='ocrx_word' id='word_1_712' title='bbox 333 2417 420 2444; x_wconf 86' lang='lat' dir='ltr'><strong>instar</strong></span> <span class='ocrx_word' id='word_1_713' title='bbox 432 2417 547 2444; x_wconf 85' lang='lat' dir='ltr'><strong>arietum</strong></span> <span class='ocrx_word' id='word_1_714' title='bbox 565 2417 636 2452; x_wconf 76' lang='lat' dir='ltr'><strong>gregi</strong></span> <span class='ocrx_word' id='word_1_715' title='bbox 650 2417 828 2451; x_wconf 62' lang='lat' dir='ltr'><strong>praeuntium</strong></span> <span class='ocrx_word' id='word_1_716' title='bbox 845 2423 895 2444; x_wconf 92' lang='lat' dir='ltr'><strong>nec</strong></span> <span class='ocrx_word' id='word_1_717' title='bbox 912 2416 956 2443; x_wconf 86' lang='lat' dir='ltr'><strong>in—</strong></span> 
     </span>
    </p>
   </div>
   <div class='ocr_carea' id='block_1_98' title="bbox 170 2461 956 2497">
    <p class='ocr_par' dir='ltr' id='par_1_98' title="bbox 170 2461 956 2497">
     <span class='ocr_line' id='line_1_99' title="bbox 170 2461 956 2497; baseline -0.003 -7"><span class='ocrx_word' id='word_1_718' title='bbox 170 2463 336 2490; x_wconf 87' lang='lat' dir='ltr'><strong>venientium</strong></span> <span class='ocrx_word' id='word_1_719' title='bbox 352 2471 463 2497; x_wconf 85' lang='lat' dir='ltr'><strong>pascua,</strong></span> <span class='ocrx_word' id='word_1_720' title='bbox 480 2462 582 2490; x_wconf 89' lang='lat' dir='ltr'><strong>redacti</strong></span> <span class='ocrx_word' id='word_1_721' title='bbox 595 2467 698 2490; x_wconf 90' lang='lat' dir='ltr'><strong>suntet</strong></span> <span class='ocrx_word' id='word_1_722' title='bbox 713 2462 764 2497; x_wconf 89' lang='lat' dir='ltr'><strong>ipsi</strong></span> <span class='ocrx_word' id='word_1_723' title='bbox 777 2462 810 2489; x_wconf 82' lang='lat' dir='ltr'><strong>ad</strong></span> <span class='ocrx_word' id='word_1_724' title='bbox 824 2461 956 2496; x_wconf 85' lang='lat' dir='ltr'><strong>inopiam,</strong></span> 
     </span>
    </p>
   </div>
   <div class='ocr_carea' id='block_1_99' title="bbox 171 2508 958 2545">
    <p class='ocr_par' dir='ltr' id='par_1_99' title="bbox 171 2508 958 2545">
     <span class='ocr_line' id='line_1_100' title="bbox 171 2508 958 2545; baseline -0.003 -9"><span class='ocrx_word' id='word_1_725' title='bbox 171 2509 336 2545; x_wconf 75' lang='lat' dir='ltr'><strong>negligentes</strong></span> <span class='ocrx_word' id='word_1_726' title='bbox 352 2516 514 2536; x_wconf 75' lang='lat' dir='ltr'><strong>conservare</strong></span> <span class='ocrx_word' id='word_1_727' title='bbox 528 2516 560 2536; x_wconf 90' lang='lat' dir='ltr'><strong>ea</strong></span> <span class='ocrx_word' id='word_1_728' title='bbox 575 2515 636 2543; x_wconf 65' lang='lat' dir='ltr'><strong>qua:</strong></span> <span class='ocrx_word' id='word_1_729' title='bbox 661 2508 774 2542; x_wconf 83' lang='lat' dir='ltr'><strong>seipsos,</strong></span> <span class='ocrx_word' id='word_1_730' title='bbox 791 2512 817 2534; x_wconf 91' lang='lat' dir='ltr'><strong>et</strong></span> <span class='ocrx_word' id='word_1_731' title='bbox 834 2515 910 2539; x_wconf 85' lang='lat' dir='ltr'><strong>ores,</strong></span> <span class='ocrx_word' id='word_1_732' title='bbox 928 2511 958 2534; x_wconf 85' lang='lat' dir='ltr'><strong>ut</strong></span> 
     </span>
    </p>
   </div>
   <div class='ocr_carea' id='block_1_100' title="bbox 171 2553 957 2590">
    <p class='ocr_par' dir='ltr' id='par_1_100' title="bbox 171 2553 957 2590">
     <span class='ocr_line' id='line_1_101' title="bbox 171 2553 957 2590; baseline -0.004 -8"><span class='ocrx_word' id='word_1_733' title='bbox 171 2555 206 2582; x_wconf 90' lang='lat' dir='ltr'><strong>ita</strong></span> <span class='ocrx_word' id='word_1_734' title='bbox 229 2556 330 2588; x_wconf 81' lang='lat' dir='ltr'><strong>dicam,</strong></span> <span class='ocrx_word' id='word_1_735' title='bbox 347 2555 515 2590; x_wconf 75' lang='lat' dir='ltr'><strong>impinguarc</strong></span> <span class='ocrx_word' id='word_1_736' title='bbox 531 2558 665 2589; x_wconf 88' lang='lat' dir='ltr'><strong>poterant.</strong></span> <span class='ocrx_word' id='word_1_737' title='bbox 690 2553 860 2588; x_wconf 79' lang='lat' dir='ltr'><strong>Quapropter</strong></span> <span class='ocrx_word' id='word_1_738' title='bbox 881 2553 957 2580; x_wconf 91' lang='lat' dir='ltr'><strong>debi-</strong></span> 
     </span>
    </p>
   </div>
   <div class='ocr_carea' id='block_1_101' title="bbox 170 2598 957 2636">
    <p class='ocr_par' dir='ltr' id='par_1_101' title="bbox 170 2598 957 2636">
     <span class='ocr_line' id='line_1_102' title="bbox 170 2598 957 2636; baseline -0.004 -9"><span class='ocrx_word' id='word_1_739' title='bbox 170 2601 237 2628; x_wconf 89' lang='lat' dir='ltr'><strong>litati</strong></span> <span class='ocrx_word' id='word_1_740' title='bbox 253 2606 279 2628; x_wconf 89' lang='lat' dir='ltr'><strong>et</strong></span> <span class='ocrx_word' id='word_1_741' title='bbox 293 2609 309 2628; x_wconf 88' lang='lat' dir='ltr'><strong>a</strong></span> <span class='ocrx_word' id='word_1_742' title='bbox 323 2605 501 2636; x_wconf 84' lang='lat' dir='ltr'><strong>persequente</strong></span> <span class='ocrx_word' id='word_1_743' title='bbox 515 2599 714 2634; x_wconf 87' lang='lat' dir='ltr'><strong>comprehensi,</strong></span> <span class='ocrx_word' id='word_1_744' title='bbox 736 2599 782 2634; x_wconf 92' lang='lat' dir='ltr'><strong>qui</strong></span> <span class='ocrx_word' id='word_1_745' title='bbox 797 2603 840 2626; x_wconf 90' lang='lat' dir='ltr'><strong>est</strong></span> <span class='ocrx_word' id='word_1_746' title='bbox 861 2598 957 2625; x_wconf 82' lang='lat' dir='ltr'><strong>adver-</strong></span> 
     </span>
    </p>
   </div>
   <div class='ocr_carea' id='block_1_102' title="bbox 171 2643 958 2678">
    <p class='ocr_par' dir='ltr' id='par_1_102' title="bbox 171 2643 958 2678">
     <span class='ocr_line' id='line_1_103' title="bbox 171 2643 958 2678; baseline -0.003 -7"><span class='ocrx_word' id='word_1_747' title='bbox 171 2645 260 2672; x_wconf 81' lang='lat' dir='ltr'><strong>sarius</strong></span> <span class='ocrx_word' id='word_1_748' title='bbox 281 2649 376 2672; x_wconf 83' lang='lat' dir='ltr'><strong>noster</strong></span> <span class='ocrx_word' id='word_1_749' title='bbox 390 2644 526 2678; x_wconf 89' lang='lat' dir='ltr'><strong>diabolus,</strong></span> <span class='ocrx_word' id='word_1_750' title='bbox 554 2648 617 2671; x_wconf 86' lang='lat' dir='ltr'><strong>ante</strong></span> <span class='ocrx_word' id='word_1_751' title='bbox 638 2644 714 2671; x_wconf 92' lang='lat' dir='ltr'><strong>illum</strong></span> <span class='ocrx_word' id='word_1_752' title='bbox 737 2643 870 2678; x_wconf 88' lang='lat' dir='ltr'><strong>compulsi</strong></span> <span class='ocrx_word' id='word_1_753' title='bbox 891 2646 958 2669; x_wconf 88' lang='lat' dir='ltr'><strong>eunt</strong></span> 
     </span>
    </p>
   </div>
   <div class='ocr_carea' id='block_1_103' title="bbox 171 2688 957 2725">
    <p class='ocr_par' dir='ltr' id='par_1_103' title="bbox 171 2688 957 2725">
     <span class='ocr_line' id='line_1_104' title="bbox 171 2688 957 2725; baseline -0.001 -8"><span class='ocrx_word' id='word_1_754' title='bbox 171 2698 333 2725; x_wconf 88' lang='lat' dir='ltr'><strong>quocunque</strong></span> <span class='ocrx_word' id='word_1_755' title='bbox 355 2691 393 2718; x_wconf 91' lang='lat' dir='ltr'><strong>illi</strong></span> <span class='ocrx_word' id='word_1_756' title='bbox 417 2692 516 2719; x_wconf 89' lang='lat' dir='ltr'><strong>ducere</strong></span> <span class='ocrx_word' id='word_1_757' title='bbox 541 2690 660 2718; x_wconf 86' lang='lat' dir='ltr'><strong>libuerit.</strong></span> <span class='ocrx_word' id='word_1_758' title='bbox 684 2689 762 2723; x_wconf 83' lang='lat' dir='ltr'><strong>Quod</strong></span> <span class='ocrx_word' id='word_1_759' title='bbox 783 2689 806 2717; x_wconf 87' lang='lat' dir='ltr'><strong>si</strong></span> <span class='ocrx_word' id='word_1_760' title='bbox 831 2688 957 2724; x_wconf 63' lang='lat' dir='ltr'><strong>prmdicta</strong></span> 
     </span>
    </p>
   </div>
   <div class='ocr_carea' id='block_1_104' title="bbox 208 2789 411 2824">
    <p class='ocr_par' dir='ltr' id='par_1_104' title="bbox 208 2789 411 2824">
     <span class='ocr_line' id='line_1_105' title="bbox 208 2789 411 2824; baseline 0.005 -7"><span class='ocrx_word' id='word_1_761' title='bbox 208 2789 219 2806; x_wconf 87' lang='grc'>¹</span> <span class='ocrx_word' id='word_1_762' title='bbox 229 2789 324 2818; x_wconf 74' lang='lat' dir='ltr'><strong>Matth.</strong></span> <span class='ocrx_word' id='word_1_763' title='bbox 336 2798 373 2824; x_wconf 75' lang='grc' dir='ltr'><strong>γι,</strong></span> <span class='ocrx_word' id='word_1_764' title='bbox 384 2791 411 2818; x_wconf 75' lang='lat'><strong>2.</strong></span> 
     </span>
    </p>
   </div>
   <div class='ocr_carea' id='block_1_105' title="bbox 1007 2188 1799 2226">
    <p class='ocr_par' dir='ltr' id='par_1_105' title="bbox 1007 2188 1799 2226">
     <span class='ocr_line' id='line_1_106' title="bbox 1007 2188 1799 2226; baseline -0.003 -10"><span class='ocrx_word' id='word_1_765' title='bbox 1007 2190 1110 2217; x_wconf 89' lang='grc' dir='ltr'>τούτων</span> <span class='ocrx_word' id='word_1_766' title='bbox 1117 2191 1229 2226; x_wconf 83' lang='grc' dir='ltr'>συνοχῆς</span> <span class='ocrx_word' id='word_1_767' title='bbox 1236 2191 1282 2217; x_wconf 77' lang='grc' dir='ltr'>καὶ</span> <span class='ocrx_word' id='word_1_768' title='bbox 1290 2191 1338 2226; x_wconf 81' lang='grc' dir='ltr'>τῆς</span> <span class='ocrx_word' id='word_1_769' title='bbox 1346 2190 1392 2217; x_wconf 85' lang='grc' dir='ltr'>τοῦ</span> <span class='ocrx_word' id='word_1_770' title='bbox 1401 2189 1516 2216; x_wconf 85' lang='grc' dir='ltr'>πλούτου</span> <span class='ocrx_word' id='word_1_771' title='bbox 1524 2189 1572 2216; x_wconf 86' lang='grc' dir='ltr'>τοῦ</span> <span class='ocrx_word' id='word_1_772' title='bbox 1580 2188 1653 2215; x_wconf 82' lang='grc' dir='ltr'>θείου</span> <span class='ocrx_word' id='word_1_773' title='bbox 1662 2189 1799 2225; x_wconf 72' lang='grc' dir='ltr'>αὐξήσεως</span> 
     </span>
    </p>
   </div>
   <div class='ocr_carea' id='block_1_106' title="bbox 1009 2235 1798 2273">
    <p class='ocr_par' dir='ltr' id='par_1_106' title="bbox 1009 2235 1798 2273">
     <span class='ocr_line' id='line_1_107' title="bbox 1009 2235 1798 2273; baseline -0.004 -10"><span class='ocrx_word' id='word_1_774' title='bbox 1009 2236 1134 2272; x_wconf 77' lang='grc' dir='ltr'>ἀπορῤεἰ,</span> <span class='ocrx_word' id='word_1_775' title='bbox 1150 2237 1197 2263; x_wconf 81' lang='grc' dir='ltr'>καὶ</span> <span class='ocrx_word' id='word_1_776' title='bbox 1213 2237 1355 2273; x_wconf 70' lang='grc' dir='ltr'>ἐξέρχεται</span> <span class='ocrx_word' id='word_1_777' title='bbox 1369 2235 1404 2262; x_wconf 79' lang='grc' dir='ltr'><strong>τὰ</strong></span> <span class='ocrx_word' id='word_1_778' title='bbox 1416 2236 1485 2267; x_wconf 76' lang='grc' dir='ltr'>τέως</span> <span class='ocrx_word' id='word_1_779' title='bbox 1501 2235 1602 2270; x_wconf 70' lang='grc' dir='ltr'>κόσμος</span> <span class='ocrx_word' id='word_1_780' title='bbox 1619 2235 1707 2269; x_wconf 76' lang='grc' dir='ltr'>αὐτῆς</span> <span class='ocrx_word' id='word_1_781' title='bbox 1735 2243 1798 2268; x_wconf 83' lang='grc' dir='ltr'>τυγ-</span> 
     </span>
    </p>
   </div>
   <div class='ocr_carea' id='block_1_107' title="bbox 1006 2279 1799 2317">
    <p class='ocr_par' dir='ltr' id='par_1_107' title="bbox 1006 2279 1799 2317">
     <span class='ocr_line' id='line_1_108' title="bbox 1006 2279 1799 2317; baseline -0.005 -9"><span class='ocrx_word' id='word_1_782' title='bbox 1006 2281 1136 2316; x_wconf 76' lang='grc' dir='ltr'>χάνοντα.</span> <span class='ocrx_word' id='word_1_783' title='bbox 1158 2282 1305 2317; x_wconf 73' lang='grc' dir='ltr'>’Ἄρχοντες</span> <span class='ocrx_word' id='word_1_784' title='bbox 1319 2281 1348 2307; x_wconf 78' lang='grc' dir='ltr'><strong>δὲ</strong></span> <span class='ocrx_word' id='word_1_785' title='bbox 1358 2281 1383 2307; x_wconf 76' lang='grc' dir='ltr'>οι</span> <span class='ocrx_word' id='word_1_786' title='bbox 1399 2280 1568 2316; x_wconf 77' lang='grc' dir='ltr'>ἡγησάμενοι</span> <span class='ocrx_word' id='word_1_787' title='bbox 1590 2279 1636 2306; x_wconf 89' lang='grc' dir='ltr'>τοῦ</span> <span class='ocrx_word' id='word_1_788' title='bbox 1652 2279 1744 2314; x_wconf 78' lang='grc' dir='ltr'>λόγου,</span> <span class='ocrx_word' id='word_1_789' title='bbox 1756 2279 1799 2305; x_wconf 74' lang='grc' dir='ltr'>καὶ</span> 
     </span>
    </p>
   </div>
   <div class='ocr_carea' id='block_1_108' title="bbox 1009 2326 1799 2363">
    <p class='ocr_par' dir='ltr' id='par_1_108' title="bbox 1009 2326 1799 2363">
     <span class='ocr_line' id='line_1_109' title="bbox 1009 2326 1799 2363; baseline -0.001 -11"><span class='ocrx_word' id='word_1_790' title='bbox 1009 2328 1262 2363; x_wconf 86' lang='grc' dir='ltr'>χειραγωγήσαντες</span> <span class='ocrx_word' id='word_1_791' title='bbox 1285 2328 1330 2355; x_wconf 72' lang='grc' dir='ltr'><strong>ἐπὶ</strong></span> <span class='ocrx_word' id='word_1_792' title='bbox 1344 2328 1394 2363; x_wconf 83' lang='grc' dir='ltr'>τὴν</span> <span class='ocrx_word' id='word_1_793' title='bbox 1411 2327 1507 2362; x_wconf 81' lang='grc' dir='ltr'>κτῆσιν</span> <span class='ocrx_word' id='word_1_794' title='bbox 1530 2326 1581 2361; x_wconf 81' lang='grc' dir='ltr'>τῆς</span> <span class='ocrx_word' id='word_1_795' title='bbox 1599 2326 1799 2361; x_wconf 67' lang='grc' dir='ltr'>προειρημένης</span> 
     </span>
    </p>
   </div>
   <div class='ocr_carea' id='block_1_109' title="bbox 1008 2370 1799 2409">
    <p class='ocr_par' dir='ltr' id='par_1_109' title="bbox 1008 2370 1799 2409">
     <span class='ocr_line' id='line_1_110' title="bbox 1008 2370 1799 2409; baseline -0.003 -11"><span class='ocrx_word' id='word_1_796' title='bbox 1008 2373 1174 2408; x_wconf 82' lang='grc' dir='ltr'>εὐπρεπείας</span> <span class='ocrx_word' id='word_1_797' title='bbox 1195 2373 1274 2409; x_wconf 83' lang='grc' dir='ltr'>δίκην</span> <span class='ocrx_word' id='word_1_798' title='bbox 1293 2373 1379 2409; x_wconf 81' lang='grc' dir='ltr'>κριῶν</span> <span class='ocrx_word' id='word_1_799' title='bbox 1399 2373 1453 2399; x_wconf 80' lang='grc' dir='ltr'>τῶν</span> <span class='ocrx_word' id='word_1_800' title='bbox 1477 2372 1659 2408; x_wconf 78' lang='grc' dir='ltr'>ἡγησαμένων</span> <span class='ocrx_word' id='word_1_801' title='bbox 1682 2372 1732 2407; x_wconf 82' lang='grc' dir='ltr'>τῆς</span> <span class='ocrx_word' id='word_1_802' title='bbox 1749 2370 1799 2397; x_wconf 77' lang='grc' dir='ltr'>τῶν</span> 
     </span>
    </p>
   </div>
   <div class='ocr_carea' id='block_1_110' title="bbox 1009 2417 1798 2455">
    <p class='ocr_par' dir='ltr' id='par_1_110' title="bbox 1009 2417 1798 2455">
     <span class='ocr_line' id='line_1_111' title="bbox 1009 2417 1798 2455; baseline -0.004 -9"><span class='ocrx_word' id='word_1_803' title='bbox 1009 2419 1153 2454; x_wconf 76' lang='grc' dir='ltr'>προϐάτων</span> <span class='ocrx_word' id='word_1_804' title='bbox 1169 2419 1285 2455; x_wconf 83' lang='grc' dir='ltr'>ποίμνης</span> <span class='ocrx_word' id='word_1_805' title='bbox 1296 2420 1345 2454; x_wconf 84' lang='grc' dir='ltr'>οὐχ</span> <span class='ocrx_word' id='word_1_806' title='bbox 1357 2419 1537 2454; x_wconf 77' lang='grc' dir='ltr'>εὑρισκόντων</span> <span class='ocrx_word' id='word_1_807' title='bbox 1550 2418 1647 2453; x_wconf 83' lang='grc' dir='ltr'>νομὴν,</span> <span class='ocrx_word' id='word_1_808' title='bbox 1659 2418 1688 2444; x_wconf 76' lang='grc' dir='ltr'>ὲν</span> <span class='ocrx_word' id='word_1_809' title='bbox 1705 2417 1798 2444; x_wconf 81' lang='grc' dir='ltr'>σπάνει</span> 
     </span>
    </p>
   </div>
   <div class='ocr_carea' id='block_1_111' title="bbox 1008 2464 1798 2501">
    <p class='ocr_par' dir='ltr' id='par_1_111' title="bbox 1008 2464 1798 2501">
     <span class='ocr_line' id='line_1_112' title="bbox 1008 2464 1798 2501; baseline 0 -11"><span class='ocrx_word' id='word_1_810' title='bbox 1008 2464 1177 2500; x_wconf 82' lang='grc' dir='ltr'>κατέστησαν</span> <span class='ocrx_word' id='word_1_811' title='bbox 1196 2466 1243 2492; x_wconf 73' lang='grc' dir='ltr'>καὶ</span> <span class='ocrx_word' id='word_1_812' title='bbox 1268 2465 1355 2497; x_wconf 76' lang='grc' dir='ltr'>αὐτοὶ,</span> <span class='ocrx_word' id='word_1_813' title='bbox 1375 2465 1486 2497; x_wconf 81' lang='grc' dir='ltr'>ἀνέντες</span> <span class='ocrx_word' id='word_1_814' title='bbox 1509 2465 1558 2501; x_wconf 79' lang='grc' dir='ltr'>τὴν</span> <span class='ocrx_word' id='word_1_815' title='bbox 1586 2465 1725 2500; x_wconf 74' lang='grc' dir='ltr'>προσοχὴν</span> <span class='ocrx_word' id='word_1_816' title='bbox 1748 2472 1798 2490; x_wconf 78' lang='grc' dir='ltr'><strong>των</strong></span> 
     </span>
    </p>
   </div>
   <div class='ocr_carea' id='block_1_112' title="bbox 1008 2509 1798 2546">
    <p class='ocr_par' dir='ltr' id='par_1_112' title="bbox 1008 2509 1798 2546">
     <span class='ocr_line' id='line_1_113' title="bbox 1008 2509 1798 2546; baseline 0.001 -11"><span class='ocrx_word' id='word_1_817' title='bbox 1008 2509 1165 2545; x_wconf 79' lang='grc' dir='ltr'>δυναμένων</span> <span class='ocrx_word' id='word_1_818' title='bbox 1185 2511 1283 2542; x_wconf 76' lang='grc' dir='ltr'>αὐτούς</span> <span class='ocrx_word' id='word_1_819' title='bbox 1309 2519 1339 2537; x_wconf 88' lang='grc' dir='ltr'><strong>τε</strong></span> <span class='ocrx_word' id='word_1_820' title='bbox 1365 2511 1412 2537; x_wconf 67' lang='grc' dir='ltr'>καὶ</span> <span class='ocrx_word' id='word_1_821' title='bbox 1439 2510 1474 2537; x_wconf 80' lang='grc' dir='ltr'><strong>τά</strong></span> <span class='ocrx_word' id='word_1_822' title='bbox 1490 2511 1630 2546; x_wconf 77' lang='grc' dir='ltr'>πρόϐατα,</span> <span class='ocrx_word' id='word_1_823' title='bbox 1657 2510 1690 2536; x_wconf 76' lang='grc' dir='ltr'><strong>ἵν’</strong></span> <span class='ocrx_word' id='word_1_824' title='bbox 1715 2510 1798 2539; x_wconf 79' lang='grc' dir='ltr'>οὕτως</span> 
     </span>
    </p>
   </div>
   <div class='ocr_carea' id='block_1_113' title="bbox 1010 2552 1797 2590">
    <p class='ocr_par' dir='ltr' id='par_1_113' title="bbox 1010 2552 1797 2590">
     <span class='ocr_line' id='line_1_114' title="bbox 1010 2552 1797 2590; baseline 0.004 -11"><span class='ocrx_word' id='word_1_825' title='bbox 1010 2552 1090 2587; x_wconf 79' lang='grc' dir='ltr'>εἴπω,</span> <span class='ocrx_word' id='word_1_826' title='bbox 1104 2555 1207 2581; x_wconf 79' lang='grc' dir='ltr'>πιᾶναι.</span> <span class='ocrx_word' id='word_1_827' title='bbox 1217 2554 1266 2581; x_wconf 87' lang='grc' dir='ltr'>Διὰ</span> <span class='ocrx_word' id='word_1_828' title='bbox 1275 2555 1353 2581; x_wconf 84' lang='grc' dir='ltr'>τοῦτο</span> <span class='ocrx_word' id='word_1_829' title='bbox 1361 2555 1567 2590; x_wconf 82' lang='grc' dir='ltr'>ἀσθενήσαντες,</span> <span class='ocrx_word' id='word_1_830' title='bbox 1581 2553 1797 2588; x_wconf 75' lang='grc' dir='ltr'>καταληφθέντες</span> 
     </span>
    </p>
   </div>
   <div class='ocr_carea' id='block_1_114' title="bbox 1010 2596 1796 2632">
    <p class='ocr_par' dir='ltr' id='par_1_114' title="bbox 1010 2596 1796 2632">
     <span class='ocr_line' id='line_1_115' title="bbox 1010 2596 1796 2632; baseline -0.003 -8"><span class='ocrx_word' id='word_1_831' title='bbox 1010 2597 1064 2624; x_wconf 85' lang='grc' dir='ltr'><strong>ὺπδ</strong></span> <span class='ocrx_word' id='word_1_832' title='bbox 1083 2598 1130 2624; x_wconf 83' lang='grc' dir='ltr'>τοῦ</span> <span class='ocrx_word' id='word_1_833' title='bbox 1149 2598 1310 2630; x_wconf 80' lang='grc' dir='ltr'>διώκοντος,</span> <span class='ocrx_word' id='word_1_834' title='bbox 1333 2599 1406 2631; x_wconf 79' lang='grc' dir='ltr'>ὅστις</span> <span class='ocrx_word' id='word_1_835' title='bbox 1424 2599 1498 2625; x_wconf 78' lang='grc' dir='ltr'>ἐστὶν</span> <span class='ocrx_word' id='word_1_836' title='bbox 1520 2601 1535 2625; x_wconf 86' lang='grc' dir='ltr'><strong><em>ὸ</em></strong></span> <span class='ocrx_word' id='word_1_837' title='bbox 1562 2599 1696 2629; x_wconf 78' lang='grc' dir='ltr'>ἀντίδικος</span> <span class='ocrx_word' id='word_1_838' title='bbox 1722 2596 1796 2632; x_wconf 73' lang='grc' dir='ltr'>ἡμῶν</span> 
     </span>
    </p>
   </div>
   <div class='ocr_carea' id='block_1_115' title="bbox 1010 2643 1795 2680">
    <p class='ocr_par' dir='ltr' id='par_1_115' title="bbox 1010 2643 1795 2680">
     <span class='ocr_line' id='line_1_116' title="bbox 1010 2643 1795 2680; baseline 0 -10"><span class='ocrx_word' id='word_1_839' title='bbox 1010 2643 1132 2675; x_wconf 73' lang='grc' dir='ltr'>διάϐολος</span> <span class='ocrx_word' id='word_1_840' title='bbox 1144 2663 1151 2676; x_wconf 91' lang='grc'>,</span> <span class='ocrx_word' id='word_1_841' title='bbox 1165 2643 1318 2679; x_wconf 79' lang='grc' dir='ltr'>ἔμπροσθεν</span> <span class='ocrx_word' id='word_1_842' title='bbox 1339 2644 1421 2671; x_wconf 81' lang='grc' dir='ltr'>αὐτοῦ</span> <span class='ocrx_word' id='word_1_843' title='bbox 1445 2644 1606 2680; x_wconf 78' lang='grc' dir='ltr'>πορεύονται</span> <span class='ocrx_word' id='word_1_844' title='bbox 1628 2643 1795 2676; x_wconf 67' lang='grc' dir='ltr'>ἐλαυνόμενοι</span> 
     </span>
    </p>
   </div>
   <div class='ocr_carea' id='block_1_116' title="bbox 1010 2687 1796 2724">
    <p class='ocr_par' dir='ltr' id='par_1_116' title="bbox 1010 2687 1796 2724">
     <span class='ocr_line' id='line_1_117' title="bbox 1010 2687 1796 2724; baseline -0.001 -10"><span class='ocrx_word' id='word_1_845' title='bbox 1010 2687 1064 2722; x_wconf 79' lang='grc' dir='ltr'><strong>ὅπη</strong></span> <span class='ocrx_word' id='word_1_846' title='bbox 1077 2688 1180 2720; x_wconf 65' lang='grc' dir='ltr'>ἐκεῖνος</span> <span class='ocrx_word' id='word_1_847' title='bbox 1192 2689 1269 2723; x_wconf 80' lang='grc' dir='ltr'>ἄγειν</span> <span class='ocrx_word' id='word_1_848' title='bbox 1288 2689 1383 2716; x_wconf 80' lang='grc' dir='ltr'>ἐθέλοι.</span> <span class='ocrx_word' id='word_1_849' title='bbox 1408 2689 1469 2715; x_wconf 81' lang='grc' dir='ltr'>Ἐὰν</span> <span class='ocrx_word' id='word_1_850' title='bbox 1492 2689 1615 2724; x_wconf 77' lang='grc' dir='ltr'>μέντοιγε</span> <span class='ocrx_word' id='word_1_851' title='bbox 1635 2689 1652 2723; x_wconf 79' lang='grc' dir='ltr'><strong>ἠ</strong></span> <span class='ocrx_word' id='word_1_852' title='bbox 1672 2693 1796 2724; x_wconf 76' lang='grc' dir='ltr'>προειρηο</span> 
     </span>
    </p>
   </div>
  </div>
