1872 3048
101 137 156 166 σεδ

715 137 869 166 SELECTA
890 137 922 164 IN
944 137 1114 165 THRENOS.

1677 136 1725 163 626

101 193 246 227 γεγόνασιν
261 193 322 219 ἀντὶ
337 192 448 226 ἐνδόξων
462 192 658 228 ἡμαυρωμὲνοι
676 194 722 220 καὶ
737 194 848 228 ἀφανεῖς
863 194 894 226 ἐξ

969 206 972 220 ι
990 193 1157 226 servitutem,
1177 197 1203 220 ct
1220 191 1285 220 facti
1301 196 1366 220 sunt
1378 191 1424 227 qui
1441 192 1561 220 illustres
1575 197 1662 225 erant,
1677 193 1727 220 ob-

101 238 217 274 ἀτιμίας
232 238 281 264 καὶ
295 238 414 274 ὕϐρεως·
433 237 467 264 δι’
484 238 556 273 ἅπερ
580 239 618 269 είς
633 238 744 273 διηνεκῆ
767 239 894 266 πέπτωκε

103 284 193 318 λύπην
209 285 226 319 ἡ
244 284 333 316 πόλις.

146 329 346 364 Ἐττρηγορήθη
360 330 408 357 ἐπὶ
425 330 460 357 τὰ
471 330 643 365 ἀσεϐήματά
651 339 710 366 μου
720 339 726 346 '
740 331 774 357 ἐν
789 331 894 365 χερσιν

102 378 198 404 αὑτοῦ
211 376 461 410 συνεπλάκησαν.
487 377 519 403 Ἦ
532 377 657 413 Πρόνοια,
670 377 762 412 φησὶν,
778 377 824 403 ἐπὶ
838 379 894 410 τοῖς

102 424 182 457 ἐμοῖς
202 422 374 457 ἀσεϐήμασιν
390 422 420 448 οὑ
438 421 613 457 κεκοίμηται·
629 421 696 453 Θεὸς
716 421 780 456 γὰρ,
800 420 893 457 ὧσπερ

103 470 145 500 εἰς
165 469 260 503 χεῖρας
275 467 365 494 λαῦὼν
381 467 460 498 αὐτὰ,
477 467 521 494 διὰ
539 468 590 502 τῆς
610 467 760 499 ἐξετάσεως
775 468 832 498 τοῖς
849 467 894 493 διὰ

103 514 154 549 τὴν
176 513 354 540 ἀνταπόδοσιν
377 512 518 544 ἑνέπλεξεν
541 513 645 549 ἔργοις¹
665 513 711 539 καὶ
732 512 827 547 γέψνέ
849 521 893 548 μοι

103 559 193 586 ταῦτα
216 559 340 595 καθάπερ
358 559 404 585 ἐπὶ
424 560 559 595 τραχήλου
582 559 681 594 ζυγὸς,
701 560 748 586 καὶ
772 559 893 586 δουλείαν

104 604 241 640 ἐπέθηκεν
250 613 257 619 ·
270 605 304 640 ἢν
317 605 370 641 γὰρ
380 605 523 632 ἐδούλευσα
535 605 573 640 τῷ
586 605 819 641 Ναϐουχοδονόσορ
833 606 895 632 ὅου-

103 649 190 682 λείαν,
207 650 243 677 τὰ
256 650 311 685 ἐμά
331 652 404 678 ἐστιν
424 651 585 686 ἀσεὸήματα
596 659 604 666 θ
621 651 716 687 διόπερ
732 652 824 683 ἄτονος
844 652 892 686 γέ-

102 703 174 729 γονα
191 696 373 730 παραδοθεῖσα
387 697 491 728 τούτοις
504 693 541 723 ὧν
561 697 708 732 ὑποστῆναι
726 697 775 733 τὴν
795 697 892 723 δεσπο-

103 739 182 766 τείαν
200 741 231 766 οὑ
247 740 373 775 δύναμαι.
389 742 443 768 Καὶ
462 742 524 776 μετ’
541 742 638 775 ὀλίγα*
668 742 696 768 ὐ
716 741 797 776 ζυγὸς
811 741 893 768 αὑτοῦ
911 760 914 764 ι

104 785 178 812 κατὰ
193 786 239 812 τοῦ
256 787 390 822 τραχήλου
418 796 478 822 μου.
498 787 638 813 Δείκνυται
653 787 682 813 δὲ
696 787 740 813 διὰ
758 786 805 813 τοῦ
823 795 894 822 παρ-

102 830 182 862 όντος
206 831 288 866 ῥητοῦ
315 831 514 868 τροπικώτερον
541 833 596 858 δεῖν
619 831 837 867 ὲκλαμὸάνεσθαι
859 831 895 858 τά

103 876 144 908 ὡς
165 877 229 911 περὶ
249 877 344 903 παθῶν
361 877 502 912 ἡμετέρων
518 877 651 912 λεγόμενα
668 877 792 913 περὶτοῦ
812 877 890 904 Θεοῦ.
909 870 931 899 B

103 923 170 954 ΙΙῶς
184 923 238 958 γὰρ
251 922 284 949 ἂν
299 922 385 954 ἄλλως
400 923 507 959 νοηθείη
523 923 558 950 τὰ
573 923 622 958 τῆς
641 923 817 959 Ἰερουσαλὴμ
830 924 892 950 ἀσε-

102 968 217 1003 ϐήματα
234 969 266 1004 τῇ
283 968 330 994 τοῦ
352 968 418 995 Θεοῦ
439 968 668 1004 συμπεπλεγμένα
683 969 754 1004 χειρὶ
770 969 891 1004 ἥτροπι-

101 1015 176 1047 κῶς;
191 1015 222 1041 οὒ
235 1015 288 1050 γὰρ
302 1015 334 1041 ἄν
346 1023 387 1046 τις
399 1014 473 1049 λέγοι
488 1014 630 1041 καὶταῦτα
645 1014 815 1049 σωματικῶς.
831 1013 893 1045 Πῶς

98 1059 131 1086 δὲ
153 1060 204 1086 οὐκ
226 1059 325 1086 ἄτοπον
340 1059 390 1094 τῆς
416 1060 465 1094 μὲν
491 1059 667 1094 Ἰερουσαλὴμ
685 1059 790 1090 πόλεως
810 1058 892 1094 οὑσης

98 1106 148 1132 τὸν
163 1106 297 1141 τράχηλον
311 1106 493 1142 λαμϐάνεσθαι
509 1105 657 1141 τροπικῶς,
672 1105 707 1132 τὰ
722 1105 751 1132 δὲ
766 1104 833 1131 Θεοῦ
849 1104 892 1130 λε-

98 1152 206 1186 γόμενα
229 1151 297 1187 μέλη
317 1152 353 1186 μὴ
378 1152 423 1178 τὸν
439 1151 520 1178 αὑτὸν
537 1151 684 1177 ἀκούεσθαι
699 1151 815 1186 τρόπον;
841 1151 892 1176 Λε-

100 1197 194 1230 γέσθω
205 1197 233 1223 δὲ
244 1197 280 1223 τὰ
292 1197 339 1224 νῦν
353 1198 390 1229 ὡς
403 1197 454 1224 ὑπὸ
466 1197 554 1231 ψυχῆς
570 1198 610 1228 εἰς
626 1196 751 1223 ἀσέϐειαν
767 1195 892 1222 ὑπνωσά-

99 1250 165 1277 σης,
182 1243 211 1268 ὲν
227 1242 266 1277 τῷ
278 1243 457 1277 ἀφηνιακὲναι
472 1243 520 1277 μὲν
534 1243 586 1268 ἀπὸ
597 1241 644 1268 τοῦ
661 1241 794 1277 σωτηρίου
810 1241 892 1275 ζυγοῦ

98 1287 149 1313 τοῦ
176 1287 270 1321 ὑγιοῦς
296 1288 386 1322 λόγου,
410 1288 439 1314 ὃν
465 1290 480 1314 ὀ
499 1288 594 1324 Σωτὴρ
615 1287 742 1323 ὀνομάζει
765 1287 891 1322 χρηστὸν,

99 1333 278 1360 ὑποδῦναιδὲ
299 1335 345 1360 τὸν
368 1334 420 1360 τῶν
437 1334 628 1369 ἀσεϐημάτων,
652 1333 685 1360 δι’
702 1330 739 1360 ὧν
763 1333 892 1369 ὴτὸνησεν

99 1378 236 1412 ἀφεθεῖσα
257 1379 307 1414 τῆς
329 1379 404 1410 θείας
420 1380 580 1414 ἐπισκοπῆς,
601 1380 647 1405 καὶ
662 1379 843 1414 παραδοθεῖσα
859 1380 892 1414 τῇ

100 1424 285 1460 βασιλευούσῃ
300 1424 353 1451 τῶν
375 1425 467 1451 κακῶν
485 1425 614 1460 ἁμαρτίᾳ,
629 1422 662 1460 ἧς
683 1426 741 1456 τοῖς
761 1424 892 1460 θελήμασι

100 1469 147 1496 διὰ
160 1470 190 1495 τὸ
204 1470 394 1506 ἀπεριόριστον
409 1471 456 1497 καὶ
471 1471 583 1506 ἄπειρον
599 1471 648 1506 τῆς
660 1470 756 1502 κακίας
772 1470 802 1496 οὐ
816 1469 893 1495 δύνα-

100 1525 149 1544 ται
168 1516 258 1551 πάντη
275 1517 455 1552 ὑπουργῆσαι,
473 1518 519 1544 καὶ
543 1517 622 1552 κόρον
639 1517 707 1552 αὑτῇ
730 1518 891 1552 παρασχεῖν.

100 1563 238 1590 Ταπεινοῐ·
250 1563 278 1589 δὲ
293 1562 405 1598 ὄντωςὴ
423 1563 552 1598 ἁμαρτία,
571 1563 618 1589 καὶ
640 1563 728 1597 ἄγχει,
752 1564 797 1589 καὶ
820 1564 894 1590 κάτω

101 1607 215 1642 βλέπειν
230 1609 317 1633 ποιεῖ’
332 1607 411 1641 ζυγὸς
424 1608 452 1634 δὲ
463 1609 509 1634 καὶ
523 1608 554 1634 τὸ
569 1608 685 1639 συνειδὸς
698 1609 780 1643 ἄγχον
793 1609 836 1635 ἀεὶ
849 1610 895 1636 καὶ

100 1653 267 1688 τιτρῶσκον,
286 1654 332 1680 καὶ
349 1653 486 1680 ἀνανεύειν
506 1654 542 1689 μὴ
559 1654 726 1690 συγχωροῦν,
741 1655 788 1681 καὶ
806 1655 894 1692 πάσης

99 1699 306 1734 ἀφαιρούμενον
321 1700 486 1735 παρρησίας.
505 1700 623 1735 Πάρεσιν
635 1701 673 1732 δὲ,
690 1701 767 1736 φησὶ,
784 1702 831 1728 καὶ
847 1703 895 1736 τῆς

102 1744 209 1779 ἰηύος,
261 1745 298 1780 μὴ
310 1745 399 1777 καλῶς
415 1746 584 1781 ἐχρησάμην,
598 1746 721 1782 ἐποίησε,
739 1747 786 1773 καὶ
797 1746 895 1782 λύομαι

99 1790 140 1816 τὰ.
158 1790 306 1826 συνέχοντά
324 1799 357 1826 με
375 1790 512 1827 θεωροῦσα
529 1791 611 1818 κακά.

147 1875 252 1910 Ἐξιῆρε
276 1876 391 1909 πάντας
407 1877 477 1910 τοὺς
502 1879 646 1912 Ζσχυρούς
662 1887 721 1913 μου
736 1880 844 1913 Κύριος
861 1879 896 1906 ἐν

98 1921 189 1956 μέσῳ
199 1930 269 1955 μου.
287 1921 343 1948 Οὐκ
359 1923 391 1949 ὲκ
407 1923 488 1958 μέσου
504 1932 554 1958 μου
570 1924 665 1960 ἐξῆρεν
679 1925 791 1957 αὐτούς·
806 1926 830 1951 εἰ
843 1925 896 1961 γὰρ

100 1968 153 1994 καὶ
165 1967 361 2004 ἀπεστερήμην
379 1969 477 2001 αὐτῶν,
491 1969 548 1995 ἀλλ’
567 1969 630 2005 ὲξῆν
653 1972 693 2002 εἰς
712 1971 793 2006 ἕτερα
813 1980 896 1998 κατα-

99 2012 276 2048 χρήσασθαι·
292 2013 348 2040 ἀλλ’
369 2015 396 2040 ἐν
415 2015 493 2050 μέσῳ
515 2024 565 2051 μου
585 2016 680 2043 παθεῖν
703 2017 802 2048 αὐτοὺς
818 2026 897 2044 κατε-

99 2059 200 2085 δίκασε
217 2059 250 2085 δι’
266 2059 337 2095 ἆπερ
353 2060 484 2096 ἠσέϐησα,
498 2061 545 2088 καὶ
561 2062 725 2089 πεπόνθασιν
742 2064 765 2089 οἱ
776 2063 897 2089 ἐκλεκτοί

102 2112 161 2138 μου
176 2104 211 2130 τὰ
223 2104 412 2139 χαλεπώτατα,
428 2106 511 2133 αὑτοῦ
527 2106 572 2134 τοῦ
590 2108 694 2143 Κυρίου
709 2108 754 2134 τὸν
767 2105 838 2135 οἶνον
850 2108 897 2135 τοῦ

100 2149 195 2185 θυμοῦ
209 2150 291 2177 αὑτοῦ
303 2152 333 2177 ἐν
346 2151 419 2187 ληνῷ
431 2153 599 2188 πατήσαντος
613 2154 653 2185 είς
667 2153 822 2189 πλησμονὴν
837 2155 899 2189 ἐμοὶ

946 241 1018 268 scuri
1033 244 1060 266 et
1075 238 1208 274 ignobiles
1223 238 1258 266 ob
1269 239 1432 272 vituperium
1448 243 1474 265 et
1486 238 1639 273 opprobria.
1659 237 1726 265 Pro-

946 290 1035 320 pterea
1054 273 1297 317 inisenlpiternum
1311 273 1456 310 mcerorem
1470 283 1566 310 civitas
1591 282 1707 310 incidit“

983 330 1059 358 Vcrs.
1086 331 1130 358 Η.
1166 330 1289 365 Vigilauit
1310 337 1387 363 super
1410 329 1556 360 impietate:
1580 337 1667 361 meas,
1699 330 1728 356 in

946 376 1066 402 numilms
1090 376 1154 402 meis
1181 374 1344 409 complicato:
1368 379 1440 401 sunt.
1465 373 1648 406 Providentia,
1677 375 1726 407 ait,

945 429 1028 456 super
1052 423 1119 450 meis
1144 421 1333 456 iniquitatibus
1359 428 1411 447 non
1437 420 1628 448 obdormivit:
1656 420 1727 448 Deus

945 475 1064 502 namque
1077 468 1155 502 quasi
1178 466 1305 494 manibus
1326 473 1373 494 eas
1393 466 1538 500 accipiens,
1556 473 1603 500 per
1617 466 1726 501 disqui-

945 514 1073 541 sitmnem
1091 522 1153 542 cum
1175 514 1304 548 operibus
1323 512 1508 540 retributionis
1532 513 1685 546 convolvit;
1701 518 1729 540 et

944 559 1045 587 factum
1076 559 1141 586 mihi
1172 568 1204 586 ex
1233 559 1285 587 illis
1309 564 1352 586 est
1375 564 1504 594 tanquam
1526 559 1622 594 jugum
1647 567 1728 594 super

943 606 1059 638 collum,
1077 609 1104 632 et
1128 605 1255 640 imposita
1282 605 1411 633 servitus.
1437 604 1559 632 Servitus
1582 605 1653 632 enim
1674 612 1727 640 qua

943 651 1043 678 servivi
1071 650 1330 679 Nabucliodonosori
1345 672 1353 685 ,
1381 659 1449 679 mete
1474 651 1626 686 impietatcs
1648 656 1726 678 sunt;

945 697 1048 724 idcirco
1066 697 1202 731 inﬁrmata
1220 701 1258 724 est
1275 698 1359 724 uirtus
1382 705 1450 729 mea,
1474 705 1535 724 nam
1555 697 1653 724 tradita
1675 697 1729 724 illis

944 750 1004 769 sum
1025 750 1141 777 quorum
1169 742 1240 769 ferre
1262 743 1431 769 dominatum
1462 750 1515 770 non
1541 751 1662 777 possum.
1694 742 1728 769 Et

944 787 1035 821 paucis
1047 787 1190 822 interjectis
1201 795 1210 815 :
1221 787 1319 822 Jugum
1336 787 1408 814 illius
1419 795 1500 821 super
1513 787 1612 815 collum
1626 795 1727 814 meum.

946 831 992 859 llis
1009 832 1099 860 verbis
1114 832 1276 865 ostenditur,
1289 840 1350 867 quae
1364 832 1446 859 veluti
1458 840 1505 866 per
1518 833 1651 859 humanos
1665 832 1729 859 allia-

946 883 1006 905 ctus
1031 877 1085 905 Deo
1113 878 1292 910 tribuuntur,
1326 879 1438 915 liguratc
1465 885 1526 905 esse
1555 878 1728 912 explicanda.

945 923 1012 950 Nam
1032 924 1168 957 quomodo
1183 924 1261 950 aliter
1276 923 1478 959 intelligendum
1492 924 1544 951 erit
1555 923 1730 959 Jerosolymae

945 969 1099 1004 impietatcs
1121 968 1146 994 in
1159 967 1206 995 Dei
1231 975 1312 994 manu
1337 968 1507 998 convolutas.
1532 968 1583 995 nisi
1608 969 1731 1002 tropice?

947 1023 996 1042 nec
1021 1014 1092 1041 enim
1119 1014 1218 1041 dixerit
1246 1013 1382 1049 quispiam
1417 1015 1594 1048 cm'poraliter
1618 1020 1645 1041 et
1668 1015 1730 1042 illas

947 1060 1128 1094 accipiendas.
1161 1060 1303 1092 Quomodo
1329 1060 1393 1087 item
1416 1060 1563 1087 absurdum
1591 1068 1644 1087 non
1665 1061 1727 1092 erit.

946 1105 1109 1138 Jerusalem,
1123 1114 1183 1140 qua:
1197 1106 1293 1133 civitas
1309 1110 1361 1138 est,
1381 1106 1480 1133 collum
1498 1106 1611 1141 ﬁgurate
1624 1106 1709 1141 accipi
1721 1127 1728 1138 ,

946 1159 1007 1185 qlue
1035 1159 1098 1179 vero
1121 1152 1198 1186 quasi
1223 1151 1345 1178 membra
1369 1150 1416 1178 Dei
1439 1151 1585 1184 dicuntur,
1616 1159 1669 1178 non
1695 1151 1728 1178 ad

946 1196 1071 1223 eumdem
1097 1196 1208 1231 intelligi
1233 1195 1363 1223 modum?
1387 1196 1516 1223 Dicantur
1537 1203 1602 1223 vero
1625 1196 1681 1223 hac
1702 1196 1729 1223 in

947 1242 1091 1276 praesentia
1116 1241 1198 1268 veluti
1220 1241 1254 1269 ab
1278 1242 1381 1274 anima,
1399 1250 1461 1276 qua:
1481 1242 1508 1269 in
1531 1242 1667 1277 impietate
1682 1242 1729 1269 ob-

947 1286 1106 1313 dormiverit
1136 1294 1253 1314 excusso
1283 1287 1394 1314 salutari
1426 1294 1500 1315 same
1524 1287 1637 1315 rationis
1654 1286 1730 1322 iugo,

946 1332 1018 1366 quod
1036 1332 1160 1359 Salvator
1174 1338 1254 1360 vocat
1265 1340 1364 1364 suave.
1386 1333 1466 1368 332
1488 1337 1515 1360 et
1534 1333 1661 1368 imposito
1679 1333 1730 1360 sibi

944 1377 1010 1412 jugo
1034 1377 1195 1412 impietatis,
1220 1377 1291 1404 unde
1310 1381 1337 1404 et
1358 1377 1493 1405 inﬁrmata
1514 1378 1549 1405 sit
1569 1378 1658 1405 divina
1679 1385 1732 1412 ope

947 1423 1087 1456 destituta,
1118 1427 1145 1450 et
1173 1423 1300 1457 nequitia:
1332 1423 1430 1450 tradita
1462 1424 1595 1451 malorum
1621 1424 1731 1459 regina,

947 1469 1026 1503 cuius
1047 1469 1165 1502 libidini,
1183 1474 1323 1504 propterea
1338 1469 1409 1504 quod
1428 1469 1533 1496 inﬁnita
1547 1474 1588 1497 est
1610 1475 1636 1497 et
1650 1470 1731 1497 nullis

947 1516 1028 1543 certis
1053 1515 1202 1543 includitur
1228 1515 1368 1548 terminis,
1390 1516 1528 1543 deservire
1545 1516 1656 1543 omnino
1676 1523 1730 1543 non

946 1565 1039 1594 queat,
1061 1561 1176 1596 ejusque
1187 1561 1343 1596 cupidinem
1364 1561 1474 1588 satiare.
1499 1560 1630 1588 Humiliat
1652 1569 1731 1596 porro

947 1615 1009 1635 vere
1024 1612 1174 1641 peccatum,
1188 1611 1215 1634 et
1231 1607 1315 1642 angit,
1328 1612 1354 1634 et
1370 1606 1499 1634 deorsum
1522 1607 1621 1634 intueri
1642 1607 1731 1642 cogit;

944 1651 1040 1686 iugum
1066 1659 1176 1686 quoque
1202 1654 1243 1678 est
1263 1651 1428 1679 conscientia
1450 1659 1558 1686 semper
1579 1660 1682 1687 angens
1701 1659 1731 1680 ac

946 1697 1114 1729 vulnerans,
1136 1701 1163 1723 et
1185 1703 1294 1723 sursum
1320 1697 1416 1724 oculos
1441 1697 1566 1724 attollere
1594 1705 1647 1724 non
1674 1704 1733 1732 per-

947 1742 1069 1774 mittens,
1091 1745 1117 1768 et
1138 1741 1213 1768 omni
1238 1741 1363 1769 libertate
1384 1742 1505 1776 privans.
1528 1741 1622 1769 Robur
1639 1742 1732 1773 etiam,

947 1787 1055 1822 inquit,
1070 1794 1125 1821 quo
1156 1794 1210 1813 non
1225 1786 1293 1813 bene
1315 1794 1364 1813 usa
1384 1794 1445 1814 sum
1465 1787 1614 1821 enervavit,
1634 1787 1732 1815 dissol-

946 1840 1049 1867 vorquc
1064 1831 1134 1859 mala
1147 1831 1248 1866 quibus
1260 1832 1398 1866 opprimor
1412 1837 1557 1860 contuens.

984 1878 1059 1905 Vcrs.
1080 1878 1123 1904 15.
1144 1877 1261 1904 Abstulit
1275 1885 1364 1904 omnes
1382 1878 1465 1912 fortes
1480 1886 1550 1904 meo:
1563 1877 1692 1905 Dominus
1705 1879 1732 1905 in

948 1923 1033 1950 metuo
1052 1923 1113 1949 mei.
1138 1922 1198 1950 Non
1219 1923 1252 1949 de
1275 1923 1364 1949 medio
1383 1923 1434 1949 mei
1454 1923 1566 1950 abstulit
1581 1930 1650 1950 eos:
1669 1931 1731 1950 nam

947 1970 999 1997 etsi
1021 1969 1116 1996 orbata
1131 1976 1205 1995 eram
1227 1968 1291 2001 illis,
1313 1967 1360 1995 sed
1381 1967 1480 1995 licebat
1501 1968 1529 1995 in
1547 1969 1615 1995 alios
1630 1969 1732 1998 abusus

947 2019 1122 2047 convertere;
1148 2022 1242 2041 verum
1265 2014 1325 2041 illos
1341 2014 1368 2040 in
1382 2013 1471 2041 medio
1490 2014 1542 2041 mei
1557 2014 1665 2041 dolores
1678 2016 1731 2050 pati

947 2068 996 2088 eos
1008 2060 1200 2088 condemnavit
1211 2064 1321 2095 propter
1329 2067 1360 2087 ea
1368 2067 1428 2094 quae
1437 2059 1518 2094 impie
1526 2060 1609 2094 gessi,
1616 2065 1646 2088 et
1659 2061 1731 2096 passi

948 2112 1012 2135 sunt
1033 2106 1209 2134 acerbissima
1236 2106 1314 2133 electi
1335 2106 1404 2139 mei,
1431 2106 1491 2141 ipso
1506 2106 1620 2135 Domino
1638 2107 1731 2134 vinum

949 2152 1051 2179 furoris
1077 2152 1119 2179 sui
1145 2151 1172 2178 in
1197 2151 1325 2178 torculari
1358 2152 1480 2179 calcante
1503 2152 1536 2179 ad
1561 2153 1731 2180 saturitatem

99 2196 154 2222 καὶ
172 2197 205 2231 τῇ
225 2197 353 2231 παρθένῳ
367 2197 412 2224 τοῦ
431 2197 642 2233 βασιλικωτάτου
666 2199 759 2226 Ἰούδα.
776 2200 858 2234 Λέγοι
874 2201 894 2227 δ’

969 2198 1015 2225 tibi
1030 2198 1182 2234 virginique
1197 2198 1277 2233 regite
1288 2198 1437 2226 nobilitatis
1449 2198 1528 2227 Iuda.
1544 2199 1627 2227 Vocat
1641 2205 1732 2228 autem

101 2240 137 2267 ἂν
162 2241 289 2276 ἰσχυροὺς
314 2242 362 2276 μὲν
378 2243 441 2273 τοὺς
455 2242 585 2275 δυνατοὺς
604 2245 633 2270 ὲν
651 2244 761 2280 πολέμῳ
781 2245 827 2272 καὶ
846 2247 896 2280 τῆς

100 2286 236 2321 πατρίδος
257 2287 503 2322 ὑπερασπίζοντας,
518 2289 662 2322 ἐκλεκτοὺς
684 2291 712 2317 δὲ
737 2291 800 2322 τοὺς
817 2292 895 2325 εὐγε-

99 2332 163 2362 νεῖς
185 2331 202 2365 ἢ
218 2332 281 2363 τοὺς
301 2333 409 2367 σοφούς.
427 2334 574 2369 Σαφηνίςει
597 2335 677 2367 δὲτὸ,
703 2337 801 2370 ληνὸν
825 2337 896 2363 ἑπά-

100 2383 190 2409 τησε,
206 2376 238 2402 τὸ
250 2378 313 2412 περὶ
325 2378 374 2413 τῆς
386 2379 439 2405 τῶν
453 2379 622 2415 ἁμαρτωλῶν
635 2382 768 2416 τιμωρίας
780 2382 809 2408 ἐν
820 2382 896 2408 Ψαλ-

103 2424 169 2457 μοῖς
183 2423 329 2458 εἰρημένον
339 2432 345 2438 ·
361 2425 509 2459 Ποτήριον
528 2425 564 2452 ἐν
578 2427 654 2460 χειρὶ
674 2427 786 2461 Κυρίου
809 2428 894 2455 οἴνου

99 2468 248 2502 ἀκράτου,
264 2470 379 2504 πλῆρες
394 2471 589 2506 κεράσματος,
605 2472 759 2507 κλινόμενον
774 2474 806 2499 ὲκ
818 2473 895 2500 τοῦδέ

100 2521 177 2544 τινος
186 2513 234 2540 τοῦ
246 2514 426 2550 κολαζομένου
436 2515 482 2542 ἐπὶ
493 2517 539 2543 τὸν
544 2517 740 2552 -κολαξόμενον,
750 2518 802 2549 ἓως
814 2519 896 2545 πίωσι

99 2558 220 2592 πάντες
233 2561 260 2586 οἱ
274 2560 442 2595 ἁμαρτωλοὶ
460 2562 516 2596 τῆς
536 2562 659 2598 γῆς-,τῆς
675 2564 773 2599 τρυγὸς
789 2564 896 2591 ὑπολει-

101 2605 230 2640 πομένης
251 2608 308 2638 τοῖς
322 2607 558 2644 ἁμαρτωλοτέροις
580 2609 620 2635 ἐτι
638 2610 739 2637 τούτων
759 2611 896 2647 ὑπάρχου-

100 2660 159 2683 σιν,
178 2652 219 2683 εἱς
241 2652 286 2684 οὓς
307 2653 478 2687 τελευταίους
498 2657 512 2682 ὁ
535 2656 647 2690 τρυγίας
668 2656 891 2692 ὲκκενωθήσεται.

140 2698 244 2730 Ant-(ir
250 2699 384 2733 ἐπάτησε
393 2702 500 2735 Κύριος
509 2702 645 2736 παρθένῳ
655 2703 774 2736 θυγατρὶ
791 2703 892 2729 Ἰούδα.

99 2742 142 2770 οὐ
162 2743 279 2777 χαλεπὸν
293 2745 320 2771 δὲ
335 2746 397 2773 ἰδεῖν
409 2747 467 2779 πῶς
483 2747 560 2783 ληνὸν
575 2749 695 2783 ἐπάτησε
712 2748 811 2783 Κύριος
826 2757 894 2784 παρ-

157 2835 171 2850 ⁶
188 2832 259 2861 Psal.
277 2841 374 2868 Lxxrv,
388 2836 413 2862 9.

950 2245 1034 2272 fortes
1055 2250 1184 2272 strenuos
1201 2245 1311 2280 quidem
1332 2245 1359 2272 in
1373 2245 1455 2278 bello,
1473 2246 1622 2281 patriaeque
1634 2246 1731 2273 dcl‘cn—

949 2300 1043 2324 sores;
1067 2293 1168 2319 electos
1192 2299 1257 2319 vero
1275 2292 1388 2325 nobiles,
1407 2292 1448 2319 vel
1470 2292 1616 2327 sapientes.
1644 2292 1732 2328 Expo-

948 2338 1021 2365 nitur
1035 2343 1125 2365 autem
1139 2338 1241 2365 dictum
1255 2338 1317 2370 hoc,
1335 2338 1452 2365 torcular
1466 2339 1589 2370 calcarit,
1601 2346 1649 2373 per
1666 2339 1731 2366 illud

947 2384 1019 2418 quod
1040 2384 1066 2410 in
1082 2384 1199 2411 Psalmis
1220 2383 1253 2410 de
1272 2388 1444 2418 peccatorum
1469 2384 1556 2418 pinnis
1579 2385 1693 2412 habetur
1704 2385 1731 2412 ’λι

947 2429 1026 2457 Catia:
1039 2430 1066 2456 in
1082 2437 1163 2456 manu
1178 2429 1284 2455 Domini
1295 2429 1349 2456 υἱιιί
1358 2430 1432 2460 meri,
1442 2429 1538 2463 plenus
1549 2429 1637 2461 mixto,
1653 2429 1732 2456 irreli-

948 2481 1030 2503 natus
1043 2483 1076 2502 ex
1093 2475 1144 2502 hoc
1159 2475 1205 2510 qui
1223 2474 1333 2509 punitur
1346 2475 1379 2502 ad
1395 2474 1476 2502 alium
1490 2475 1625 2509 punitum,
1644 2475 1731 2502 donec

947 2521 1065 2549 biberint
1077 2528 1165 2547 omnes
1184 2525 1332 2555 peccatores
1344 2524 1436 2551 teme;
1452 2519 1517 2546 Ecce
1527 2524 1662 2547 reservata
1678 2520 1730 2547 illis

946 2567 992 2602 qui
1006 2567 1096 2594 adhue
1111 2567 1199 2601 magis
1213 2569 1456 2601 peccatoressunt,
1471 2565 1496 2592 in
1509 2572 1577 2599 quos
1593 2572 1729 2599 postremo

947 2615 997 2641 faex
1009 2612 1196 2641 cvacuabitur.

984 2701 1112 2729 Torrnlnr
1143 2701 1256 2728 calcavit
1280 2701 1407 2727 Dominus
1438 2700 1542 2735 uirgini
1557 2700 1622 2735 ﬁlia:
1644 2699 1726 2727 Iuda.

949 2747 1057 2775 Dillicile
1070 2754 1133 2774 vero
1145 2754 1197 2773 non
1212 2751 1253 2774 est
1266 2754 1344 2774 nosse
1357 2747 1624 2781 quomodo-torcular
1637 2745 1722 2773 Dem}.
