1872 3048
193 149 240 180 πῖ

894 149 939 176 EX
961 147 1113 177 ORIGENE

1762 147 1806 174 ἰπὲ

194 210 301 238 viduata
331 209 381 243 sit,
398 213 444 242 et,
468 208 541 244 quod
564 207 770 236 acerbissimum
796 212 855 241 est,
882 208 972 235 hostili

1059 208 1105 243 ιρί.
1130 206 1351 242 Προσωποποιὶας
1365 206 1392 232 δὲ
1404 205 1496 241 οῡσης,
1509 206 1540 232 οὐ
1552 206 1593 232 δεῖ
1609 205 1702 242 ζητεῖν
1714 207 1808 239 πόλεως

194 263 287 283 manu.
322 255 392 282 Cum
415 263 479 283 vero
499 255 543 282 hic
564 253 754 289 prosopopmia
778 253 832 286 sit,
858 261 911 280 non
935 258 977 280 est

194 300 357 334 qumrendus
386 305 478 327 venter
501 300 576 326 urbis
598 299 644 334 qui
670 298 790 333 peperit,
811 302 836 325 et
859 306 907 325 cor
932 306 977 325 so-

195 343 292 370 lutum.

230 386 307 415 Vers.
325 387 370 414 2|.
392 387 496 419 Audite,
520 389 638 420 obsecro,
661 388 724 423 quia
751 388 892 423 ingemisco
918 396 975 422 ego.

195 431 313 459 Partitur
337 440 489 459 sermonem
514 441 594 459 suum
616 432 768 460 Jerusalem
793 433 825 460 ad
852 433 976 460 inimicos

193 486 208 504 a
221 478 321 512 quibus
339 477 425 504 audiri
442 478 507 509 \‘ult,
525 481 552 504 et
570 477 602 505 ad
620 477 716 505 Deum.
736 477 788 505 Sed
802 478 866 513 quid
882 478 977 505 inritat

195 524 286 550 hostes
300 522 331 549 ad
347 522 531 549 audiendum?
549 523 604 550 Cur
621 523 654 550 ad
668 523 750 550 Deum
769 524 857 558 inquit
873 524 977 551 l;etatos

192 575 240 594 eos
252 567 351 595 fuisse?
363 567 498 595 Fortassis
511 568 601 603 igitur,
613 569 675 604 quia
689 569 802 596 cadente
813 569 976 603 Jerusalem,

192 612 266 639 salus
290 611 359 639 facta
380 618 422 640 est
444 614 569 648 gentibus
594 615 626 641 ad
650 616 850 649 provocandam
866 615 978 642 aemula-

191 657 303 688 tionem,
313 661 340 685 et
354 659 462 692 quando
476 659 610 693 plenitudo
625 661 740 694 gentium
754 661 896 693 aduenerit,
916 667 978 688 tunc

189 701 270 737 335
286 703 370 730 omnis
385 703 471 730 Israel
494 704 642 731 mirabitur
656 706 687 730 ¹⁸.
712 706 807 733 Priora
832 707 864 733 ad
885 712 978 742 gentes

190 748 348 782 proplietice
368 749 444 780 dicit,
463 752 615 784 posteriora
631 759 696 778 vero
713 751 746 778 ad
760 752 842 780 Deum
874 753 978 780 Dolori-

192 792 245 820 bus
264 793 360 820 relicta
378 802 456 825 sum,
481 800 510 821 ut
535 795 623 822 locum
650 796 796 828 haberetis,
819 802 846 824 et
869 803 978 832 propter

191 845 240 865 vos
253 837 365 865 iiiiiuica
381 839 435 866 Deo
451 839 521 866 facta
536 848 608 872 sum,
626 841 687 868 licet
702 842 851 869 secundum
867 842 978 870 electio-

1029 253 1131 280 κοιλίαν
1146 252 1288 284 τεκοῦσαν,
1302 252 1347 279 καὶ
1362 251 1475 287 καρδίαν
1485 252 1644 287 λελυμένην.

1069 378 1228 405 Ἀκούσατε
1241 377 1291 411 δὴ,
1308 377 1352 404 ὅτι
1367 375 1497 406 στενάζω
1508 376 1573 411 ἐγώ.
1589 375 1703 412 Μερίζει
1714 377 1757 403 τὸν
1773 377 1809 404 λύ-

1027 432 1075 458 γον
1103 423 1280 460 Ἰερουσαλὴμ
1310 423 1378 458 πρὸς
1403 423 1467 454 τοὺς
1496 423 1610 458 ἐχθροὺς
1636 423 1684 454 οὓς
1705 423 1808 452 ἀκοῦσαι

1029 470 1167 505 βούλεται,
1190 470 1236 496 καὶ
1260 469 1329 505 πρὸς
1347 470 1393 495 τὸν
1411 469 1486 495 Θεόν.
1513 469 1592 495 Ἀλλὰ
1615 469 1642 495 τι
1666 469 1810 505 παρακαλεί

1028 516 1096 551 πρὸς
1111 515 1195 551 ἀκοὴν
1210 516 1274 547 τοὺς
1291 514 1421 551 ἐχθροὺςς
1437 515 1470 540 Τί
1484 514 1512 541 δέ
1532 523 1599 549 φησι
1615 515 1657 550 τῷ
1674 515 1735 549 Θεῴ
1754 514 1809 550 περὶ

1028 561 1118 587 αὐτῶν
1140 560 1178 592 ὡς
1203 560 1356 596 ὲχάρησαν;
1382 560 1494 595 Μήποτε
1519 559 1608 586 τοίνυν
1639 559 1686 585 ἐπὶ
1709 559 1748 593 τῷ
1768 559 1810 592 τῆς

1035 605 1211 642 Ἰερουσαλὴμ
1232 604 1436 640 παραπτώματι
1454 604 1564 639 γέγονεν
1579 605 1597 639 ἡ
1620 605 1742 640 σωτηρία
1762 606 1809 635 toi;

1028 650 1132 677 ἔθνεσιν
1165 651 1204 681 εἰς
1224 649 1254 675 τὸ
1276 648 1475 684 παραζηλῶσαι
1495 648 1611 680 αὐτούς’
1631 649 1680 675 καὶ
1700 650 1763 675 ὅταν
1782 649 1810 674 τὸ

1029 693 1173 727 πλήρωμα
1185 693 1244 719 τῶν
1263 692 1359 719 ἐθνῶν
1378 692 1510 726 εἰσέλθῃ,
1526 693 1593 718 τότε
1608 691 1669 725 πᾶς
1696 693 1810 726 Ἰσραὴλ

1029 738 1205 771 σωθήσεται.
1221 738 1293 774 Πρὸς
1311 739 1374 770 τοὺς
1389 738 1442 764 ἀπὸ
1455 737 1508 763 τῶν
1519 737 1605 764 ὲθνῶν
1619 738 1654 764 τὰ
1669 738 1765 774 πρῶτα
1778 738 1812 764 λέ-

1028 793 1072 819 γει
1088 784 1274 820 προφητικῶς,
1291 785 1360 820 πρὸς
1375 784 1419 810 τὸν
1439 783 1505 810 Θεὸν
1520 783 1549 810 δὲ
1562 784 1596 810 τὰ
1611 784 1736 819 δεύτερα.
1756 784 1811 818 Ἐγ-

1029 830 1207 865 κατελείφθην
1223 830 1329 861 παθεῖν,
1345 830 1388 855 ἵνα
1403 829 1495 866 χώραν
1511 830 1629 865 λάῆητεδ
1655 831 1704 857 καὶ
1720 830 1812 864 γέγονα

191 890 252 909 nem
269 883 364 910 dilecta
382 890 490 919 propter
503 890 595 920 patres
618 895 718 914 essem.
745 887 805 915 Ideo
828 888 972 915 laniculum

1057 879 1060 887 '
1074 878 1146 912 ὑμᾶς
1160 877 1246 913 ἐχθρὰ
1264 877 1310 903 τοῦ
1326 877 1405 909 Θεοῦ,
1430 877 1530 913 καίπερ
1543 877 1614 904 κατὰ
1635 879 1686 914 τὴν
1706 878 1812 914 ἐκλογὴν

192 934 282 953 meum
304 929 456 961 audieiiles,
473 937 583 956 causam
604 939 713 966 quoque
737 931 808 959 illius
825 932 974 967 iutelligitc.

191 970 303 999 Penitus
325 974 398 1000 enini
426 979 536 1009 propter
561 981 677 1003 vestram
704 977 818 1004 salutem
848 977 976 1005 derelicta

190 1025 262 1050 sum,
277 1027 331 1045 non
353 1019 454 1047 habens
473 1021 547 1048 illum
565 1022 612 1056 qui
633 1029 741 1057 semper
760 1030 802 1050 me
819 1026 977 1051 c0iiso!atur

189 1067 251 1096 post
269 1070 350 1090 casus
374 1065 520 1093 malorum.
545 1065 623 1094 Nunc
647 1068 721 1094 enim
739 1068 835 1103 defecit
857 1070 976 1104 princeps

188 1114 221 1132 ex
232 1107 320 1141 Iuda,
335 1114 359 1136 et
375 1110 431 1136 diu:
446 1119 460 1137 e
473 1111 571 1145 femore
593 1111 651 1146 ejus
670 1121 679 1139 :
699 1113 766 1139 venit
783 1114 853 1140 enim
871 1115 913 1141 cui
934 1123 976 1142 re-

187 1158 292 1179 servata
304 1159 390 1186 erant,
404 1156 563 1189 exspectatio
575 1157 688 1190 gentium
699 1157 730 1189 ‘5,
741 1157 820 1192 cujus
834 1159 976 1192 sanguinis

191 1198 258 1226 ultio
283 1199 373 1231 faciet,
397 1205 427 1228 ut
451 1209 530 1228 nemo
554 1202 589 1229 sit
604 1202 650 1237 qui
674 1203 792 1238 amplius
819 1205 976 1232 consoletur

187 1243 348 1272 Jerusalem.

224 1334 397 1368 Ingrediatur
404 1337 488 1363 omnis
499 1337 602 1364 malitia
611 1346 701 1365 eorum
708 1343 768 1365 ante
779 1339 874 1373 [aciem
889 1343 972 1369 luam.

187 1378 245 1406 Hoc
265 1385 318 1412 est,
334 1389 368 1409 ne
381 1382 554 1416 permittatur
576 1383 693 1418 amplius
715 1392 782 1412 usus
800 1386 909 1413 malitia:
925 1393 975 1413 e0-

189 1433 261 1458 runi,
277 1427 323 1454 sed
341 1427 487 1461 olijiciatur
510 1429 598 1455 oculis
616 1429 681 1461 tuis,
700 1434 729 1456 ut
748 1431 769 1457 si
789 1431 851 1465 quis
868 1436 975 1467 rogaret

187 1471 299 1499 vulnera
318 1472 344 1499 iu
359 1478 534 1507 conspectum
552 1475 647 1502 nicdit-i
663 1476 755 1503 venire
779 1481 809 1503 ut
827 1476 974 1512 perfectam

187 1517 329 1544 sanitatem
347 1519 456 1553 assequi
471 1525 571 1554 posset.
584 1520 640 1548 lloc
653 1521 725 1548 enini
741 1529 792 1548 vox
808 1523 864 1555 illa,
877 1523 973 1556 omnis,

188 1563 287 1590 innuit.
314 1563 426 1591 Beatum
447 1566 547 1600 quippe
566 1571 607 1593 est
626 1567 760 1602 praecipue
780 1569 888 1603 quidem
915 1577 970 1596 non

188 1614 309 1640 peccare,
327 1609 424 1644 deinde
439 1617 502 1637 vero
517 1618 625 1638 omnem
647 1617 767 1640 nostrain
801 1613 972 1649 iniquitatem

187 1659 202 1678 a
215 1651 269 1679 Deo
287 1653 395 1688 inspici.

223 1698 258 1724 Et
276 1699 486 1732 supervindemia
504 1708 558 1727 eos.
576 1701 843 1736 Superviudcmiare,
860 1710 900 1730 est.
913 1709 975 1739 post

186 1742 350 1770 vindemiam
383 1745 488 1771 mo.lica
518 1753 579 1780 qua:
611 1747 703 1774 relicta
735 1753 799 1775 sunt
825 1749 971 1783 colligere:

187 1788 257 1821 quod
285 1785 387 1815 faciunt
410 1796 552 1824 pauperes.
575 1790 652 1818 Sicut
674 1791 766 1826 igitur,
785 1794 896 1827 quando
919 1794 972 1821 uici

185 1832 341 1868 diligentem
363 1841 457 1861 curam
478 1835 602 1869 gerebas,
625 1836 750 1870 palmites
774 1846 851 1865 uicos
874 1846 970 1866 omnes

187 1887 273 1914 usque
297 1880 329 1907 ad
353 1881 482 1908 minimos
515 1883 702 1917 expurgalias,
725 1891 808 1918 prava
831 1885 971 1916 excideris,

184 1925 311 1953 auferetis
334 1934 413 1953 uvam
439 1927 509 1955 fellis
534 1932 561 1955 et
584 1928 679 1956 botros
703 1930 909 1962 amaritudinis;
936 1929 972 1957 ita

186 1978 260 1998 meos
274 1979 382 2005 quoque
401 1972 572 2000 adversaries
590 1981 697 2000 racema
718 1983 724 2001 :
746 1974 797 2001 lioc
814 1975 886 2000 enim
904 1974 971 2000 milii

186 2015 250 2042 utile
267 2020 319 2047 est,
335 2016 370 2048 si,
384 2021 527 2052 postquam
547 2018 598 2052 ipsi
612 2019 732 2053 perfecte
747 2019 845 2046 salvati
859 2019 970 2053 fuerint,

183 2068 233 2096 ego
256 2061 339 2088 etiam
364 2062 513 2089 secundum
536 2068 628 2097 tuum,
652 2073 668 2091 ο
686 2063 810 2097 Domine,
834 2065 969 2099 judicium

183 2106 299 2133 salutem
319 2114 459 2141 assequar.
480 2107 536 2135 llos
550 2116 600 2143 ego
614 2109 707 2138 videns
728 2110 902 2138 vehementer
921 2112 970 2138 do-

186 2150 242 2182 leo,
266 2159 362 2185 meque
383 2152 471 2186 ipsum
495 2153 658 2187 condemno,
676 2155 872 2191 inspectiouem
897 2161 970 2183 luam

185 2195 344 2230 implorans.

484 2242 599 2270 CAPUT
632 2243 664 2271 ll.

221 2286 296 2315 Vers.
315 2287 342 2314 5.
364 2287 499 2323 Confregit
515 2289 542 2315 in
562 2289 603 2316 ira
618 2290 717 2324 furoris
734 2292 776 2318 sui
791 2300 868 2319 omne
885 2301 968 2319 cornu

185 2332 280 2360 Israel.
296 2332 390 2359 Simile
402 2337 444 2360 est
454 2332 611 2360 Davidicum
625 2334 690 2362 illud
704 2336 741 2361 "2
759 2336 856 2364 Omnia
869 2345 969 2364 cornua

182 2383 351 2415 peccatorum
367 2379 524 2414 confringet.
548 2379 673 2416 lutelligit
692 2386 781 2409 autem
802 2391 876 2410 nunc
895 2385 970 2418 prin-

181 2423 271 2459 cipes,
300 2424 326 2450 in
351 2424 451 2458 quibus
477 2425 566 2460 gentis
592 2426 676 2453 robur
701 2427 826 2455 consistit
849 2428 920 2456 sicut
941 2429 968 2456 in

182 2469 333 2504 cornigeris
348 2469 527 2503 animalibus;
539 2475 566 2498 et
577 2470 640 2505 quia
653 2473 829 2506 praeemineut
844 2481 967 2509 corpore,

181 2515 253 2543 sicut
277 2515 407 2551 primates
431 2515 560 2542 subditis.
589 2515 682 2544 Daniel
707 2525 816 2553 quoque
838 2520 968 2548 cornibus

181 2568 262 2595 regna
282 2560 451 2596 comparavit
465 2560 497 2587 ’⁸.
514 2560 655 2595 Signiﬁcat
669 2566 696 2590 et
708 2570 793 2590 cornu
815 2564 968 2598 superioris

181 2606 278 2632 animm
301 2605 386 2640 partis
411 2605 524 2638 fastum,
550 2610 579 2633 ut
601 2614 663 2634 cum
687 2608 824 2635 dicitur"
846 2617 852 2634 ε
877 2609 966 2636 Nolite

179 2650 304 2677 extollere
326 2651 354 2677 in
372 2651 456 2678 altum
479 2660 559 2678 cornu
582 2658 705 2680 vestrum.
729 2654 861 2682 Avertens
883 2655 965 2688 igitur

181 2700 328 2722 retrorsum
362 2697 508 2724 salvanlem
544 2706 673 2731 manuni,
707 2699 770 2727 fecit
795 2701 856 2727 illos
884 2700 964 2728 facile

181 2743 374 2777 expugiiabilcs
398 2744 538 2776 liostiliiis,
562 2755 632 2781 quos
656 2752 683 2774 et
705 2748 841 2775 flammam
874 2749 964 2776 omnia

226 2829 248 2845 ¹³
269 2829 346 2856 Rom.
365 2838 423 2862 xui,
442 2832 484 2859 10.
525 2834 544 2849 "
564 2834 629 2862 Gen.
648 2843 721 2868 xtix,
738 2835 779 2863 to.
821 2837 840 2852 ¹⁷
855 2836 926 2864 l’sal.
944 2845 1035 2867 Luiv,
1052 2837 1092 2864 ll.

1027 923 1156 959 ἀγαπητὴ
1168 924 1211 950 διὰ
1228 923 1290 955 τοὺς
1306 923 1424 959 πατέρας
1443 924 1614 959 ὑπάρχουσα.
1631 924 1677 950 Διὸ
1693 924 1739 951 τὸν
1753 925 1812 960 ὲμὲν

1027 969 1191 1001 ἀκούσαντες
1214 969 1374 1004 στεναγμὸν,
1395 970 1441 996 καὶ
1463 970 1513 1005 τὴν
1534 970 1624 996 αἰτίαν
1646 970 1743 996 τούτου
1758 971 1813 1004 νοή-

1029 1023 1102 1041 σατε.
1127 1015 1223 1041 Τέλεον
1239 1014 1294 1050 γὰρ
1315 1015 1356 1049 ἐφ’
1374 1015 1494 1051 ὑμετέρᾳ
1520 1015 1642 1051 σωτηρίᾳ
1670 1015 1812 1048 ἐγκαταλέ-

1027 1061 1151 1097 λειμμαι,
1165 1062 1205 1097 μὴ’
1215 1061 1314 1096 ἔχουσα
1326 1061 1372 1088 τὸν
1388 1061 1430 1088 ἀεί
1445 1070 1478 1096 με
1490 1061 1740 1097 παραμυθούμενον
1752 1063 1812 1096 μετὰ

1028 1108 1124 1142 πεῖραν
1159 1106 1270 1133 κακῶν
1296 1105 1344 1132 νῦν
1370 1105 1424 1141 γὰρ
1466 1105 1622 1137 ἐξέλειπεν
1654 1106 1756 1141 ἅρχων
1783 1106 1811 1142 ἐξ

1035 1152 1141 1182 Ἰούδα,
1167 1152 1217 1178 καὶ
1246 1152 1413 1186 ἡγούμενος
1433 1151 1468 1178 ἐκ
1497 1151 1556 1178 τῶν
1580 1152 1687 1186 μηρῶν
1714 1152 1812 1180 αὐτοῦ·

1026 1197 1101 1233 ἦλθε
1113 1197 1168 1232 γὰρ
1180 1193 1204 1230 ᾧ
1225 1195 1264 1232 ἦν
1281 1197 1317 1224 τὰ
1331 1197 1523 1232 ἀποκείμενα,
1541 1197 1561 1230 ἡ
1577 1197 1744 1231 προσδοκία
1760 1196 1811 1224 τῶν

1027 1243 1131 1277 ἐθνῶν,
1150 1241 1235 1279 οὗπερ
1262 1243 1453 1278 ὲκδικουμένου
1475 1242 1525 1269 τοῦ
1545 1243 1672 1278 αἵματος,
1699 1243 1784 1274 οὐδεὶς
1797 1245 1809 1268 ὁ

1028 1289 1195 1326 παρακαλῶν
1212 1290 1253 1315 ἔτι
1267 1289 1316 1325 τὴν
1333 1289 1521 1325 Ἰερουσαλήμ..

1063 1335 1201 1363 Εισέλθοι
1218 1335 1301 1363 πᾶσα
1313 1336 1333 1370 ἡ
1352 1336 1440 1362 κακία
1452 1335 1552 1362 αὐτῶν
1565 1335 1639 1362 κατὰ
1657 1337 1817 1370 πρόσωπόν

1027 1391 1095 1409 σου.
1112 1381 1258 1413 Τουτέστι,
1276 1381 1313 1416 μὴ
1328 1381 1375 1407 ἐπὶ
1391 1381 1471 1407 πλέον
1486 1380 1573 1416 ἀφεθῇ
1593 1382 1710 1417 χρῆσθαι
1730 1381 1815 1409 αὑτῶν

1026 1427 1043 1461 ἡ
1055 1425 1149 1457 κακία,
1163 1426 1266 1460 γένοιτο
1277 1425 1305 1452 δέ
1319 1434 1365 1452 σου
1380 1427 1409 1452 ἐν
1418 1427 1565 1461 ἐπισκοπῇ,
1575 1426 1612 1458 ὡς
1624 1428 1650 1452 εἰ
1660 1435 1700 1458 τις
1712 1427 1816 1460 εὔξαιτο

1026 1471 1170 1506 τραύματα
1199 1473 1239 1504 εις
1263 1472 1324 1506 ὄψιν
1348 1471 1434 1498 ἐλθεῖν
1461 1472 1553 1508 ιατροῦ
1578 1473 1647 1508 πρὸς
1670 1472 1702 1498 τὸ
1725 1473 1817 1507 τυχεῖν

1027 1517 1131 1549 τελείας
1149 1518 1254 1549 ἰάσεως.
1270 1517 1356 1544 Τοῦτο
1369 1518 1423 1553 γὰρ
1437 1518 1477 1550 τὸ,
1496 1517 1588 1545 πᾶσα.
1607 1517 1753 1553 Μακάρων
1771 1517 1816 1553 μὲν

1027 1563 1081 1599 γὰρ
1100 1563 1216 1598 μάλιστα
1233 1563 1263 1589 τὸ
1282 1563 1318 1598 μὴ
1334 1563 1477 1598 ἁμαρτεῖν,
1494 1563 1619 1599 δεύτερον
1636 1563 1664 1589 δὲ
1678 1563 1711 1589 τὺ
1727 1565 1814 1590 πᾶσαν

1025 1609 1105 1645 ἡμῶν
1119 1609 1325 1636 ἐπισκοπεῖσθαι
1340 1609 1415 1645 παρὰ
1426 1609 1494 1635 θεοῦ
1506 1609 1554 1646 τὴν
1571 1609 1682 1636 κακίαν.

1060 1701 1116 1728 Kal
1143 1701 1346 1735 ὲπιφύλλισον
1372 1700 1485 1734 αὐτοῖς.
1519 1701 1711 1735 Ἐπιφυλλὶσαι
1735 1701 1764 1727 δὲ
1790 1701 1816 1727 τὺ

1026 1747 1095 1782 μετὰ
1112 1747 1246 1783 τρυγητὸν
1260 1748 1294 1774 τὰ
1308 1747 1411 1783 βραχέα
1431 1746 1485 1773 τῶν
1499 1746 1737 1780 καταλειφθέντων
1759 1747 1815 1772 ἑπι-

1024 1793 1138 1827 τρυγᾷν,
1153 1793 1221 1827 ὅπερ
1243 1792 1364 1818 ποιοῦσιν
1386 1793 1410 1818 oi
1425 1792 1550 1826 πένητες.
1573 1791 1678 1825 Ὠσπερ
1693 1789 1741 1817 οὖν
1751 1811 1759 1821 ,
1774 1791 1814 1816 ὅτε

1026 1839 1076 1874 μὲν
1101 1839 1264 1870 ὲπεσκόπεις
1291 1838 1442 1873 ἐπιμελῶς,
1471 1837 1616 1872 ἐκάθαιρες
1639 1836 1674 1863 τὰ
1691 1836 1815 1871 κλήματα

1025 1893 1076 1920 μου
1104 1884 1192 1910 πάντα
1219 1883 1253 1910 τὰ
1282 1884 1391 1919 χείρονα
1418 1883 1498 1918 μέχρι
1525 1882 1580 1908 τῶν
1608 1883 1815 1916 σμικροτάτων,

1024 1929 1172 1966 περιαίρων
1188 1929 1239 1963 τὴν
1254 1929 1392 1964 σταφυλὴν
1411 1929 1461 1964 τῆς
1477 1928 1558 1963 χολῆς
1574 1927 1622 1954 καὶ
1638 1927 1703 1958 τοὺς
1721 1927 1815 1962 βότρυς

1024 1976 1073 2010 τῆς
1091 1975 1214 2010 πικρίας,
1227 1974 1298 2001 οὕτω
1314 1975 1377 2006 τοὺς
1391 1974 1474 2008 ἐμοὺς
1491 1973 1605 2009 ἐχθροὺς
1621 1973 1814 2007 ἑπιφὺλλισθν·

1023 2021 1101 2048 τοῦτο
1121 2021 1175 2056 γάρ
1192 2029 1237 2056 μοι
1260 2019 1412 2050 λυσιτελὲς,
1430 2019 1498 2053 εῐγε
1510 2017 1569 2053 μετ’
1592 2017 1691 2048 αὐτοὺς
1707 2017 1815 2047 τελείως

1024 2066 1161 2098 σωθέντας
1185 2065 1262 2100 κάγὼ
1287 2066 1356 2091 κατὰ
1382 2064 1432 2099 τὴν
1455 2064 1524 2098 σὴν,
1545 2060 1568 2089 ὦ
1593 2063 1692 2099 Κύριε,
1710 2062 1816 2097 κρίσιν,

1022 2111 1149 2147 τεύξομαι
1163 2111 1298 2147 σωτηρίας
1308 2120 1314 2126 ·
1327 2110 1373 2142 οὓς
1386 2110 1478 2145 ὁρῶσα
1493 2109 1649 2145 λελύπημαί
1658 2118 1689 2135 τε
1701 2109 1815 2144 σφόδρα.

1022 2158 1070 2185 καὶ
1087 2158 1224 2192 κατέγνων
1239 2157 1370 2193 ἐμαυτῆς,
1389 2156 1439 2192 τῆς
1450 2155 1602 2190 ἐπισκοπῆς
1615 2156 1665 2190 τῆς
1674 2155 1755 2189 παρὰ
1771 2153 1815 2181 σποῦ

987 2218 1009 2246 D
1023 2204 1148 2239 δεομένη.

1349 2248 1427 2274 ΚΕΦ.
1447 2247 1480 2273 Β.

1058 2293 1254 2320 Συνέκλασεν
1276 2293 1311 2319 ἐν
1325 2291 1400 2327 ὀργῇ
1421 2292 1517 2326 θιψοῦ
1533 2292 1627 2319 αὐτοῦ
1643 2292 1707 2319 πᾶν
1725 2292 1814 2326 κέρας

1028 2338 1160 2372 Ἰσραήλ.
1183 2339 1294 2373 Ὅμοιον
1317 2337 1392 2373 παρὰ
1413 2337 1494 2364 Δαοτδ
1509 2337 1555 2364 τό·
1580 2337 1684 2364 Πάντα
1707 2335 1755 2364 td‘
1771 2336 1814 2363 κέ-

1016 2390 1094 2416 ρατα
1103 2381 1162 2408 τῶν
1173 2382 1353 2416 ἁμαρτωλῶν
1364 2382 1543 2409 συνθλάσει.
1555 2382 1635 2416 Λέγει
1647 2382 1677 2409 δὲ
1690 2382 1742 2409 νῦν
1752 2381 1814 2411 τοὺς

1020 2427 1164 2463 ἄρχοντας,
1182 2429 1211 2454 ὲν
1225 2426 1265 2460 οἷς
1277 2429 1293 2463 ἡ
1307 2427 1355 2454 τοῦ
1371 2428 1464 2459 ἔθνους
1477 2429 1554 2463 ἰσχὺς
1569 2428 1698 2463 καθάπερ
1712 2428 1744 2454 ὲν
1760 2428 1815 2457 τοῖς

1020 2475 1200 2510 κερασφόροις
1210 2474 1264 2501 τῶν
1280 2474 1357 2506 ζώων
1366 2483 1373 2489 ·
1389 2475 1436 2501 καὶ
1446 2475 1513 2501 διάει
1528 2474 1574 2501 τοῦ
1588 2474 1714 2510 σώματος
1726 2475 1815 2510 ἔξοχοι

1019 2520 1090 2548 κατὰ
1111 2520 1164 2547 τῶν
1179 2521 1307 2556 ὑπηκόων
1324 2520 1349 2546 οι
1364 2520 1502 2556 ἄρχοντες.
1525 2521 1580 2547 Καὶ
1600 2521 1701 2556 Δανιὴλ
1717 2521 1748 2547 δὲ
1766 2520 1813 2551 τὰς

1020 2566 1157 2602 βασιλείας
1173 2567 1305 2593 ἀπείκασε
1317 2566 1424 2602 κέρασι.
1442 2567 1523 2602 Δηλοῖ
1534 2566 1563 2593 δὲ
1579 2567 1626 2593 καὶ
1642 2567 1692 2602 τὴν
1708 2567 1813 2602 ὑπερομ-

1017 2613 1081 2647 ψίαν
1096 2612 1142 2638 τοῦ
1160 2612 1324 2647 ἡγεμονικοῦ
1338 2611 1369 2638 τὸ
1386 2611 1479 2647 κέρας,
1495 2611 1532 2643 ὼς
1544 2613 1573 2638 ἐν
1661 2612 1710 2646 Μὴ
1727 2611 1814 2638 ἐπαι-

1014 2667 1083 2692 pete
1106 2659 1148 2691 εἰς
1172 2658 1251 2692 ὕψος
1272 2658 1305 2684 τὸ
1325 2657 1414 2692 κέρας
1438 2657 1530 2692 ὑμῶν.
1554 2658 1744 2693 ’Δποστρέψας
1767 2655 1813 2684 οὖν

1018 2703 1098 2730 αὐτοῦ
1114 2703 1163 2738 τὴν
1177 2703 1315 2734 σώζουσαν
1331 2704 1420 2738 χεῖρα,
1433 2704 1488 2733 τοῖς
1503 2702 1642 2737 πολεμίοις
1657 2702 1812 2733 εὐαλώτους

1018 2749 1154 2784 ἐποίησεν,
1170 2748 1217 2780 οὓς
1235 2748 1267 2783 δὴ
1283 2749 1330 2775 καὶ
1347 2748 1432 2782 φλόγα
1455 2748 1544 2774 πάντα
1563 2748 1730 2774 δαπανῶσαν
1745 2746 1810 2776 iw

1152 2837 1172 2852 "
1186 2838 1241 2864 Dan
1269 2845 1327 2871 viii,
1341 2838 1368 2865 5.
1410 2838 1430 2857 ἐ
1444 2838 1515 2866 Psal.
1531 2846 1623 2872 Luiv,
1639 2837 1667 2866 5.
