1872 3048
61 113 117 141 6W

693 117 847 145 SELEC'I‘A
867 117 900 144 IN
920 117 1094 147 THRENOS.

1650 131 1703 159 050

59 175 130 208 τοῖς
153 175 305 209 οὐρανοῖς,
322 175 393 202 κατὰ
416 175 463 211 τὴν
480 176 527 203 τοῦ
551 177 679 213 Σωτῆρος
703 179 807 214 φωνήν.
826 179 855 205 ’Ἥ

940 179 987 206 clis
1009 186 1058 212 est,
1075 185 1113 225 ‘ut
1128 181 1167 208 ait
1183 182 1307 210 Salvator
1328 185 1361 212 ".
1383 185 1428 212 Vel
1450 186 1532 221 igitur
1549 188 1582 215 de
1597 196 1627 216 se
1644 190 1705 225 ipso

61 221 157 248 τοίνυν
183 221 216 248 δι’
230 221 326 248 ἑαυτόν
343 230 435 257 φησιν,
454 222 470 257 ἢ
487 223 533 249 καὶ
548 219 583 250 τὰ
599 223 645 250 τοῦ
662 223 728 250 λαοῦ
744 225 862 252 οἰκειού-

63 276 150 302 μενος
167 267 252 304 πάθη.
274 267 354 294 Ἀλλὰ
366 268 406 299 τὸ,
418 267 543 302 δωρεὰν,
558 269 623 306 περὶ
637 270 733 297 ἑαυτοῦ
751 271 864 303 εἰκότως

61 314 98 340 ἂν
113 313 231 348 λέγοιτο.
254 314 287 341 Τί
303 314 358 350 γὰρ
374 315 473 347 αὐτοὺς
493 315 616 352 ἠδίκησε,
637 318 736 353 μᾶλλον
759 319 788 345 δὲ
814 319 864 346 οὐκ

62 359 200 396 εὖηργέτη
205 368 251 387 σεν
261 369 268 392 ;

107 406 280 439 Έδίκασας,
292 407 391 441 Κύριε,
407 416 434 435 κ.
449 416 475 434 τ.
493 409 517 436 ὲ.
537 408 677 437 Ἐδίκασεν
688 411 701 437 ὀ
715 410 782 443 Θεὸς
796 412 863 439 ἀπο-

61 453 177 485 κτείνας
191 454 237 481 τὸν
253 453 490 490 ψευδοπροφήτην,
508 456 555 482 καὶ
575 456 621 483 τὸν
648 456 758 491 βασιλέα
774 467 863 494 παρα-

60 499 137 531 δοὺς,
155 500 202 526 καὶ
227 500 274 526 ἐπὶ
295 499 341 526 τοῦ
365 500 485 536 Χριστοῦ
509 502 647 536 παραδοὺς
664 503 694 529 τὸ
721 503 797 536 ἔθνος
822 506 862 536 εἰς

62 545 182 572 ᾰλωσιν.
523 545 525 550 ’

104 591 181 626 Ἐγὼ
194 592 229 618 δὲ
242 593 288 619 ἐπ’
303 592 478 627 ὀφθαλμοὺς
493 593 602 621 αὐτῶν.
615 595 652 621 τδ
665 595 704 626 δὲ,
728 595 799 630 Ἐγὼ
814 597 860 622 ἐπ’

61 637 242 673 ὀφθαλμοὺς
255 639 365 671 αὐτῶν,
382 641 423 667 ὅτι
440 641 524 677 βαρὺς
537 641 610 677 ήμην
626 642 717 674 αὐτοῖς
734 642 782 669 καὶ
797 651 860 677 φαι-

61 684 189 720 νόμενος.

104 730 284 764 Ἀποδώσεις
297 732 400 765 αὐτοῖς
409 733 611 768 ἀνταπόδομα,
622 735 721 768 Κύριε,
737 735 811 762 κατὰ
824 736 861 763 τὰ

58 776 135 810 ἔργα
148 776 210 807 τῶν
220 777 326 811 χειρῶν
341 779 448 806 αὐτῶν.
463 780 559 814 Ἔλεγε
576 780 624 807 καὶ
634 780 753 816 πρόσθεν
763 790 770 797 ·
785 783 861 808 Συν-

61 823 194 851 τέλεσον
208 825 330 858 αὐτοὺς,
350 825 398 852 καὶ
412 827 497 854 ἔσται
512 834 570 854 σου
592 829 609 854 ὀ
630 829 722 861 λόγος
736 828 800 863 ἐμοὶ
815 829 859 862 εἰς

59 870 260 905 εὐφροσύνην
272 871 321 897 καὶ
334 871 430 906 χαρὰν
440 874 565 907 καρδίας
576 882 646 908 μου.
660 874 752 901 Ταῦτα
763 873 858 909 γέγονε

61 915 133 951 μετὰ
148 917 200 952 τὴν
222 917 293 944 κατὰ
309 918 355 945 τοῦ
378 919 504 955 Σωτῆρος
520 920 675 956 ἐπιϐουλὴν,
692 921 736 947 ὅτε
752 930 856 948 παντα-

58 961 109 996 χοῦ
126 962 330 998 διεσπάρησαν·
345 962 411 999 ἦλθε
428 964 482 1001 γὰρ
504 966 551 991 ἐπ’
578 966 677 999 αὐτοὺς
702 967 763 994 πᾶν
786 965 858 1002 αἷμα

59 1006 182 1035 δίκαιον
191 1008 328 1043 ἐκχυθέν.
342 1010 379 1036 Τὸ
394 1010 483 1036 τοίνυν
504 1011 661 1038 συντελέσαι
675 1011 707 1039 τὸ
722 1012 798 1045 τέλος
811 1013 859 1040 λα-

59 1052 117 1079 ϐεῖν
128 1053 181 1089 τὴν
197 1054 257 1080 κατ’
273 1054 371 1087 αὐτοὺς
381 1055 520 1091 λατρείαν,
538 1056 584 1083 καὶ
597 1057 626 1083 τὸ
640 1058 739 1093 μηκέτι
751 1067 803 1094 χρη
808 1067 858 1094 μα-

57 1098 146 1131 τίζειν
162 1099 240 1132 ἔθνος
253 1100 332 1128 Θεοῦ.

99 1145 282 1179 Ἀποδὼσεις
291 1147 394 1181 αὐτοῖς
410 1149 652 1184 ὑπερασπισμὸν,
665 1150 789 1184 καρδίας
797 1159 857 1185 μου

56 1191 186 1226 μόχθον.
205 1192 266 1219 Ὅτι
278 1192 375 1225 δώσεις
393 1194 484 1226 αὐτοῖς
499 1195 598 1230 μόχθον
614 1196 653 1228 είς
668 1195 794 1231 αἴσθησιν
810 1196 855 1223 τοῦ

59 1238 135 1270 ποῖος
152 1238 277 1274 ὑπῆρχες
294 1240 488 1275 ὑπερασπίςων
504 1241 603 1274 αὐτῶν,
618 1242 660 1268 ἴνα
676 1251 705 1269 σε
717 1242 765 1269 καὶ
776 1242 856 1269 πάλιν

59 1283 234 1320 ζητήσωσιν
255 1285 279 1311 εἰ
296 1284 324 1311 δὲ
341 1285 389 1321 μὴ,
403 1286 594 1320 καταδιώξεις
613 1287 771 1320 αὑτοὺςὲν
783 1286 856 1322 ὀργῇ

58 1338 127 1357 σου.

399 1379 478 1405 ΚΕΦ.
499 1380 535 1405 Δ’.

93 1423 163 1457 Πῶς
177 1424 423 1458 ἀμαυρωθήσεται
437 1426 576 1459 χρυσίον.
588 1426 644 1462 Τῆς
655 1425 703 1453 νῦν
716 1429 853 1464 παροῠσης

57 1470 197 1506 τετάρτης
223 1472 418 1506 στοιχειώσειυς
447 1472 608 1507 ἀρχόμενος,
634 1473 679 1499 τὸν
708 1474 770 1510 περὶ
787 1470 854 1502 ’τῶν

56 1516 201 1551 ἐπιφανῶν
221 1517 367 1553 ἐξαιρέτως
381 1518 532 1545 ἐπανέλαϐε
549 1518 656 1554 θρῆνον,
672 1520 853 1556 ὴμαυρῶσθαι

57 1561 144 1596 λέγων
163 1562 215 1597 τὴν
236 1564 397 1597 ἐπιφάνειαν
419 1564 603 1599 ὲκκεχυμένου
624 1573 653 1590 τε
670 1564 746 1601 δίκην
759 1566 854 1598 ὓδατος

57 1608 223 1642 ἠφανίσθαι.

98 1655 306 1690 Ἐξεχύθησαν
320 1656 397 1683 λίθοι
420 1656 506 1690 ἅγιοι.
525 1657 614 1691 ’Δγιοι
630 1657 658 1684 δὲ
672 1658 710 1689 ὡς
731 1657 854 1684 ἐκλεκτοὶ

56 1702 99 1729 διὰ
114 1702 182 1733 τοὺς
193 1702 325 1737 πατέρας,
339 1702 356 1737 ἦ
370 1702 413 1729 διὰ
425 1703 488 1734 τοὺς
501 1704 550 1730 σὺν
570 1704 685 1739 Ίωακὶμ
701 1704 854 1739 ληφθέντας

57 1749 162 1784 ἁγίους,
191 1748 239 1780 οὓς
266 1749 401 1777 ἀπείκασε
430 1749 522 1782 σύκοις
550 1752 686 1786 χρηστοῖς.
710 1751 765 1778 Kal
788 1752 853 1786 μετ’

56 1795 142 1830 ὀλίγα
152 1804 159 1810 ·
184 1795 296 1828 Ἐξόδων
313 1795 352 1827 δὲ,
367 1795 421 1822 τῶν
435 1795 489 1822 ἀπὺ
503 1795 553 1831 τῆς
566 1796 646 1830 ἁγίας
663 1797 715 1832 γῆς
730 1798 853 1831 ἀπαγου-

56 1841 109 1868 σῶν
122 1842 164 1873 εἰς
178 1841 315 1868 ἀπώλειαν
319 1862 326 1875 ,
341 1842 387 1868 καὶ
397 1842 436 1873 εἰς
448 1841 494 1868 τὸν
509 1841 601 1877 νοητὸν
615 1841 795 1874 Βαϐυλώνιον,
809 1842 852 1868 ἵνα

55 1888 225 1915 παιδευθῶσι
244 1888 281 1924 μὴ
297 1888 476 1924 βλασφημεῖν.
494 1889 588 1921 Εἴποις
605 1889 628 1916 δ’
647 1889 680 1916 ἂν
693 1889 740 1916 τδν
753 1888 851 1924 θρῆνον

54 1935 101 1962 καὶ
121 1936 170 1962 ἐπὶ
196 1934 250 1961 τῶν
273 1936 305 1961 ἐκ
329 1934 483 1967 θεοσεϐείας
511 1935 744 1970 μεταϐαλλόντων,
771 1934 851 1970 εἴπερ

53 1978 108 2008 εἷεν
124 1980 269 2016 ἐπίσημοι,
285 1980 331 2007 καὶ
347 1979 450 2016 πλάνης
464 1981 572 2016 ἡγοῖντο
582 1982 637 2012 τοῖς
652 1980 752 2012 ἄλλοις,
767 1988 851 2006 κατα-

54 2026 180 2057 λιπόντες
197 2026 247 2061 μὲν
263 2026 312 2062 τὴν
329 2026 420 2061 πηγὴν
437 2025 483 2052 τοῦ
500 2025 600 2058 ζῶντος
618 2025 723 2056 ὓδατος,
739 2024 850 2058 γεγονόςν

53 2079 96 2103 τες
112 2071 141 2098 δὲ
165 2071 263 2098 λάκκοι
285 2071 521 2106 συν-τετριμμένοι,
545 2070 570 2097 οἳ
589 2070 620 2097 οὐ
646 2069 772 2096 δύνανται
788 2069 849 2095 στέ-

53 2124 122 2150 γειν.
150 2115 234 2142 Ὅθεν
260 2116 373 2147 εἰκότως
399 2115 538 2150 ἐκχέονται
564 2116 628 2150 περὶ
648 2114 752 2149 πλάνην
775 2115 849 2149 ἀορι-

55 2170 192 2193 στουντες.

916 226 1047 260 loquitur,
1065 214 1106 254 δε]
1119 227 1198 255 etiam
1216 231 1307 264 populi
1323 238 1461 259 a‘rumnas
1475 240 1522 267 pro
1535 234 1593 262 suis
1611 214 1704 265 habet.

915 271 1016 300 Verum
1031 273 1106 306 illud,
1124 276 1220 310 gratis,
1235 278 1426 305 convenienter
1446 279 1480 306 de
1503 279 1562 314 ipso
1585 281 1703 311 dicetur.

915 318 985 352 Quid
1001 321 1073 347 enim
1090 321 1143 348 illis
1161 322 1325 350 incommodi
1342 332 1460 359 unquam
1477 326 1578 360 attulit,
1596 329 1637 355 vel
1648 337 1703 364 quo

914 366 1005 399 potius
1017 366 1148 394 benclieio
1164 376 1218 394 tton
1237 369 1346 396 ail'eeit?

951 410 1029 439 Vers.
1046 412 1091 439 58.
1107 412 1254 446 Judicaati,
1278 415 1399 448 Domine,
1422 421 1474 444 etc.
1493 416 1630 445 Judicavit
1651 419 1705 446 Do—

913 458 1014 490 minus,
1030 459 1267 494 pseudoproplteta
1282 461 1445 497 interempto
1461 471 1578 498 regequc
1590 466 1702 500 tradito,

912 503 1030 538 denique
1056 509 1166 539 propter
1193 505 1334 533 Clu-istum
1361 512 1441 542 gente
1465 508 1491 534 in
1518 509 1702 544 captivitatem

913 549 1068 576 amaudata.

950 594 1029 622 Vers.
1047 595 1091 622 65.
1107 596 1164 632 Ego
1177 603 1265 624 autent
1281 599 1308 624 iu
1324 599 1414 626 oculos
1428 609 1530 628 eorum.
1545 601 1629 629 Illud:
1646 603 1701 639 Ego

911 649 990 675 super
1006 642 1095 668 oculos
1108 650 1208 676 eorum,
1227 643 1297 671 idem
1316 649 1357 672 est
1373 653 1405 673 ac
1421 646 1443 673 si
1459 646 1531 674 dicat
1551 657 1557 674 :
1577 648 1632 684 Ego
1648 651 1702 678 illis

912 687 953 713 vel
971 687 1030 714 solo
1047 693 1157 723 aspectu
1179 689 1309 716 molestus
1326 698 1412 717 erant.

951 732 1028 760 Vers.
1048 733 1092 761 ϐό.
1117 734 1253 762 Retribuat
1273 737 1311 763 eis
1336 737 1556 773 retributionem,
1579 741 1701 776 Domine,

907 779 989 813 juxta
1001 787 1080 814 opera
1092 788 1220 807 manuum
1232 789 1352 809 suarum.
1370 783 1482 811 Dicebat
1494 786 1575 813 etiam
1593 795 1675 822 supra
1692 798 1699 816 :

912 824 1042 852 Consume
1063 826 1134 858 illos,
1148 831 1174 853 et
1187 827 1237 854 erit
1255 832 1316 854 tuus
1336 837 1421 855 sermo
1442 830 1506 857 milu'
1522 831 1547 857 in
1565 831 1711 866 lmtitiam,’

911 876 936 898 et
952 872 1078 907 gaudium
1090 872 1178 900 cordis
1190 874 1250 900 mei.
1268 873 1331 902 H:ec
1348 881 1499 903 evenerunt
1517 882 1578 911 post
1593 878 1658 905 inita
1673 879 1700 905 in

911 917 1080 945 Salvatorem
1108 924 1232 946 nostrum
1260 920 1422 948 insidiarum
1440 922 1566 954 consilia,
1582 931 1647 952 cum
1672 925 1699 952 iu

910 971 1007 991 omnes
1030 969 1121 999 partes
1144 965 1261 1000 dispersi
1285 971 1350 993 sunt
1373 976 1379 993 :
1401 968 1475 994 venit
1501 969 1601 1003 quippe
1623 978 1702 1005 super

909 1008 969 1036 illos
982 1010 1067 1037 omnis
1081 1011 1190 1045 sanguis
1200 1011 1291 1045 justus
1306 1012 1416 1045 e/i‘usus.
1433 1012 1639 1043 Consumuntur
1654 1018 1703 1044 ita-

907 1064 973 1090 que,
992 1064 1054 1084 cum
1072 1057 1163 1084 cultus
1180 1057 1289 1086 illorum
1308 1059 1389 1086 tinem
1404 1060 1513 1095 accipit.
1527 1069 1614 1097 neque
1628 1063 1699 1090 ultra

909 1100 956 1128 Dei
977 1109 1043 1136 gens
1065 1102 1254 1130 nominantur.

945 1146 1022 1174 Vers.
1039 1147 1083 1174 65.
1096 1147 1196 1176 Redde:
1208 1149 1246 1175 eis
1262 1154 1450 1184 tegumentum,
1461 1151 1549 1178 cordis
1562 1153 1611 1178 mei
1623 1152 1698 1179 labo-

908 1202 973 1221 rent.
988 1193 1070 1230 345
1093 1194 1228 1227 Quoniam
1253 1195 1331 1223 dabis
1355 1196 1409 1223 illis
1429 1197 1560 1230 laborem,
1584 1202 1612 1224 ut
1635 1206 1696 1226 sen-

909 1239 977 1266 tiant
997 1241 1059 1274 quis
1083 1245 1257 1276 quantusque
1275 1249 1351 1269 esses
1365 1242 1431 1269 dum
1450 1243 1510 1271 illos
1533 1248 1698 1279 protegeres,

907 1289 938 1312 ut
951 1293 1048 1313 rursus
1069 1290 1095 1313 te
1119 1291 1259 1321 quaerant;
1282 1287 1416 1323 alioquin,
1436 1288 1519 1324 (vers.
1537 1288 1583 1325 66)
1608 1298 1696 1325 persc-

906 1331 994 1366 queris
1009 1339 1052 1358 eos
1071 1332 1097 1358 iu
1113 1332 1153 1358 ira
1166 1337 1222 1359 tua.

1236 1377 1314 1405 CAP.
1335 1378 1380 1406 IV.

943 1422 1021 1451 Vers.
1046 1423 1072 1451 1.
1100 1422 1238 1456 Quomodo
1272 1424 1461 1454 obuurabitur
1486 1434 1591 1454 aurum.
1619 1425 1697 1455 Initio

907 1469 989 1505 hujus
1003 1474 1108 1505 quaer
1123 1470 1342 1498 elementationis
1361 1471 1583 1499 lamentationem
1602 1474 1697 1507 praeci-

907 1523 960 1551 pue
976 1516 1011 1544 de
1027 1515 1165 1543 nobilibus
1185 1517 1343 1551 resumpsit,
1360 1517 1512 1545 claritatem
1530 1520 1639 1554 generis
1657 1520 1697 1547 in-

908 1562 1006 1597 quiens
1031 1562 1205 1590 obscuratum
1230 1563 1314 1590 fuisse
1336 1567 1364 1590 et
1387 1563 1474 1591 instar
1498 1571 1576 1600 aqua:
1601 1565 1695 1594 ell‘usaa

907 1607 1060 1636 evanuisse.

943 1653 1027 1688 Επιιεὶ
1037 1658 1098 1680 sunt
1113 1654 1213 1689 lapides
1226 1655 1321 1682 sancti.
1335 1653 1442 1689 Sancti,
1458 1656 1521 1691 quia
1538 1656 1616 1684 electi
1630 1665 1696 1693 pro-

909 1702 969 1732 pter
981 1703 1081 1733 patres,
1094 1700 1136 1726 vcl
1147 1704 1258 1734 propter
1270 1708 1316 1727 eos
1327 1706 1434 1729 sanctos
1445 1703 1489 1736 qui
1502 1710 1553 1729 una
1563 1711 1624 1730 cum
1637 1703 1698 1731 Joa-

910 1746 962 1773 citn
984 1747 1054 1782 capti
1078 1753 1155 1781 sunt,
1177 1756 1245 1783 quos
1261 1749 1365 1776 [icubus
1386 1749 1465 1777 bonis
1486 1751 1646 1779 assimilarat
1659 1752 1695 1779 “.

906 1790 939 1818 Et
960 1791 1053 1826 paucis
1068 1792 1213 1826 iuterjectis
1231 1799 1240 1818 :
1261 1791 1386 1824 Viarum,
1402 1800 1496 1820 earum
1513 1801 1620 1829 nempe,
1635 1802 1697 1829 quae

905 1845 919 1864 a
933 1843 1005 1864 terra
1023 1841 1117 1864 sancta
1134 1838 1237 1864 ducunt
1257 1837 1282 1864 in
1301 1837 1463 1871 perniciem,
1479 1842 1506 1865 et
1523 1839 1692 1874 spiritualem

903 1882 1094 1918 Babylonium,
1110 1887 1139 1910 ut
1155 1883 1262 1910 discant
1285 1890 1339 1909 non
1366 1883 1566 1918 blasphemare.
1589 1883 1695 1912 Poteris

904 1928 968 1956 itent
986 1928 1207 1956 lamentationem
1231 1933 1324 1963 aptare
1341 1929 1376 1956 iis
1391 1929 1437 1964 qui
1459 1937 1474 1956 a
1490 1929 1538 1956 Dei
1560 1930 1634 1957 cultu
1652 1938 1696 1957 re»

903 1975 1013 2007 cedunt,
1031 1975 1054 2001 si
1070 1974 1191 2002 celebres
1207 1974 1271 2007 sint,
1292 1974 1432 2009 ducesque
1457 1975 1559 2002 erroris
1581 1983 1610 2002 se
1633 1975 1695 2003 aliis

903 2021 1052 2056 praebeant,
1069 2021 1121 2057 qui
1134 2021 1230 2048 relicto
1251 2021 1326 2048 fonte
1351 2029 1429 2056 aquae
1450 2022 1517 2049 viva:
1538 2022 1602 2048 fat-ti
1630 2027 1694 2050 sunt

902 2067 979 2094 lacus
992 2058 1104 2094 contriti
1124 2074 1178 2094 non
1195 2066 1315 2094 valentes
1336 2067 1485 2094 continere.
1503 2067 1579 2095 Unde
1596 2068 1693 2095 merito

901 2112 1079 2139 ciTunduntur
1095 2112 1160 2139 dum
1175 2112 1202 2139 in
1219 2112 1312 2138 varios
1328 2111 1486 2139 dilabuntur
1503 2120 1621 2141 errores.

89 2210 120 2235 οι
134 2207 195 2235 vlal
210 2207 287 2234 Σιὼν
306 2209 333 2234 οὶ
349 2207 446 2242 τίμιοι.
463 2207 494 2232 Οἱ
510 2205 649 2241 κομῶντες
665 2206 711 2232 ἐπὶ
727 2205 846 2241 πλούτῳ,

940 2200 1016 2227 Vcrs.
1033 2199 1060 2226 ‘2.
1080 2199 1147 2226 Filii
1166 2199 1231 2227 Sion
1256 2199 1359 2235 inclyti.
1381 2199 1499 2232 Divitiis,
1522 2201 1620 2236 inquit,
1644 2202 1694 2229 ilo-

54 2254 144 2288 φησὶν,
156 2254 174 2289 ἣ
191 2253 238 2280 καὶ
250 2253 362 2288 χρυσίου
376 2251 533 2287 τιμιώτεροι
547 2251 606 2283 πῶς
619 2251 690 2277 οὕτω
705 2252 760 2282 τοῖς
773 2251 848 2277 εὐτε-

54 2299 109 2326 λέσι
136 2300 186 2326 καὶ
214 2298 434 2335 συντριϐομένοις
463 2298 632 2333 ἀπαχθέντες
664 2299 703 2329 εἰς
727 2297 846 2323 δουλείαν

54 2338 241 2382 εἰκάσθησανξ
259 2345 330 2380 Ἔφη
351 2345 380 2371 δὲ
401 2344 505 2376 τούτοις
529 2345 627 2375 αὐτοὺς
649 2343 847 2375 ἁπεικάζεσθαι

55 2391 98 2417 καὶ
123 2391 216 2426 ἡνίκα,
234 2388 371 2416 κατελθὼν
396 2390 436 2420 είς
453 2389 499 2414 τὸν
524 2386 598 2414 οἷκον
623 2388 669 2414 τοῦ
692 2387 845 2423 κεραμέως,

54 2435 141 2463 λαϐὼν
155 2437 266 2471 ἀγγεῖον
283 2435 449 2471 συνέτριψεν.
473 2435 628 2466 ’Λπεικάζει
645 2434 673 2460 δὲ
687 2434 785 2466 αὐτοὺς
798 2434 846 2460 καὶ

60 2481 171 2514 Ἡσαΐας
194 2482 270 2509 πόλει
296 2481 427 2517 πεσούσῃ,
443 2482 498 2508 Kal
523 2481 727 2515 εει-πτώματα,
747 2479 844 2514 λέγων,

54 2527 144 2562 αὐτῆς
165 2528 253 2555 ἔσται
277 2527 316 2560 ὼς
338 2527 546 2561 συντρίμματα
571 2526 692 2560 ἀγγείου
705 2525 844 2559 ὀστρακι-

55 2581 115 2601 νου.

84 2621 140 2647 Καί
158 2629 194 2656 γε
208 2619 370 2654 δράκοντες
388 2618 540 2651 ἐξέδυσαν
557 2618 703 2652 μαστούς.
719 2617 788 2652 Περὶ
802 2616 843 2643 λι-

55 2665 103 2700 μοῦ
119 2666 174 2693 τῶν
189 2665 302 2698 ἐνδόξων
319 2665 394 2699 λέγει
409 2664 528 2700 βρεφῶν,
545 2664 583 2695 ὡς
598 2664 649 2699 τῆς
666 2662 844 2698 Ἰερουσαλὴμ

54 2712 118 2748 μηδὲ
136 2714 193 2744 τοῖς
210 2712 318 2748 ἀγρίοις
333 2711 412 2744 ζώοις
425 2711 526 2747 ὁμοίως
540 2710 623 2746 θηλὴν
636 2710 720 2744 αὐτῆς
737 2710 844 2745 προτεῖ-

52 2767 94 2786 ναι
112 2758 308 2794 δεδυνημένης.
338 2758 369 2783 Ἦ
390 2757 417 2783 δὲ
437 2756 485 2782 τοῦ
509 2756 612 2787 πάθους
635 2754 771 2790 ὑπερϐολὴ
798 2755 845 2781 καὶ

902 2250 1002 2274 rentes.
1019 2245 1059 2272 vel
1079 2246 1161 2272 etiam
1174 2253 1242 2273 auro
1260 2246 1448 2280 pretiosiores,
1468 2247 1606 2281 quomodo
1619 2249 1693 2275 vasis

900 2293 1000 2319 vilibus
1017 2292 1215 2328 l'ragilibusque
1229 2292 1381 2327 comparati
1402 2298 1467 2320 sunt
1482 2293 1508 2319 in
1532 2294 1690 2321 servitutem

901 2338 1028 2365 abducti?
1046 2337 1093 2366 llis
1112 2342 1202 2365 autem
1225 2337 1327 2365 similes
1344 2338 1406 2365 illos
1432 2339 1513 2365 etiam
1531 2339 1609 2372 dixit,
1627 2347 1690 2366 cum

901 2385 1067 2412 descendens
1082 2384 1108 2411 in
1130 2385 1240 2411 domum
1257 2385 1329 2419 liguli
1351 2389 1490 2420 arreptum
1511 2392 1560 2412 vas
1583 2385 1691 2414 conire-

901 2432 938 2467 git
954 2432 987 2458 ⁸⁵.
1003 2431 1086 2458 Isaias
1101 2431 1182 2457 etiam
1200 2438 1247 2457 eos
1264 2436 1406 2465 comparat
1422 2430 1481 2457 solo
1495 2435 1610 2466 aequata:
1627 2432 1692 2459 civi-

901 2478 947 2505 tati
970 2487 977 2505 :
1003 2477 1036 2504 Et
1055 2485 1144 2509 casus,
1166 2476 1255 2510 inquit
1275 2476 1307 2509 ⁸⁸,
1326 2476 1401 2503 illius
1418 2481 1505 2508 erunt,
1527 2478 1605 2510 quasi
1630 2477 1689 2510 fra-

900 2529 1004 2559 gmenta
1021 2523 1090 2550 vatis
1106 2523 1225 2549 Iestacei.

936 2612 1014 2640 Vers.
1044 2612 1071 2638 5.
1092 2610 1183 2637 Etiam
1205 2610 1332 2637 dracones
1356 2608 1518 2636 nudaverant
1548 2616 1689 2637 mammas.

900 2659 936 2686 De
950 2659 1022 2685 fame
1039 2657 1171 2685 nobilium
1188 2664 1333 2691 puerorum
1349 2655 1480 2690 loquitur,
1492 2654 1564 2688 quod
1578 2653 1692 2681 Jerusa-

900 2706 952 2733 lem
969 2713 1018 2732 nec
1033 2704 1195 2731 immanium
1212 2710 1288 2730 more
1306 2702 1460 2729 bellttarum
1483 2709 1619 2728 mammas
1634 2701 1689 2728 illis

899 2753 1020 2788 praebere
1034 2749 1153 2786 potuerit
1171 2759 1176 2777 :
1196 2748 1330 2784 siquidem
1348 2748 1450 2776 doloris
1464 2755 1595 2776 excessus
1605 2747 1684 2776 etiam

86 2846 110 2862 "
120 2846 216 2874 Matth.
232 2853 260 2877 χ,
278 2844 324 2872 29.
364 2844 386 2860 ³⁸
402 2843 503 2871 Jet-em.
518 2851 594 2870 χειν.
634 2842 764 2870 “Jerem.
783 2849 841 2875 xIx,
863 2841 889 2868 l.
928 2840 950 2856 ³⁸
965 2839 1016 2867 lsa.
1031 2845 1096 2871 xxx,
1114 2837 1157 2863 14.

249 2892 388 2923 ΡΔτιιοι.
411 2892 469 2922 GK.
494 2891 578 2922 Xlll.

1526 2882 1562 2913 21
