1872 3048
59 123 123 151 655

692 121 846 149 SELECTA
867 120 900 148 IN
918 121 1088 150 THRENOS.

1649 127 1702 154 634

59 181 190 216 στήλην
207 182 267 216 γὰρ,
287 182 378 217 φησὶν,
394 183 419 207 εἰ
433 181 475 216 μὴ
492 183 534 214 eli;
551 182 584 208 τὰ
599 182 728 215 πρόϐατα
743 182 778 208 τὰ
792 183 865 209 ἁπο-
881 185 903 212 Α
918 182 938 208 si

960 190 1021 209 enm
1038 184 1084 217 qui
1101 183 1133 210 ad
1148 183 1220 217 ipsos
1235 183 1369 218 praecipue
1389 189 1509 213 venerat,
1526 185 1700 218 recepissent.

61 229 190 254 ,ιωλότα
204 228 289 254 οἴκου
310 228 441 261 Ἰσραήλ.

111 317 373 351 Ἐιιιιθαριώθησαν
390 316 554 350 Ναζηραῖοι,
573 327 598 344 κ.
614 327 639 344 τ.
663 318 686 344 ἐ.
706 318 861 353 Σύμμαχος,

62 362 226 397 ἄκραντοι,
251 364 449 398 ἀφωρισμένοι
473 364 568 398 αὐτῆς
584 364 658 397 ὑπὲρ
674 364 770 398 χιόνα,
789 366 864 398 λαμ-

62 409 209 443 πρότεροι
220 409 378 443 γάλακτος,
392 410 565 444 πιψρότεροι
580 411 637 443 τὴν
655 409 689 441 ἐξ
692 418 721 436 ιν
735 409 811 443 ὑπὲρ
828 409 863 436 τὰ

63 455 254 488 περίϐλεπτα
264 463 271 470 ·
288 455 454 490 σάπφειρος
471 456 507 482 τὰ
522 455 600 490 μέλη
624 455 733 486 αὐτῶν,
749 463 864 482 σκοτει-

61 501 196 533 νότεροιν·
209 501 343 534 ἀσϐὀλης
353 501 386 527 τὸ
405 501 485 534 εἶδος
495 501 603 528 αὐτῶν.
616 502 684 534 Τοὺς
697 502 863 536 ἁγιάσαντας

62 545 185 577 ἑαυτούς
198 555 264 582 φησι
279 547 318 582 τῷ
329 547 387 582 Θεῴ
397 556 404 562 ·
422 548 583 583 ἡγιασμένοι
598 547 651 583 γὰρ
663 548 693 574 το
706 548 863 582 Ναζηραῖοι

60 591 154 627 δηλοῖ.
179 592 256 619 Οὕτω
278 594 331 629 γὰρ
356 594 503 629 Σύμμαχος
527 595 574 621 καὶ⁸
599 594 745 621 Θεοδοτίων
770 596 799 621 ὲν
823 595 863 631 τῷ

69 636 170 672 ’Δμὼς
189 638 392 671 ἡγιασμένους
411 638 556 670 ἐξέδωκαν,
571 639 746 675 Ναζηραίους
771 640 862 666 εἰπόν-

61 691 125 714 τες.
150 683 295 718 Μέμνηται
309 683 411 710 τούτων
426 684 474 711 καὶ
496 685 615 719 Μωῦσῆς
626 693 634 700 ⁸
653 685 743 717 ὁποῖος
758 683 791 720 ἦν
815 686 862 711 καὶ

62 728 205 763 Σαμψώψ
222 726 292 764 ἦσαν
304 728 333 755 δὲ
344 730 392 755 καὶ
407 729 483 765 παρὰ
505 729 640 762 Ἰουδαίοις
651 731 802 765 ἐπιφανεῖς.
817 731 862 757 Διὸ

60 775 96 800 τδ
121 775 173 810 μὲν
187 775 306 810 καθαρὸν
322 775 412 802 αὐτῶν
427 776 588 808 ἀντεξέτασε
604 776 684 811 χιόνι,
696 777 726 803 τὸ
742 777 770 803 δὲ
791 777 861 812 λαμ-

61 821 138 856 πρὸν
153 821 279 855 γάλακτι.
310 821 506 857 Ἐπυρὼθησαν
526 822 555 848 δὲ
570 824 603 857 τῇ
616 823 730 857 ἀσκήσει
749 823 861 858 δοκιμα-

919 228 980 254 Non
1016 230 1085 255 enim
1122 230 1218 255 missus
1243 238 1312 262 sum,
1342 229 1429 264 inquit
1453 231 1485 262 ",
1514 230 1564 256 nisi
1588 230 1622 256 ad
1644 239 1701 257 oves

915 281 973 307 qua
989 275 1121 312 perierunt
1138 275 1230 301 damus
1249 274 1342 301 Israel.

951 317 1029 345 Vers.
1054 319 1081 346 7.
1105 319 1227 346 Mundati
1253 325 1314 346 sum
1339 319 1474 352 Nazareni,
1501 324 1552 346 etc.
1578 319 1701 354 Symma-

914 363 992 394 chus,
1007 364 1183 396 immaculati,
1197 366 1325 399 segregati
1339 364 1395 398 ejus
1409 372 1486 398 super
1498 365 1592 396 nivem,
1609 364 1701 390 candi-

915 410 1001 437 diores
1017 410 1094 442 lucta,
1114 411 1312 437 rubicundiores
1334 411 1425 437 habitu
1450 419 1527 444 super
1546 410 1701 444 conspicuas

915 463 954 482 res
966 463 976 487 ;
990 456 1129 490 aappln'rus
1153 456 1268 482 ntembra
1292 455 1398 482 illorum
1410 476 1417 488 ,
1437 456 1573 483 obscurior
1592 456 1702 490 [uligine

914 501 1010 535 species
1031 509 1131 528 eorum.
1150 500 1187 528 De
1210 501 1243 528 iis
1263 501 1385 533 loquitur
1400 502 1447 537 qui
1467 509 1497 528 se
1520 501 1574 528 Deo
1593 501 1702 528 dedicat

915 552 1010 574 verunt
1037 557 1043 574 :
1066 547 1250 575 sanetilicatos
1271 549 1370 583 quippe
1386 555 1436 574 vox
1458 547 1581 574 Nazertri
1599 547 1702 582 signiti-

914 597 967 620 cat.
985 592 1031 619 Sic
1052 593 1124 620 enim
1147 592 1327 628 Symmachus
1350 598 1377 621 et
1392 593 1543 620 Theodotio
1565 594 1591 620 in
1616 594 1700 620 Amos

913 638 1044 672 propheta
1077 638 1260 671 sanctiﬁcata:
1293 638 1490 666 transtulerunt
1515 639 1549 665 θ’.
1580 638 1702 666 Meminit

914 689 1009 709 eorum
1026 686 1052 708 et
1067 681 1172 717 Moyses
1183 682 1206 698 ⁹³
1222 691 1229 709 :
1245 681 1333 717 qualis
1345 684 1405 708 erat
1416 685 1442 708 et
1458 679 1574 713 Samson
1591 688 1701 710 :crant—

914 735 966 760 que
985 727 1056 761 apud
1080 726 1190 754 Judazos
1215 727 1346 754 celebres.
1367 727 1448 763 3&7
1471 727 1534 755 ideo
1555 728 1700 762 puritatem

914 779 1009 798 eorum
1029 772 1082 799 nivi
1099 773 1276 807 comparavit,
1294 773 1441 800 candorem
1464 773 1539 801 lacti.
1557 774 1635 808 lgniti
1653 782 1701 801 au-

914 823 966 844 tem
994 817 1056 844 facti
1078 824 1151 850 sunt,
1173 819 1365 846 exercitatione
1392 826 1486 845 eorum
1508 827 1568 854 qua:
1589 819 1701 853 polliciti

62 854 181 897 cfiévsec
194 863 231 893 ὧν
245 854 493 902 ἐπηγγέλλοντο-τῷ
504 867 573 902 Θεῷ.
634 854 757 895 ἐκλεκτοὶ
772 869 800 895 δὲ
810 854 860 896 αὺ-
877 854 896 881 Β
915 863 938 889 D‘

948 871 969 889 ιο
984 869 1058 895 sunt,
1074 863 1191 898 probati.
1210 863 1294 891 Electi
1311 872 1393 899 porro
1411 864 1543 899 ipsorum,
1558 865 1629 899 quod
1651 873 1701 892 ex—

60 911 133 942 τῶν,
159 911 175 937 ὃ
200 911 279 946 δηλοῖ
307 912 337 938 τὸ
368 912 548 947 ἀπόσπασμα,
578 913 713 940 πολιτείαν
739 914 862 950 οὐράνιον

61 956 180 991 ἔχουσι·
205 957 326 983 τοιοῦτον
354 957 408 992 γὰρ
432 958 483 992 τῆς
515 959 668 995 σαπφειρου
693 960 722 986 τὸ
747 960 859 996 χρῶμα·

59 1002 160 1036 έχουσι
176 1001 204 1028 δὲ
224 1003 271 1029 καὶ
284 1002 466 1038 χρυσιζούσας
480 1004 591 1039 φλέϐας,
612 1003 656 1036 αἷς
680 1005 712 1040 δὴ
731 1006 780 1040 τὴν
805 1005 861 1039 ἕξιν

59 1048 159 1074 αὐτῶν
184 1049 198 1075 ὁ
221 1048 366 1084 Σύμμαχος
381 1049 536 1082 ἀπεικάζει,
552 1051 583 1077 τὸ
598 1050 761 1086 ἀδιάφθορον
785 1051 861 1087 ἐχου-

60 1103 116 1120 σαν
131 1095 182 1121 καὶ
196 1095 328 1131 διάπυρον
343 1095 413 1122 κατὰ
427 1096 595 1124 θεοσέϐειαν.

105 1141 294 1168 Ἐσκότασεν
309 1141 385 1176 ὑπὲρ
398 1142 535 1176 ἀσϐόλην
551 1141 586 1169 τὸ
602 1142 682 1175 εἶδος
693 1143 861 1179 αὑτῶν-,Τῆς

59 1188 257 1223 πνε-ρματικῆς
274 1187 401 1220 ἐξέπεσον
414 1187 584 1223 ἐλλάμψεως,
601 1189 649 1216 καὶ
663 1188 735 1224 λιμῷ
748 1189 786 1224 τῷ
800 1198 862 1225 νοη-

59 1232 102 1267 τῷ
118 1232 296 1268 διετάκησαν,
315 1233 354 1264 ὡς
372 1233 490 1260 ἐοικέναι
515 1233 603 1266 ξύλοις
628 1234 731 1270 ξηροῖς,
745 1236 802 1266 τοῖς
823 1235 860 1270 μὴ

59 1278 285 1313 πεφυτευμένοις
309 1279 385 1315 παρὰ
401 1281 460 1311 ταῖς
474 1279 601 1313 διεξόδοις
620 1280 673 1307 τῶν
695 1281 815 1307 ὑδάτων·
833 1281 859 1307 ὁν-

58 1325 136 1351 ircio:
154 1325 205 1351 νῦν
221 1325 246 1351 οἱ
259 1325 335 1361 παρὰ
351 1325 424 1361 αὐτῷ
441 1327 532 1362 ἱερεῖς,
549 1326 681 1362 μηδεμίαν
696 1326 803 1361 ἔχοντες
817 1326 860 1353 εὑ-

57 1371 183 1406 τροφίειν
197 1372 394 1407 πνευματικήν.
408 1372 462 1398 Καὶ
480 1371 551 1398 κατὰ
566 1372 596 1399 τὸ
610 1371 691 1408 ῥητὸν
708 1371 747 1405 δὲ,
761 1372 808 1398 ὑπ’
819 1372 861 1398 αἱ-

59 1417 169 1451 σχύνης
185 1417 273 1453 ἄκρας
284 1417 317 1444 τὰ
329 1418 462 1453 πρόσωπα
474 1418 563 1444 αὐτῶν
572 1417 739 1453 ἐμελαίνετο,
748 1419 790 1444 ὅτι
803 1419 860 1450 τοῖς

58 1462 155 1494 ἄλλοις
182 1462 282 1497 ὁμοίως
307 1463 509 1499 ἁμαρτάνοντες
543 1464 690 1498 ἀπήγοντο.
709 1463 786 1490 Ἐπεὶ
813 1463 860 1490 καὶ

59 1507 110 1533 νῦν
128 1507 178 1534 ἐπὶ
194 1507 248 1534 τῶν
262 1508 512 1544 καταισχυνομένων
529 1509 546 1543 ἡ
569 1508 697 1544 συνήθεια
711 1508 750 1544 τῷ
766 1509 861 1544 ὀνόμα-
874 1517 897 1548 c

56 1561 87 1579 τι
102 1552 253 1588 κέχρηται.

96 1598 197 1625 Καλοὶ
209 1596 292 1633 ἦσαν
302 1600 331 1625 οἱ
344 1599 516 1634 τραυματίαι
522 1599 684 1633 ῥομφαίας,
695 1599 715 1633 ἢ
730 1601 757 1626 οὶ
770 1607 858 1633 τραυ-

55 1643 165 1677 ματίαι
180 1643 280 1677 λιμοῦ.
301 1643 416 1679 Πολέμῳ
438 1643 492 1679 γὰρ
514 1646 637 1680 κρεῖττον
661 1644 800 1679 συντόμως
813 1653 858 1670 τε-

57 1688 173 1724 λευτᾷν,
191 1688 207 1724 ἢ
227 1688 298 1724 λιμῷ
313 1689 481 1724 δαμασθῆναι
498 1689 531 1716 δι’
546 1690 664 1725 ἀπορίαν
675 1690 728 1717 τῶν
743 1691 771 1716 ἐν
782 1690 858 1726 ἀγρῷ

59 1735 256 1770 γεννημάτων.
272 1735 367 1766 Εἴποις
379 1735 402 1761 δ’
416 1735 449 1762 ἂν
464 1736 600 1771 ῥομφαίαν
613 1733 681 1763 εἶναι
696 1736 743 1762 καὶ
761 1736 859 1771 μάχαι-

61 1789 113 1816 ραν
122 1781 172 1808 τὸν
188 1781 266 1814 λόγον
277 1780 323 1808 τοῦ
336 1780 402 1808 Θεοῦ
410 1790 417 1796 ·
431 1781 500 1817 φησὶ
513 1781 568 1817 γὰρ
576 1783 591 1808 ὁ
601 1781 708 1813 Παῦλος
716 1790 723 1797 ·
734 1782 791 1808 Καὶ
802 1782 859 1816 τὴν

57 1827 217 1862 μάχαιραν
237 1827 289 1854 τοῦ
303 1828 482 1862 πνεύματος,
497 1828 514 1854 ὄ
526 1828 592 1855 ἐστι
604 1827 687 1863 ῥῆμα
710 1828 794 1860 Θεοῦ,
812 1828 856 1863 ὑφ’

57 1869 91 1898 οὗ
109 1879 198 1907 φησιν
210 1872 227 1906 ἡ
239 1871 513 1907 νύμφη,τετρωμένη
530 1873 648 1908 ἀγάπης
659 1873 718 1907 ειμι
733 1872 859 1908 ἐγώ.Λέ-

58 1926 104 1952 γει
129 1918 159 1944 δὲ
182 1918 230 1944 καὶ
242 1919 256 1944 ὁ
272 1918 352 1944 Δαυϊδ
362 1927 368 1933 ·
385 1918 544 1952 Περίζωσαι
560 1918 616 1952 τὴν
628 1918 781 1952 ῥομφαίαν
799 1926 858 1945 σου

59 1964 110 1990 ἐπὶ
123 1964 181 1991 τὸν
190 1965 289 1998 μηρόν
300 1972 368 1995 σου,
380 1963 499 1997 δυνατὲ,
514 1963 551 1998 τῇ
566 1964 721 1998 ὡραιότητι
733 1971 791 1991 σου
807 1964 856 1990 καὶ

59 2009 101 2042 τῷ
123 2008 232 2036 κάλλει
249 2009 393 2036 σου.”Υπὺ
407 2009 535 2044 τοιαύτης
549 2008 701 2043 πληγέντας
721 2009 857 2044 ῥομφαίας

59 2055 146 2082 καλὸν
169 2055 223 2081 ὑπὸ
242 2055 306 2086 τοὺς
323 2055 406 2086 πόδας
421 2057 514 2082 πεσεῖν
535 2054 622 2090 Ἰησοῦ
640 2053 710 2081 κατὰ
721 2054 767 2080 τό·
784 2054 856 2080 Λαοὶ

58 2101 205 2127 ὑποκάτω
217 2108 276 2127 σου
294 2101 468 2133 πεσοῦνται,
480 2101 528 2135 τὴν
541 2099 623 2127 αὐτοῦ
638 2099 857 2135 ὁμολογήσαντας

61 2147 216 2181 βασιλείαν,
233 2147 291 2173 ἀλλ’
306 2147 355 2182 οὐχ
379 2146 479 2173 ἁλῶναι
505 2146 576 2181 λιμῷ
595 2144 711 2180 ψυχικῷ.
732 2145 857 2180 Γέννημα

914 909 983 936 cisio
1006 909 1152 944 signiﬁcat,
1177 910 1239 936 vitae
1262 917 1347 944 genus
1365 910 1469 937 ducunt
1492 910 1616 944 caeleste;
1640 911 1702 938 talis

914 953 986 981 enim
999 959 1040 981 est
1051 954 1173 989 sapphiri
1190 954 1276 986 color,
1291 955 1336 989 qui
1349 955 1431 981 etiam
1447 955 1533 982 instar
1547 955 1606 982 auri
1619 955 1702 982 habet

915 1007 1008 1030 venas.
1028 1000 1129 1034 quibus
1150 1008 1245 1027 eorum
1260 1000 1382 1027 habitum
1399 1000 1580 1035 Symmachus
1593 1001 1702 1028 assimi—

917 1045 966 1078 lat,
981 1050 1012 1073 ut
1025 1046 1211 1081 incorruptum
1228 1050 1254 1073 et
1270 1046 1399 1081 religione
1414 1046 1576 1074 ferventem.

949 1135 1027 1164 Vers.
1043 1135 1070 1162 8.
1090 1135 1268 1163 Obtencbratu
1286 1140 1325 1162 est
1346 1143 1424 1170 super
1442 1135 1579 1170 fuliginem
1603 1138 1700 1172 species

913 1189 1014 1208 eorum.
1031 1180 1203 1216 Spirilualem
1217 1181 1369 1208 amiserunt
1379 1181 1562 1216 splendorem,
1574 1182 1700 1217 fameque

914 1228 1037 1256 interiori
1062 1228 1281 1261 contabuerunt,
1306 1228 1343 1254 ita
1370 1232 1399 1254 ut
1414 1228 1517 1256 similes
1537 1229 1592 1256 sint
1620 1229 1700 1264 lignis

914 1274 1009 1307 aridis,
1024 1282 1085 1308 qua
1096 1281 1150 1301 non
1167 1278 1231 1301 sunt
1248 1273 1367 1307 plantam
1383 1281 1461 1301 secus
1473 1274 1605 1302 decursus
1617 1283 1701 1310 aqua-

913 1327 989 1351 rum;
1007 1319 1103 1353 quales
1118 1319 1154 1346 illi
1171 1326 1244 1346 nunc
1259 1323 1323 1346 sunt
1342 1320 1510 1353 sacerdotes.
1522 1321 1621 1354 quibus
1643 1321 1700 1355 spi-

912 1364 1000 1392 ritalis
1033 1365 1107 1391 nulla
1137 1364 1272 1400 pinguedo
1302 1369 1353 1392 est.
1378 1365 1533 1393 Secundum
1562 1367 1699 1401 propheta:

913 1410 1005 1442 verba,
1023 1418 1078 1445 pra:
1101 1417 1208 1437 summo
1226 1410 1330 1444 pudore
1348 1410 1431 1438 facies
1449 1418 1544 1438 eormn
1564 1412 1699 1447 nigresce-

912 1454 989 1487 bant,
1009 1455 1140 1489 quoniam
1159 1462 1236 1489 atque
1252 1462 1284 1482 ac
1301 1455 1346 1482 alii
1367 1460 1511 1491 peccantes
1531 1457 1701 1484 adduceban-

912 1504 967 1527 tur.
991 1500 1060 1527 Nam
1083 1505 1111 1527 et
1125 1507 1197 1528 nunc
1213 1501 1247 1528 de
1262 1501 1295 1529 iis
1311 1501 1358 1536 qui
1373 1502 1476 1536 pudore
1493 1501 1699 1537 suﬂ‘unduntur,

913 1546 966 1573 hoc
983 1546 1094 1573 nomine
1109 1546 1278 1573 consuetudo
1293 1547 1389 1574 utitur.

947 1591 1025 1619 Vers.
1038 1592 1065 1619 9.
1083 1591 1152 1619 Boni
1175 1592 1280 1626 fuerunt
1305 1593 1385 1619 occisi
1413 1592 1512 1627 gladio,
1527 1601 1606 1627 quant
1619 1593 1701 1620 occisi

910 1643 990 1672 peste.
1001 1637 1093 1665 Satius
1101 1637 1200 1672 quippe
1212 1642 1254 1666 est
1267 1638 1294 1665 in
1308 1639 1379 1665 bello
1395 1638 1513 1666 breviter
1523 1640 1603 1672 mori,
1616 1647 1698 1674 quam

911 1682 984 1710 fame
996 1683 1088 1710 vexari
1105 1683 1140 1710 ob
1157 1683 1278 1718 inopiam
1299 1683 1408 1719 frugum
1426 1685 1495 1720 agri.
1510 1683 1617 1712 Poteris
1634 1685 1698 1712 item

910 1728 1011 1761 dicere,
1027 1729 1145 1763 gladium
1169 1734 1196 1756 et
1210 1737 1303 1757 ensem
1325 1730 1438 1756 verbum
1466 1730 1513 1756 Dei
1537 1738 1599 1759 esse
1625 1741 1633 1759 :
1659 1733 1698 1759 ait

910 1782 1028 1809 namque
1042 1774 1143 1802 Paulus
1159 1774 1183 1791 ⁹⁸
1202 1784 1208 1802 :
1228 1774 1262 1801 Et
1279 1775 1399 1810 gladium
1421 1776 1542 1810 spiritus,
1565 1778 1635 1812 quod
1658 1782 1698 1805 est

910 1822 1014 1846 uerbum
1040 1821 1098 1852 Dei,
1122 1828 1137 1848 a
1164 1828 1219 1855 quo
1248 1828 1360 1855 sponsa,
1385 1820 1532 1854 uulnerata,
1554 1823 1641 1858 inquit.
1662 1824 1697 1855 ",

909 1873 999 1892 amara
1021 1873 1066 1900 ego
1091 1874 1159 1892 sum.
1183 1865 1253 1893 Dicit
1278 1867 1360 1892 etiam
1383 1865 1467 1893 David
1491 1867 1514 1882 ³⁵
1532 1877 1539 1895 :
1556 1870 1698 1903 Accingere

909 1910 998 1945 gladio
1018 1915 1063 1937 tuo
1082 1919 1159 1945 super
1180 1911 1266 1945 [antur
1285 1916 1370 1945 tuum,
1387 1918 1489 1947 potens,
1507 1914 1591 1948 specie
1608 1918 1652 1940 tua
1672 1919 1697 1940 et

908 1957 1103 1990 pulchritudine
1119 1963 1178 1984 tua.
1192 1957 1332 1992 Ejusmodi
1349 1966 1492 1993 percussos
1499 1959 1587 1993 gladio
1596 1960 1696 1987 bonum

908 2007 949 2030 est
971 2003 1022 2030 sub
1045 2003 1162 2038 pedibus
1176 2002 1238 2031 Jesu
1256 2004 1352 2031 cadere
1365 2004 1441 2039 juxta
1458 2005 1523 2032 illud
1539 2007 1560 2024 θ’
1580 2015 1586 2033 :
1601 2006 1697 2041 Populi

908 2049 955 2076 sub
983 2054 1007 2076 te
1034 2050 1139 2082 cadent,
1165 2050 1224 2084 ejus
1251 2049 1368 2078 fatentes
1395 2059 1518 2086 regnum,
1538 2057 1564 2079 et
1597 2051 1694 2079 famem

908 2095 1005 2122 anima:
1021 2102 1075 2121 non
1090 2095 1155 2129 pati.
1175 2094 1266 2122 Terra:
1279 2096 1379 2131 quippe
1392 2096 1497 2124 fructus
1512 2102 1554 2124 est
1569 2096 1695 2125 Christus

910 2142 937 2168 in
957 2141 1113 2168 Bethlehenl
1137 2146 1229 2174 natus,
1248 2149 1309 2176 quae
1324 2143 1430 2169 donmm
1448 2144 1524 2177 punis
1550 2144 1694 2178 signiﬁcat,

60 2193 116 2228 γὰρ
132 2192 227 2228 χώρας
241 2193 255 2218 ὁ
268 2192 394 2228 Χριστὸς,
409 2193 423 2219 ό
438 2193 468 2218 ὲν
481 2191 604 2227 Βηθλεὲμ
619 2192 769 2227 γεννηθεὶς,
787 2192 859 2227 ἥπερ
875 2183 896 2211 Ῑ)
911 2195 938 2222 ψ

950 2194 966 2214 o
990 2195 1044 2214 non
1066 2187 1209 2222 degustato
1232 2187 1317 2214 Judaei
1333 2189 1360 2214 in
1386 2189 1539 2217 dannonum
1558 2191 1694 2225 regionem

59 2237 136 2270 οἶκος
161 2239 247 2274 ἄρτου
275 2238 447 2273 σημαίνεται,
463 2234 549 2273 οὗπερ
565 2237 693 2272 ἄγευστοι
717 2237 858 2271 γεγονότες

67 2284 193 2311 Ἰουδαῖοι
213 2283 254 2315 εἰς
268 2283 400 2318 δαιμόνων
419 2283 580 2319 ἀπήχθησαν
602 2282 702 2318 χώραν.
714 2283 809 2318 Ἀγρὸς
829 2283 857 2309 δὲ

61 2330 247 2365 εὐλογημένος
269 2329 322 2355 ὑπὸ
345 2329 458 2364 Κυρίου,
484 2330 531 2356 καὶ
553 2329 612 2355 λίαν
632 2328 744 2363 εὐώδης,
772 2326 857 2364 οὗπερ

62 2375 159 2401 ἔπνεεν
179 2374 287 2406 Ἰακὼϐ,
304 2373 379 2409 δηλοί
392 2374 509 2410 Χριστοῦ
524 2374 573 2409 τὴν
593 2373 766 2409 Ἐκκλησίαν.

97 2421 202 2455 Χεῷες
228 2420 378 2455 γυναικῶν
392 2421 585 2454 οἱκτιρμόνων
598 2420 726 2454 ἤψησαν
737 2421 774 2446 τὰ
794 2428 858 2447 παι-

62 2466 112 2493 δία
124 2465 235 2493 αὐτῶν.
248 2467 306 2492 ’Ὶνα
321 2466 358 2501 μὴ
371 2465 481 2498 δόξωσιν
494 2467 521 2491 αἱ
536 2467 664 2499 γυναῖκες
680 2465 713 2491 δι’
727 2465 855 2500 ὡμότητα

64 2512 235 2547 βεϐρωκέναι
251 2511 285 2538 τὰ
301 2511 395 2542 τέκνα,
415 2511 588 2546 οἰκτίρμονας
604 2511 652 2546 μὲν
666 2508 735 2537 εἶναί
755 2519 852 2546 φησιν·

62 2559 96 2593 τῇ
112 2559 141 2584 δὲ
156 2560 206 2592 τῆς
220 2557 325 2589 ἐνδείας
338 2557 444 2593 ἀνάγκῃ
459 2557 609 2592 προσάπτει
622 2556 652 2582 τὸ
666 2556 813 2589 πάθος.,Τὸ
825 2555 854 2582 δὲ

64 2604 196 2638 ἧψησαν
207 2604 308 2638 ἀνάψαι
327 2604 374 2630 καὶ
389 2603 507 2637 ὀπτῆσαι
519 2602 603 2637 δηλοτ,
613 2603 627 2628 ὃ
636 2603 668 2638 δὴ
681 2604 792 2637 γέγονεν
803 2602 856 2630 ὑπὸ

62 2651 112 2686 τῆς
135 2650 283 2686 Ῥωμαίων
300 2649 470 2685 πολιορκίας·
489 2649 530 2675 διὸ
544 2648 590 2675 καὶ
607 2648 761 2684 σύντριμμα
780 2649 857 2676 καλεῖ

62 2697 111 2734 τὴν
126 2697 248 2732 παντελῆ
261 2696 308 2723 τοῦ
320 2696 412 2728 ἔθνους
426 2696 573 2723 ἀπώλειαν.
590 2695 644 2721 Καὶ
659 2696 687 2722 ὲν
699 2697 732 2730 τῇ
743 2695 856 2731 δευτέρᾳ.

62 2741 90 2767 δὲ
105 2742 162 2768 τῶν
178 2741 291 2777 Θρήνων
308 2739 472 2775 στοιχειώσει
495 2739 542 2766 τοῦ
564 2740 695 2776 παρόντος
720 2739 855 2775 μέμνηται

97 2799 118 2814 “-
135 2798 232 2826 Matth.
247 2807 293 2830 xv,
310 2797 354 2825 24.
392 2799 414 2814 ⁹²
427 2799 510 2825 Amos
534 2805 565 2827 ιι.
582 2798 625 2825 il.

63 2834 89 2861 ι.
129 2835 152 2850 ’⁷
169 2834 236 2861 ibid.
250 2835 277 2861 6.
316 2833 338 2849 "
353 2833 421 2861 Gen.
436 2841 521 2867 χχιιι,
537 2832 581 2860 27.

668 2798 690 2814 ⁸⁸
702 2797 784 2825 Νυιιι.
798 2797 892 2830 vl,18.
932 2797 956 2814 ³⁵
968 2796 1067 2825 Euhes.
1083 2804 1119 2830 vl,
1134 2796 1178 2823 17.
1217 2796 1240 2812 ⁹⁸
1255 2796 1335 2824 Cant.
1352 2805 1382 2829 ιι,
1403 2797 1429 2824 5.

909 2233 1016 2260 abducti
1030 2237 1103 2260 sunt.
1117 2234 1187 2268 Ager
1199 2241 1263 2260 vero
1276 2234 1432 2263 benedictus
1445 2235 1567 2269 Domino,
1580 2242 1606 2264 et
1618 2237 1694 2265 multi

909 2280 1002 2307 odoris
1014 2280 1110 2314 plenus
1123 2280 1157 2312 ’“,
1174 2288 1253 2315 quem
1272 2281 1393 2316 spirabat
1407 2281 1502 2314 Jacob.
1520 2283 1620 2310 Christi
1643 2282 1694 2310 Ec-

908 2326 1019 2353 clesiam
1037 2331 1122 2354 notat.

947 2416 1080 2444 Vers.10.
1100 2417 1196 2444 Manus
1220 2418 1359 2445 mulierum
1383 2419 1592 2446 misericordium
1613 2427 1691 2446 coxe-

910 2469 970 2490 runt
985 2463 1056 2498 ﬁlios
1072 2471 1142 2490 suos.
1160 2463 1198 2490 Ne
1213 2464 1369 2491 viderentur
1384 2464 1512 2491 mulieres
1526 2472 1581 2499 prae
1594 2465 1691 2492 imma-

908 2510 992 2536 nitate
1010 2509 1080 2536 lilios
1098 2508 1253 2542 devorasse,
1275 2509 1465 2536 misericordes
1479 2517 1526 2536 eas
1540 2515 1629 2541 vocat,
1644 2510 1690 2537 sed

907 2555 1062 2583 necessitati
1079 2555 1172 2582 tribuit
1187 2563 1241 2582 rem
1256 2556 1322 2582 adeo
1334 2562 1453 2589 gravem.
1470 2554 1603 2581 Coxerunt
1616 2563 1689 2589 vero,

907 2605 1009 2627 torrere
1030 2605 1056 2627 et
1080 2607 1174 2626 assare
1197 2599 1355 2634 signiﬁcat:
1376 2599 1447 2634 quod
1468 2599 1598 2626 Romanis
1617 2601 1690 2627 obsi-

906 2645 1033 2673 dentibus
1050 2646 1174 2680 contigit.
1191 2645 1281 2678 Quare
1305 2649 1333 2672 et
1356 2645 1548 2672 contritionem
1573 2645 1691 2680 appellat

905 2692 1054 2727 perfectum
1070 2692 1158 2727 gentis
1170 2692 1373 2719 exterminium.
1383 2691 1415 2718 Et
1429 2692 1454 2719 in
1473 2692 1591 2719 secumla
1605 2691 1689 2718 Thre-

906 2745 1005 2765 norum
1026 2738 1097 2764 serie
1120 2737 1202 2771 hujus
1218 2737 1335 2765 miseriae
1357 2739 1522 2765 mentionem
1544 2737 1617 2765 fecit.
1634 2737 1691 2765 Hoc

1490 2797 1513 2812 ⁹⁶
1525 2796 1597 2826 Psal.
1617 2805 1691 2830 xttv,
