1882 3052
97 163 150 192 669

823 161 966 189 llOMlLlA
984 161 1004 189 1.

1682 166 1735 194 670

98 228 188 250 autem
203 227 262 258 post
283 222 338 250 hwc
354 224 468 250 conversi
484 231 533 249 non
550 223 659 257 fuerint,
681 223 823 250 emcndabo
837 231 890 250 eos.
909 231 929 258 Α
945 232 1039 250 meam.
1055 223 1151 257 Igneus
1165 227 1206 251 est
1221 232 1238 250 a
1251 224 1362 251 renibus
1377 231 1463 258 usque
1481 224 1514 251 ad
1529 224 1656 251 deorsum
1678 223 1731 251 Do-

99 268 198 296 Omnia
208 267 255 294 Dei
268 275 329 302 qua:
343 268 468 294 videnlur
481 275 573 294 atnara
587 276 659 300 esse,
673 268 699 294 in
713 269 891 295 eruditionem

98 319 125 341 et
140 313 262 345 remedia
280 313 434 348 proticiunt.
457 313 577 341 Medicus
598 318 638 341 est
660 313 740 346 Deus,
757 319 833 348 pater
853 318 896 341 est

100 358 182 390 Deus,
197 359 325 386 dominus
343 364 385 386 est
407 367 458 385 non
474 367 564 393 asper,
582 359 628 385 sed
653 359 720 385 lenis
739 364 780 386 cst
804 359 894 386 domi-

100 413 161 432 nus.
177 404 207 431 Si
225 405 334 432 veneris
354 405 388 432 ad
412 413 460 432 eos
480 405 526 439 qui
551 405 636 439 puniti
658 410 722 432 sunt
745 405 894 432 secundum

99 451 210 486 eloquia
225 451 441 486 Scripturarum,
457 458 590 486 compone
606 450 762 484 Scripturas
776 450 898 485 Scriptu-

100 496 149 527 ris.
164 500 194 522 ut
210 500 237 523 et
249 501 274 523 te
281 496 428 530 Apostolus
441 496 564 526 docet.ct
574 495 722 523 videbisibi
736 495 896 523 dulcissima

99 548 171 574 esse,
191 541 238 568 ubi
254 542 427 569 amarissima
446 542 649 569 existimantur.
662 541 800 576 Scriptum
813 547 855 568 cst
869 542 896 568 in

101 588 254 623 propheta:
277 587 338 614 Non
362 589 480 615 vindicat
503 588 542 614 bis
562 588 588 614 in
606 587 720 622 idipsum
741 588 769 614 in
782 587 896 621 judicio.

102 633 258 661 V’mdicavit
274 635 357 662 semel
374 635 400 661 in
413 634 516 669 judicio
530 642 576 668 per
592 633 735 665 diluvium,
750 634 898 661 vindicavit

101 680 185 706 semel
212 680 237 706 in
261 680 365 714 judicio
388 688 470 714 super
497 680 643 707 Sodomam
657 686 683 708 et
698 680 896 710 Gomorrham,

101 725 251 753 vindicavit
277 727 359 753 sentel
387 726 413 752 in
440 726 545 760 judicio
573 734 657 760 super
682 726 841 761 Egyptum,
871 730 898 753 et

101 777 230 799 sexcenta
256 772 342 799 millia
360 772 555 799 lsraclitartuu.
574 771 632 799 Noli
651 772 809 799 existimare
825 771 898 806 quod

102 818 159 845 lucc
179 818 248 844 ttltio
269 825 350 852 poena
369 822 473 844 tantum
494 817 575 844 luerit
597 817 796 852 tuccatoribus,
819 817 898 852 quasi

102 867 163 897 post
178 867 294 889 mortem
309 868 337 890 et
353 862 485 897 supplicia
509 863 609 890 iteer
631 870 646 890 a
670 863 802 897 supplicio
823 863 899 890 cxci~

945 269 1045 296 minus.
1066 269 1255 297 Getterationis
1268 270 1340 296 enim
1353 274 1381 296 et
1395 269 1516 297 libidinis
1529 277 1610 304 opera
1629 269 1730 301 uehen-

945 323 986 341 nm
1009 315 1149 350 suppliciis
1174 315 1370 350 corripiuntur.
1396 315 1492 350 lgneus
1516 320 1557 342 cst
1579 315 1661 347 Deus,
1684 315 1731 341 sed

947 368 1000 387 non
1014 366 1089 388 totus
1099 365 1142 389 est
1158 362 1265 396 igneus.
1281 361 1428 396 Superiora
1442 361 1503 396 ejus
1514 361 1644 388 electrum
1660 366 1734 388 sunt.

946 407 1082 435 Electrum
1100 415 1153 435 non
1173 408 1260 435 solum
1281 413 1405 443 argento,
1423 415 1517 435 verum
1539 413 1566 435 et
1583 415 1651 434 auro
1674 414 1734 441 pre-

946 454 1043 480 tiosius
1062 458 1112 480 est.
1132 452 1268 481 Electrum
1292 458 1383 480 autent
1408 461 1458 488 pro
1480 453 1603 487 exemplo
1624 452 1738 486 fulgoris

947 497 1086 533 Scriptura
1101 499 1201 533 posuit,
1217 506 1270 526 non
1287 498 1360 533 quod
1378 498 1449 525 Deus
1467 506 1528 525 vere
1542 498 1672 525 electrum
1691 497 1737 524 sit.

947 543 979 570 Et
991 545 1130 578 quomodo
1144 552 1199 571 non
1214 549 1255 572 est
1272 545 1325 571 tale
1340 545 1470 572 electrum
1488 545 1560 572 Deus
1574 545 1655 579 quale
1668 543 1738 570 vide-

947 590 1027 617 batur
1042 599 1049 617 :
1063 590 1103 617 sic
1116 598 1169 618 non
1183 595 1226 617 est
1242 590 1303 617 talis
1314 590 1384 624 ignis
1398 591 1487 625 qualis
1500 598 1514 617 a
1528 590 1640 618 renibus
1651 596 1738 624 usque

948 637 982 663 ad
998 636 1098 671 pedum
1113 637 1194 663 tinent
1220 637 1356 671 apparuit.
1383 636 1454 671 Ignis
1476 636 1527 663 iste
1547 635 1693 666 consumit,
1711 639 1739 662 et

948 690 1002 709 non
1021 686 1062 709 est
1074 683 1230 716 appositum
1246 683 1311 716 quid
1337 687 1491 712 consumat,
1516 686 1593 708 ut~tu
1614 687 1738 715 qumrcns

949 727 1069 761 reperias
1081 727 1146 762 quid
1163 727 1198 754 sit
1212 727 1276 754 illud
1293 726 1364 761 quod
1380 734 1398 753 a
1411 726 1458 752 Dei
1473 726 1534 761 igne
1555 725 1736 753 consumitur.

949 772 1020 799 Deus
1036 777 1125 799 noster
1138 773 1204 807 ignis
1222 779 1377 799 consumens
1398 777 1437 798 est
1453 772 1485 797 ιθ.
1509 772 1579 804 Quid
1601 770 1739 798 consumit

950 818 1021 853 ignis
1037 817 1105 844 iste?
1123 817 1182 844 Non
1199 818 1270 852 ligna
1291 824 1352 851 qua:
1369 817 1517 849 cernimus,
1535 824 1588 842 non
1610 815 1740 843 sensibile

951 863 1056 896 fenum,
1079 871 1132 890 non
1159 862 1286 897 stipulam
1303 870 1364 896 quae
1390 861 1507 892 videtur,
1528 860 1576 888 sed
1597 861 1619 887 si
1644 867 1741 894 supcr-

103 908 195 942 picndi
214 908 281 936 sint.
304 907 395 935 Puniti
409 913 474 935 sunt
499 909 525 935 in
552 909 678 943 praesenti
703 917 736 936 ne
759 910 787 936 in
809 910 899 936 l'uturo
917 906 938 935 Β
951 910 1129 938 πᾱὶίὶυδτρτίδ
1144 909 1322 936 fundamento
1339 907 1404 935 Jesu
1427 907 1528 934 Christi
1540 914 1624 940 opera
1638 905 1740 940 peccati

99 954 201 989 jngitcr
223 955 396 989 punirentur.
417 955 504 982 Cerne
521 960 665 990 pauperem
688 956 714 982 in
737 955 894 991 Evangelia,

101 1002 233 1037 squalore
247 1006 273 1029 ct
286 1001 399 1036 penuria
414 1002 557 1036 pretnitur,
576 1006 602 1028 ct
618 1006 710 1037 postea
732 1002 759 1029 in
778 1002 895 1029 Ahraltaa

102 1048 166 1075 sinu
185 1047 344 1082 requiescit.
361 1047 472 1082 Recepit
485 1048 555 1074 nrala
571 1054 621 1074 sua
637 1047 663 1074 in
679 1047 732 1074 vita
746 1055 805 1074 sua.
821 1047 896 1074 Unde

103 1095 159 1122 scis
177 1102 212 1120 an
229 1093 379 1128 receperint.
392 1093 457 1128 quin
474 1094 500 1120 in
516 1093 619 1120 diluvio
633 1098 698 1121 sunt
711 1093 808 1125 necati,
825 1094 896 1121 mala

102 1149 155 1168 sua
172 1141 199 1167 in
216 1140 288 1167 vita?
304 1139 380 1167 Unde
396 1141 466 1167 nosti
488 1146 618 1167 utrumne
633 1140 757 1167 restituta
775 1140 830 1167 sint
847 1140 898 1167 So-

103 1187 194 1213 domae
221 1191 248 1213 rt
272 1186 433 1214 Gomorrhze
457 1186 526 1213 mala
551 1193 600 1213 sua
621 1186 649 1212 in
671 1186 724 1213 vita
745 1186 815 1213 sua?
827 1185 898 1213 Audi

104 1233 294 1260 testimonium
314 1232 529 1267 Seripturarom.
548 1232 589 1259 vis
605 1231 773 1258 Testantenti
795 1230 899 1259 Veteris

103 1279 293 1306 testimonium
306 1278 432 1306 discere?
448 1277 494 1305 Vis
509 1277 575 1304 Novi
595 1278 723 1304 edoceri?
740 1277 900 1304 Ilcstiluetur

104 1326 224 1353 Sodoma
243 1326 270 1351 in
294 1326 453 1360 antiquum;
475 1333 501 1351 et
519 1324 608 1352 adhuc
621 1324 730 1352 dubitas
754 1332 788 1351 an
812 1325 900 1351 bonus

103 1372 140 1399 sit
168 1371 301 1398 Domitius
323 1371 440 1406 puniens
463 1370 637 1398 Sodomitas?
662 1370 836 1397 Tolerabilius
851 1371 900 1397 erit

104 1423 185 1444 terra'
199 1416 376 1444 Sodomorum
389 1420 413 1443 et
427 1416 658 1444 Gomorrhworttm
674 1417 702 1443 in
713 1417 756 1443 die
764 1416 900 1450 judicii",

102 1462 171 1490 dicit
189 1462 321 1490 Dominus
338 1453 472 1490 miserans
487 1462 655 1489 Sodomitas.
681 1461 818 1497 Benignus
836 1470 903 1497 ergo

103 1515 147 1538 cst
162 1510 246 1541 Deus,
262 1510 382 1537 clemens
397 1514 438 1537 est
454 1508 535 1537 Deus.
557 1508 645 1536 Solem
660 1517 736 1536 suum
751 1517 814 1537 vere
836 1510 902 1536 oriri

105 1557 172 1591 facit
179 1565 257 1590 super
265 1555 344 1582 bonos
352 1561 377 1582 et
389 1556 473 1583 malos
489 1563 498 1582 :
510 1555 608 1590 etpluit
620 1563 683 1582 vcrc
691 1563 769 1589 super
775 1555 862 1590 justas
877 1560 901 1582 et

105 1603 221 1637 iujrtslos
236 1603 268 1633 “,
287 1610 340 1629 non
361 1603 448 1629 solum
471 1603 543 1629 lnmc
565 1609 645 1636 quem
661 1601 748 1628 oculis
764 1602 903 1629 cernimus

105 1650 204 1680 solem,
216 1649 263 1676 sed
273 1653 299 1675 ct
311 1648 387 1675 illum
405 1649 489 1676 solent
498 1648 543 1682 qui
554 1647 641 1675 oculis
651 1647 749 1674 mentis
761 1647 902 1681 aspicitur.

107 1695 163 1729 ιτς.»
180 1694 270 1720 maltts
289 1701 373 1725 cram,
387 1699 415 1720 et
427 1697 503 1720 ortus
517 1697 559 1720 est
580 1693 645 1719 mihi
660 1693 701 1719 sol
713 1692 833 1727 iustitiae.
847 1692 904 1727 Ego

106 1740 196 1767 malus
203 1747 289 1771 cram,
302 1739 410 1766 etvenit
418 1747 500 1774 super
509 1747 552 1766 me
560 1739 651 1774 pluvia
660 1739 782 1773 justitize.
794 1739 904 1767 Bonitas

107 1785 154 1812 Dei
176 1790 219 1812 cst
235 1785 317 1812 etiam
335 1785 362 1812 in
381 1785 424 1811 his
439 1793 499 1819 quae
513 1791 605 1812 amara
621 1785 822 1812 existimantur.

141 1832 169 1858 5.
192 1831 278 1865 igitur
295 1831 320 1857 in
338 1831 448 1858 civitate
465 1831 631 1858 constitutus
654 1836 693 1858 cst
720 1831 862 1866 propheta.
878 1835 905 1858 et

106 1886 190 1906 cerne
209 1885 271 1912 qu:e
292 1877 393 1908 videat,
420 1885 454 1904 ne
474 1877 581 1904 dolores
606 1877 704 1904 sentiat
728 1877 903 1911 captivitatis,

107 1925 238 1952 deorsum
254 1923 326 1950 videt
344 1923 462 1954 labores,
480 1923 527 1950 sed
542 1930 652 1950 sursum
669 1923 778 1950 elevans
798 1923 903 1956 oculos,

108 1977 219 2006 apertos
232 1971 346 2004 suspicit
360 1971 455 2002 caelos,
470 1970 557 1997 cernit
570 1969 621 1996 sibi
638 1975 757 1996 reserata
772 1970 904 2003 caelestia,

107 2018 181 2044 videt
196 2017 404 2044 similitudinem
426 2016 519 2051 gloriae
543 2015 601 2047 Dei,
618 2016 691 2043 videt
710 2020 829 2050 quatuor
844 2015 904 2042 ani-

107 2064 202 2093 malia.
228 2063 261 2089 de
283 2062 383 2097 quibus
401 2061 506 2089 multus
519 2069 610 2088 sermo
634 2066 661 2088 et
680 2061 797 2088 dillicilis
821 2061 906 2088 inter-

107 2109 228 2144 prctatio
242 2112 285 2135 cst
295 2107 328 2134 ³⁷.
346 2107 441 2134 Cernit
455 2106 578 2141 aurigam
601 2111 720 2140 quatuor
733 2105 904 2133 animalium.

105 2155 203 2182 Cernit.
217 2159 292 2180 rotas
306 2161 335 2180 se
349 2153 464 2188 invicem
480 2153 663 2180 continentes.
675 2152 776 2186 Auriga
788 2155 906 2186 quatuor

108 2201 272 2229 animalium
296 2208 351 2227 non
369 2203 442 2226 totus
458 2204 499 2227 cst
521 2199 626 2234 igneus,
652 2198 698 2225 sed
721 2198 874 2233 pubetenus
890 2203 906 2224 a

916 1580 938 1608 (Ξ

945 957 1029 991 ligna,
1038 963 1121 991 opera
1131 955 1233 986 peccati
1243 954 1346 986 fenum,
1357 962 1438 988 opera
1448 953 1550 988 peccati
1558 952 1686 979 inferiora
1696 951 1744 978 sti-

946 1003 1050 1038 pulam,
1059 1002 1133 1030 venit
1141 1001 1223 1036 ignis,
1232 1007 1258 1028 et
1265 1001 1392 1028 universa
1402 1001 1452 1027 ista
1464 999 1612 1026 examinat.
1622 998 1690 1031 Quis
1700 1002 1742 1024 est

946 1049 998 1076 istc
1006 1048 1077 1084 ignis
1085 1047 1212 1083 quemch
1222 1047 1359 1081 prazdieat,
1370 1051 1397 1073 ct
1410 1046 1579 1080 evangelium
1589 1052 1644 1072 non
1656 1043 1738 1071 tacet?

950 1095 1160 1130 Uniuscujttsque
1174 1103 1239 1130 opus
1255 1094 1331 1129 quale
1346 1095 1392 1127 sit,
1403 1094 1469 1128 ignis
1488 1090 1652 1128 probabit".
1669 1091 1741 1124 Quis

948 1147 1001 1175 est,
1009 1142 1147 1177 Apostole,
1163 1141 1235 1176 ignis
1243 1141 1293 1168 iste
1300 1139 1345 1175 qui
1355 1140 1452 1174 probat
1458 1146 1541 1173 Opera
1552 1141 1646 1164 nostra
1655 1137 1666 1163 ?
1673 1136 1744 1168 Quis

948 1192 992 1215 est
1003 1188 1073 1222 ignis
1087 1188 1141 1214 iste
1154 1187 1195 1214 sic
1210 1187 1329 1221 sapiens,
1342 1190 1371 1212 ut.
1383 1183 1519 1212 custodiat
1529 1190 1627 1210 aurum
1639 1189 1742 1213 meum,

950 1238 980 1261 ut
990 1238 1133 1268 argenturm
1147 1240 1237 1260 meum
1249 1232 1421 1267 splendidius
1434 1229 1571 1261 ostendat,
1586 1232 1615 1255 ut
1628 1227 1742 1254 illtesum

952 1279 1087 1314 relinquat
1098 1286 1160 1306 eum
1177 1278 1224 1314 qui
1240 1278 1266 1305 in
1281 1286 1325 1305 me
1338 1282 1381 1305 est
1397 1277 1513 1311 lapidem
1539 1273 1700 1310 pretiosum,
1714 1275 1744 1298 ut

952 1325 1022 1352 mala
1045 1329 1150 1351 tantum
1176 1328 1322 1351 consumat
1343 1330 1403 1357 quae
1420 1321 1482 1352 l'eci,
1500 1328 1559 1354 quae
1575 1317 1743 1353 super-aulid-

952 1371 1010 1398 cavi
1027 1371 1110 1405 ligna,
1131 1370 1235 1401 fenum,
1253 1368 1403 1404 stipulam?
1427 1367 1495 1400 Quis
1519 1370 1562 1393 est
1584 1365 1635 1391 iste
1656 1362 1744 1398 ignis?

953 1417 1044 1453 Ignem
1066 1418 1123 1444 ueni
1145 1417 1249 1444 mittere
1272 1410 1349 1447 super
1369 1419 1478 1445 terram,
1495 1418 1519 1440 et
1537 1419 1616 1447 quant
1636 1409 1695 1437 volo
1715 1412 1743 1434 ut

953 1465 1114 1492 accendatur
1131 1464 1164 1490 θ’.
1181 1463 1261 1503 {esus
1284 1462 1410 1489 Christus
1437 1460 1513 1492 dicit,
1530 1465 1610 1494 quam
1633 1456 1690 1484 volo
1715 1458 1744 1481 ut

949 1511 1006 1545 jam
1016 1510 1185 1537 accendatur.
1194 1501 1292 1535 Bonus
1303 1507 1376 1534 enim
1391 1510 1476 1539 est,ct
1484 1505 1629 1538 novitqma
1641 1502 1663 1529 si
1676 1501 1746 1536 ignis

954 1556 1006 1583 iste
1022 1555 1104 1582 fuerit
1119 1562 1262 1585 accensus,
1280 1552 1382 1579 malitia
1399 1555 1586 1578 consumatur.
1607 1547 1744 1581 Scriptum

955 1607 996 1630 est
1011 1602 1037 1629 in
1050 1601 1188 1637 prophetis
1201 1609 1208 1626 :
1224 1599 1407 1634 Sancti/ienuit
1431 1605 1489 1624 eum
1505 1596 1532 1622 in
1554 1595 1608 1630 igni
1629 1593 1746 1625 ardenti,

954 1654 979 1676 et
991 1649 1091 1676 voravit
1104 1653 1230 1682 tanquam
1245 1647 1334 1681 fenum
1347 1645 1452 1672 silvam.
1465 1642 1499 1669 Et
1521 1648 1628 1669 rursum
1642 1649 1649 1667 :
1665 1638 1748 1666 Emit-

955 1695 987 1722 tit
1001 1694 1129 1721 Dominus
1145 1693 1261 1723 Sabaoth
1274 1693 1300 1718 in
1314 1697 1387 1718 tuum
1408 1691 1533 1716 honorent
1549 1685 1746 1717 contumeliam,

954 1745 979 1767 et
996 1740 1023 1766 in
1045 1745 1118 1766 tuam
1133 1740 1244 1774 gloriam
1268 1738 1336 1773 ignis
1355 1737 1450 1764 ardens
1472 1734 1634 1766 accenditur,
1652 1732 1677 1760 id
1696 1733 1747 1765 est,

955 1791 984 1814 ut
1003 1790 1030 1813 tu
1051 1785 1224 1820 gloriﬁceris,
1239 1784 1374 1811 emittitur
1387 1782 1457 1817 ignis
1474 1782 1503 1809 in
1522 1789 1604 1816 opera
1625 1783 1748 1815 peccato~

956 1839 1016 1858 rum
1038 1836 1158 1858 tuorum.
1177 1828 1223 1857 Vis
1243 1829 1333 1856 adhuc
1357 1836 1371 1855 a
1394 1827 1525 1863 propheta
1546 1827 1664 1858 discere,
1683 1825 1746 1859 quia

955 1881 1092 1904 tormenta
1112 1875 1175 1902 boni
1191 1874 1238 1903 Dei
1257 1874 1313 1901 sint
1331 1873 1363 1900 ad
1382 1873 1524 1900 utilitatem
1538 1879 1633 1899 eorum
1654 1870 1700 1905 qui
1715 1877 1748 1896 ca

956 1923 1093 1951 sustinent
1109 1920 1278 1949 constituta?
1293 1919 1423 1947 Ausculta
1442 1918 1568 1945 eumdem
1587 1916 1746 1951 prophetam

955 1969 1090 1996 dicentem
1104 1968 1126 1984 "
1139 1975 1147 1994 τ
1164 1966 1252 1993 Habes
1265 1967 1390 1992 carbones
1401 1964 1478 1999 ignis,
1491 1963 1590 1989 sedebit
1605 1969 1682 1996 super
1692 1969 1746 1992 eos,

955 2017 977 2043 ii
991 2020 1068 2044 erunt
1087 2015 1134 2042 tibi
1155 2013 1299 2048 adjutorio.
1321 2011 1383 2038 llxc
1406 2009 1550 2044 oportebat
1569 2007 1747 2039 abscondere,

956 2068 982 2090 et
1000 2063 1027 2090 itt
1043 2062 1162 2090 medium
1180 2067 1234 2087 non
1255 2058 1387 2094 proferre,
1411 2057 1458 2084 sed
1485 2055 1604 2083 haeretici
1625 2062 1675 2081 nos
1696 2053 1748 2080 im-

956 2110 1071 2144 pellunt,
1095 2113 1126 2135 ut
1149 2106 1260 2134 celanda
1285 2105 1432 2132 cll‘eramus
1454 2103 1480 2129 iu
1502 2102 1663 2137 publicum:
1683 2100 1746 2135 quia

956 2160 1027 2183 tecta
1043 2158 1107 2182 sunt
1117 2153 1217 2180 utiliter
1227 2151 1297 2186 apud
1313 2158 1373 2181 eos,
1388 2149 1435 2183 qui
1447 2148 1538 2175 adhuc
1552 2147 1656 2182 parvuli
1670 2146 1748 2180 juxta

957 2202 1056 2229 anima:
1078 2204 1185 2227 astatem
1208 2201 1284 2229 sunt,
1299 2196 1346 2231 qui
1370 2199 1442 2222 metu
1469 2194 1590 2228 indigent
1605 2193 1749 2228 magistro-

108 2248 236 2282 peilibus,
254 2251 281 2273 et
300 2246 398 2273 exinde
413 2251 502 2280 usque
525 2245 559 2272 ad
583 2252 720 2271 summum
739 2244 832 2272 electri
852 2243 906 2270 l‘ul-
921 2251 943 2278 ι)
958 2255 1030 2279 rum,
1049 2246 1131 2274 minis
1145 2249 1173 2273 et
1190 2243 1341 2272 terroribus
1354 2240 1519 2275 corripiendi
1534 2244 1614 2272 sunt,
1638 2244 1668 2266 ut
1686 2246 1750 2273 pos-

109 2303 175 2329 gora
190 2294 294 2320 rutilat.
311 2292 369 2319 Non
386 2292 459 2319 enirn
473 2292 561 2318 solum
575 2294 710 2318 tormenta
723 2290 803 2317 habet
814 2290 903 2318 Deus:

110 2345 175 2368 sunt
193 2341 220 2367 in
237 2347 272 2366 co
292 2338 374 2366 etiam
397 2337 546 2372 refrigeria.
567 2336 648 2363 Punit
673 2341 840 2371 peccatores,
859 2336 906 2363 sed

111 2395 158 2422 per
165 2395 197 2413 ca
207 2385 358 2412 ministeria
365 2384 447 2419 356
453 2391 513 2418 qum
520 2383 646 2410 deorsum
655 2387 727 2410 sunt.
737 2381 828 2417 Neque
834 2382 906 2409 enim

112 2433 244 2468 propheta
263 2432 353 2466 ignem
371 2431 438 2458 vidit
452 2431 479 2456 in
498 2431 596 2464 capite,
613 2433 660 2456 aut
673 2429 700 2455 in
717 2429 758 2456 his
775 2429 905 2456 membris

114 2486 172 2512 quas
186 2485 201 2504 a
227 2476 383 2503 lumborum
402 2475 521 2502 cunlinio
544 2475 576 2501 ad
598 2482 704 2501 sutntna
725 2478 904 2509 consurgunt.

113 2524 212 2559 lgneus
227 2526 269 2550 est
285 2521 428 2552 Dominus,
442 2520 489 2547 sed
504 2528 520 2547 a
536 2520 647 2546 renibus
667 2527 752 2554 usque
765 2519 798 2546 ad
814 2519 904 2554 pedes,

114 2574 144 2597 ut
166 2569 338 2596 demonstret
363 2574 410 2594 eos
435 2566 483 2601 qui
513 2566 539 2592 in
569 2565 744 2600 generatione
762 2569 907 2592 versantur

114 2615 177 2650 igne
193 2613 327 2648 indigere.
346 2611 431 2639 “erlis
450 2611 551 2646 quippe
568 2611 656 2639 coitus
676 2610 840 2645 signiﬁcatio
853 2615 905 2638 est.

112 2660 211 2687 Adhuc
240 2660 267 2686 in
293 2658 394 2685 lumbis
421 2658 561 2685 Abraham
590 2657 675 2691 patris
700 2661 759 2684 erat
785 2657 848 2684 Levi
872 2657 906 2690 ³³,

112 2706 226 2742 quando
243 2705 269 2732 ei
285 2704 406 2732 occurrit
423 2703 631 2731 Melchisedech.
650 2703 682 2729 Et
701 2703 726 2730 in
746 2703 852 2738 psalmo
866 2703 907 2730 di-

112 2757 186 2780 catur
198 2752 241 2779 ¹⁹;
259 2751 296 2778 0e
324 2751 412 2786 [ructu
433 2751 515 2778 lumbi
538 2751 576 2777 tui
599 2757 694 2785 ponam
716 2757 793 2784 super
820 2750 906 2776 sedem

153 2847 176 2862 ³⁸
193 2846 287 2873 Matth,
306 2854 333 2877 χ,
351 2846 393 2873 l5.

440 2845 462 2860 ’θ
479 2845 574 2872 Matth.
591 2853 618 2876 ν,
636 2845 680 2873 45.

117 2883 138 2899 δ’
159 2881 244 2909 ICor.
259 2889 300 2914 Ill,
322 2878 363 2908 l5.

402 2882 424 2896 "
439 2878 504 2908 an.
520 2888 569 2914 xu,
597 2881 639 2908 49.

726 2845 747 2860 ³⁷
763 2845 860 2872 Ezech.
875 2854 893 2872 ι.

718 2880 738 2896 ⁸³
753 2880 805 2908 lsa.
825 2888 907 2914 van,
929 2880 971 2914 ll,
988 2879 1030 2907 15.

959 2294 1015 2321 sint
1028 2291 1160 2326 consequi
1180 2289 1348 2321 bonitatem,
1363 2292 1392 2314 ut
1413 2295 1461 2322 per
1482 2294 1575 2314 amara
1595 2285 1714 2313 remedia
1734 2292 1749 2311 ιι

959 2339 1117 2368 vulneribus
1132 2342 1304 2373 peccatorum
1319 2334 1467 2369 aliquando
1481 2332 1624 2360 desistant.
1637 2330 1750 2365 Semper

959 2386 1031 2415 enim
1054 2386 1226 2412 sacramenta
1251 2381 1297 2408 Dei
1325 2383 1434 2414 propter
1459 2378 1587 2413 parvulos
1611 2376 1749 2404 auditores

960 2430 1140 2460 voluminibus
1164 2427 1328 2463 quibusdatn
1351 2425 1522 2460 operiuntur.
1547 2423 1632 2456 Quam
1655 2430 1750 2457 magna

960 2475 1102 2504 multitudo
1118 2473 1265 2501 dulcedinis
1285 2477 1347 2505 tnw,
1359 2471 1479 2504 Domine,
1492 2476 1572 2505 quam
1589 2468 1749 2496 abscondisti

960 2521 1110 2550 timentibus
1127 2526 1151 2547 te
1162 2521 1194 2548 “.
1211 2519 1290 2554 chis
1301 2523 1330 2545 et
1343 2517 1537 2552 prophetarum
1550 2516 1621 2543 Deus
1636 2515 1736 2542 abscon

960 2569 1000 2596 dit
1024 2566 1224 2595 multitudinem
1250 2563 1379 2591 bonitatis
1404 2569 1461 2589 suae
1484 2568 1538 2587 non
1563 2560 1748 2595 diligentibus,

960 2614 1007 2642 sed
1021 2613 1180 2641 timentibus
1193 2618 1233 2638 se.
1248 2609 1357 2637 Parvuli
1374 2608 1475 2643 quippe
1488 2612 1551 2634 sunt
1570 2613 1619 2632 nec
1636 2610 1750 2640 possunt

960 2667 1021 2687 cum
1037 2659 1223 2686 emolumento
1239 2664 1290 2684 suo
1309 2646 1415 2683 discere
1431 2653 1504 2688 quod
1521 2655 1646 2679 amemur
1668 2660 1683 2678 a
1703 2659 1749 2685 pa-

959 2709 1012 2736 tre,
1033 2713 1068 2732 ne
1086 2704 1282 2734 dissolvantur,
1307 2709 1340 2729 ne
1361 2700 1511 2736 despiciant
1527 2698 1675 2726 bonitatem
1691 2697 1748 2725 Dei.

960 2752 1131 2786 Quapropter
1161 2757 1224 2777 cum
1249 2748 1369 2776 audieris
1399 2747 1433 2775 de
1457 2745 1548 2782 populi
1575 2743 1749 2780 captivitate,

949 2844 971 2860 ³⁸
984 2843 1064 2871 llcbr.
1078 2851 1126 2870 vn.
1176 2842 1197 2858 ³³
1215 2841 1285 2877 Dsal.
1301 2849 1392 2875 cxxxt,
1416 2841 1459 2869 ll.

1070 2879 1092 2895 “
1109 2878 1180 2907 Ptal.
1197 2885 1261 2911 xxx,
1275 2878 1321 2904 20.

1514 2839 1537 2856 ⁸⁸
1549 2839 1629 2869 llcbr.
1644 2846 1691 2873 xu,
1704 2839 1749 2868 29.
