1882 3052
156 147 202 174 671

748 146 912 175 ORIGENIS
928 145 964 174 1N
983 145 1203 174 EZECIIIELE.“

1736 143 1791 171 6'72

155 203 236 230 crede
252 203 360 238 quidem
388 212 451 232 vere
479 205 612 234 accidisse
639 214 699 233 eam
720 205 799 240 juxta
825 204 946 232 historiae
960 206 982 233 Α
998 204 1153 236 titudinem,
1174 202 1296 237 aliasque
1312 201 1446 229 virtutes?
1459 200 1542 236 Igitur
1563 200 1588 226 in
1603 199 1790 235 captivitatem

155 245 248 279 ﬁdem,
266 248 312 275 sed
333 249 359 275 in
385 249 492 284 signum
516 251 553 277 rei
578 251 691 278 alterius
716 249 898 285 praecessisse,
918 252 946 276 et

157 293 327 328 subsequens
341 295 509 330 significasse
530 297 699 332 mysterium.
716 296 783 323 Nam
804 301 831 322 et
849 300 877 322 tu
897 295 944 330 qui

156 340 263 366 vocaris
279 340 430 375 Ηώς,ᾳυί
445 342 581 376 conspicis
593 342 833 377 pacem,Christus
845 342 945 376 quippe

156 390 207 417 pax
225 389 316 411 nostra
333 389 385 416 est.
400 385 426 412 in
441 385 590 413 Jerusalem
604 387 794 414 commoraris.
812 386 839 414 Si
853 392 943 414 autent

157 429 324 462 peccaveris.
339 429 509 464 derelinquet
525 435 551 458 te
567 431 684 458 visitatio
707 432 764 464 Dei,
785 437 811 459 et
828 432 944 460 traderis

154 473 278 508 captivus
298 474 559 506 Nabuchodonosor.
588 481 613 503 et
640 477 755 505 traditus
781 478 890 506 duceris
917 479 943 506 in

154 517 328 554 Babylonem.
344 519 411 547 Cum
426 521 498 548 enim
514 521 629 549 confusa
648 521 729 550 fuerit
743 523 833 550 anima
862 528 906 551 tua
929 532 944 552 a

154 563 226 591 vitiis
241 569 266 591 et
281 565 543 599 perturbationilms,
559 568 704 595 abduceris
718 568 745 595 iit
766 568 943 605 Babylonem,

152 610 281 644 quoniam
300 609 416 646 Babylon
434 612 555 647 confusio
572 614 774 649 interpretatur.
793 616 826 643 Et
845 617 867 644 si
883 625 945 644 rur—

152 662 212 681 sum
230 656 414 689 pmnitetttiam
433 659 531 693 egeris.
550 665 577 686 et
594 668 640 694 per
661 662 866 689 conversionem
887 663 943 690 veri

150 700 241 728 cordis
258 702 475 730 misericordiam
491 703 538 731 Dei
554 704 754 740 impetraveris,
768 707 884 735 mittitur
895 709 942 735 tibi

153 745 252 774 Esdras
267 747 313 782 qui
328 753 354 775 te
369 749 498 783 reducat,
521 755 548 777 et
569 751 705 779 aedificare
728 751 811 779 faciat
835 753 944 781 Jerusa-

151 792 214 818 lem.
234 792 335 820 Esdras
348 794 448 828 quippe
462 795 659 830 interpretatur
677 798 797 831 ailjutor,
815 803 841 826 et
860 800 945 827 mitti-

151 841 195 863 tur
219 837 267 864 tibi
292 838 406 865 verbum
429 839 530 874 jnvans
555 846 584 869 ut
608 843 753 870 revertaris
777 844 804 871 in
827 846 943 880 patriam

151 888 237 909 inani.
255 883 464 912 Sacramentum
477 890 518 913 est
532 891 559 914 et
581 887 606 914 id
627 889 699 922 quod
717 889 745 916 in
765 891 906 926 aenigmate
916 897 942 919 et

150 936 166 954 a
183 928 294 956 Daniele
307 931 418 963 dicitur,
436 937 462 958 et
476 933 510 959 ab
527 933 658 967 Apostolo
675 936 856 965 abscondente
869 939 942 973 pari-

150 977 191 1000 ter
204 978 231 1000 et
248 975 383 1002 revelante
397 983 533 1004 narratur.
547 977 575 1005 in
591 979 676 1008 Adam
690 989 784 1009 omnes
797 984 940 1017 morimur,

149 1025 177 1046 et
200 1021 226 1047 in
250 1021 360 1049 Christo
383 1031 478 1052 omnes
502 1024 671 1054 vivificamnr
695 1028 729 1054 “.
758 1028 821 1056 Fuit
841 1030 942 1066 quippe

149 1064 234 1092 Alam
263 1066 289 1093 in
314 1068 451 1101 paradiso,
477 1071 524 1098 sed
550 1079 663 1106 serpens
690 1064 857 1108 captivitatis
880 1064 941 1110 ejus

149 1121 231 1140 causa
244 1115 357 1147 exstitit,
373 1121 399 1144 et
416 1117 479 1145 fecit
494 1125 524 1146 ut
537 1120 683 1154 ejiceretnr
700 1123 756 1151 sive
778 1125 812 1152 de
829 1125 942 1154 Jerusa-

149 1159 212 1192 lem,
233 1160 290 1188 sive
313 1161 346 1189 de
369 1165 505 1198 paradiso,
525 1171 551 1193 et
573 1168 678 1196 veniret
701 1170 728 1196 in
754 1171 842 1198 locum
868 1172 941 1201 hunc

148 1203 340 1240 laeryinaruni.
357 1209 474 1243 Serpens
492 1211 577 1239 hostis
595 1218 637 1240 est
653 1216 807 1243 corttrarius
823 1218 938 1246 veritati.

148 1248 309 1277 Contrarius
326 1257 416 1280 autent
435 1262 488 1282 non
504 1264 518 1282 a
536 1257 671 1292 principio
688 1266 797 1288 creatus
817 1267 869 1294 est,
891 1271 939 1290 ue-

147 1302 199 1328 quc
213 1297 305 1323 statim
321 1306 403 1333 super
418 1304 513 1334 pectus
534 1307 561 1329 et
577 1309 698 1331 ventrem
715 1314 795 1333 suum
814 1309 939 1336 ambula-

146 1339 194 1373 vit,
209 1349 296 1376 neque
310 1343 360 1370 fuit
376 1345 410 1371 ab
425 1345 504 1373 initio
521 1347 692 1376 maledic-tus.
713 1350 798 1378 Sicuti
814 1352 899 1380 Adam
914 1359 940 1382 ct

145 1384 201 1413 Eva
218 1395 271 1413 non
294 1389 385 1415 statim
404 1396 433 1417 ut
453 1390 521 1419 facti
541 1398 606 1420 sunt
627 1403 808 1429 peccaverunt
828 1408 835 1426 :
856 1400 892 1426 ita
912 1405 939 1427 et

145 1436 256 1460 serpens
275 1430 326 1458 fuit
346 1432 493 1468 aliquando
515 1443 570 1463 non
587 1445 711 1472 serpens,
728 1448 789 1467 cum
815 1441 842 1469 in
864 1451 940 1477 para-

145 1474 205 1502 diso
227 1476 387 1505 deliciarum
412 1487 574 1509 moraretur.
594 1482 670 1511 Unde
690 1490 784 1519 postea
805 1495 938 1516 corruens

145 1521 180 1546 ob
197 1527 305 1555 pcecata
322 1525 421 1552 meruit
437 1527 531 1553 audire
543 1527 583 1555 ηε
604 1528 641 1555 Tu
657 1531 825 1565 signacut'um
846 1535 939 1561 simili-

145 1567 256 1601 tudinis,
270 1577 366 1598 corona
378 1571 481 1598 decoris
495 1574 522 1599 in
535 1576 662 1608 paradiso
679 1577 725 1604 Dei
746 1584 823 1606 natus
840 1589 878 1613 es,
890 1582 938 1607 do-

144 1621 190 1639 nec
208 1614 310 1642 inventa
325 1621 363 1643 est
380 1617 510 1653 iniquitas
534 1620 562 1647 in
583 1626 617 1654 te,
643 1624 788 1652 ambulasti'
809 1626 938 1654 immacu-

144 1658 215 1686 latus
229 1660 257 1687 in
279 1662 399 1690 omnibus
424 1664 472 1691 viis
491 1666 553 1693 tuis.
575 1666 613 1694 De
638 1676 692 1702 quo
711 1670 791 1697 etiam
808 1670 858 1698 Job
878 1680 936 1699 ine-

144 1709 243 1738 morat,
263 1707 327 1740 quia
351 1707 377 1734 in
394 1715 541 1744 conspectu
560 1713 755 1748 omnipotentis
771 1715 818 1744 Dei
840 1725 937 1752 super—

143 1750 235 1778 bierit.
250 1752 350 1780 Cecidit
364 1754 463 1790 quippe
477 1757 508 1783 de
521 1758 584 1785 caelo
596 1758 704 1794 Lucifer
717 1762 763 1796 qui
776 1770 851 1790 mane
868 1750 938 1791 oric-

143 1796 231 1831 batur,
245 1800 372 1827 carui-itus
387 1806 427 1828 est
440 1811 519 1837 super
533 1809 632 1832 terram
643 1806 675 1832 ‘7.
697 1806 764 1835 Vide
778 1816 936 1837 consonan-

143 1842 208 1869 tiam
225 1845 372 1879 prophetici
393 1849 597 1885 evangelicique
616 1854 764 1881 sermonis.
787 1854 936 1889 Proplietes

142 1888 227 1915 dicit:
243 1890 340 1918 Ccci'dit
359 1892 391 1919 de
410 1895 473 1922 coelo
496 1895 603 1931 Lucifer
622 1899 667 1933 qui
694 1907 769 1927 nimie
790 1888 934 1936 oriebatur,

141 1937 270 1964 contritus
284 1944 323 1966 est
338 1948 415 1975 super
433 1947 542 1970 terrain.
559 1944 639 1972 Jesns
660 1946 780 1981 loquitur
793 1948 816 1964 “
829 1957 835 1975 :
859 1948 936 1976 Vide-

141 1983 201 2009 bunt
216 1983 347 2013 Satanam
359 1989 436 2022 quasi
451 1988 542 2023 fulgur
551 1991 583 2018 de
597 1992 661 2018 caelo
675 1993 822 2021 cadentem.
836 1994 865 2022 In
879 2002 934 2030 quo

140 2030 228 2058 differt
241 2032 332 2060 dicere
346 2034 445 2069 fulgur,
456 2036 664 2065 autLucifci-um
674 2039 707 2066 de
714 2041 784 2067 ctelo
792 2042 934 2069 ruentem?

140 2076 217 2110 Quod
238 2079 270 2105 ad
284 2080 364 2115 357
379 2089 434 2108 rem
452 2084 578 2117 pertinet,
595 2086 686 2113 omnis
706 2089 886 2116 consonantia
900 2090 934 2118 de

140 2123 252 2151 cadente
272 2130 323 2152 est.
350 2125 421 2154 Deus
443 2129 541 2163 quippe
563 2135 677 2158 mortem
700 2140 755 2160 non
778 2133 859 2166 fecit,
882 2143 933 2163 nec

141 2169 271 2196 malitiam
296 2178 424 2206 operatus
447 2179 498 2202 est.
518 2174 645 2204 Liberum
671 2178 814 2207 arbitrium
839 2185 866 2207 et
883 2181 933 2208 ho-

126 2215 206 2240 ‘mini
219 2220 245 2241 et
261 2217 357 2251 angelo
371 2218 404 2245 ad
418 2220 543 2248 universa
560 2223 692 2256 permisit.
713 2224 762 2252 llic
777 2226 833 2259 jam
850 2227 930 2254 intel-

139 2261 275 2296 ligendum
307 2268 348 2290 est
377 2267 514 2299 quomodo
547 2277 595 2303 per
624 2271 728 2297 arbitrii
751 2271 929 2306 libertatem,

137 2308 183 2335 alii
208 2309 241 2335 ad
273 2309 407 2338 bonorum
432 2315 639 2343 conscenderint
667 2318 864 2350 summitatem,
883 2320 930 2347 alii

138 2355 291 2382 corruet-int
307 2357 332 2382 in
351 2358 461 2386 malitiae
479 2359 655 2394 profundum.
673 2362 712 2388 Tu
737 2371 812 2395 vero,
834 2364 928 2398 homo,

136 2407 222 2433 quare
245 2409 298 2427 non
323 2401 364 2429 vis
387 2403 501 2432 arbitrio
524 2409 551 2432 te
575 2411 622 2433 tuo
646 2407 824 2435 derelictum?
839 2409 929 2442 Quare

136 2452 208 2479 πει-θ
222 2446 278 2473 fers
300 2447 366 2481 niti,
389 2449 524 2483 laborare,
546 2453 721 2486 contendere,
741 2459 767 2480 cl
790 2462 838 2488 per
857 2456 928 2485 bona

136 2498 218 2525 opera
235 2497 260 2519 te
274 2493 362 2527 ipsutn
382 2504 494 2523 causam
513 2501 565 2524 tua:
583 2498 640 2524 ﬁeri
656 2499 772 2526 salutis?
787 2501 827 2527 An
841 2503 928 2537 magis

137 2542 162 2565 te
184 2538 328 2568 delectabit
347 2542 544 2575 dormientem,
565 2547 593 2570 et
615 2544 641 2571 in
669 2546 724 2573 otio
748 2549 926 2577 constitutum

136 2589 236 2612 aeterna
254 2588 433 2621 prosperitate
447 2589 635 2622 requiescere?
647 2589 731 2618 Pater
744 2600 826 2625 meus,
838 2594 927 2629 inquit

135 2628 268 2658 Dominus
278 2631 358 2660 ali-sus
372 2633 501 2660 Christus
516 2633 549 2666 δ’,
565 2643 646 2670 usque
662 2637 737 2664 modo
753 2628 888 2672 operatur,
900 2648 925 2668 et

134 2683 181 2710 ego
196 2684 300 2711 operor,
315 2682 343 2705 et
363 2679 410 2706 tibi
428 2679 553 2713 displicet
573 2682 680 2715 operari
699 2683 763 2718 quid
787 2684 820 2711 ad
843 2693 926 2721 opera

135 2727 217 2750 natus
237 2724 286 2750 es?
309 2723 368 2752 Non
389 2725 430 2753 vis
450 2733 519 2760 opus
542 2731 616 2755 tuum
641 2729 698 2757 ﬁeri
715 2730 861 2766 justitiam,
882 2741 927 2761 sa-

137 2768 276 2803 pientiam,
291 2771 465 2798 castitatem?
480 2771 537 2799 Non
555 2774 595 2801 vis
612 2779 687 2802 tuum
708 2784 776 2811 opus
789 2785 850 2805 esse
871 2777 926 2806 for-

960 879 979 906 Β

954 1556 974 1584 C

997 249 1145 280 ducuntur,
1168 248 1215 283 qui
1236 252 1348 283 propter
1370 252 1479 281 peccata
1497 253 1546 273 sua
1568 245 1710 272 Servitutis
1733 254 1787 273 itte-

997 301 1075 320 ruere
1091 292 1234 327 supplicia.
1250 290 1282 317 Et
1301 289 1374 317 venit
1392 288 1469 316 Jesus
1492 289 1618 316 Christus
1641 288 1787 323 praedicare

996 338 1110 373 captivis
1127 338 1326 367 remissionem,
1340 340 1367 363 ct
1381 335 1460 362 caecis
1473 335 1561 362 visum
1573 334 1606 361 ".
1620 333 1674 361 istc
1690 334 1788 361 clamat

995 385 1035 412 eis
1051 385 1096 418 qui
1113 389 1177 412 sunt
1191 384 1218 411 in
1233 383 1359 414 vinculis,
1375 381 1548 417 egredimini;
1563 386 1590 408 et
1609 381 1643 408 iis
1661 381 1709 415 qui
1728 387 1788 407 ver—

996 436 1093 458 santur
1109 432 1136 457 in
1155 429 1283 460 tenebris,
1300 429 1392 456 ridete.
1413 427 1446 454 Et
1464 435 1514 454 nos
1534 427 1636 454 fuimus
1650 427 1678 453 in
1697 426 1788 453 vincu-

996 477 1029 504 lis
1053 481 1237 511 peccatorum,
1260 479 1288 502 et
1311 482 1361 502 nos
1385 474 1532 508 aliquando
1558 473 1737 501 versabamur
1760 473 1786 500 in

996 524 1131 554 tenebris,
1158 522 1303 549 adversum
1336 525 1455 548 rectores
1487 520 1660 547 tenebrarum
1693 517 1787 546 mundi

997 569 1077 596 istius
1090 573 1279 596 concertantes
1295 577 1301 595 :
1318 568 1392 594 venit
1411 567 1490 594 Jesus
1507 567 1629 594 oninitim
1644 565 1788 600 propheta~

996 623 1056 642 rnin
1085 614 1198 641 vocibus
1217 614 1391 648 praedicatus,
1412 613 1506 640 dicens
1531 612 1638 647 ligatis,
1663 611 1743 643 exite,
1762 615 1787 637 ct

995 659 1153 687 constitutis
1165 659 1191 686 in
1208 659 1336 692 tenebris,
1353 658 1471 693 aspicite.

1030 749 1056 776 4.
1074 748 1102 776 Si
1119 753 1209 776 autem
1233 749 1275 775 vis
1296 747 1390 774 audire
1406 746 1575 773 Ezechielem
1595 744 1681 771 filium
1700 743 1788 771 homi-

995 797 1038 823 nis
1055 797 1081 823 in
1099 796 1255 830 captivitate
1278 794 1471 829 praedicantem
1483 814 1491 826 ,
1507 797 1535 820 et
1557 792 1609 819 iste
1629 797 1711 827 typus
1730 794 1788 818 erat

995 843 1108 871 Christi.
1126 842 1189 869 Ideo
1207 842 1307 876 factum
1321 846 1358 868 est
1372 861 1380 872 ,
1405 839 1442 867 ait
1455 839 1489 871 “,
1505 840 1532 866 iu
1548 839 1682 865 tricesimo
1707 843 1785 863 anno.

995 889 1021 916 in
1034 894 1128 924 quarto
1143 896 1238 920 meme,
1251 888 1277 914 iu
1289 888 1382 922 quinta
1393 887 1500 918 mensis,
1512 891 1536 913 et
1551 894 1596 921 ego
1608 893 1683 912 eram
1694 886 1723 911 in
1735 892 1787 912 mc-

996 936 1040 962 diu
1053 935 1213 970 captivitatis
1229 942 1302 961 secus
1318 934 1416 968 ﬂumen
1436 933 1541 959 Chobar
1553 954 1560 966 ,
1583 937 1607 958 ct
1629 932 1715 966 aperti
1727 936 1787 958 sunt

995 982 1063 1009 caeli.
1078 981 1162 1008 Secus
1181 980 1292 1008 fluvium
1310 987 1375 1014 ergo
1387 978 1497 1006 Chobar
1513 977 1638 1005 Ezechiel
1656 985 1719 1004 eum
1742 976 1788 1003 tri-

995 1028 1069 1064 ginta
1088 1032 1161 1054 esset
1174 1030 1436 1060 annorum,apertos
1449 1025 1515 1051 vidit
1527 1024 1622 1052 ecelos.
1637 1023 1671 1050 Et
1695 1022 1787 1050 Domi-

996 1081 1047 1100 ntis
1062 1072 1142 1100 Jesus
1158 1072 1283 1099 Christus
1302 1071 1435 1105 incipiens
1449 1075 1509 1097 erat
1518 1070 1597 1105 quasi
1610 1069 1724 1105 triginta
1738 1076 1787 1096 an.

996 1127 1093 1146 normn
1106 1126 1185 1146 secus
1194 1118 1306 1145 fluvium
1319 1116 1478 1149 Iordanem,
1494 1121 1520 1143 et
1536 1115 1621 1151 aperti
1636 1121 1702 1142 sunt
1715 1115 1785 1143 eoili.

995 1165 1027 1193 Et
1043 1174 1091 1200 per
1109 1173 1218 1192 omnem
1235 1163 1404 1199 prophetiam
1420 1163 1553 1190 Ezecbicli
1571 1162 1672 1189 dicitur
1697 1171 1704 1188 :
1734 1161 1786 1189 Fili

995 1212 1117 1238 hominis.
1144 1211 1210 1244 Quis
1229 1214 1321 1237 autem
1345 1209 1418 1237 ﬁlius
1440 1209 1574 1240 hominis,
1598 1214 1628 1235 ut
1651 1207 1786 1235 Dominus

995 1265 1073 1285 meus
1093 1256 1173 1284 Jesus
1199 1255 1341 1283 Christus?
1362 1255 1553 1290 Respondeant
1574 1254 1641 1281 mihi
1666 1253 1786 1281 haeretici

994 1304 1041 1338 qui
1059 1303 1226 1330 nativitatem
1243 1302 1316 1329 illius
1332 1307 1361 1328 ut
1373 1301 1535 1336 phantasma
1549 1301 1663 1327 eludunt
1680 1310 1687 1327 :
1702 1307 1787 1334 quare

993 1350 1122 1377 Christus
1140 1348 1211 1376 ﬁlius
1227 1348 1347 1376 hominis
1360 1347 1530 1382 appellatur?
1550 1346 1606 1381 Ego
1627 1346 1734 1373 allii-inn
1755 1347 1786 1373 ti-

994 1395 1059 1422 lium
1075 1394 1195 1422 hominis
1215 1402 1277 1421 eum
1295 1392 1389 1420 fuisse.
1417 1392 1484 1419 Nam
1506 1393 1552 1427 qui
1575 1392 1721 1426 passiones
1742 1399 1786 1418 as-

993 1441 1111 1476 sumpsit
1130 1441 1282 1472 humanas,
1299 1446 1411 1467 necesse
1432 1444 1474 1467 est
1495 1443 1524 1465 ut
1542 1442 1604 1465 ante
1627 1438 1785 1472 passionem

994 1487 1146 1521 susceperit
1158 1486 1338 1513 nativitatem.
1357 1483 1449 1519 Neque
1461 1484 1533 1511 enim
1548 1483 1635 1518 potuit
1648 1483 1784 1511 humano:

993 1533 1117 1565 allectus,
1132 1533 1223 1564 verba,
1238 1530 1460 1563 consuetudines,
1477 1537 1596 1559 crucem.
1613 1534 1732 1556 mortem
1745 1536 1786 1556 re-

992 1579 1092 1613 cipere,
1106 1577 1128 1604 si
1146 1584 1200 1604 non
1223 1576 1356 1611 reciperet
1378 1575 1557 1602 humanitatis
1578 1573 1736 1601 exordium.
1755 1573 1783 1600 Et

992 1631 1163 1658 consequens
1171 1627 1230 1650 erat
1239 1623 1406 1650 nativitatem
1417 1621 1478 1655 ejus
1489 1621 1656 1652 auferentes,
1675 1619 1786 1646 auferre

991 1671 1073 1698 etiam
1091 1669 1256 1703 passionem,
1271 1673 1298 1695 et
1313 1667 1474 1702 simpliciter
1485 1667 1585 1698 dicere,
1597 1675 1651 1693 non
1665 1670 1708 1693 est
1723 1674 1785 1693 eru-

991 1716 1087 1744 ciﬁxus
1100 1714 1190 1742 Jesns.
1209 1714 1287 1742 Nunc
1297 1722 1360 1741 vero
1379 1721 1489 1741 crucem
1511 1712 1660 1743 conﬁteris,
1679 1717 1707 1739 et
1730 1720 1783 1739 non

990 1762 1130 1790 erubescis
1141 1761 1243 1789 Judaeis
1261 1761 1421 1788 scandalum
1437 1760 1589 1795 praedicans
1606 1761 1783 1791 cruciﬁxum,

990 1813 1016 1835 et
1031 1807 1157 1843 gentibus
1171 1806 1315 1834 stultitiam
1332 1807 1366 1838 ";
1380 1811 1406 1833 ct
1419 1805 1509 1832 minus
1529 1805 1691 1832 scandalum
1719 1813 1784 1839 pas-

990 1853 1068 1881 sione
1081 1853 1123 1880 vel
1143 1857 1240 1884 morte,
1259 1851 1400 1879 erubescis
1421 1850 1589 1878 nativitatem
1613 1850 1673 1883 ejus
1695 1850 1783 1876 conli-

990 1898 1051 1925 teri.
1071 1897 1207 1924 Nimirum
1237 1897 1329 1924 minus
1348 1895 1468 1923 scandali
1495 1900 1535 1922 est
1563 1894 1658 1922 Jcsuni
1687 1900 1783 1922 natum

989 1944 1084 1977 fuisse,
1097 1951 1179 1979 quam
1192 1948 1341 1972 mortuum.
1352 1946 1399 1969 aut
1414 1942 1436 1968 si
1449 1941 1607 1968 scandalum
1622 1940 1783 1967 Christiana

988 1991 1055 2018 fides
1065 1998 1117 2017 non
1125 1994 1243 2022 veretur,
1251 1997 1300 2016 cur
1307 1989 1387 2015 times
1395 1988 1485 2015 dicere
1494 1988 1610 2020 minora,
1620 1987 1666 2021 qui
1676 1987 1782 2022 majora

988 2045 1073 2064 ausus
1088 2043 1118 2063 es
1138 2035 1272 2063 conﬁteri?
1293 2034 1445 2061 Praesertim
1468 2041 1529 2061 cum
1554 2033 1682 2060 nativitas
1709 2033 1783 2060 illius

988 2091 1042 2110 non
1055 2090 1087 2110 ex
1103 2082 1207 2110 semine
1222 2081 1272 2107 viri
1286 2085 1313 2107 et
1329 2080 1453 2107 mulieris
1473 2087 1570 2107 somno
1590 2080 1782 2107 convenientis

986 2137 1048 2157 esse
1059 2128 1196 2160 credatur,
1214 2127 1260 2154 scd
1273 2127 1352 2160 juxta
1368 2126 1506 2161 prophetae
1521 2127 1661 2161 eloquium
1683 2127 1781 2153 dicen-

987 2177 1022 2203 tis
1039 2176 1062 2191 "
1079 2185 1086 2202 :
1103 2174 1168 2202 Ecce
1180 2175 1252 2209 virgo
1268 2174 1293 2200 in
1306 2178 1378 2200 utero
1394 2167 1532 2208 concipici,
1545 2178 1569 2199 et
1583 2174 1668 2208 pariet
1679 2173 1781 2207 ﬁliuni,

985 2227 1010 2249 et
1025 2221 1161 2249 vocabitur
1178 2228 1271 2247 nomen
1284 2220 1341 2255 ejus
1355 2219 1521 2247 Emmanuel.
1548 2219 1605 2246 Hoc
1619 2219 1693 2254 quod
1709 2219 1781 2247 dici-

984 2273 1028 2294 tur
1040 2265 1212 2298 Emmanuel,
1228 2273 1282 2291 non
1301 2272 1385 2291 unum
1405 2272 1502 2291 nomen
1530 2269 1625 2297 sonat,
1648 2265 1697 2292 sed
1719 2271 1778 2291 rem

983 2312 1128 2347 signiﬁcat.
1146 2311 1313 2338 Atlveniente
1328 2311 1428 2345 quippe
1449 2309 1513 2337 Jesu
1532 2310 1665 2343 dicimus,
1684 2311 1780 2337 nobis-

982 2367 1045 2386 cutn
1072 2357 1214 2385 Dominus.
1241 2356 1299 2384 Non
1317 2357 1416 2384 frustra
1429 2364 1495 2392 ergo
1513 2357 1538 2382 in
1552 2356 1693 2383 tricesimo
1706 2364 1780 2383 anno

983 2405 1126 2440 prophetat
1155 2403 1289 2431 Ezechiel.
1317 2401 1385 2429 Nam
1412 2407 1440 2430 et
1470 2410 1571 2429 nomen
1603 2402 1665 2436 ejus
1690 2403 1777 2438 ﬁgura

982 2451 1084 2479 Christi
1098 2455 1149 2478 est.
1166 2450 1361 2484 Interpretatur
1373 2449 1475 2484 quippe
1490 2448 1617 2476 Ezechiel
1633 2449 1777 2482 imperium

982 2497 1043 2530 Dei;
1058 2497 1203 2531 imperium
1216 2501 1308 2524 autem
1325 2495 1371 2523 Dei
1385 2496 1476 2523 nullus
1495 2501 1548 2529 est,
1573 2495 1625 2522 nisi
1647 2494 1777 2523 Christus

980 2545 1071 2572 Jesus.
1085 2544 1170 2571 Filius
1183 2551 1292 2578 quoque
1305 2542 1371 2569 Buzi
1383 2542 1522 2574 scribitur,
1544 2541 1618 2576 quod
1639 2542 1775 2576 interpre-

982 2596 1054 2618 tatur
1067 2595 1241 2624 contemptus.
1258 2589 1286 2616 Si
1303 2589 1395 2616 venias
1410 2588 1443 2615 ad
1461 2588 1615 2620 haereticos,
1631 2592 1660 2614 et
1679 2587 1776 2615 audias

980 2644 1029 2664 eos
1043 2640 1203 2671 spernentes
1236 2639 1263 2662 et
1280 2642 1328 2669 pro
1353 2634 1439 2661 nihilo
1455 2633 1586 2661 ducentes
1602 2633 1774 2665 Creatorem,

979 2687 1006 2710 ct
1030 2682 1142 2716 insuper
1166 2682 1249 2708 etiam
1269 2680 1465 2713 criminantes,
1488 2679 1593 2707 videbis
1613 2679 1693 2714 juxta
1714 2679 1773 2707 illos

979 2727 1205 2763 contemptissimi
1217 2727 1357 2755 Creatoris
1367 2726 1466 2753 Filium
1481 2725 1626 2754 Dominum
1645 2733 1772 2755 nostrum

979 2777 1072 2804 Jesuui
1087 2773 1238 2801 Christum.
1255 2771 1332 2806 Quod
1356 2772 1378 2799 si
1396 2772 1458 2807 quis
1475 2772 1642 2805 reluctatur,
1665 2777 1693 2799 et
1717 2780 1770 2799 non

191 2837 237 2879 '“__l
252 2839 381 2879 Cor._av,
396 2841 442 2879 εξ.
482 2842 504 2879 ξθ
517 2840 613 2879 Ιριςιειι,
630 2853 725 2876 xxviii,
741 2846 772 2873 12
783 2851 809 2873 ct
827 2847 868 2873 15.

1030 2854 1066 2879 tv,
1085 2845 1125 2872 l2.
1166 2844 1263 2873 “Luc.
1279 2851 1305 2878 κ,
1322 2844 1362 2871 18.
1402 2842 1423 2859 ⁸³
1439 2842 1517 2870 Joan.
1534 2850 1560 2875 v,
1578 2841 1620 2870 l7.
1659 2842 1683 2858 "
1702 2841 1766 2870 Luc.

138 2882 174 2901 iv.
214 2874 234 2890 "
255 2873 353 2901 Ezcclt.
380 2885 397 2910 t,
419 2877 442 2903 ι.
483 2878 504 2894 ⁸²
521 2873 635 2907 lCorJ.
672 2881 693 2896 ⁸³
709 2873 759 2909 Ιὲςι,
776 2889 823 2914 vit,
840 2882 880 2910 li.
