1882 3052
90 112 148 142 873

821 110 964 140 HOMILIA
983 111 1004 138 1.

1681 114 1736 141 στι

97 171 155 198 vult
169 178 229 205 qua":
242 171 440 206 exposuimus,
463 170 539 205 quasi
566 170 737 206 prophetiam
758 171 889 204 recipere,
906 172 928 199 Α
942 169 1044 194 :rimum
1055 176 1131 196 suum
1151 170 1273 197 tribulat.
1291 169 1354 197 [hec
1367 169 1469 198 idcirco
1488 176 1638 199 memorata
1660 178 1735 204 sunt.

95 225 217 252 qua-ram
232 216 267 244 ab
278 224 310 243 eo
326 225 374 244 cur
391 217 522 251 scriptum
538 220 580 244 est
606 217 632 243 itt
659 216 799 243 tricesimo
818 223 889 242 anno

95 263 157 290 vitte
170 263 319 290 Ezechielis
332 267 440 297 apertos
455 263 540 290 fuisse
553 263 649 295 ecelos,
665 267 691 289 et
708 262 808 289 vidisse
826 270 888 288 eum

94 316 142 336 eas
163 309 285 336 visiones
303 317 363 343 quae
383 310 410 336 in
430 309 499 336 libro
523 310 582 344 cjtts
608 309 792 335 continentur.
819 308 888 341 Quid

95 354 162 380 mihi
179 355 290 388 prodest
302 362 435 381 annorum
450 362 592 385 numerus,
602 354 653 381 nisi
667 354 728 386 hoc,
746 353 888 380 utdiscam

92 400 236 427 tricesima
252 408 325 427 anno
337 406 363 428 et
373 401 505 428 Salvutori
518 405 544 428 rt
558 401 695 436 propheta:
706 401 790 428 cmlos
804 401 889 429 fuisse

91 451 243 479 reseralos,
262 451 288 473 et
309 447 477 481 spiritalibus
496 448 625 481 spiritalia
643 455 824 481 comparans,
843 456 889 475 eo-

94 498 225 525 gnoscam
243 492 367 518 universa
384 499 445 526 quae
462 492 561 526 scripta
582 494 663 523 snnt',
682 492 803 526 ejusdem
827 501 889 519 esse

94 536 141 564 Dei
159 538 322 565 sermones?
335 538 440 572 Quippe
459 538 534 564 verba
548 538 706 572 sapientium
725 542 753 564 ut
774 538 886 570 stimuli,

92 587 116 608 et
134 584 213 617 quasi
229 584 296 610 elavi
307 583 334 610 in
350 584 434 610 altum
448 584 558 618 ron/ixi.
573 584 636 618 quia
654 583 887 618 compungentibus

92 630 150 656 dati
164 634 226 656 sunt
239 638 254 656 α
269 636 375 664 pastore
386 638 438 656 uno
457 630 490 655 ".
511 629 566 665 Ego
582 634 608 657 et
624 630 675 657 hoc
691 631 763 665 quod
789 630 888 657 dicitur

91 675 119 702 in
135 681 233 710 quarto
247 684 332 702 mense
348 676 441 710 quinta
454 676 559 707 mensis,
581 676 658 710 juxta
681 676 886 711 possibilitatem

92 729 193 749 sensus
208 722 259 748 mei
281 721 465 756 investigatis,
484 729 580 755 precor
598 730 613 748 a
638 722 693 749 Deo
717 727 746 749 ut
768 723 886 756 idipsum

92 767 197 801 possim
216 766 365 801 intelligere
381 766 452 801 quod
467 766 670 801 Srripturarum
687 768 747 802 ejus
762 768 888 802 congruit

91 813 239 839 voluntati.
267 811 360 840 Novus
386 820 475 839 anttus
501 813 624 840 imminet
643 813 699 848 jatn
723 814 841 846 .lnd:eis,
861 819 887 841 et

91 858 200 894 primus
226 858 329 886 mensis
353 859 423 894 apud
446 867 498 886 eos
517 867 532 885 a
553 860 615 886 novi
635 860 699 886 anni
727 866 886 888 nttmeratur
906 842 925 868 Β

92 905 218 932 exordio.
236 905 332 940 Agitur
347 910 437 932 autent
451 904 556 932 Pascha
571 905 604 932 de
615 913 729 933 numero
739 907 798 933 ttovi
811 908 886 934 anni.

94 949 264 983 Principium
282 951 408 976 mensium
422 950 471 976 iste
485 950 556 977 vobis
576 951 625 977 erit
641 952 667 978 in
693 951 822 978 mensibus
839 961 888 979 au-

91 994 118 1020 xi
132 994 166 1021 ".
184 995 226 1021 Ab
246 995 298 1022 hoc
314 1003 386 1021 anno
405 1003 516 1022 numera
536 996 601 1022 tnihi
613 1001 739 1030 quartttm
753 1005 885 1031 mensem,

89 1045 117 1067 et
128 1040 252 1075 intelligo
268 1040 433 1075 baptizatum
449 1040 541 1067 Jesutn
557 1041 583 1068 in
600 1046 698 1076 quarto
715 1050 808 1070 mense
822 1044 886 1071 novi

91 1086 166 1113 anni.
186 1085 225 1113 Eo
240 1087 311 1113 enim
330 1094 424 1113 mense
435 1087 481 1121 qui
499 1088 569 1121 apud
585 1086 723 1115 Romanos
739 1088 886 1116 Januaritts

91 1137 279 1167 nuncupatur,
293 1133 460 1167 baptismum
475 1132 581 1161 Domini
597 1134 698 1162 factum
712 1142 774 1162 esse
785 1143 886 1170 cogno-

89 1179 207 1212 scimus,
224 1180 269 1214 qni
285 1183 328 1207 est
344 1180 446 1207 mensis
456 1185 571 1214 qttartus
587 1181 621 1207 ab
636 1187 709 1207 anno
727 1181 885 1216 novojuxta

89 1226 314 1260 supputationem
331 1224 517 1252 llcbrteorum.
533 1225 565 1252 Et
577 1226 640 1260 quia
652 1226 685 1252 de
698 1230 816 1260 quatuor
830 1227 886 1253 ele-

90 1271 193 1298 mentis
206 1271 301 1298 mundi
317 1271 470 1298 subsistens
489 1278 589 1306 corpus
604 1276 802 1306 assumpserat,
816 1272 886 1299 reci-

88 1318 169 1353 piens
190 1317 273 1344 etiam
290 1325 388 1344 sensus
409 1318 563 1348 humanos.
590 1317 650 1344 ideo
673 1317 786 1345 forsitan
807 1324 833 1345 ct
857 1321 884 1345 in

89 1369 189 1399 quarto
205 1371 308 1396 mense,
322 1368 348 1390 et
372 1363 399 1390 in
420 1364 517 1398 quittto
538 1363 581 1390 die
597 1364 699 1391 mensis
712 1368 754 1391 est
769 1364 884 1392 intuitus

90 1410 241 1438 visionem.

123 1456 151 1483 5.
171 1455 206 1482 Et
219 1464 266 1490 ego
280 1456 389 1482 erantin
407 1455 491 1482 medio
503 1455 676 1490 captivitatis.
692 1454 804 1482 Videtur
817 1454 882 1482 mihi

88 1502 220 1534 ironich
230 1503 332 1529 dictum
349 1511 354 1527 :
373 1501 407 1528 Et
420 1510 465 1536 ego
480 1510 552 1527 aram
567 1501 593 1527 in
607 1501 693 1528 medio
707 1502 880 1535 captivitatis.
897 1511 918 1540 ο

89 1549 122 1576 Et
136 1557 188 1584 ego
204 1558 211 1576 :
226 1549 304 1584 quasi
318 1548 340 1575 si
353 1548 514 1582 dicatjnxta
530 1548 674 1574 historiam
690 1547 798 1582 quidem
818 1555 883 1582 pro-

89 1595 181 1630 pheta,
196 1600 222 1621 ct
239 1603 289 1629 ego
309 1594 355 1629 qui
380 1601 433 1620 non
455 1594 567 1620 tenebar
589 1593 614 1620 in
635 1594 754 1628 peccatis
778 1594 882 1628 populi,

88 1650 163 1668 eratn
184 1642 210 1668 itt
226 1641 313 1668 medio
329 1640 493 1675 captivitatis
513 1639 608 1675 :juxla
622 1640 777 1674 allegoriam
792 1645 881 1666 autem

87 1688 226 1719 Christus,
245 1691 272 1714 et
288 1694 338 1721 ego
350 1686 410 1712 veni
428 1686 454 1712 in
471 1686 560 1713 locum
575 1685 751 1720 captivitatis.
769 1686 830 1713 veni
849 1686 883 1712 ad

89 1741 136 1760 eos
154 1734 233 1765 lines,
249 1733 294 1760 ubi
309 1732 392 1765 servi,
407 1731 452 1758 ubi
465 1731 564 1766 captivi
575 1731 776 1759 detinebantur.
795 1731 884 1759 Habes

89 1779 246 1807 istiusmodi
263 1778 412 1805 Salvatoris
426 1779 516 1805 nostri
528 1785 611 1805 voces
628 1778 654 1805 in
671 1778 820 1813 prophetis,
839 1778 882 1805 in-

88 1826 227 1862 dignantis
244 1826 307 1861 quia
327 1833 378 1852 non
403 1825 536 1852 faciamus
555 1824 638 1860 358
659 1825 784 1852 homines
802 1824 882 1859 digna

87 1872 293 1907 dispensatione
306 1871 376 1905 ejus,
392 1875 419 1897 et
431 1871 547 1897 maxime
562 1877 612 1897 nos
626 1870 672 1905 qtti
687 1870 713 1896 in
727 1877 788 1896 cum
804 1875 880 1904 puta-

88 1927 151 1945 mur
163 1919 285 1945 credere.
298 1917 369 1944 Dicit
379 1917 479 1951 quippe
493 1916 527 1943 ad
537 1916 644 1943 Patrem
659 1924 739 1943 suum
755 1916 778 1932 “
794 1926 799 1942 :
817 1915 883 1948 Qua:

87 1965 194 1993 utilitas
212 1965 240 1990 in
254 1964 382 1998 sanguine
396 1971 462 1995 meo,
474 1962 537 1989 dum
552 1962 680 1989 descendo
692 1963 719 1988 in
734 1962 882 1995 corruptio—

88 2013 164 2040 nem?
180 2011 310 2046 Nunquid
324 2009 494 2045 conﬁtebitur
511 2009 559 2036 tibi
573 2009 670 2044 pulvis,
683 2014 729 2036 aut
743 2010 883 2036 annuntia-

87 2059 126 2085 l'it
144 2058 282 2085 ceritatem
295 2057 382 2083 tuam?
399 2056 512 2084 Invenio
524 2063 634 2091 quoque
647 2061 674 2083 et
688 2056 769 2083 aliam
789 2055 882 2082 istius-

88 2103 163 2130 modi
180 2110 287 2134 vocem,
300 2110 361 2136 quae
375 2109 407 2129 ex
421 2101 570 2128 Salvatoris
583 2101 668 2128 nostri
685 2109 799 2135 persona
814 2100 882 2128 dici-

88 2154 132 2176 tur
147 2156 196 2184 per
211 2149 372 2184 prophetam
389 2153 553 2183 quan-cutem
571 2148 678 2175 animas
694 2148 787 2182 plenas
799 2147 881 2182 justi-

940 215 1004 249 qttia
1018 215 1054 242 ait
1072 216 1216 250 prophetes
1227 219 1239 244 ':
1260 216 1294 243 Et
1306 225 1353 252 ego
1366 225 1438 243 erant
1453 217 1481 243 in
1496 217 1580 244 medio
1594 219 1736 252 captivita-

941 261 974 286 tis
982 261 1062 295 juxta
1074 262 1172 295 ﬂumen
1187 262 1302 295 Cliobar,
1319 263 1392 298 qttod
1411 262 1604 297 interpretatur
1616 265 1736 298 gravitu—

941 306 984 333 do.
1001 306 1098 334 Gravis
1113 312 1204 334 autem
1219 313 1261 335 est
1276 309 1357 343 hujus
1374 309 1465 336 saeculi
1481 308 1594 341 ﬂuvius,
1619 309 1692 336 sicut
1709 313 1737 337 et

940 352 1004 379 alibi
1022 358 1128 381 sacrate
1137 354 1247 381 dicitur.
1265 354 1385 389 Etjuitta
1403 355 1542 389 sitnpliccs
1556 362 1667 390 quoque
1696 355 1737 382 hi«

940 398 1052 424 storiam
1081 399 1197 433 explicat
1212 400 1307 435 :jnxta
1333 408 1381 427 eos
1418 408 1483 427 vero
1505 401 1552 435 qui
1578 401 1737 436 spritalitcr

941 443 1098 478 Scripturas
1110 446 1235 476 audiunt.
1249 447 1282 472 de
1292 447 1383 473 anima
1399 446 1545 481 signiﬁcat,
1560 455 1621 482 quae
1636 447 1661 474 itt
1676 449 1737 475 vita:

941 490 1021 517 istius
1039 491 1164 518 inciderit
1187 492 1321 519 tttrhincs.
1346 491 1432 527 Super
1450 493 1563 527 [Iuntina
1589 493 1735 527 Babylonis

940 536 977 562 ibi
990 536 1104 563 sedimus
1124 542 1149 562 et
1171 538 1290 571 ﬂrvimu‘s
1309 537 1372 563 dum
1395 539 1593 564 recordarentur
1617 538 1691 570 Sion,
1707 538 1735 564 in

939 581 1067 608 salicibus
1086 583 1113 608 in
1131 583 1215 609 medio
1232 583 1289 617 ejus
1307 583 1490 617 suspendintus
1511 592 1609 617 organa
1631 589 1734 617 nostra,

939 627 1002 661 quia
1019 627 1075 654 illic
1093 628 1322 663 interrogaverunt
1345 637 1390 655 nos
1407 630 1452 663 qui
1470 630 1587 664 captivos
1601 631 1735 658 duxerunt

940 681 997 704 nos,
1011 674 1088 700 verba
1103 675 1267 701 canticorum
1279 675 1314 701 ⁸⁸.
1327 676 1363 702 Ita
1376 680 1439 702 sttnt
1451 675 1562 702 llutnina
1577 676 1733 712 Babylonis,

936 719 1014 753 juxta
1031 727 1092 754 qua:
1115 720 1240 747 sedentes
1259 725 1286 747 et
1312 721 1519 748 reminiscentes
1536 722 1629 756 patria:
1651 724 1735 749 (πειθ-

939 766 999 798 stis,
1018 766 1110 801 lugent
1125 772 1206 800 atqttc
1219 767 1371 801 deplorant,
1388 768 1432 794 ubi
1446 768 1618 802 suspendunt
1630 776 1731 804 organa

939 819 998 842 sua.
1027 812 1053 837 itt
1072 811 1203 838 salicibus
1231 812 1298 847 lt-gis
1319 817 1345 838 rt
1365 814 1556 847 mysteriorum
1580 812 1637 840 Dei.
1660 814 1734 842 Scri-

940 862 1014 891 ptttm
1031 862 1072 884 est
1093 859 1119 885 in
1144 858 1263 893 quodam
1283 859 1367 890 libro,
1390 859 1454 893 quia
1480 860 1612 894 salignam
1637 867 1733 888 omnes

939 903 1081 930 credentes
1094 904 1230 938 accipiant
1246 912 1387 930 (‘Ol‘OtmllL
1403 903 1436 930 Et
1450 904 1476 931 itt
1492 903 1560 931 lsaia
1575 904 1676 932 dicitur
1687 905 1710 921 ‘°
1724 913 1732 933 :

940 947 1048 975 Orietur
1057 949 1133 983 quasi
1148 950 1175 974 in
1189 949 1275 975 medio
1293 957 1368 984 aqua:
1392 949 1500 983 fenum,
1521 954 1545 976 et
1563 949 1634 976 salis:
1655 957 1736 984 super

938 1002 1035 1029 aquam
1049 995 1186 1029 ﬂuentem.
1203 994 1235 1021 Et
1252 996 1278 1021 itt
1294 995 1467 1022 solemnitate
1485 994 1541 1028 Dei,
1561 995 1672 1029 quando
1688 1000 1731 1022 ta-

938 1039 1083 1067 burnaeula
1097 1041 1157 1074 ejus
1175 1047 1388 1075 componuntur,
1403 1041 1523 1074 salignas
1536 1048 1628 1068 ramos
1644 1041 1671 1068 in
1692 1046 1735 1068 ta-

938 1084 1148 1112 bcrnaculmum
1166 1085 1266 1112 tlxione
1280 1086 1462 1112 constituunt.

972 1130 999 1157 6.
1017 1130 1097 1157 Secus
1110 1131 1221 1165 [luvium
1234 1130 1349 1158 Cltobar.
1367 1130 1452 1158 Secus
1466 1130 1566 1158 ﬂumen
1583 1132 1654 1158 istud
1669 1139 1733 1167 gra-

938 1176 1081 1203 vissimunt
1097 1177 1201 1204 saeculi.
1221 1176 1256 1203 Et
1270 1177 1355 1214 aperti
1372 1182 1433 1203 sunt
1455 1177 1523 1204 creti.
1546 1177 1638 1204 Clausi
1652 1181 1732 1205 erant

937 1223 1010 1256 caeli,
1022 1227 1049 1250 et
1062 1223 1095 1249 ad
1113 1224 1260 1250 adventum
1275 1223 1375 1250 Christi
1389 1223 1475 1257 aperti
1487 1228 1561 1255 sunt,
1576 1228 1605 1249 ttt
1624 1231 1731 1250 resere-

938 1269 971 1295 tis
985 1268 1039 1295 illis
1052 1268 1156 1295 veniret
1174 1276 1256 1303 super
1271 1275 1333 1295 eum
1351 1268 1471 1303 Spiritus
1489 1273 1602 1296 sanctus
1616 1269 1642 1296 in
1665 1277 1730 1304 spe-

935 1315 978 1341 cie
1000 1314 1145 1342 columbae.
1154 1313 1248 1349 Neque
1264 1315 1336 1342 enim
1355 1315 1504 1349 poteratad
1523 1322 1573 1343 nos
1588 1322 1729 1343 commea.

936 1367 965 1386 re
989 1359 1041 1386 nisi
1063 1359 1179 1394 pritnum
1192 1359 1225 1386 ad
1251 1367 1308 1386 suae
1324 1364 1429 1387 natura;
1442 1364 1597 1387 consortem
1614 1361 1730 1388 descen-

935 1406 1030 1433 disset.
1046 1406 1170 1432 Ascendit
1185 1405 1266 1433 Jesus
1283 1407 1309 1432 in
1330 1406 1425 1439 altum,
1439 1406 1570 1441 captivam
1585 1407 1661 1434 duxit
1681 1415 1730 1434 ca-

935 1452 1094 1486 ptivitatem,
1108 1453 1207 1485 accepit
1220 1453 1290 1478 dona
1302 1452 1330 1478 in
1342 1453 1503 1479 hominibus.
1520 1452 1574 1484 Qui
1586 1453 1729 1487 descendit,

935 1499 991 1532 ipse
1004 1502 1042 1525 est
1057 1498 1102 1532 qui
1127 1498 1244 1524 ascendit
1260 1506 1339 1532 super
1356 1505 1444 1524 omnes
1463 1497 1540 1524 ctelos
1558 1504 1585 1524 ut
1610 1498 1731 1533 imp/aret

936 1545 1033 1571 omnia.
1051 1543 1085 1570 Et
1099 1545 1154 1578 ipse
1166 1544 1238 1571 dedit
1256 1545 1323 1571 alios
1336 1544 1480 1578 apostolos,
1495 1544 1563 1571 alios
1575 1545 1729 1579 prop/tatur,

935 1591 1002 1617 alios
1012 1590 1197 1624 evungelistas,
1214 1590 1282 1616 alios
1299 1595 1419 1625 pastores
1432 1595 1456 1617 ιιι
1474 1590 1613 1625 magistros
1632 1592 1658 1617 in
1670 1599 1732 1626 per-

935 1637 1073 1672 fectionem
1087 1642 1240 1664 sanctorum
1260 1637 1292 1663 ⁶¹.

972 1683 997 1710 7.
1018 1684 1110 1718 Αμενιὶ
1133 1687 1193 1710 sunt
1212 1682 1281 1709 caeli.
1302 1681 1361 1710 Non
1388 1682 1487 1710 sullicit
1512 1690 1596 1710 ttnum
1629 1688 1730 1710 emtum

934 1729 1034 1764 aperiri
1051 1739 1058 1756 :
1078 1729 1238 1764 aperiuntur
1255 1729 1377 1763 pluritni,
1395 1734 1424 1756 ut
1439 1729 1607 1756 descendant
1621 1736 1675 1755 non
1693 1728 1729 1756 ab

935 1782 1000 1808 uno,
1017 1775 1063 1802 sed
1081 1776 1115 1802 ab
1134 1775 1264 1802 omnibus
1280 1775 1357 1801 ctnlis
1376 1775 1465 1810 angeli
1482 1775 1515 1802 ad
1536 1782 1584 1801 eos
1603 1775 1650 1809 qni
1672 1775 1728 1801 ςδι-

934 1821 1015 1848 vandi
1031 1825 1104 1848 suttt.
1124 1821 1217 1855 Angeli
1235 1821 1282 1855 qui
1297 1821 1479 1847 ascendebant
1492 1825 1519 1848 et
1530 1821 1730 1848 descendebant

935 1875 1017 1902 super
1031 1866 1130 1893 Filium
1146 1866 1280 1899 hominis,
1299 1870 1326 1892 et
1344 1871 1520 1893 accesserunt
1541 1867 1573 1893 ad
1594 1874 1656 1892 eum
1668 1885 1677 1898 ,
1701 1871 1729 1893 et

934 1913 1128 1941 ministrabant
1142 1911 1177 1939 ei.
1195 1912 1399 1939 Descenderam
1420 1916 1511 1938 autem
1529 1913 1616 1946 angeli
1631 1932 1637 1941 .
1664 1913 1730 1946 quia

934 1960 1010 1995 prior
1035 1959 1212 1987 descenderat
1241 1958 1367 1986 Christus
1390 1963 1542 1985 metuent-5
1561 1958 1729 1986 destentlere

933 2006 1091 2040 priusquam
1119 2004 1252 2031 Dominus
1272 2004 1402 2030 virtutum
1427 2004 1550 2031 omnium
1581 2009 1730 2038 rerumque

933 2051 1101 2086 prteciperet.
1119 2050 1235 2084 Quando
1252 2054 1342 2076 autem
1361 2050 1485 2076 \idernut
1504 2049 1653 2083 principem
1676 2050 1728 2076 ini-

934 2098 998 2125 litia:
1012 2097 1131 2125 coalestis
1149 2097 1174 2123 in
1192 2097 1367 2124 terrestribus
1379 2095 1447 2122 locis
1463 2095 1641 2126 commorari,
1664 2100 1729 2122 tttnc

933 2152 980 2179 per
995 2149 1115 2178 apertam
1131 2143 1203 2170 viam
1219 2143 1334 2178 ingressi
1351 2147 1414 2170 sunt
1426 2146 1571 2176 sequentes
1586 2141 1727 2168 dominum

87 2195 142 2226 tiae,
157 2194 251 2228 plenas
266 2201 397 2221 sensuum
416 2193 583 2226 divinOrum,
606 2193 700 2228 plenas
721 2196 878 2220 sanctorum
896 2180 918 2207 θ
937 2197 1029 2222 suum,
1044 2194 1071 2216 et
1089 2193 1214 2224 parentes
1231 2189 1360 2216 voluntati
1380 2190 1440 2223 ejus
1460 2188 1504 2223 qtti
1528 2187 1668 2215 distribuit
1681 2195 1730 2214 eos

86 2239 240 2271 fructuum,
253 2244 281 2267 et
296 2243 449 2274 quaerentes
467 2239 589 2266 veritatis
606 2245 686 2265 veros
706 2238 810 2270 botros,
833 2238 879 2265 scd

87 2285 271 2313 imenientcm
285 2285 418 2320 plurimos
434 2289 590 2319 peccatores
603 2289 630 2311 ct
641 2283 776 2311 inl‘eraces
795 2284 881 2310 botto-

86 2339 160 2361 rntn,
173 2331 315 2357 etidcirco
328 2330 462 2357 dicentem
476 2330 498 2345 "'
519 2339 524 2356 :
542 2329 601 2356 Heu
623 2329 687 2355 milii
704 2330 766 2364 quia
792 2330 880 2363 [actus

85 2382 144 2400 sum
157 2375 224 2400 sicut
240 2374 285 2408 qui
299 2373 400 2408 colligit
418 2373 544 2408 stipulam
557 2374 584 2400 in
604 2382 695 2404 messe,
712 2379 736 2400 ιιι
748 2374 816 2400 sicut
836 2382 881 2400 ra-

86 2428 172 2447 cemos
187 2421 214 2446 in
228 2420 371 2453 vindemia,
384 2419 419 2446 ad
431 2428 510 2455 quant
524 2429 575 2446 nou
596 2421 711 2453 supersit
732 2421 822 2447 bolrtts
845 2422 879 2447 ad

85 2466 304 2493 manducandum
315 2466 460 2500 primitiva.
475 2465 530 2493 lleu
545 2467 622 2493 mihi.
635 2466 711 2499 Quod
724 2467 824 2494 dicitur
832 2467 881 2494 lacu

86 2512 162 2545 mihi,
184 2520 238 2540 non
258 2518 301 2540 est
316 2512 488 2547 primogeniti
504 2512 587 2539 totius
604 2518 745 2544 creaturae,
761 2521 816 2539 non
839 2517 882 2540 est

86 2559 239 2587 divinitatis
251 2566 316 2591 vov,
332 2559 379 2585 sed
394 2559 520 2586 humanae
533 2559 632 2585 animte
642 2567 722 2593 quant
742 2560 879 2594 suscepit:

84 2606 159 2633 unde
171 2606 254 2632 infert
269 2606 292 2621 "
307 2614 313 2632 :
338 2604 397 2631 Heu
415 2605 478 2630 milii
492 2625 499 2637 ,
521 2605 611 2630 anima
634 2613 700 2636 mea,
718 2605 782 2640 quia
804 2606 881 2639 periit

83 2656 217 2679 t'crertens
229 2661 245 2679 a
267 2657 349 2683 terra,
368 2656 390 2677 et
407 2651 452 2686 qui
473 2651 589 2685 corrigat
607 2651 675 2677 inter
695 2651 809 2677 homines
829 2660 880 2678 nou

84 2701 135 2724 est.
156 2697 253 2725 Omnes
268 2698 294 2723 in
307 2696 434 2731 sanguine
446 2696 616 2730 judicantttr,
630 2696 807 2731 unusquisque
820 2705 882 2730 pro-

415 2801 438 2816 ”
452 2799 540 2827 Exod.
560 2807 609 2827 xu.
627 2799 654 2826 2.

120 2802 144 2818 ⁵⁵
158 2802 248 2830 Eccle.
267 2809 318 2834 κη,
333 2802 376 2829 il.
415 2802 438 2816 "
452 2802 540 2827 Exod.
560 2807 604 2826 xu.

124 2837 175 2865 lsa.
199 2845 274 2871 κων,
297 2836 325 2863 4.
381 2836 401 2852 ⁶¹
418 2835 518 2871 Ephes.
534 2842 569 2867 tv,
588 2834 604 2861 8

86 2838 111 2854 ‘°
124 2837 175 2865 lsa.
199 2845 274 2872 κων,
297 2836 325 2863 4.

695 2799 717 2814 ⁵⁸
730 2798 803 2826 l’sal.
823 2800 956 2831 xxix,10.

654 2835 675 2850 ε’
691 2833 786 2862 Matth.
806 2843 881 2868 xvttt,
902 2835 944 2862 10.

937 2237 1063 2264 custodes
1077 2236 1244 2263 credentium
1263 2235 1365 2262 nomini
1384 2242 1445 2262 suo.
1463 2235 1503 2261 Tu
1528 2235 1584 2262 lteri
1603 2235 1654 2262 sub
1669 2235 1726 2262 dte--

936 2282 1029 2308 ntonio
1044 2289 1116 2314 eras,
1133 2281 1214 2307 hodie
1231 2281 1282 2307 sub
1295 2281 1400 2315 angelo.
1421 2279 1519 2311 Nolite,
1536 2280 1624 2314 inquit
1638 2279 1729 2306 Domi-

935 2336 987 2355 nus
1004 2329 1202 2360 “,contemnere
1215 2335 1297 2353 unum
1311 2327 1343 2354 de
1359 2327 1475 2354 minimis
1489 2326 1549 2352 istis
1562 2326 1608 2360 qui
1622 2330 1686 2353 sunt
1700 2327 1726 2353 in

933 2374 1066 2402 Ecclesia.
1082 2374 1164 2400 Amen
1181 2373 1250 2400 enim
1264 2373 1323 2399 diro
1338 2373 1425 2406 vobis,
1447 2373 1509 2408 quia
1528 2372 1614 2408 angeli
1637 2380 1728 2399 eorum

933 2429 978 2455 per
986 2421 1074 2447 omnia
1086 2421 1171 2446 vident
1186 2419 1282 2454 facient
1297 2418 1387 2446 Patris
1400 2419 1445 2454 qui
1458 2423 1495 2445 est
1509 2418 1536 2445 in
1549 2418 1630 2445 uelis.
1643 2417 1730 2445 Obsro

932 2471 1053 2502 qttuutur
1071 2466 1150 2493 saluti
1171 2470 1222 2492 tute
1235 2465 1334 2500 angeli,
1354 2465 1477 2492 concessi
1495 2469 1560 2491 sunt
1585 2464 1617 2491 ad
1642 2463 1727 2490 mini-

933 2513 1046 2540 sterium
1063 2511 1123 2538 Filii
1141 2510 1199 2544 Dei,
1217 2515 1244 2537 et
1258 2511 1352 2538 dicunt
1366 2511 1436 2538 inter
1454 2517 1483 2537 se
1499 2520 1505 2537 :
1520 2511 1541 2537 si
1558 2510 1602 2536 ille
1615 2510 1728 2536 descen-

934 2558 987 2590 dit,
1002 2562 1028 2584 ct
1044 2556 1185 2584 descendit
1204 2556 1231 2583 in
1246 2563 1363 2590 corpus,
1386 2555 1407 2582 si
1426 2555 1534 2582 mortali
1560 2555 1671 2582 indutus
1685 2557 1727 2580 cst

934 2610 1027 2635 carne,
1044 2607 1069 2630 et
1084 2602 1214 2629 sustinuit
1231 2609 1351 2633 crucem,
1368 2605 1394 2628 et
1410 2608 1459 2635 pro
1473 2600 1630 2627 hominibus
1653 2607 1728 2626 mor-

935 2654 999 2676 tuus
1013 2653 1065 2680 est,
1080 2648 1144 2681 quid
1161 2655 1210 2675 nos
1228 2647 1415 2682 quiescimus?
1438 2647 1501 2681 qttid
1519 2646 1656 2681 parcimus
1674 2652 1725 2672 tto-

934 2695 989 2722 bis?
1004 2694 1052 2721 Eia
1068 2702 1164 2721 omnes
1181 2694 1269 2730 angeli
1286 2694 1483 2721 descendatnus
1497 2701 1510 2720 e
1525 2693 1607 2720 coelo.
1623 2691 1684 2718 ideo
1699 2693 1726 2718 ct

992 2799 1014 2815 "’
1031 2797 1112 2825 Mich.
1131 2805 1179 2830 vn,
1193 2798 1219 2825 i.
1258 2798 1280 2814 ⁸⁵³
1299 2797 1364 2824 ibid.
1377 2798 1403 2824 ἓ.
1443 2799 1466 2814 ⁵9
1485 2797 1555 2826 ιιδςει.
1575 2805 1684 2830 cum,
1697 2797 1724 2824 4.
