1882 3052
146 131 149 135 ,
168 110 221 137 615

768 111 847 139 ORIG
853 109 929 138 ENlS
948 109 982 136 IN
1001 108 1217 138 EZECHIELEM

1735 108 1784 136 676

167 167 313 194 multitudo
328 167 431 195 militiae
449 167 568 195 cmlestis
578 172 636 194 erat
648 167 817 195 laudantium
833 173 859 194 ct
871 168 953 203 glori—
970 172 989 197 Λ
1005 167 1114 201 quidam
1130 166 1166 193 dii
1184 166 1260 197 estis,
1279 165 1424 200 et‘quiilam
1439 173 1491 193 non
1505 165 1590 198 estis;
1609 173 1716 198 verum,
1729 173 1786 193 om-

166 212 307 240 “cautium
325 212 543 248 Doliturquando
560 218 638 241 natus
653 219 694 240 est
703 213 838 240 Christus.
852 214 950 240 Omnia

167 257 271 291 angelis
286 257 364 292 plena
376 263 450 289 sunt;
469 259 542 290 veni,
562 258 671 292 angelo,
698 258 806 292 suscipe
823 266 950 285 sermone

165 311 329 331 conversum
344 304 377 331 ab
390 312 483 331 errore
498 305 622 339 pristino,
638 312 652 330 ιι
667 303 789 331 doctrina
802 304 951 331 daemonio-

166 357 238 381 rum,
253 349 287 376 ab
302 350 444 384 iniquitate
459 350 484 376 in
502 350 585 376 altum
599 350 725 384 loquente
740 354 785 377 :et
799 350 950 384 suscipiens

166 402 228 421 eum
247 395 324 428 quasi
342 395 462 422 medicus
485 395 572 422 bonus
594 394 707 422 confore
729 399 810 429 atque
827 395 952 422 institue:

166 441 296 475 parvulus
311 445 362 470 est.
379 440 458 467 hodie
480 441 600 467 nascitur
616 448 699 467 senex
725 448 921 473 repuerasecns
940 449 948 468 :

164 492 191 513 et
205 486 314 521 suscipe
329 486 450 512 tribuens
464 485 487 512 ei
505 485 667 520 baptismum
689 485 815 512 secunda:
837 493 948 520 regene-

164 532 288 561 rationis.
307 536 333 558 et
354 532 455 558 advoca
471 531 518 557 tibi
533 531 600 558 alios
619 531 709 558 socios
730 530 873 558 ministerii
899 531 948 563 tui,

166 582 195 605 ut
217 577 305 603 cuncti
331 577 431 611 pariter
447 584 494 603 eos
519 576 564 610 qui
588 576 735 610 aliquando
753 576 856 611 decepti
873 581 948 608 sunt,

162 622 291 649 erudiatis
303 623 335 649 ad
348 622 436 648 tidem.
452 622 584 649 Gaudium
596 623 664 649 enim
675 628 714 650 cst
731 623 818 656 majus
831 624 858 649 in
875 624 946 650 caelis

161 676 237 701 super
252 675 332 694 unum
347 672 508 701 peccatorem
524 668 703 701 paenitentiam
717 672 852 702 agentem.
870 675 949 701 quam

161 721 241 746 supra
265 714 408 747 nonaginta
427 721 516 739 novom
530 714 618 747 justas
639 713 733 748 quibus
754 721 806 740 non
823 717 862 740 est
883 721 947 747 opus

161 759 312 792 panitcntia
327 759 359 786 °'.
379 759 500 786 Exsultat
519 759 607 786 omnis
629 764 752 786 creatura
766 780 774 791 ,
798 759 948 787 collietatiir

159 810 188 831 et
200 804 339 838 applaudit
351 805 393 832 his
409 805 457 838 qui
472 804 596 831 salvandi
610 809 684 831 sunt.
701 803 768 831 Nam
788 805 948 839 exspectatio

159 856 289 877 crcuturw
307 851 489 877 reuelationem
508 850 623 878 ﬁliorum
648 851 693 877 Dei
713 855 843 884 exspectat
863 851 896 877 ⁸⁸.
915 850 947 877 Ει

161 897 225 924 licet
236 897 323 924 nolint
333 897 352 924 ii
364 897 410 931 qui
423 897 578 931 Scripturas
591 898 755 932 apostolicus
768 897 947 931 interpolave-

161 948 222 970 runt
241 943 393 971 istiusmodi
413 951 552 971 sermones
569 944 658 971 inesse
682 944 757 970 libris
770 951 865 970 eorutn
886 943 947 977 qui-

161 989 212 1016 bus
225 989 310 1024 possit
323 993 428 1016 creator
442 989 566 1015 Christus
579 989 735 1023 approbari.
749 993 888 1022 exspectat
905 993 946 1015 ta-

162 1043 224 1062 men
239 1036 328 1063 omnis
338 1041 461 1062 creatura
481 1036 549 1062 lilios
567 1035 623 1064 Dei.
641 1034 750 1070 quando
768 1035 915 1062 liberentur
931 1043 946 1061 τι

159 1081 269 1114 delicto,
287 1082 396 1116 quando
407 1081 565 1109 auferantur
578 1082 611 1108 de
623 1081 715 1108 Zabuli
730 1088 823 1111 manu,
835 1081 945 1115 quando

161 1133 354 1163 regenercntur
366 1136 380 1155 a
394 1128 516 1155 Christo.
537 1127 634 1154 Verum
650 1127 707 1162 jam
724 1131 832 1161 tempus
848 1131 899 1158 est,
916 1131 945 1153 nt

159 1174 192 1201 de
205 1173 328 1208 praesenti
345 1173 404 1200 loco
430 1174 519 1208 aliqua
545 1178 699 1208 tangamus.
718 1172 790 1200 Vidit
815 1173 944 1207 propheta

159 1225 212 1244 non
227 1217 375 1249 visionem,
399 1218 444 1245 sed
469 1218 587 1245 risiones
611 1217 668 1244 Dei.
689 1217 780 1250 Quare
803 1225 856 1244 non
879 1217 945 1244 vidit

161 1269 240 1287 unum
257 1280 265 1291 .
294 1261 340 1288 sed
372 1261 503 1296 plurimas
533 1262 673 1289 visiones?
697 1261 767 1289 Audi
799 1261 943 1289 Dominum

159 1307 328 1341 pollicentem
342 1313 423 1342 atque
435 1309 567 1337 dicentem
586 1317 592 1335 :
610 1308 664 1343 Ego
676 1308 790 1337 risiones
813 1309 944 1344 multipli-

157 1354 215 1380 caui
231 1354 264 1380 ⁸³.

193 1399 218 1426 8.
242 1399 341 1432 Quinta
362 1400 467 1427 mensis.
485 1399 533 1427 llic
549 1408 638 1428 annus
648 1401 762 1435 quintus
778 1401 944 1436 captivitatis

159 1446 231 1480 regis
247 1445 380 1472 Joaehiin.
395 1445 545 1473 Tricesimo
564 1453 637 1474 anno
651 1447 739 1475 tutetis
753 1445 903 1475 Ezechielis
918 1452 945 1475 et

1002 220 1050 239 nes
1065 212 1100 238 ilii
1120 212 1198 238 estis.
1215 211 1242 237 Si
1258 209 1347 238 autem
1376 211 1560 245 peceaveritis,
1581 212 1705 238 ausculta
1722 211 1785 246 quid

1001 258 1142 292 sequitur:
1166 257 1214 284 Vos
1230 265 1289 284 vero
1308 262 1336 283 ut
1362 258 1478 284 Itinnines
1496 258 1653 284 moriemini.
1671 257 1729 284 Non
1747 262 1786 286 est

1002 303 1059 330 lure.
1070 304 1149 338 culpa
1177 304 1299 330 vocantis
1324 304 1356 330 ad
1385 305 1512 335 salutem,
1546 312 1599 330 non
1632 304 1785 337 ipsecausa

1002 349 1099 375 mortis
1112 349 1158 382 qiti
1178 349 1271 375 invitat
1289 349 1321 375 ad
1349 349 1528 380 divinitatem,
1556 353 1583 375 et
1605 348 1638 375 ad
1669 348 1786 376 cmicstis

1001 399 1106 421 naturai
1122 394 1306 428 adoptionem,
1325 394 1371 421 sed
1391 394 1417 420 in
1435 399 1528 421 nostro
1554 399 1674 428 peccato,
1703 399 1731 421 et
1759 395 1786 421 in

1000 445 1095 466 nostro
1111 440 1211 467 seelere
1233 439 1356 466 consistit
1384 439 1454 474 quod
1479 439 1598 466 dicitur:
1621 439 1671 465 Vos
1700 445 1786 466 autem

1000 490 1028 511 ut
1042 485 1159 511 homines
1173 485 1330 516 moriemini,
1357 489 1381 511 et
1403 485 1479 519 quasi
1495 493 1561 510 unus
1574 484 1606 510 tle
1625 485 1786 518 principibus

1000 530 1110 556 cadetis.
1127 530 1202 556 ΜιιΙιί
1217 530 1355 564 principes
1372 535 1461 560 erant,
1485 535 1512 557 et
1530 538 1600 557 unus
1615 538 1646 556 ex
1669 530 1711 557 eis
1726 538 1785 556 ror-

1001 576 1065 607 ruit,
1080 576 1113 603 de
1125 580 1217 610 quoet
1232 577 1257 602 in
1276 576 1376 603 Genesi
1396 576 1527 602 scribitur
1541 576 1562 590 "’
1583 585 1589 601 :
1613 575 1680 602 Ecce
1702 577 1786 602 Adam

999 623 1086 657 [actus
1104 628 1153 653 cst,
1173 630 1225 648 non
1239 622 1316 656 quasi
1330 630 1390 652 nos.
1404 622 1450 649 sed
1468 623 1544 656 quasi
1570 630 1637 648 unus
1653 629 1686 648 ca:
1701 623 1785 648 nol-is.

1000 667 1069 703 Ergo
1082 669 1192 702 quando
1205 668 1326 702 peccavit
1341 668 1438 695 Adam.
1453 672 1518 694 tunc
1539 670 1627 695 lactus
1643 673 1688 695 est
1707 668 1785 703 quasi

1000 722 1081 742 UllllS.

1035 761 1078 787 ll).
1096 760 1129 788 Et
1143 761 1230 795 factus
1245 765 1282 787 cst
1294 767 1378 786 seruio
1392 759 1497 786 Domini
1518 760 1553 786 ad
1569 759 1735 787 Eme/tidem
1750 761 1784 794 ﬁ-

1000 806 1063 833 liuni
1082 807 1159 833 Buzi.
1185 806 1296 834 Etiamsi
1311 807 1344 834 de.
1358 807 1497 834 Salvatore
1513 807 1569 833 haec
1580 807 1652 834 dicta
1667 807 1785 832 volueris

999 851 1160 886 intelligere,
1177 861 1210 879 nc
1223 853 1329 884 timeas,
1348 852 1428 879 habet
1443 858 1468 878 et
1491 851 1531 878 sic
1557 851 1686 884 allegoria
1708 850 1784 876 inti-l-

997 897 1096 924 lectum
1110 905 1189 925 suum
1204 907 1210 924 :
1230 898 1302 925 venit
1315 905 1405 925 sermo
1422 897 1529 924 Domini
1557 897 1588 923 ad
1610 904 1672 923 cum
1690 896 1736 930 qui
1751 895 1785 922 de

997 942 1099 976 virgine
1115 943 1287 974 nascebatur,
1303 943 1328 970 id
1345 947 1387 969 est
1399 942 1546 974 hominem,
1560 949 1649 969 sermo
1677 948 1786 975 semper

997 986 1023 1013 in
1035 985 1114 1014 Patre
1129 994 1242 1014 manens
1257 997 1263 1014 ε
1285 992 1313 1014 ιιι
1329 987 1424 1014 tierent
1438 991 1551 1021 utraque
1569 994 1665 1017 unum,
1680 991 1708 1013 et
1722 995 1786 1013 run.

997 1033 1148 1059 sociaretur
1164 1033 1256 1065 homo,
1270 1041 1350 1068 quem
1368 1033 1403 1059 ob
1432 1038 1633 1060 sacramentum
1662 1038 1690 1058 et
1707 1032 1782 1059 salu-

997 1081 1050 1104 tem
1069 1078 1203 1105 unirersze
1218 1079 1395 1106 humanitatis
1419 1078 1552 1110 indueret,
1567 1078 1701 1104 divinitati
1724 1078 1783 1111 ejus

996 1127 1023 1150 et
1041 1128 1145 1152 naturae
1159 1125 1290 1161 unigeniti
1317 1125 1374 1153 Dei.
1396 1125 1496 1152 Factus
1518 1130 1557 1151 est
1574 1132 1659 1151 sermo
1678 1124 1783 1150 ltuniini

996 1170 1031 1197 ad
1059 1169 1223 1197 Ezccliielent
1247 1170 1334 1205 ﬁlium
1366 1170 1449 1203 Buzi,
1474 1170 1635 1196 sacerdotem
1663 1170 1689 1196 in
1713 1177 1783 1196 lt‘rru

996 1216 1193 1244 Clio/divorum.
1214 1217 1333 1245 Chaldaei
1358 1218 1392 1244 de
1426 1217 1583 1244 coelestibus
1619 1217 1782 1250 disputant;

995 1262 1112 1290 Chaldzci
1127 1263 1280 1290 nativitates
1294 1263 1433 1291 hominum
1445 1262 1654 1289 ratiocinantur.
1665 1262 1696 1288 lu
1713 1268 1783 1288 Icrm

996 1308 1194 1336 Clialdteorum.
1213 1308 1297 1342 Quasi
1323 1309 1346 1336 si
1372 1308 1454 1340 dicat,
1472 1315 1566 1336 eorum
1594 1308 1639 1342 qui
1655 1311 1785 1344 asserunt

995 1354 1203 1387 fatum,eorum
1234 1355 1281 1390 qui
1309 1362 1408 1383 causas
1427 1354 1612 1382 univcrsitatis
1642 1358 1782 1380 astrorum

995 1401 1111 1428 circuitu
1128 1401 1276 1427 vindicant.
1311 1399 1363 1427 Istc
1393 1407 1458 1434 ergo
1488 1408 1561 1426 nunc
1583 1407 1672 1431 error,
1690 1405 1717 1426 ct
1733 1399 1783 1426 ista

996 1447 1094 1475 mentis
1110 1447 1273 1481 peruersitas
1285 1446 1434 1480 ﬁguraliter
1451 1446 1478 1472 in
1495 1445 1686 1473 Clialilzeorum
1712 1449 1782 1472 terra

159 1492 253 1526 quinto
263 1491 426 1526 captivitatis
437 1490 571 1524 Joachim,
583 1492 713 1527 propheta
725 1493 840 1520 mittitur
852 1493 885 1520 ad
896 1492 944 1520 Ju-
957 1500 978 1527 ο
996 1493 1173 1528 signiﬁcatur.
1203 1492 1236 1520 In
1273 1497 1344 1518 terra
1368 1492 1553 1518 Cltaldtvorum
1582 1499 1656 1518 secus
1685 1492 1784 1525 [lumen

159 1535 241 1563 dicos.
255 1535 312 1563 Non
325 1537 447 1571 despexit
457 1537 686 1565 clementissimus
701 1543 786 1573 pater,
798 1545 848 1566 nec
863 1539 944 1574 longo

158 1587 280 1617 tempore
296 1582 520 1610 ineominonitum
536 1582 664 1617 populum
681 1583 834 1618 dereliquit.
859 1584 942 1617 Quiu-

157 1631 202 1654 tus
215 1631 256 1654 est
269 1634 368 1654 annus.
378 1626 514 1659 Quantum
532 1627 663 1661 temporis
678 1628 844 1655 intercessit?
855 1628 938 1660 Quin-

159 1679 212 1708 que
236 1672 300 1698 anni
328 1672 534 1699 interliuxerunt
556 1680 589 1700 ex
611 1681 665 1707 quo
685 1673 782 1708 captivi
809 1675 942 1701 serviunt.

162 1717 260 1745 Statim
274 1717 414 1744 descendit
437 1717 556 1752 Spiritus
577 1722 709 1750 sanctus,
732 1719 814 1754 359
836 1720 945 1754 aperuit

158 1765 253 1795 celos.
271 1769 299 1791 ut
310 1764 337 1791 bi
354 1765 400 1799 qui
418 1765 586 1800 captivitatis
599 1765 665 1800 iugo
678 1767 880 1800 premebantur,
903 1767 943 1794 vi-

157 1809 255 1838 derent
277 1817 309 1837 ea
334 1817 395 1844 qua:
419 1810 580 1837 videbantur
609 1818 625 1837 a
658 1814 799 1845 propheta.
834 1811 942 1839 Dicente

159 1855 257 1890 quippe
270 1863 304 1883 eo
324 1865 330 1882 :
359 1855 390 1882 Et
407 1857 491 1890 aperti
506 1862 565 1883 sunt
582 1857 656 1888 cwli,
679 1857 795 1892 quodam
815 1858 895 1885 modo
916 1862 943 1885 et

157 1900 210 1935 ipsi
228 1901 401 1928 intuebantur
415 1902 503 1929 oculis
518 1903 607 1931 cordis
622 1911 683 1938 quin
698 1903 742 1930 ille
760 1903 841 1931 etiam
855 1904 943 1931 oculis

157 1947 248 1974 carnis
259 1953 412 1981 aspexerat.

192 1991 218 2020 9.
238 1992 272 2018 Et
289 1992 376 2027 [actus
386 1997 424 2020 est
435 2001 521 2020 sermo
540 1993 647 2020 Domini
669 1993 703 2020 tul
729 1993 891 2020 Ezec/iieleni
910 1994 943 2027 fi-

157 2038 223 2065 liuni
245 2037 312 2064 Buzi
330 2038 502 2065 sacerdotem.
525 2038 620 2066 Sermo
646 2039 751 2066 Domini
766 2039 812 2074 qui
827 2039 852 2066 iii
869 2039 943 2074 prin-

156 2085 228 2118 cipio
243 2088 302 2111 erat
312 2084 383 2118 apud
398 2084 482 2111 Deum
500 2083 606 2112 Patrem
624 2085 694 2112 Deus
712 2084 841 2116 Verbum,
851 2092 941 2113 sermo

156 2128 203 2162 qui
217 2127 358 2154 credentes
371 2127 453 2154 ellicit
472 2128 548 2154 deos.
574 2128 602 2155 Si
628 2129 700 2156 enim
720 2129 788 2156 dixit
802 2129 862 2156 illos
876 2129 942 2156 deos

996 1538 1110 1566 Cliobar.
1127 1537 1161 1565 Et
1173 1538 1245 1573 facta
1256 1543 1293 1565 est
1319 1537 1375 1564 illic
1386 1545 1462 1572 super
1483 1545 1523 1564 me
1544 1546 1638 1564 manus
1667 1538 1782 1564 Domini.

996 1585 1028 1612 Et
1047 1593 1137 1613 sermo
1153 1584 1259 1612 Domini
1277 1583 1365 1611 factus
1378 1589 1419 1611 est.
1446 1583 1478 1610 ad
1501 1583 1672 1617 prophetam,
1686 1587 1712 1609 et
1728 1590 1786 1609 nia-

994 1639 1047 1658 nus
1059 1635 1088 1658 ut
1099 1635 1125 1658 ct
1139 1630 1217 1657 iactis
1233 1633 1378 1657 ornaretur
1389 1633 1417 1656 et
1432 1629 1531 1656 verbis.
1550 1628 1583 1654 Et
1597 1629 1650 1655 vidi
1660 1630 1782 1656 risiones.

994 1677 1092 1711 Aliqua
1107 1675 1299 1711 perstringam,
1317 1679 1344 1702 et
1354 1675 1417 1702 licet
1441 1681 1491 1709 pro
1505 1675 1631 1709 angustia
1651 1676 1785 1709 temporis

993 1730 1024 1749 ea
1061 1729 1121 1756 quae
1157 1721 1234 1752 dixi,
1267 1721 1373 1755 possint
1411 1720 1548 1752 Sullicere.
1579 1725 1668 1748 tamen
1701 1722 1783 1748 etiam

993 1768 1026 1794 ile
1046 1771 1101 1794 toto
1121 1773 1234 1800 corpore
1249 1764 1361 1792 visionis
1373 1771 1479 1791 summa
1496 1772 1611 1799 quaeque
1627 1764 1732 1792 libabo.

1029 1813 1072 1839 ll.
1090 1811 1123 1838 Et
1140 1811 1204 1843 ridi,
1228 1816 1252 1838 et
1268 1818 1326 1837 eice
1337 1811 1445 1844 spiritus
1474 1818 1582 1845 surgens
1607 1810 1726 1837 veitirbat
1752 1811 1784 1837 ab

996 1858 1135 1893 Aquilone.
1163 1857 1308 1891 Diligenter
1340 1856 1482 1883 considera
1515 1863 1605 1882 rerum
1636 1864 1783 1883 numerum

994 1904 1214 1938 qmedicuntnr:
1237 1903 1350 1937 spiritus
1367 1909 1481 1937 surgens
1503 1909 1561 1928 stre
1592 1901 1723 1928 auferens
1741 1910 1784 1928 νος

995 1948 1084 1975 nit-hat
1101 1948 1135 1974 ab
1155 1947 1298 1982 Aquilone,
1314 1955 1377 1974 ecce
1391 1955 1443 1973 una
1464 1954 1517 1974 res.
1544 1945 1576 1972 Et
1592 1948 1672 1973 nubes
1688 1956 1784 1982 magno

992 1998 1049 2020 erat
1065 1993 1142 2025 ineo,
1165 2000 1227 2019 ecce
1243 1993 1312 2019 dum.
1337 1991 1368 2018 Et
1381 1992 1503 2026 splendor
1526 1992 1553 2018 in
1573 1992 1690 2018 circuitu
1707 1993 1783 2026 ejus,

993 2047 1056 2067 ecce
1080 2044 1144 2066 tres.
1163 2037 1197 2065 Et
1212 2038 1280 2072 ignis
1297 2037 1439 2072 refulgens,
1463 2044 1526 2064 ecce
1551 2042 1681 2071 quatuor.
1704 2037 1739 2064 Et
1758 2038 1784 2064 in

994 2085 1079 2111 medio
1094 2084 1150 2118 ejus
1165 2084 1234 2110 sicut
1255 2084 1320 2110 visio
1345 2084 1433 2110 electri
1454 2083 1482 2109 in
1509 2083 1594 2110 medio
1615 2083 1696 2117 ignis,
1721 2091 1785 2110 cem

993 2129 1126 2163 quinque.
1144 2127 1176 2154 Et
1194 2127 1281 2154 lunicn
1294 2128 1320 2154 in
1333 2135 1373 2160 eo,
1388 2134 1451 2154 ecce
1465 2134 1522 2154 sex.
1541 2126 1606 2153 Past
1630 2127 1689 2153 Iut'c
1709 2127 1785 2154 simi-

157 2173 190 2199 ail
207 2179 277 2206 quos
288 2179 378 2198 sermo
396 2171 443 2199 Dei
474 2171 562 2199 lactus
585 2178 636 2205 est.
650 2178 677 2200 et
704 2181 757 2200 non
771 2178 859 2208 potest
874 2174 940 2201 solvi
957 2177 980 2204 ι)
993 2173 1078 2199 litudo
1101 2177 1215 2207 quatuor
1240 2172 1406 2203 onitnulium,
1424 2177 1449 2198 et
1477 2172 1542 2198 visio
1563 2180 1663 2203 eorum,
1681 2178 1707 2198 et
1722 2181 1784 2199 nar-

158 2215 308 2249 Scriptura,
324 2215 358 2242 ad
374 2223 552 2250 quoscunque
565 2224 655 2244 sermo
669 2217 715 2243 Dei
733 2217 819 2245 [actus
831 2223 881 2250 est,
903 2219 942 2245 l'a-

157 2261 193 2287 cti
208 2265 273 2288 sunt
288 2261 335 2287 dii.
353 2260 478 2288 Ezechiel
495 2269 604 2296 quoque
628 2262 695 2289 deus
708 2262 766 2296 luit,
779 2263 842 2298 quia
855 2263 942 2291 factus

157 2310 199 2334 est
210 2313 300 2333 sermo
311 2305 362 2334 ,Dei
376 2306 410 2333 ad
421 2313 494 2333 eum.
522 2305 577 2342 Ego
606 2307 663 2333 dixi
677 2315 686 2334 :
705 2307 748 2334 Dii
763 2308 836 2340 estis,
853 2312 877 2334 et
891 2308 942 2342 fitii

157 2351 291 2379 Altissimi
303 2359 402 2379 omnes.
422 2351 471 2378 Vos
484 2360 542 2378 vero
554 2356 582 2378 ut
598 2352 715 2378 homines
734 2353 892 2386 moriemini,
917 2359 942 2380 et

157 2398 234 2432 quasi
247 2405 314 2424 unus
327 2406 359 2424 ea:
375 2398 536 2432 principibus
550 2398 650 2425 cadetis
678 2399 710 2424 πθ.
730 2398 780 2425 Ubi
794 2399 898 2426 habetis
914 2399 940 2425 iii

157 2441 233 2468 Novo
245 2440 416 2468 Testamento
440 2441 592 2469 istiusmodi
623 2443 882 2477 repromissioncm?
913 2443 941 2470 Si

157 2491 264 2522 oportet
277 2487 454 2514 instrumenta
473 2488 648 2522 distinguere,
675 2493 701 2514 et
716 2488 805 2515 dicere
822 2489 891 2515 inter
913 2497 942 2516 se

156 2533 320 2561 dissidentes
347 2534 422 2565 deos,
447 2534 519 2569 quod
549 2534 658 2568 quidem
687 2534 763 2561 nefas
787 2538 829 2561 est
860 2535 941 2562 etiam

157 2580 301 2615 suspicari,
319 2581 364 2607 scil
377 2581 454 2615 juxta
484 2580 643 2607 abusionem
662 2580 789 2613 dicimus,
812 2581 941 2607 audacter

157 2624 279 2660 profecto
296 2626 395 2656 dicam,
416 2625 501 2652 multo
523 2624 653 2659 majorem
681 2624 706 2651 in
735 2625 822 2653 Veteri
848 2625 942 2653 Testa-

158 2675 251 2698 mento
267 2671 374 2698 ostendi
406 2670 603 2697 humanitatem
631 2679 712 2706 quam
741 2672 768 2698 in
786 2671 869 2699 Νογο.
885 2672 941 2707 Ego

158 2715 296 2743 41ὴὶῖῦἰὶ
310 2717 373 2744 estis
388 2721 412 2743 et
442 2716 492 2750 ﬁlii
519 2715 651 2743 Altissimi
672 2726 770 2746 omnes.
796 2717 855 2745 Non
879 2719 940 2746 ait:

725 2807 747 2823 ⁶¹
762 2805 841 2834 Osce.
858 2814 906 2833 xu.

194 2806 218 2822 ‘“
232 2806 297 2834 Luc.
313 2815 357 2839 xv,
376 2807 401 2834 7.
440 2807 462 2824 “‘
477 2808 556 2836 Rom.
572 2815 630 2841 vni,
645 2807 688 2834 l9.

947 2807 969 2822 ⁵⁸
984 2805 1056 2833 Psal.
1074 2813 1168 2840 Lxxxt,
1185 2806 1212 2839 6,
1228 2806 1253 2833 7.

993 2218 1061 2244 ratio
1075 2218 1181 2244 visionis
1193 2238 1200 2249 ,
1215 2225 1278 2244 ecce
1290 2221 1403 2251 septem.
1420 2216 1453 2243 Et
1481 2217 1506 2243 in
1523 2218 1608 2244 medio
1621 2218 1783 2244 animalium

992 2263 1068 2297 quasi
1083 2261 1209 2288 carbones
1222 2261 1299 2295 ignis,
1311 2269 1373 2288 cccc
1389 2267 1461 2288 octo.
1478 2261 1544 2294 Quis
1559 2267 1650 2294 potest
1663 2263 1718 2289 ista
1734 2264 1783 2289 mi-

994 2308 1109 2335 nutatim
1126 2307 1279 2341 exponere?
1292 2307 1358 2339 Quis
1378 2307 1413 2334 ita
1429 2312 1471 2334 est
1495 2314 1580 2341 capax
1596 2307 1712 2341 spiritus
1725 2307 1782 2338 Dei,

993 2359 1023 2380 ut
1038 2353 1094 2380 hmc
1108 2357 1277 2379 sacramenta
1293 2352 1439 2379 dilucidet'.’
1463 2351 1612 2387 Oportebat
1637 2358 1784 2381 accusato-

993 2407 1036 2426 res
1048 2399 1188 2426 Creatoris
1216 2403 1242 2425 et
1255 2398 1300 2425 Dei
1327 2399 1520 2432 prophetarum
1546 2399 1664 2434 primum
1684 2400 1784 2427 intelli-

993 2452 1125 2479 gercqua:
1141 2444 1268 2471 dicuntur
1279 2452 1293 2470 a
1307 2445 1454 2478 prophetis,
1476 2450 1502 2471 ct
1518 2450 1609 2479 postea
1627 2445 1781 2472 criminari.

992 2491 1043 2524 Qui
1058 2491 1129 2517 enim
1148 2499 1210 2518 rere
1225 2497 1352 2524 accusat,
1371 2499 1402 2518 ea
1418 2491 1638 2518 delictaecusare
1649 2499 1714 2526 quia
1732 2499 1780 2518 no-

993 2538 1041 2563 vit.
1060 2537 1087 2563 Si
1103 2545 1168 2563 vero
1187 2537 1304 2564 haeretici
1327 2545 1360 2564 ne
1389 2545 1473 2571 prope
1500 2537 1609 2571 quidem
1626 2542 1692 2564 sunt
1705 2537 1782 2564 intel-

993 2583 1074 2610 leclui
1095 2583 1196 2615 divino,
1209 2583 1346 2618 quotnodo
1358 2583 1554 2610 rationabiliter
1564 2588 1697 2610 accusant
1709 2582 1780 2617 quod

993 2636 1041 2655 eos
1060 2628 1165 2655 nescire
1179 2628 1384 2655 convincimus?
1408 2627 1518 2654 Discant
1542 2628 1605 2662 quis
1627 2628 1654 2654 in
1671 2629 1726 2654 hac
1743 2627 1782 2653 vi-

993 2673 1070 2700 sione
1086 2672 1122 2699 sit
1136 2680 1244 2699 sensus.
1261 2671 1381 2699 Primum
1393 2677 1504 2706 apparet
1514 2672 1626 2706 spiritus
1641 2671 1778 2698 auferens.

997 2717 1124 2744 Secundo
1143 2717 1227 2744 nubes
1244 2725 1340 2752 magna
1356 2718 1382 2744 in
1406 2717 1502 2752 spiritu
1525 2716 1674 2744 auferente.
1691 2715 1780 2744 Tertio

1297 2807 1318 2822 "
1334 2806 1402 2834 Gen.
1425 2814 1467 2840 iii,
1485 2807 1520 2833 ‘22
