1882 3052
78 109 131 136 (577

798 105 938 134 HOMILIA
956 105 976 133 I.

1650 112 1701 141 678

78 167 210 203 splendor
233 167 261 194 in
285 165 403 193 circuitu
427 165 539 200 spiritus
572 164 730 193 nuferentis.
761 165 864 199 Quarto
878 165 900 193 Α
915 167 1035 190 testuans
1049 162 1156 190 animus
1168 167 1209 190 cst
1225 163 1340 196 locutus.
1351 169 1377 192 et
1388 165 1528 201 ambigens
1539 175 1599 202 qua:
1609 168 1699 200 sileat.

79 213 151 247 ignis
162 212 308 246 refulgens.
330 211 432 244 Quinto
455 212 482 238 in
511 212 600 239 medio
624 213 683 246 ejus
708 211 780 240 sicut
796 212 864 239 visio

79 258 182 291 electri,
200 258 271 285 haud
289 257 402 284 dubium
426 257 492 292 quin
508 258 535 284 in
563 258 652 285 medio
675 258 755 292 ignis.
781 258 865 284 Sexto

81 304 208 339 splendor
219 304 246 331 in
262 304 356 331 eodem
369 304 481 331 electro.
509 304 647 331 Conﬁteor
662 304 776 331 libenter
789 312 804 331 a
818 312 864 331 sa-

82 351 168 385 piente
178 353 208 377 et
224 350 295 376 tideli
311 350 370 377 viro
387 350 487 377 dictam
510 351 685 380 Scott-etiam,
696 358 777 384 quam
795 358 865 384 stupe

82 396 199 430 suscipio
212 403 219 428 ;
235 395 268 422 de
280 395 335 422 Deo
351 400 378 422 et
393 404 455 424 vere
470 396 562 423 dicere
579 396 728 430 periculum
746 401 797 423 est.
810 396 864 424 Ne-

81 448 130 475 que
142 440 216 467 enim
229 449 259 468 ea
278 446 382 468 tantum
405 441 557 476 periculosa
586 446 650 469 sunt
663 450 724 476 qua:
745 442 812 471 falsa
830 443 864 471 de

80 487 250 513 eodicuntur
267 496 273 513 :
290 487 336 513 sed
351 487 433 514 etiam
449 495 509 521 qua:
525 495 588 514 vera
611 492 684 520 sunt,
701 492 728 515 et
743 496 797 515 non
814 497 863 524 op-

81 535 194 565 portune
208 532 395 566 proferuntur,
420 533 519 559 dicenti
548 532 696 566 periculum
723 538 862 568 generant.

81 576 221 611 Hargarita
237 585 298 604 vera
312 583 363 610 est,
385 578 433 606 sed
446 579 468 605 si
483 586 618 612 perverse,
635 579 781 607 discrimen
804 580 864 614 ejus

80 628 119 649 est
135 623 206 657 quod
220 623 287 650 dicit
303 624 416 658 pedibus
429 632 535 651 eorum.
551 623 583 651 Et
597 629 624 652 ut
647 625 723 659 juxta
738 634 788 654 nos
812 627 863 653 ali-

79 669 146 702 quod
159 676 294 702 ponamus
313 671 478 705 exemplum,
493 671 668 699 collectiones
683 672 741 699 ista:
754 679 807 699 non
819 680 864 699 so-

81 714 132 741 lum
143 714 170 741 in
182 714 268 748 Elia,
282 724 335 742 non
351 721 456 744 tantum
468 716 633 749 Rotntc,non
649 718 675 744 in
688 718 862 749 Alexandria,

80 760 122 787 sed
138 761 162 787 in
177 761 252 787 omni
267 762 350 789 semel
372 762 439 789 orbe
452 763 658 790 similitudinem
683 763 805 790 referunt
818 771 863 790 sa-

79 813 158 840 genie,
170 814 232 840 quze
246 814 278 833 ex
296 807 370 834 omni
390 816 488 843 genere
503 809 617 843 piscium
635 809 716 843 capit.
730 808 786 835 Non
804 816 864 843 pos-

83 855 142 878 sunt
156 852 284 889 universa
301 852 371 879 bona
390 861 452 880 esse
462 861 523 888 quae
539 854 662 880 incidunt
677 854 703 880 in
719 861 790 880 eam.
817 853 862 880 Ait

81 896 173 930 quippe
189 896 315 924 Salvator
331 898 354 915 ⁸⁸
371 907 378 924 :
399 897 465 925 Cum
489 899 663 931 rxtrazeriut,
680 903 704 925 et
726 907 800 925 secus
818 898 863 924 lit—

80 946 117 968 tus
128 943 251 974 sederint,
268 943 362 978 eligeut
378 943 446 970 bona
460 945 564 978 quidem
588 945 616 971 in
639 952 701 971 uasa
718 952 778 974 sita,
790 943 862 970 mala

79 995 133 1013 vero
152 987 224 1021 foras
241 989 392 1023 projicient.
409 989 522 1024 Oportet
537 997 601 1024 ergo
613 989 640 1016 in
668 997 766 1024 sagt'ua
780 990 863 1016 totius

81 1032 200 1061 Ecclesia:
216 1042 278 1062 esse
301 1040 328 1062 et
357 1036 428 1062 bona
443 1040 469 1062 et
496 1037 576 1063 mala.
595 1036 623 1062 Si
651 1036 708 1070 jam
735 1036 861 1062 universa

83 1080 176 1106 munda
193 1085 267 1113 sunt,
281 1081 345 1115 quid
358 1081 574 1115 derciinquimus
591 1081 616 1108 in
631 1081 733 1116 judicio
748 1081 794 1107 Dei
806 1081 818 1107 ?
830 1082 862 1108 Et

78 1122 148 1158 juxta
164 1125 243 1152 aliam
257 1126 424 1160 parabolam,
449 1131 476 1153 et
493 1125 659 1153 frumentum
686 1131 711 1153 et
732 1127 814 1161 palea:
834 1127 860 1154 in

80 1176 136 1196 area
148 1171 332 1203 continentur,
346 1179 408 1198 cum
421 1171 588 1199 frumentum
600 1176 705 1199 tantum
722 1172 748 1198 in
760 1171 861 1199 Christi

82 1215 171 1243 horrea
184 1218 405 1252 congregandqu
424 1218 469 1249 sit,
481 1222 507 1245 et
524 1218 714 1245 discernantur
726 1218 809 1252 palea!
826 1218 861 1245 ab

79 1263 204 1296 co,cujus
225 1263 402 1290 ventilabrum
428 1263 456 1290 in
481 1271 561 1290 nterim
574 1263 643 1298 ejus,
670 1268 695 1290 et
723 1264 861 1290 mundubit

80 1316 258 1340 unanimam,
271 1313 294 1335 et
307 1310 475 1344 congregabit
495 1310 656 1344 frumentum
673 1310 699 1336 in
725 1309 858 1341 horreum,

80 1353 164 1386 paleas
175 1362 234 1381 vero
255 1360 390 1382 consumet
418 1356 477 1391 igne
493 1356 703 1391 iuerstinguibili
718 1357 750 1383 ⁸η.
767 1356 860 1391 Neque

81 1398 146 1425 enim
159 1407 252 1426 assero
267 1407 359 1427 aream
374 1405 459 1428 totum
475 1408 535 1428 esse
551 1401 694 1433 mundum,
709 1403 755 1429 sed
767 1410 858 1429 aream

83 1442 195 1477 intelligo
217 1452 280 1471 esse
304 1450 405 1472 coetum
432 1446 524 1480 populi
541 1445 700 1472 Christiani.
717 1445 860 1478 Quomodo

84 1495 244 1524 unaquaeque
256 1497 321 1517 area
336 1490 580 1523 circumscribitur,
600 1496 627 1518 et
637 1496 679 1518 est
694 1492 771 1526 plena
798 1492 857 1518 fru-
873 1499 894 1529 ε

80 1540 162 1562 mento
177 1536 217 1563 vel
232 1536 330 1571 paleis,
345 1543 396 1564 nec
409 1540 495 1563 totum
522 1537 602 1572 360
620 1536 786 1564 frumentum
804 1543 856 1570 est,

81 1588 124 1608 nec
138 1586 220 1609 totum
234 1590 346 1609 rursum
363 1582 438 1617 palea
457 1591 464 1609 :
480 1582 521 1610 sic
537 1583 564 1609 in
582 1582 711 1610 Ecclesiis
722 1583 857 1611 terrestri-

81 1627 126 1654 bus
139 1628 206 1655 alius
221 1633 264 1656 est
286 1628 464 1659 frumentum,
481 1628 551 1655 alius
573 1633 615 1655 est
638 1629 726 1662 palea.
757 1628 857 1655 Verum

80 1672 112 1698 ibi
125 1680 174 1699 non
192 1682 240 1700 sua
259 1681 353 1705 causa,
369 1681 418 1700 nec
432 1681 480 1708 per
490 1674 656 1701 voluntatem
675 1675 757 1708 palea:
773 1679 836 1713 sunt
851 1684 857 1702 :

82 1725 160 1752 neque
175 1719 244 1746 enim
262 1727 296 1746 ex
324 1719 433 1753 proprio
461 1719 574 1746 arbitrio
598 1719 764 1747 frumentum
792 1726 857 1747 est:

81 1761 120 1789 hic
133 1771 193 1790 vero
208 1765 295 1792 intua
313 1769 446 1799 potestate
458 1766 576 1799 positum
594 1770 645 1798 est,
671 1770 700 1792 ut
723 1766 762 1792 sis
782 1766 859 1800 palea

82 1807 116 1834 vel
129 1808 303 1837 frumentum.
324 1809 386 1838 Haec
402 1818 451 1837 nos
465 1810 685 1843 doeeredebeut,
706 1815 735 1837 ut
757 1811 779 1838 si
803 1811 855 1838 ali-

79 1855 180 1887 quando
195 1855 295 1890 aliquis
318 1855 344 1882 in
365 1856 622 1890 congregationibus
642 1856 745 1883 nostris
761 1857 860 1884 viderit

81 1904 248 1933 peccatorem,
270 1908 324 1928 non
338 1901 548 1932 scandalizetnr,
575 1909 664 1936 neque
684 1902 773 1929 dii-at:
792 1903 860 1929 Ecce

81 1949 197 1978 peccator
211 1946 237 1973 in
254 1951 327 1974 coetu
357 1953 452 1974 sancto
479 1950 530 1974 est.
556 1946 585 1974 Si
609 1947 661 1975 hoc
680 1947 752 1980 licet,
771 1948 793 1975 si
809 1947 859 1974 hoc

81 1991 237 2025 conceditur,
249 1999 335 2027 quare
348 1997 375 2019 et
395 2000 445 2027 ego
465 2000 519 2020 non
532 1993 659 2027 peccem?
671 1993 738 2020 Dum
751 1994 777 2020 ir.
791 2001 860 2028 prae-

80 2035 143 2061 senti
156 2037 252 2064 saeculo
268 2044 381 2068 sumus,
397 2037 421 2064 id
447 2041 489 2064 est
503 2037 530 2063 in
549 2045 625 2069 area,
652 2041 679 2064 et
705 2037 731 2064 in
748 2045 857 2071 sagcna,

81 2085 105 2106 et
114 2081 172 2108 boni
185 2088 211 2109 et
227 2082 292 2110 mali
320 2082 347 2109 iu
365 2090 396 2109 ea
409 2082 593 2109 continentur.
621 2082 735 2115 Quando
767 2087 857 2109 autem

81 2127 175 2154 venerit
188 2128 326 2159 Christus,
345 2127 390 2155 lict
409 2128 548 2159 discretio,
577 2132 603 2154 et
625 2128 781 2162 implehilur
793 2128 858 2155 illud

915 217 975 244 quae
993 208 1122 242 proicrat,
1142 217 1203 244 qua:
1221 209 1315 237 leiiter
1341 215 1410 238 taeta
1437 212 1564 244 dimittat.
1592 222 1653 248 qua:
1667 223 1700 242 ex

916 255 950 281 iis
965 254 1149 287 manifestius,
1163 263 1223 289 qua:
1249 256 1392 283 obscurius
1414 259 1573 292 experienda
1600 260 1665 293 sint,
1677 260 1699 287 si

915 305 1004 327 tamen
1019 301 1168 335 poterimus
1185 302 1298 336 implere
1313 303 1386 336 quod
1405 304 1541 337 cupimus.

952 345 995 371 12.
1011 345 1133 373 Primum
1149 353 1215 381 ergo
1247 347 1352 374 videtur
1374 349 1487 382 spiritus
1502 349 1628 378 auferens
1644 361 1650 378 :
1675 353 1700 378 id

915 391 986 426 quod
1004 392 1083 426 paulo
1094 396 1156 419 ante
1167 392 1294 424 diximus,
1307 394 1368 427 quia
1382 393 1511 422 Dominus
1527 402 1618 423 noster
1631 397 1701 430 ignis

915 443 1080 463 consumens
1097 437 1143 468 sit,
1157 437 1239 464 etiam
1264 446 1336 465 nunc
1361 440 1509 473 repetimus
1536 445 1563 468 et
1583 441 1700 469 dicimus

916 482 979 508 huic
996 482 1153 509 testimonio
1169 491 1329 517 congruere.
1355 484 1497 517 Quomodo
1514 487 1623 521 ponitur
1645 489 1700 523 spi-

916 527 985 555 ritus
1002 528 1148 555 auferens?
1163 528 1233 556 Deus
1247 529 1359 563 spiritns
1381 534 1433 561 est.
1450 535 1477 557 et
1493 532 1605 566 spiritus
1625 534 1700 560 aufe-

915 582 979 601 rens
995 575 1125 601 cernitur.
1138 573 1208 606 Quid
1225 583 1240 602 a
1265 584 1307 602 me
1320 576 1417 607 aufert,
1434 580 1459 603 et
1475 578 1509 604 ab
1524 578 1614 606 anima
1629 587 1698 612 mea,

915 625 945 648 ut
959 621 1055 648 merito
1074 621 1200 648 auferetis
1233 622 1413 656 prmdicetur?
1435 622 1534 658 Utique
1560 626 1628 652 mala
1646 634 1652 652 :
1673 632 1699 652 ct

915 670 979 692 tunc
994 666 1082 693 sentio
1095 666 1244 693 bonitatem
1262 666 1331 700 ejus,
1354 667 1388 694 sit
1404 675 1419 694 a
1435 676 1476 694 me
1493 670 1609 703 pessima
1623 679 1699 704 qun-

914 719 968 745 quc
989 712 1140 738 sustulerit.
1166 711 1260 746 Neque
1285 720 1347 739 vero
1374 715 1522 747 putandum
1549 720 1589 742 est
1618 716 1698 743 finem

913 765 973 784 esse
986 757 1169 787 beatitudinis.
1186 757 1209 784 si
1234 765 1248 784 a
1265 758 1342 784 malis
1356 759 1502 786 liberemur
1517 769 1525 793 ;
1541 761 1647 788 initium
1662 761 1699 787 fe-

914 803 1024 830 licitatis
1039 808 1080 829 est
1096 811 1189 830 carere
1212 808 1333 838 peccato.
1358 803 1390 831 Et
1420 805 1446 831 in
1468 804 1585 833 Jeremla
1603 807 1700 834 scribi-

915 854 959 876 tur
975 849 995 864 '“
1012 849 1115 883 (omnia
1126 849 1226 884 quippe
1238 857 1297 883 qua:
1315 850 1341 876 in
1357 851 1497 885 prophetis
1509 852 1608 886 scripta
1625 857 1699 885 sunt,

915 895 1127 922 clementissimo
1150 894 1203 922 Deo
1230 896 1366 931 \iudico):
1399 897 1463 923 Ecce
1494 897 1554 924 dedi
1568 907 1698 925 sermones

914 950 983 967 meos
999 942 1026 967 in
1039 949 1066 967 οε
1087 947 1171 973 tuum,
1188 939 1245 968 ecce
1271 943 1396 969 constitui
1428 949 1451 969 te
1479 952 1556 977 super
1571 950 1657 978 gentes
1675 951 1698 971 et

913 994 991 1022 regna
1007 987 1153 1018 eradicarc,
1164 990 1188 1012 el
1201 987 1341 1020 stt/fodere,
1356 993 1380 1014 et
1394 988 1555 1022 disperdere,
1570 995 1594 1016 et
1613 990 1700 1024 a'di/i-

913 1040 983 1064 care,
999 1037 1022 1058 et
1036 1032 1166 1065 planiore.
1194 1032 1332 1062 Bcniunus
1349 1038 1390 1060 est
1410 1033 1480 1061 Deus
1504 1035 1572 1062 dans
1594 1043 1699 1063 sermo-

912 1085 961 1104 ues
973 1077 1006 1104 ad
1022 1076 1225 1104 cradieandum.
1235 1075 1333 1103 Verum
1348 1079 1411 1112 quid
1425 1083 1465 1106 est
1480 1080 1550 1113 quod
1566 1081 1699 1107 eradicaii

912 1122 1021 1154 debeat,
1041 1127 1068 1148 et
1096 1122 1233 1149 subverti?
1260 1121 1287 1148 Si
1311 1131 1364 1158 qua
1396 1125 1526 1159 plantatio
1557 1125 1583 1152 in
1606 1127 1700 1153 animo

913 1169 983 1195 mala
1001 1173 1054 1199 ρει,
1084 1169 1107 1195 si
1130 1177 1183 1202 qua
1216 1174 1289 1197 secta
1310 1177 1443 1203 nequam,
1473 1171 1543 1197 hanc
1567 1171 1698 1201 erailieat.

913 1212 984 1240 hanc
999 1213 1133 1240 subvertit
1146 1221 1235 1240 Sermo
1260 1214 1443 1248 propheticus.
1475 1213 1582 1241 Utinam
1607 1221 1698 1242 autent

911 1260 1061 1294 contingat,
1075 1264 1104 1287 ut
1119 1261 1184 1287 mihi
1201 1261 1261 1288 talis
1277 1269 1366 1288 sermo
1381 1261 1509 1292 donetur,
1523 1262 1569 1296 qui
1581 1263 1699 1289 eradicet

912 1305 1102 1333 hmrcticorum
1122 1307 1237 1338 semina,
1255 1312 1281 1334 et
1304 1307 1454 1334 doctrinam
1470 1316 1501 1334 ex
1519 1307 1612 1335 Zabnli
1626 1309 1698 1335 fonte

912 1357 1079 1385 manantem,
1101 1352 1147 1386 qui
1173 1353 1206 1379 tle
1230 1353 1289 1387 ejus
1308 1353 1398 1379 anima
1429 1353 1474 1387 qui
1492 1361 1564 1380 nunc
1580 1354 1697 1388 primum

912 1395 1061 1424 Ecciesiam
1082 1397 1242 1432 ingreditur,
1261 1398 1419 1425 idololatrize
1435 1399 1539 1426 auferat
1552 1400 1698 1434 plantatio~

913 1450 985 1469 nem.
1004 1442 1069 1469 Dedi
1087 1451 1217 1470 sermones
1231 1452 1298 1470 meo:
1310 1445 1335 1470 in
1352 1452 1378 1470 os
1397 1448 1481 1471 tuum.
1494 1444 1559 1471 Ecce
1574 1445 1699 1472 romtitui

912 1493 936 1514 te
951 1488 1088 1516 erudirere
1108 1493 1132 1515 it
1158 1489 1298 1523 su/I‘udere.
1316 1489 1424 1517 Scilicet
1438 1495 1467 1517 ut
1480 1491 1502 1517 si
1518 1499 1569 1525 qua
1583 1492 1700 1519 :edilica-

912 1533 949 1560 tio
966 1535 1083 1568 peSsima
1101 1539 1152 1566 est,
1181 1535 1350 1562 destruatur.
1383 1535 1469 1568 Quam
1495 1537 1590 1563 vellem
1610 1542 1636 1564 et
1649 1545 1699 1572 ego

911 1580 1048 1606 snﬂ'odere
1064 1580 1195 1614 quidquid
1210 1580 1331 1607 Marcion
1350 1581 1375 1607 in
1390 1582 1502 1608 auribus
1524 1582 1699 1615 deceptorum

910 1625 1066 1657 tedilicavit,
1087 1626 1235 1657 evadit-are,
1253 1631 1279 1652 et
1296 1626 1462 1657 subvertere.
1482 1632 1509 1654 ct
1533 1627 1698 1663 dispergere,

911 1670 1034 1698 ntJacob
1059 1671 1220 1706 disperdidit
1244 1672 1326 1698 idola.
1357 1671 1449 1706 Usque
1474 1673 1507 1700 ad
1537 1673 1698 1701 hodiernum

909 1718 979 1744 diem
996 1722 1037 1745 est
1063 1718 1219 1752 disperdere
1250 1722 1277 1745 et
1291 1719 1436 1746 a2dilicare.
1456 1719 1577 1747 Iheretiei
1596 1721 1700 1755 disper-

909 1761 973 1788 dere
985 1767 1011 1788 et
1026 1762 1184 1789 subvertere
1206 1766 1310 1789 tantum
1330 1763 1484 1796 audierunt,
1503 1764 1528 1790 in
1543 1765 1700 1791 :edillcatio-

910 1807 953 1834 nis
965 1812 1054 1834 autem
1086 1809 1320 1843 plantationisque
1346 1817 1471 1837 sermone
1499 1811 1597 1838 surdas
1619 1819 1700 1838 aures

911 1858 1079 1881 averterunt.
1101 1854 1191 1888 Neque
1204 1854 1275 1881 enim
1298 1854 1391 1881 volunt
1403 1855 1547 1890 inspicere,
1573 1857 1636 1890 quia
1651 1856 1699 1882 tri—

910 1900 961 1926 stia
974 1907 1091 1934 quzeqne
1110 1900 1195 1934 prima
1213 1899 1351 1932 dicuntur,
1373 1902 1530 1928 etsecunda
1554 1910 1615 1936 quae.
1640 1903 1698 1929 laeta

910 1950 984 1971 sunt.
1009 1944 1100 1977 Quare
1122 1952 1195 1971 nunc
1222 1945 1272 1971 ista
1299 1946 1501 1973 memoramus?
1524 1945 1654 1974 Videlicet
1670 1952 1701 1974 ut

909 1990 1100 2018 manifestrtur
1113 1990 1159 2017 Dei
1182 1998 1275 2017 sermo
1302 1991 1458 2018 subvertere
1476 1992 1556 2022 mala,
1575 1996 1602 2018 et
1616 1993 1701 2019 :edili-

912 2044 975 2063 care
990 2036 1103 2070 optima,
1117 2036 1256 2063 eradicarc
1278 2036 1352 2068 vitia,
1368 2037 1446 2071 quasi
1468 2036 1585 2072 agricola
1600 2039 1698 2069 bonus,

910 2087 941 2109 ut
965 2082 992 2109 in
1013 2087 1128 2117 purgato
1156 2089 1252 2116 campo
1282 2083 1418 2109 uberrima
1444 2083 1575 2110 virtutum
1601 2085 1699 2111 messis

910 2127 1027 2154 oriatur.
1049 2126 1112 2154 llaec
1140 2131 1248 2161 propter
1271 2127 1396 2162 spiritum
1421 2128 1599 2155 auferentem.
1629 2129 1701 2156 Vidit

84 2172 148 2204 quod
162 2173 195 2199 ab
205 2173 337 2208 Apostolo
352 2173 454 2200 dicitur
470 2174 492 2188 ⁷⁰
506 2182 512 2200 :
529 2173 624 2200 Omnes
638 2181 684 2199 nos
702 2178 801 2206 oportet
815 2181 860 2200 as-
876 2165 897 2193 D
913 2173 985 2200 enim
998 2174 1116 2208 primum
1133 2173 1257 2207 spiritum
1272 2173 1451 2206 auferentem,
1464 2174 1561 2201 deinde
1573 2175 1699 2202 nebulam

84 2216 166 2244 sistere
179 2223 238 2245 ante
249 2218 368 2245 tribunal
379 2218 488 2250 Cliristi,
514 2222 543 2244 ut
559 2223 671 2252 reportet
683 2219 860 2253 uuiuquisque

83 2263 178 2296 propria
193 2264 311 2299 corporis
324 2264 365 2291 sui
377 2272 435 2299 qua:
449 2265 539 2299 gessit,
552 2264 607 2290 sive
618 2264 696 2294 bona.
708 2265 760 2290 sive
775 2264 857 2292 mala.

84 2305 138 2334 "me
165 2309 190 2336 in
216 2310 350 2345 prommio
372 2310 406 2338 de
436 2310 705 2344 interpretationibus
722 2309 856 2337 visionum

113 2376 233 2406 “Matth.
253 2387 314 2413 xui,
330 2379 375 2407 48.
414 2380 436 2396 ⁸³
451 2379 519 2407 Luc.
537 2388 576 2412 in,
599 2379 642 2406 17.

117 2455 152 2488 (Ξ)
164 2455 273 2489 Quando
285 2463 423 2492 purgatus,
438 2462 490 2485 ete.
506 2457 690 2492 Hunciocum
708 2458 801 2486 Graece
818 2467 862 2486 re-

87 2496 236 2530 praesentant
262 2491 372 2530 Catena:
393 2500 467 2530 mss.
484 2502 500 2530 :_
519 2491 627 2530 Νεφέλη
641 2493 748 2530 μεγάλη
763 2495 806 2530 ἓὲν
822 2494 862 2530 τῷ

87 2524 206 2564 ἐξαίρονῖι
234 2527 382 2564 πνεύῗμαξι.
392 2528 477 2564 Ὅταν(
486 2524 629 2564 ὼφξλήθῇξ
639 2524 672 2564 ἐκ
683 2524 730 2555 ἶτοῦ
744 2524 863 2564 ἔξαιροῆ-

85 2566 125 2597 ’ξος
136 2562 282 2596 πνεύματος
297 2563 312 2588 ὃ
323 2562 418 2597 ἐξῆρεν
433 2563 485 2589 ἀπὸ
497 2563 544 2589 σοῦ
559 2562 612 2589 mir
623 2563 724 2596 φαῦλον
739 2564 770 2590 τὸ
780 2562 862 2592 ὲνὶιπ-

86 2593 158 2634 άρχογ
168 2593 453 2634 τῇψυχῇᾼσυύιέτάτς
473 2593 638 2634 egolaudare
667 2598 717 2633 τῆς
742 2599 858 2634 νεφέλης

86 2630 129 2668 ’ξῆς
148 2630 349 2668 attendam;
364 2633 392 2659 ἐν
420 2632 459 2668 τῷ
484 2633 618 2668 ὲξαίροντι
640 2630 784 2668 πνεῦματιξ
804 2630 858 2661 Κὰὶ

87 2663 150 2704 Em!
163 2663 369 2704 αὐτῆῆμφέλῃ
379 2663 512 2704 ωγῇεγὴξ
522 2663 577 2704 si;
592 2669 620 2694 ἐν
632 2668 687 2704 τῷ-
700 2663 857 2704 Εὑαγγελίῳ

87 2699 198 2742 νεφέλης,
213 2699 381 2742 ἆφ¹ᾕςξῆλσε
401 2699 633 2742 φῷνὴνξλέῖόυσαλ
647 2699 740 2742 Οῇδτᾴς
753 2699 861 2742 ἑῖὰτιῖό

91 2733 151 2774 Υἱός
169 2733 242 2770 μου⁷
296 2733 458 2774 ὰγῖιιπηξός.
477 2733 588 2774 [Iniqua
604 2736 649 2774 ιιῦν
665 2733 780 2774 ὲξαίρον·
801 2737 860 2766 εἶτα

87 2769 457 2819 fremere-11.3363?
472 2769 741 2819 ξὲτίξξλαῇξὲὲέ,
757 2774 859 2819 sum

89 2804 173 2840 κύκλῳ
183 2804 274 2834 uinci).
290 2804 392 2843 Ἧρταί
409 2804 455 2834 σὸυ
471 2808 502 2835 τὸ
514 2807 624 2842 φαῦλον·
637 2804 741 2835 δέδὸταί
754 2804 805 2835 οἶοί
815 2804 858 2836 is;

681 2379 703 2394 ⁷⁰
719 2379 739 2406 ll
767 2381 829 2407 (lor.
847 2389 873 2415 v,
898 2381 940 2408 10.

911 2227 1041 2254 magnam
1055 2220 1081 2246 in
1093 2226 1136 2246 eo.
1149 2219 1263 2251 Quando
1289 2225 1419 2254 purgatus
1436 2220 1474 2254 (2)
1496 2219 1579 2248 fueris
1594 2221 1630 2248 ab
1649 2230 1700 2248 au-

908 2264 1016 2291 ferente
1036 2264 1144 2299 spiritu,
1162 2269 1266 2290 tantum
1285 2264 1465 2292 utnuferatur
1477 2273 1558 2293 omne
1570 2267 1669 2293 malum
1684 2275 1700 2293 ει

912 2316 948 2342 te,
963 2314 990 2338 ct
1001 2317 1081 2337 omne
1092 2309 1166 2344 quod
1192 2309 1218 2336 in
1234 2314 1280 2336 tua
1300 2310 1391 2337 anima
1414 2311 1542 2346 nequitiae
1563 2317 1700 2344 Versatur,

977 2380 999 2395 '“
1026 2378 1127 2405 Jcrem.
1146 2385 1164 2409 ι,
1182 2377 1226 2404 10.

914 2459 993 2493 φέλη,
1011 2457 1080 2484 ὥστε
1097 2456 1189 2492 βρέξαι
1204 2456 1280 2483 ὑετὸν
1293 2457 1354 2493 ὲπὶῗ
1367 2457 1412 2484 τὸν
1430 2458 1586 2493 ἀμπελῶνα.
1609 2459 1698 2487 Nubes

915 2492 1011 2530 magna
1025 2493 1053 2519 in
1066 2493 1162 2526 spiritu
1175 2492 1318 2530 auferente.
1335 2492 1400 2530 Cum
1414 2493 1585 2530 utilitatent_a
1602 2496 1698 2530 spiritu

915 2502 957 2520 ma
977 2502 1011 2520 ua
1025 2502 1053 2519 ΠΙ
1066 2502 1162 2526 δρινιιιι
1175 2502 1318 2526 αιιιενιιιιιε.
1335 2502 1400 2519 ωιηι
1414 2502 1556 2520 utttttatem
1569 2503 1585 2521 α
1602 2502 1698 2530 spiritu

913 2502 1047 2562 aulgrente
1060 2533 1212 2564 consecutus
1236 2527 1330 2564 fueris,
1349 2527 1394 2562 qui
1422 2536 1438 2554 a
1463 2533 1487 2564 te
1507 2528 1606 2564 malum
1630 2530 1699 2564 quod

915 2564 1019 2599 unione
1032 2567 1083 2589 (WB
1096 2562 1163 2599 inest
1175 2562 1322 2599 abstuleijt,
1346 2568 1406 2599 tunc
1427 2563 1495 2588 nube
1505 2563 1622 2599 frueris,
1635 2562 1700 2599 iqute

914 2599 941 2625 in
954 2598 1050 2632 spiritu
1063 2597 1197 2633 auferente
1209 2601 1258 2624 est.
1277 2597 1373 2631 Estque
1391 2597 1446 2624 Ιιιιιε
1465 2597 1544 2624 nubes
1561 2597 1698 2633 afﬁnis'illi

914 2631 1180 2667 evangelicwnubi,e
1201 2639 1252 2666 qua
1273 2633 1341 2659 venit
1363 2640 1411 2658 eoa:
1426 2633 1513 2659 dicens
1531 2640 1541 2659 :
1564 2631 1638 2660 (Hic
1659 2640 1698 2662 est

917 2666 1004 2694 Filius
1026 2675 1098 2694 metu
1122 2666 1243 2693 dilectus.
1262 2676 1283 2703 ν»
1316 2667 1403 2701 Igitur
1427 2668 1536 2702 spiritu:
1556 2669 1698 2703 auferens;

913 2702 1006 2729 deinde
1029 2703 1108 2737 nubes
1136 2709 1232 2737 magna
1258 2702 1285 2728 iu
1307 2709 1352 2731 eo;
1369 2707 1424 2728 tum
1445 2703 1570 2737 spieudor
1593 2702 1700 2731 micam

912 2738 940 2764 in
956 2737 1070 2763 circuitu
1084 2736 1151 2772 ejus.
1181 2736 1280 2770 Nempe
1308 2737 1426 2763 ablatum
1452 2746 1467 2764 a
1493 2743 1517 2764 te
1535 2738 1624 2765 ritium
1648 2743 1699 2772 eu,

913 2773 977 2798 datu
1007 2772 1053 2798 tibi
1078 2770 1158 2797 nubes
1181 2775 1237 2803 est;
1263 2777 1291 2798 ut
1319 2772 1423 2798 decidat
1448 2772 1530 2799 imber
1553 2782 1631 2808 super
1660 2770 1700 2801 vi;

913 2815 998 2833 netun.
