1882 3052
135 132 184 159 667

135 197 222 226 usque
239 190 367 225 perducta
383 189 418 217 sit
440 198 447 216 :
465 189 544 224 pauci
562 193 651 216 tamen
667 187 733 222 justi
746 186 793 221 qui
804 189 882 212 erant
895 183 922 210 in

134 237 247 272 populo,
260 245 313 263 non
332 237 367 263 ob
382 237 489 271 culpam
502 243 579 263 suam
601 235 790 262 sustinuerunt
809 231 923 266 captivi-

135 287 217 311 tatem
234 302 241 314 ,
259 282 304 309 sed
324 282 359 309 ob
381 282 407 309 id
430 290 463 308 ne
483 285 639 316 peccatores
659 279 704 314 qui
727 279 833 305 fuerant
856 277 923 311 jugo

135 327 299 362 captivitatis
316 327 448 361 oppressi,
471 326 582 352 omnino
601 324 753 352 subsidium
771 330 824 350 non
841 322 923 349 liabe-

136 379 205 401 rent.
221 373 366 408 Fingamus
380 374 479 407 quippe
494 371 682 407 peccatoribus
704 370 730 396 in
747 369 922 404 Babyloniam

138 419 273 450 abductis,
285 419 375 453 justos
391 419 417 446 iii
435 418 554 453 antiquis
571 417 669 444 finibus
686 415 832 447 resedisse;
844 414 924 440 liebat

138 468 168 491 nt
185 471 322 498 nunquam
338 467 493 497 peccatores
513 462 662 489 remedium
678 463 923 494 consequerentur.

140 508 277 543 liisprisuit
293 508 373 542 igitur
389 507 508 534 clemens
525 511 552 533 et
571 505 714 541 benignus,
736 509 763 532 et
782 503 926 531 hominum.

138 559 244 581 amator
258 553 329 580 Deus
341 553 412 579 inter
425 552 557 586 supplicia
573 551 674 586 quibus
694 554 850 585 peccatores
875 556 927 583 pu—-

138 599 187 631 nit,
203 599 283 626 etiam
304 598 466 626 visitationis
490 605 547 624 suae
569 597 684 624 miseere
704 597 844 631 pietatem,
879 600 929 620 nec

137 642 314 668 immoderata
332 649 411 676 poena
433 642 548 669 miseros
567 648 700 676 premere.
723 641 836 675 Semper
865 638 929 666 talis

137 691 178 714 cst
190 686 260 714 Deus
279 692 379 719 noster,
394 688 534 714 excruciat
549 691 688 720 nocentes,
702 687 748 714 sed
764 685 846 721 quasi
867 685 929 719 pius

137 737 212 767 pater
238 733 379 759 tormentis
402 733 574 760 clementiam
599 733 695 759 sociat.
724 731 751 758 Si
780 736 870 757 autem
888 730 929 756 vis

137 786 285 813 agnoscere
297 787 357 806 vera
371 786 432 805 esse
447 787 508 812 quac
522 778 649 810 dicimus.
665 777 728 804 vide
742 777 806 811 quid
822 775 930 803 accide-

137 822 172 848 iil.
186 822 212 848 in
231 821 347 857 [Egypto
361 830 376 848 a
391 821 472 848 fame.
487 822 516 848 Si
542 822 671 849 voluisset
694 821 848 849 interficere
868 825 929 846 tan-

140 871 198 893 tum
223 866 377 902 Egyptios,
401 871 428 893 ct
452 867 548 901 punire
571 867 710 894 cruciatos
729 866 756 892 in
780 865 931 900 scptennali

140 912 222 945 fame,
238 911 347 939 fecisset
358 912 451 946 utique
465 913 536 947 quod
552 913 677 939 voluerat
696 921 702 938 :
725 916 752 938 et
775 919 864 946 neque
881 910 928 937 Jo-

139 957 205 991 scpli
220 957 246 983 iii
264 956 409 992 JEgvptuni
422 957 617 990 descendisset,
631 965 683 985 nec
696 957 803 984 Pharao
819 956 932 984 vidisset

141 1004 276 1030 somnium
291 1003 324 1030 de
339 1003 381 1031 his
395 1012 456 1038 qua:
469 1003 587 1039 [Egypto
605 1003 715 1030 fuerant
726 1007 868 1035 eventura,
882 1010 932 1030 nec

141 1049 196 1082 regi
213 1049 309 1075 fuisset
325 1055 464 1076 ostensum
479 1056 494 1076 a
514 1049 636 1084 principe
658 1049 827 1076 vinariorum
841 1068 849 1080 ,
870 1057 932 1076 esse

142 1095 286 1129 quemdam
311 1095 357 1130 qui
385 1096 471 1130 possit
499 1097 554 1131 regi
579 1096 719 1123 somnium
747 1096 930 1131 interpretari.

144 1140 220 1168 Nunc
235 1148 309 1174 vero,
331 1145 361 1168 ut
379 1141 484 1174 cernis,
508 1141 579 1169 Deus
603 1142 722 1176 ﬂagellat
740 1143 818 1177 quasi
844 1147 931 1177 pater,

143 1186 232 1220 parcit
244 1192 334 1214 autem
350 1195 403 1214 non
418 1187 507 1214 solum
522 1187 615 1218 Israel,
627 1195 723 1214 verum
741 1193 768 1215 et
784 1187 932 1223 Egyptiis,

142 1241 204 1261 cum
220 1233 300 1260 alieni
315 1233 369 1260 sint
386 1234 420 1261 ab
435 1242 478 1266 eo,
494 1239 605 1269 propter
616 1234 756 1269 propriam
772 1239 932 1262 mansuetu-

142 1279 244 1306 dinem.
262 1279 295 1306 Et
315 1280 490 1308 manifestum
509 1284 562 1313 est,
580 1281 646 1315 quia
666 1281 728 1308 boai
743 1280 790 1308 Dei
806 1289 874 1315 opus
887 1289 934 1308 su-

143 1332 191 1359 per
207 1332 254 1353 eos
271 1331 442 1359 exerceatur,
455 1327 521 1354 dum
533 1325 637 1361 Josepli
653 1327 834 1360 lICSCClItIIlhIn
850 1326 934 1362 Aigy-

143 1376 231 1405 ptum,
244 1371 309 1398 dum
325 1372 430 1399 Pharao
449 1373 565 1401 somniis
581 1373 758 1404 admonetur,
773 1373 838 1400 dum
859 1374 935 1408 prin-

143 1423 207 1450 ceps
223 1417 279 1444 vini
293 1417 467 1452 interpretem
481 1419 593 1451 iudicat,
609 1418 676 1445 dum
693 1419 826 1453 interpres
846 1419 935 1446 disse-

144 1462 180 1489 rit
194 1470 268 1495 vasa,
284 1467 366 1497 atque
380 1463 416 1490 ita
435 1464 567 1492 ubertatis
583 1468 707 1499 tempore.
725 1465 849 1499 frugibus
868 1473 934 1492 com

145 1510 263 1545 gregalis
279 1511 438 1545 posterioris
449 1511 529 1538 famis
543 1512 657 1545 penuria
667 1511 795 1539 vincitur.
807 1511 934 1546 Equibus
948 1519 969 1547 (ι

144 1555 272 1583 omnibus
294 1556 467 1590 perspicuum
484 1560 545 1588 est,
569 1563 625 1582 non
641 1564 702 1584 esse
727 1557 933 1584 immoderatam

146 1602 226 1634 iram,
244 1610 305 1636 qua:
325 1602 359 1628 ab
377 1602 510 1629 haereticis
522 1603 549 1629 ili
567 1602 697 1630 Creatore
717 1605 933 1638 reprehenditur.

147 1647 306 1675 I‘oterainiis
318 1648 427 1680 quidem
442 1648 540 1675 multas
553 1648 683 1676 historias
697 1653 818 1676 retexere
833 1649 867 1676 ad
880 1650 937 1677 lucc

149 1692 288 1726 probanda
303 1700 363 1726 qlltu
380 1692 435 1719 dixi
456 1702 462 1719 :
480 1693 525 1720 sed
543 1700 578 1719 ne
591 1693 685 1721 videar
703 1702 717 1721 a
734 1695 876 1729 proposito
895 1702 936 1722 re-

148 1740 260 1770 cedere,
286 1739 477 1774 compendium
504 1739 576 1766 facio
596 1742 741 1767 sermonis.
765 1740 935 1776 Propositum

149 1785 248 1819 quippe
264 1785 328 1811 inihi
344 1790 385 1812 est
395 1786 540 1820 explanare
553 1786 585 1812 de
600 1794 645 1820 eo,
660 1787 731 1822 quod
751 1792 861 1821 propter
874 1795 937 1822 pec-

148 1836 208 1859 cata
227 1840 275 1858 sua
293 1832 416 1866 captivus
428 1832 561 1859 adductus
576 1832 611 1859 sit
627 1833 742 1867 populus
759 1833 849 1860 Israel.

185 1879 210 1904 2.
233 1877 265 1905 Et
277 1886 310 1905 ne
324 1878 392 1905 forte
407 1879 507 1912 aliquis
520 1879 665 1906 arbitretur
683 1884 840 1914 peccatores
855 1887 870 1906 a
883 1879 938 1906 Deo

149 1925 261 1952 traditos
276 1925 310 1951 ab
326 1932 358 1951 co
373 1924 487 1951 ulterius
504 1932 558 1950 non
577 1925 744 1959 gubernari,
767 1928 795 1951 ct
811 1924 894 1951 semel
911 1925 936 1951 iii

148 1971 330 2005 captivitatem
349 1971 473 1997 redactus
491 1969 561 1997 ultra
577 1969 811 2004 dispensationem
830 1970 890 2004 ejus
913 1976 939 1998 et

148 2016 363 2044 miscricordiam
385 2024 437 2042 non
459 2015 568 2046 mereri,
592 2020 752 2049 praesentem
771 2016 860 2042 locum
877 2016 940 2042 dili-

150 2064 256 2098 gentius
277 2063 493 2090 consideremus.
514 2061 610 2088 Daniel
632 2068 685 2088 non
713 2061 845 2096 peccavit,
865 2061 934 2088 Ana-

149 2109 221 2140 iiias,
236 2109 358 2141 Azarias,
383 2109 475 2136 Misael
491 2117 505 2135 a
521 2113 631 2143 peccato
655 2109 792 2134 immunes
817 2106 938 2138 fuerunt,

149 2161 176 2183 ct
191 2161 279 2182 tamen
296 2155 394 2190 captivi
408 2156 495 2182 etii-eti
511 2160 584 2187 sunt,
608 2159 637 2182 ut
652 2154 688 2181 ibi
704 2154 783 2188 positi
802 2153 939 2188 captivum

150 2202 279 2237 populum
294 2202 510 2233 consolarentur,
526 2206 553 2228 et
570 2209 618 2236 per
630 2200 845 2228 exhortationem
865 2199 941 2226 vocis

150 2252 208 2272 suae
223 2245 385 2279 poenitentcs
399 2242 425 2272 in
441 2244 592 2272 Jerusa'cm
606 2244 780 2272 restituerent
794 2244 941 2278 casﬁgatos

150 2297 201 2325 pro
223 2294 354 2324 tempore.
383 2289 557 2324 Septuaginta
578 2290 677 2323 quippe
698 2288 778 2315 annis
801 2287 941 2315 servitutis

151 2337 283 2371 supplicia
302 2336 498 2371 pependerunt,
518 2343 550 2363 ac
567 2336 608 2362 sic
622 2334 718 2362 deinde
731 2332 757 2360 iii
780 2334 858 2360 sedes
878 2340 941 2367 pro-

152 2382 226 2417 prias
242 2381 340 2408 reversi
357 2385 430 2413 sunt,
448 2381 511 2415 quia
523 2385 632 2407 sanctus
644 2378 836 2413 prophetarum
851 2385 942 2404 sermo

150 2430 270 2463 dejcctus
287 2428 394 2454 animos
407 2427 605 2454 sublevaverat.
622 2425 723 2453 Verum
741 2433 795 2452 non
813 2425 902 2451 solum
924 2425 942 2451 ii

149 2479 270 2510 quatuor
283 2473 309 2499 in
329 2473 484 2507 captivitate
507 2473 646 2507 prophetae
661 2471 837 2501 exstiterunt,
851 2469 898 2496 sed
918 2473 946 2496 et

938 184 961 212 Α

946 852 967 879 Β

187 2545 210 2561 ³ο
225 2544 297 2571 Psal.
310 2551 403 2574 LXXIX,
417 2543 443 2570 6.

152 2588 228 2612 xxvi,
240 2580 285 2613 27,
299 2579 345 2606 28.

152 2647 195 2666 mo
206 2639 542 2674 est,chIiarias,Aggirus
556 2641 581 2664 er
594 2636 704 2674 similes.
719 2634 751 2662 Et
760 2635 840 2670 paulo
855 2639 918 2674 post
931 2642 938 2661 :

153 2674 221 2701 Deus
240 2683 298 2701 cum
315 2674 396 2701 bonus
417 2671 492 2705 sit,et
518 2673 621 2708 quando
638 2676 785 2708 peceatores
805 2671 891 2705 punit,
917 2673 942 2696 et

152 2711 257 2750 quando
271 2709 352 2736 tradit
368 2710 394 2736 in
407 2709 585 2743 captivitatem
598 2715 640 2750 eois
656 2707 699 2750 qui
714 2711 822 2747 propter
833 2709 941 2750 peccata

153 2739 179 2771 in
193 2749 261 2770 terra
276 2749 366 2770 sancta
377 2753 432 2771 esse
439 2739 492 2770 non
503 2748 610 2777 possunt
624 2739 769 2777 (contraria
781 2740 849 2767 enini
862 2739 942 2767 simul

153 2781 294 2806 consistere
308 2779 447 2813 nequeunt)
462 2779 601 2813 prop/ictas
616 2786 668 2804 una
683 2777 763 2803 mittit
776 2798 783 2808 ,
801 2784 830 2802 nc
850 2783 941 2813 pecca-

154 2820 224 2839 tore:
245 2814 270 2839 in
289 2809 468 2846 cnpiivitate'ni
491 2809 598 2839 abducti
616 2813 687 2839 omni
711 2819 818 2845 prorsus
839 2809 941 2836 auxilio

155 2849 345 2877 destituautur.
361 2849 427 2875 Cum
438 2849 506 2875 cnim
518 2847 616 2875 idcirco
630 2847 702 2874 ducti
715 2847 742 2874 in
761 2846 942 2881 captivitatem

725 123 887 154 ORIGENIS
907 121 941 149 IN
961 117 1178 148 EZEtZHlELEM

483 2543 502 2558 ³¹
519 2541 600 2569 Prov.
615 2548 657 2574 ni,
680 2541 723 2571 ll,
746 2544 774 2566 et
793 2537 875 2566 llebr.
895 2546 945 2572 xii,
963 2538 991 2571 2,
1004 2537 1031 2570 5,
1046 2536 1073 2563 6.

1716 111 1767 139 653

977 181 1099 208 Ezechiel
1115 185 1185 206 unus
1199 185 1232 204 ex
1247 176 1287 204 eis
1301 175 1362 208 fuit,
1381 177 1408 201 et
1425 171 1573 200 Zacharias
1590 170 1663 198 tiliiis
1682 169 1767 197 Bara-

974 227 1043 255 chiw
1062 224 1226 259 captivitatis
1246 227 1369 256 tempore
1393 220 1444 248 sub
1469 219 1549 245 Dario
1574 225 1638 252 rege
1658 216 1766 243 occinuit.

974 271 1148 299 Inveniemus
1171 268 1251 296 etiam
1275 267 1421 302 Aggazum.
1442 263 1598 297 multosque
1619 262 1689 288 alios
1707 269 1769 296 pro-

974 318 1114 352 phetarum
1142 314 1238 341 iisdem
1260 312 1438 347 proplietasse
1461 308 1641 343 temporibus,
1658 314 1691 333 ex
1708 306 1770 341 qui-

975 363 1026 390 bus
1049 360 1187 387 indicatur
1206 359 1289 385 Deum
1313 364 1367 383 liOlt
1388 353 1577 381 tantummodo
1594 352 1693 387 punire
1709 359 1769 386 pec-

975 411 1085 439 cantes,
1100 413 1195 433 verum
1214 410 1242 432 ct
1257 402 1471 431 misericordiam
1491 401 1605 428 miseere
1618 398 1767 433 suppliciis.

978 452 1057 486 Quod
1071 451 1094 479 si
1109 450 1231 480 dubitas.
1250 449 1315 477 audi
1330 456 1421 480 voces.
1441 451 1576 474 toi-menta
1595 445 1770 480 patientium,

978 498 1117 534 quomodo
1132 497 1259 525 sacratim
1272 500 1296 522 et
1314 495 1340 522 in
1353 493 1517 523 cruciatibus
1530 492 1586 520 suis
1598 490 1770 518 clementiam

979 545 1026 572 Dei
1043 545 1207 579 eloquamur
1220 543 1241 558 ⁵ο
1256 551 1263 569 :
1276 541 1384 569 Cibabi:
1399 548 1445 567 nos
1460 547 1525 575 pane
1539 538 1731 572 lacrymaruiii,
1746 541 1770 563 et

978 591 1081 626 potabis
1098 598 1145 617 nos
1160 590 1187 616 in
1203 589 1328 623 lucri/mis
1341 592 1366 614 et
1380 587 1407 614 in
1425 593 1556 613 mensura.
1571 583 1630 611 Non
1643 584 1682 610 ait
1695 581 1773 609 indif-

980 638 1096 664 ferenter
1110 635 1136 662 in
1149 635 1287 669 lacrimis,
1305 633 1352 660 sed
1368 633 1397 659 in
1411 631 1536 666 lacrymis
1549 634 1574 656 et
1590 629 1617 656 in
1639 636 1772 655 mensura.

979 681 1165 710 Misericordia
1183 680 1284 715 quippe
1301 678 1346 705 Dei
1369 678 1396 704 in
1416 676 1546 711 pondere.
1573 675 1601 702 Si
1622 683 1676 702 non
1699 678 1772 701 esset

981 727 1045 754 utile
1074 725 1248 754 conversioni
1279 723 1449 758 peccantium
1477 721 1607 748 adhibere
1637 723 1772 747 tormenta

981 773 1168 808 peccantibus,
1186 778 1327 805 nunquam
1343 770 1502 797 misrricors
1516 773 1543 796 et
1556 767 1692 802 benignus
1707 765 1775 793 Deus

982 820 1070 854 poenis
1089 819 1191 846 scelera
1213 818 1342 852 puniret:
1358 816 1405 843 sed
1419 815 1497 850 quasi
1519 812 1775 848 indulgentissimus

982 870 1059 900 pater
1074 864 1109 891 ob
1125 865 1177 891 hoc
1191 863 1304 897 corripit
1317 861 1414 893 lilium,
1431 864 1461 886 ut
1472 859 1593 890 erudiat;
1616 856 1697 892 quasi
1714 863 1776 891 pro-

983 911 1188 938 videntissimus
1205 910 1334 944 magister
1351 909 1388 936 ita
1412 906 1557 935 severitate
1578 904 1679 931 frontis
1695 903 1777 930 lasci-

981 966 1045 985 vum
1059 957 1222 991 discipulum
1235 956 1360 990 castigat,
1382 961 1416 981 ne
1430 952 1516 980 amari
1536 959 1564 978 se
1576 950 1700 978 sentiens
1714 957 1776 983 per-

982 1008 1035 1032 eat.
1063 1002 1132 1030 Vide
1157 1002 1330 1029 Salomoneni
1371 998 1603 1035 sapientissimum
1632 995 1775 1026 omnium,

982 1051 1046 1086 quid
1072 1050 1105 1077 de
1128 1049 1175 1076 Dei
1196 1047 1416 1083 corrcptionihus
1442 1044 1605 1080 suspicetur.
1629 1041 1697 1073 Fili,
1723 1039 1777 1067 iioli

982 1105 1038 1124 esse
1062 1095 1242 1131 pusillanimis
1268 1095 1294 1121 in
1321 1093 1464 1127 disciplina
1488 1091 1546 1122 Dei,
1568 1096 1648 1124 neque
1666 1087 1776 1121 deﬁcias

983 1147 1118 1176 correptus
1133 1141 1165 1167 ab
1181 1149 1220 1167 eo.
1241 1140 1324 1172 Quem
1341 1139 1410 1165 enim
1425 1137 1513 1172 diligit
1536 1135 1676 1165 Dominus,
1693 1132 1776 1159 corri-

983 1190 1031 1224 pit,
1060 1187 1178 1223 ﬂagellat
1201 1191 1288 1212 autem
1309 1192 1411 1211 omnem
1435 1183 1519 1217 [ilium
1540 1188 1618 1216 quem
1636 1179 1730 1209 recipit
1743 1178 1777 1205 ³¹.

984 1235 1079 1263 Nullus
1094 1238 1138 1260 est
1152 1232 1224 1259 enim
1234 1251 1241 1263 ,
1261 1230 1350 1265 inquit
1371 1228 1530 1264 Apostolus.
1544 1226 1628 1258 titius,
1649 1225 1698 1260 qui
1714 1232 1778 1252 eum

984 1279 1136 1315 peccaverit
1152 1285 1206 1304 non
1222 1275 1373 1311 ﬂagelletur
1387 1282 1402 1300 a
1420 1278 1504 1308 patre.
1523 1271 1555 1298 Et
1573 1271 1606 1298 ad
1626 1271 1680 1298 hoc
1698 1270 1781 1296 mira-

984 1326 1073 1354 biliter
1089 1323 1200 1353 addidit.
1217 1323 1312 1350 dicens
1325 1322 1346 1336 "
1360 1331 1366 1348 :
1385 1319 1417 1347 lii
1442 1318 1586 1353 disciplina
1607 1323 1778 1352 perseverare.

986 1372 1123 1406 Tanquam
1140 1369 1204 1404 [iliis
1222 1368 1293 1395 vobis
1309 1367 1385 1401 o/I‘art
1403 1374 1429 1393 se
1445 1366 1524 1391 Deus.
1541 1364 1606 1396 Quis
1619 1363 1691 1389 enim
1707 1362 1781 1396 ﬁlius

984 1425 1061 1453 quem
1078 1424 1127 1442 non
1144 1414 1255 1449 corripit
1271 1413 1366 1448 pater?
1389 1411 1466 1444 Quod
1480 1410 1503 1436 si
1516 1414 1593 1436 extra
1608 1408 1782 1442 disciplinam

984 1452 1061 1494 estis,
1080 1461 1156 1495 cujus
1172 1459 1314 1494 participes
1335 1456 1400 1492 facti
1422 1461 1483 1483 sunt
1507 1462 1606 1486 omnes,
1624 1452 1743 1479 adulteri
1757 1456 1782 1478 et

986 1516 1037 1533 non
1050 1507 1102 1541 ﬁlii
1116 1505 1190 1532 estis.
1207 1503 1260 1530 Sed
1277 1503 1313 1530 sit
1328 1501 1440 1528 forsitan
1461 1499 1570 1535 aliquis,
1592 1498 1638 1533 qui
1655 1498 1716 1531 ipso
1735 1505 1783 1523 iio-

987 1540 1061 1578 iiiino
1086 1551 1133 1577 ira:
1160 1549 1280 1576 offensus
1309 1546 1470 1573 criminetur
1496 1551 1556 1571 eam
1585 1542 1611 1569 iii
1639 1542 1706 1568 Deo.
1732 1540 1783 1568 Cui

986 1595 1221 1631 respondebimus,
1240 1601 1293 1620 non
1311 1596 1365 1619 tam
1381 1591 1449 1617 iram
1464 1597 1525 1618 esse
1540 1589 1607 1616 iram
1631 1587 1678 1615 Dei
1700 1595 1783 1622 quarti

988 1642 1171 1670 necessariam
1189 1638 1432 1674 dispensationem.
1460 1635 1530 1663 Audi
1557 1635 1630 1670 quod
1652 1634 1689 1661 sit
1714 1640 1786 1668 opus

988 1689 1034 1715 ira!
1061 1687 1107 1714 Dei
1132 1696 1138 1713 :
1160 1690 1189 1714 ut
1215 1689 1322 1720 arguat,
1340 1688 1369 1711 ut
1391 1682 1521 1717 corrigat,
1544 1686 1574 1708 ut
1595 1680 1723 1708 emendet
1741 1679 1784 1706 ³³ε

989 1734 1109 1765 Domine,
1134 1741 1163 1759 ne
1184 1733 1211 1758 in
1231 1731 1272 1758 ira
1290 1735 1335 1756 tua
1354 1737 1452 1763 arguas
1469 1736 1518 1760 me,
1542 1735 1622 1762 neque
1643 1727 1671 1752 in
1695 1726 1787 1760 furore

989 1785 1033 1806 tuo
1042 1779 1169 1812 corripias
1181 1785 1230 1803 mc.
1239 1775 1319 1811 355
1330 1775 1381 1808 Qui
1393 1775 1448 1802 inec
1458 1773 1588 1808 loquitur,
1597 1772 1650 1800 scit
1665 1771 1785 1799 furorem

989 1825 1035 1853 Dei
1062 1833 1114 1852 non
1138 1832 1198 1851 esse
1224 1822 1346 1849 inutilem
1371 1820 1405 1847 ad
1429 1819 1593 1847 sanitatem:
1609 1817 1655 1845 sed
1680 1818 1713 1844 ad
1734 1817 1789 1844 hoc

989 1870 1122 1900 adhiberi.
1139 1873 1169 1896 ut
1190 1872 1268 1896 curet
1285 1870 1459 1902 :egrotantes,
1478 1869 1507 1891 ut
1527 1863 1653 1891 emendet
1670 1870 1719 1890 eos
1738 1862 1786 1897 qui

991 1924 1143 1944 scrmoncni
1164 1915 1223 1949 ejus
1247 1914 1342 1940 audire
1365 1915 1596 1945 contempserunt.
1616 1908 1719 1935 Idcirco
1738 1916 1788 1935 nec

989 1962 1151 1996 deprecatur
1165 1967 1199 1987 tie
1221 1960 1320 1986 talibus
1338 1956 1465 1984 remediis
1484 1956 1655 1986 emendetur,
1673 1962 1707 1981 ne
1722 1961 1786 1980 cum

989 2007 1089 2043 poenali
1109 2006 1212 2033 medela
1228 2004 1339 2038 recipiat
1358 2003 1501 2038 pristinam
1526 2001 1689 2033 sanitatem;
1705 1999 1788 2034 quasi

990 2054 1013 2082 si
1029 2061 1124 2080 servus
1139 2052 1196 2086 jam
1219 2051 1289 2078 inter
1305 2050 1410 2084 ﬂagella
1431 2048 1547 2083 positus.
1566 2046 1708 2073 dominum
1725 2053 1790 2080 pre-

990 2103 1078 2130 cetur,
1106 2097 1298 2131 repromittens
1324 2095 1348 2122 ei
1375 2101 1404 2121 se
1428 2094 1560 2127 imperata
1587 2091 1737 2122 facturum,
1763 2097 1790 2118 et

991 2143 1083 2171 dicat:
1102 2141 1220 2172 Domine,
1242 2149 1272 2167 ne
1292 2141 1320 2167 in
1337 2140 1377 2166 ira
1398 2144 1444 2165 tua
1467 2146 1563 2172 arguas
1585 2145 1636 2170 me,
1657 2145 1739 2172 neque
1762 2138 1790 2164 in

957 2188 1035 2217 Dira
1053 2194 1097 2215 tua
1114 2188 1243 2222 corripias
1263 2195 1314 2214 me.
1337 2186 1434 2214 Omnia
1458 2193 1519 2220 qua:
1545 2184 1591 2210 Dei
1617 2188 1692 2214 sunt.
1715 2183 1790 2210 bona

996 2239 1069 2265 sunt,
1082 2239 1109 2261 et
1124 2241 1261 2260 meremur
1277 2231 1389 2266 corripi.
1406 2231 1537 2258 Ausculta
1559 2229 1606 2264 qui
1626 2229 1701 2256 dicat
1717 2238 1724 2255 :
1741 2229 1792 2255 Ar-

994 2288 1072 2316 guunt
1086 2287 1129 2306 eos
1142 2279 1170 2305 in
1185 2278 1280 2304 auditu
1293 2277 1423 2312 angustia:
1438 2283 1537 2303 eorum.
1554 2274 1615 2302 Ideo
1629 2274 1791 2302 audivimus

994 2335 1024 2355 ea
1051 2334 1112 2361 qua:
1136 2325 1168 2352 de
1196 2324 1370 2351 tribulatione
1394 2327 1475 2355 sunt,
1499 2327 1528 2349 iit
1545 2321 1733 2348 cmciidemur.
1761 2322 1790 2348 lii

995 2371 1146 2399 maledictis
1162 2378 1272 2405 quoque
1287 2369 1398 2397 Levitici
1417 2369 1549 2403 scriptum
1564 2372 1605 2395 est
1616 2367 1658 2394 ’δε
1677 2366 1708 2394 Si
1725 2373 1788 2402 post

993 2419 1046 2445 ista
1066 2425 1118 2444 non
1135 2416 1290 2449 obedierint,
1308 2422 1388 2450 neque
1411 2414 1528 2441 conuersi
1550 2414 1650 2448 fuerint
1677 2413 1713 2439 ad
1737 2422 1789 2445 me,

995 2471 1126 2498 apponam
1140 2463 1177 2489 eis
1197 2461 1291 2497 plagas
1309 2464 1407 2495 septem
1419 2468 1497 2494 super
1509 2464 1618 2494 peccata
1639 2466 1741 2486 eorum.
1759 2458 1790 2486 Si

1112 2534 1134 2551 3’
1150 2533 1232 2562 lichr.
1249 2541 1297 2565 xii,
1313 2531 1339 2564 7,
1353 2531 1379 2560 8.
1419 2531 1442 2547 ³³
1454 2530 1525 2558 Psal.
1541 2538 1579 2562 vi,
1592 2530 1620 2557 2.
1660 2528 1683 2544 “
1698 2528 1787 2556 Levit.

993 2633 1114 2667 fuissent,
1131 2631 1200 2666 quod
1216 2633 1323 2667 peccato
1337 2626 1542 2667 ιεηεηςηιιιζηδὶ
1559 2625 1630 2659 justi
1653 2625 1727 2667 apud
1742 2632 1789 2667 eqs

994 2658 1045 2694 iion
1059 2658 1179 2702 fuissent,
1193 2658 1267 2702 nulla
1278 2663 1460 2702 peccatoribus
1474 2658 1567 2696 [uisset
1581 2661 1696 2702 curatiu.
1714 2658 1786 2702 [pef-

994 2694 1083 2737 [abilis
1099 2709 1159 2736 ergo
1173 2694 1316 2737 charita'tis
1331 2698 1403 2725 istud
1415 2702 1453 2725 est
1474 2694 1486 2737 ἓ.
1502 2704 1553 2737 non
1571 2695 1641 2722 enim
1659 2694 1790 2721 absoluti:

993 2732 1156 2764 derelictioiii
1169 2735 1251 2762 tradit
1265 2738 1425 2768 peccatores,
1439 2733 1486 2768 sed
1497 2732 1591 2768 risitat
1602 2738 1646 2756 eos
1661 2737 1709 2764 per
1724 2737 1787 2768 cuii—

993 2778 1048 2798 clos
1059 2780 1130 2803 suos,
1145 2771 1176 2797 de
1186 2765 1280 2804 quibus
1293 2769 1363 2795 dixit
1377 2776 1386 2795 :
1398 2778 1412 2804 Vl
1438 2767 1485 2794 Vos
1496 2767 1564 2804 catis
1581 2765 1629 2804 [1ιέςὲ
1650 2765 1743 2791 nmmli
1762 2768 1788 2790 et

993 2808 1034 2834 sal
1053 2800 1148 2838 terrai;
1173 2800 1271 2840 {quod
1291 2812 1343 2840 non
1362 2803 1447 2840 solum
1466 2802 1501 2828 ad
1521 2800 1655 2836 apostolos
1675 2804 1784 2835 spectat,

993 2843 1038 2869 sed
1056 2847 1081 2868 et
1099 2842 1133 2868 ad
1153 2849 1195 2868 eos
1209 2838 1259 2874 qui
1278 2839 1332 2866 illis
1352 2838 1450 2866 similes
1468 2841 1538 2864 sunt.
