1882 3052
103 157 155 186 ιω

833 159 977 188 llOMlLlA
995 160 1014 188 Ι.

1692 167 1745 195 670

107 223 194 245 autem
210 223 271 253 post
291 218 348 246 ltwc
363 220 479 246 cattvet'si
494 228 543 246 non
560 220 669 254 fuerint,
691 221 833 247 etut-mtabo
848 229 901 248 eos.
919 230 939 256 Α
956 230 1050 248 meant.
1065 222 1162 256 lgneus
1175 226 1217 250 est
1232 231 1248 249 ει
1262 223 1373 251 renibus
1388 231 1473 258 usque
1491 224 1524 250 ad
1539 224 1666 252 deorsum
1688 224 1741 251 Do-

111 263 206 291 Umnia
215 263 263 290 Dei
277 271 339 298 qum
353 264 478 291 videntur
491 272 583 291 amara
598 273 669 296 esse,
683 266 710 292 iu
723 266 901 293 eruditionem

109 314 136 337 et
151 309 271 341 remedia
289 309 444 344 proﬁciunt.
467 309 587 337 Medicus
608 316 648 338 est
669 311 750 343 Deus,
767 316 843 346 pater
863 316 906 339 est

111 353 191 386 Deus,
206 355 335 382 dominus
353 360 395 382 est
417 363 468 382 non
484 363 574 390 asper,
592 357 638 383 sed
662 356 730 383 iPlliS
750 361 790 384 est
814 357 903 383 domi-

111 409 171 428 nus.
187 400 216 427 Si
233 401 344 429 veneris
364 402 398 428 ad
423 409 469 428 eos
489 402 535 436 qui
561 402 646 436 puniti
667 407 731 429 sunt
754 402 903 430 secundum

109 447 218 481 eloquia
233 446 450 482 Scripturarum,
466 455 600 483 compone
615 447 771 482 Scripturas
786 447 907 483 Scriptu-

110 492 158 523 ris.
174 496 205 518 ut
218 496 246 518 et
258 497 283 519 te
291 492 438 527 Apostolus
451 493 540 523 docet.
549 497 574 519 et
583 493 688 520 videbis
697 493 732 520 ibi
746 493 905 521 dulcissima

109 544 180 570 esse,
200 537 247 564 ubi
263 538 437 565 amarissima
455 539 659 566 existimantur.
671 538 809 573 Scriptum
822 545 864 566 cst
878 540 905 566 in

110 584 263 618 propheta:
286 583 347 610 Non
372 585 489 611 vindicat
512 584 551 611 bis
571 585 597 611 in
615 585 729 619 idipsum
750 585 778 611 in
791 585 905 619 judicio.

111 628 266 657 Vindicavit
282 631 366 657 semel
383 631 409 657 in
422 631 525 665 judicio
539 638 585 665 per
601 630 744 663 diluvium,
759 631 906 658 vindicavit

109 675 194 702 semel
220 676 246 702 in
269 676 374 710 judicio
397 684 479 710 super
505 676 652 704 Sodomatn
666 683 692 705 et
706 678 905 708 Gomorrhatn,

109 721 259 748 vindicavit
286 723 368 750 semel
396 722 422 749 in
449 723 553 757 judicio
582 731 665 757 super
691 723 850 759 Egyptum,
879 728 907 750 et

109 773 239 795 sexcenta
265 768 351 795 millia
369 768 563 795 lsraelitarum.
583 768 641 796 Noli
659 770 818 797 existimare
833 769 906 804 quod

110 813 167 840 luce
187 813 257 840 ultio
277 821 358 848 pinna
377 819 481 840 tantum
502 813 583 841 fuerit
606 815 804 848 peccatoribus,
828 815 906 850 quasi

108 863 170 892 post
186 863 303 885 mortem
317 864 345 886 et
361 859 495 893 supplicia
517 860 617 887 iterum
639 867 653 886 a
678 860 810 895 supplicio
831 861 907 888 exci-

955 268 1055 294 minus.
1077 268 1265 296 Generatiouis
1279 269 1350 295 enini
1364 273 1391 296 et
1406 269 1526 296 libidinis
1540 277 1620 304 opcra
1640 270 1740 302 gehen-

955 321 996 340 nze
1018 314 1159 348 suppliciis
1184 315 1380 349 corripiuntur.
1406 314 1502 349 lgneus
1526 320 1568 342 cst
1590 315 1671 346 Deus,
1695 315 1741 342 Sed

956 367 1010 386 non
1024 364 1098 387 tottts
1110 364 1151 387 est
1168 361 1275 395 igneus.
1291 361 1438 395 Superiora
1453 361 1513 395 ejus
1524 361 1654 388 electrum
1671 366 1744 388 sunt.

955 405 1092 433 Electrum
1110 415 1163 433 non
1183 407 1270 434 solum
1291 412 1415 442 argento,
1433 415 1527 435 rerum
1549 413 1576 435 et
1593 415 1660 434 auro
1684 414 1744 441 pre-

955 453 1053 479 tiosius
1071 457 1122 479 est.
1142 452 1277 479 Electrutu
1302 458 1393 480 autent
1418 460 1468 487 pro
1490 453 1613 487 exemplo
1634 452 1748 486 fulgoris

956 495 1095 532 Scriptura
1110 498 1210 532 posuit,
1226 505 1279 524 non
1298 498 1370 532 quod
1388 498 1459 525 Deus
1476 505 1537 525 vere
1552 498 1682 525 electrum
1700 498 1746 525 sit.

955 541 988 569 Et
1001 544 1140 577 quomodo
1154 551 1207 570 non
1224 548 1264 570 est
1281 544 1334 570 tale
1349 544 1479 571 electrum
1497 544 1569 571 Deus
1584 545 1664 578 quale
1678 544 1747 570 vide-

956 588 1036 615 batur
1051 597 1057 615 :
1071 589 1112 616 sic
1125 597 1178 616 non
1193 594 1235 616 est
1251 589 1312 616 talis
1323 590 1393 624 ignis
1408 591 1497 625 qualis
1509 598 1524 617 τι
1537 591 1649 618 renibus
1661 597 1747 624 usque

956 635 990 662 ad
1007 635 1106 670 pedum
1122 636 1203 662 tinent
1229 637 1364 670 apparuit.
1391 635 1463 671 Ignis
1485 636 1536 663 iste
1556 635 1702 667 consumit,
1721 640 1748 662 et

957 689 1011 707 non
1029 685 1070 708 est
1082 682 1239 715 appositum
1255 682 1320 716 quid
1345 687 1500 712 consumat,
1525 685 1602 708 utxtu
1622 687 1747 715 qumrens

957 726 1077 760 reperias
1090 726 1155 760 quid
1172 726 1207 753 sit
1221 726 1285 753 illud
1301 726 1372 760 quod
1388 734 1403 752 a
1420 726 1469 752 Dei.
1482 726 1542 760 iguc
1564 725 1744 753 consumitur.

958 771 1028 798 Dens
1044 776 1134 798 noster
1145 772 1212 806 ignis
1231 779 1385 798 consumens
1406 776 1445 798 est
1461 772 1493 797 ⁵⁸.
1518 772 1587 804 Quid
1610 770 1748 798 consumit

958 816 1029 851 ignis
1046 816 1113 843 iste?
1131 815 1190 844 Non
1207 817 1278 851 ligna
1299 824 1360 850 qua:
1377 817 1525 849 cernimus,
1543 824 1596 842 non
1619 815 1748 844 sensibile

959 862 1064 894 fenum,
1086 870 1139 889 noti
1167 862 1294 896 stipulam
1311 869 1372 896 qua:
1397 861 1515 892 videtur,
1536 860 1584 888 scd
1606 861 1628 887 si
1653 867 1749 895 supeh

110 904 202 937 picndi
221 904 289 931 sint.
311 904 404 932 Putriti
417 909 482 932 sunt
507 905 533 932 in
561 906 686 940 praesenti
710 915 744 934 ne
767 907 796 934 in
817 908 907 934 futuro
925 904 946 933 Β
959 909 1137 936 aadilicaveris
1152 908 1330 935 inuitamento
1347 906 1412 935 Jesu
1435 907 1535 934 Christi
1548 914 1630 941 opera
1646 906 1748 940 peccati

106 950 209 984 jugiter
231 951 403 984 punirentur.
425 951 511 978 Cerne
529 958 673 986 pauperem
696 953 722 979 in
745 952 901 989 Evangelia,

108 998 240 1032 squalore
254 1002 280 1024 et
293 998 407 1032 penuria
422 999 565 1033 premitur,
583 1003 610 1025 et
626 1003 718 1034 postea
740 1000 766 1026 in
786 1000 903 1027 Abt-alue

110 1044 172 1071 sinu
192 1044 352 1078 requiescit.
368 1043 480 1078 Recepit
492 1044 563 1071 mala
579 1052 629 1071 sua
645 1044 671 1071 in
687 1045 740 1072 vita
753 1053 813 1072 sua.
828 1045 904 1072 Unde

110 1090 166 1117 seis
184 1098 219 1116 an
235 1089 386 1123 receperint
400 1090 465 1124 quin
481 1090 508 1116 in
523 1091 626 1118 diluvio
641 1095 705 1118 sunt
717 1091 815 1123 necati,
832 1091 904 1119 mala

111 1144 161 1164 sua
178 1137 206 1163 in
222 1137 296 1163 vita?
311 1135 387 1164 Unde
403 1138 473 1164 nosti
495 1143 626 1164 utrumne
641 1137 764 1164 restituta
783 1138 838 1165 sint
854 1138 905 1165 So-

111 1182 200 1209 doma:
227 1187 255 1209 et
279 1182 440 1210 Gomorrba:
463 1183 533 1209 mala
558 1191 607 1210 sua
628 1183 655 1210 in
677 1183 731 1210 vita
753 1183 905 1211 sua‘lAudi

112 1229 301 1256 testimonium
321 1228 535 1263 Scripturarum.
555 1229 595 1256 vis
612 1228 780 1256 Testamenti
802 1228 906 1257 Veteris

110 1275 299 1301 testimonium
313 1275 438 1302 discere?
454 1274 501 1301 Vis
516 1273 582 1301 Novi
602 1274 730 1302 edoceri?
747 1274 907 1302 Restituetur

111 1321 230 1348 Sodoma
249 1322 277 1347 in
301 1322 459 1356 antiquum;
481 1329 508 1348 et
526 1321 614 1349 adhuc
627 1322 736 1349 dubitas
760 1329 794 1349 an
818 1322 907 1350 bonus

111 1367 146 1394 sit
173 1367 307 1394 Dominus
330 1367 446 1402 puniens
470 1367 643 1395 Sodomitas?
669 1367 843 1395 Tolerabilius
858 1369 907 1395 erit

111 1418 191 1439 (ει-γαπ
205 1412 383 1439 Sodomorum
395 1417 419 1439 et
433 1412 665 1441 Gomorrltworum
681 1414 708 1440 in
719 1414 761 1441 die
771 1414 907 1448 judicii",

109 1458 176 1485 dicit
194 1458 328 1486 Dominus
344 1449 478 1486 miserans
492 1458 661 1487 Sodomitas.
687 1459 824 1494 Benignus
843 1468 909 1495 ergo

110 1510 152 1533 cst
167 1505 252 1538 Deus,
269 1506 388 1533 clemens
403 1511 444 1533 est
460 1505 541 1533 Deus.
564 1505 651 1533 Solem
666 1515 742 1533 suum
757 1515 820 1534 vere
842 1508 908 1534 oriri

111 1553 177 1586 facit
184 1560 263 1586 super
270 1551 350 1578 bonos
358 1558 383 1578 et
395 1552 478 1579 mulos
495 1552 614 1587 :etpluit
626 1560 689 1579 vere
697 1561 775 1587 super
781 1553 868 1588 justas
883 1558 907 1580 et

111 1599 226 1632 injustas
241 1598 273 1629 5“,
293 1606 346 1624 non
366 1599 454 1625 solum
476 1599 549 1626 hunc
571 1606 651 1632 quem
667 1599 754 1626 oculis
770 1599 908 1626 cernimus

111 1645 209 1677 solem,
222 1645 268 1671 sed
278 1649 305 1671 cl
317 1644 393 1671 illum
411 1645 495 1672 solem
503 1645 548 1679 qui
559 1645 646 1672 oculis
656 1645 754 1672 mentis
767 1645 907 1679 aspicitur.

112 1691 168 1724 l-‘go
185 1690 275 1716 malus
294 1697 379 1720 eram.
393 1694 420 1716 et
433 1694 508 1717 ortus
522 1694 564 1717 est
585 1690 651 1716 mihi
665 1690 706 1717 sol
717 1690 838 1725 justitizc.
853 1690 909 1725 Ego

111 1735 201 1762 malus
208 1743 294 1766 eram,
307 1741 334 1762 et
341 1735 415 1762 venit
424 1743 505 1770 super
514 1743 557 1762 tne
565 1736 656 1770 pluvia
665 1736 787 1770 justitite.
799 1736 909 1765 Bonitas

112 1780 159 1808 Dei
181 1785 224 1807 est
240 1781 322 1807 etiam
341 1781 368 1807 itt
386 1781 429 1807 Itis
444 1789 504 1815 qum
518 1788 610 1808 amara
625 1782 826 1810 existimantur.

146 1827 173 1853 5.
197 1827 283 1861 Igitur
300 1827 326 1853 in
344 1827 453 1854 civitate
470 1828 636 1855 constitutus
659 1833 698 1855 est
725 1829 867 1863 propheta,
883 1833 910 1856 et

112 1881 195 1901 cerne
213 1881 275 1908 quae
297 1873 398 1904 videat,
424 1881 458 1900 ne
478 1873 586 1901 dolores
611 1874 709 1901 sentiat
733 1875 908 1909 captivitatis,

112 1920 243 1947 dcorsutn
259 1919 331 1946 videt
349 1919 467 1950 labores,
485 1919 532 1946 sed
547 1927 657 1947 sursum
673 1920 784 1947 elevans
802 1921 908 1953 oculos,

113 1971 223 2001 apertos
236 1966 351 2000 suspicit
365 1966 460 1997 caelos,
474 1966 561 1993 cernit
575 1966 625 1993 sibi
643 1971 761 1994 reserata
777 1967 908 2000 coelestia,

113 2013 185 2039 videt
201 2012 408 2039 similitudinem
430 2012 523 2047 gloria:
547 2011 605 2044 Dei,
622 2013 695 2040 videt
715 2017 833 2047 quatuor
848 2013 909 2040 ani-

113 2059 207 2088 malia,
231 2058 266 2085 dc
287 2058 388 2092 quibus
405 2058 510 2085 multus
523 2065 614 2084 sermo
638 2063 665 2085 et
685 2058 801 2085 dillicilis
825 2059 910 2086 inter-

113 2104 231 2139 pretatio
247 2108 289 2130 est
300 2103 332 2129 ³⁷.
350 2102 445 2130 Cernit
460 2103 582 2137 aurigam
605 2108 723 2138 quatuor
737 2103 908 2131 animalium.

111 2150 207 2177 Cernit
220 2154 296 2176 rotas
310 2157 339 2176 sc
352 2149 468 2185 invicem
484 2149 666 2176 continentes.
679 2149 780 2184 Auriga
792 2153 910 2184 quatuor

114 2197 276 2224 animalium
300 2203 354 2222 non
373 2199 446 2223 totus
461 2200 503 2223 est
525 2195 630 2230 igneus,
655 2195 702 2222 sed
725 2196 878 2230 pubetenus
894 2201 909 2222 ιι

953 955 1037 990 ligna,
1046 962 1128 989 opera
1138 954 1241 986 peccati
1251 953 1354 985 fenum,
1364 961 1446 988 opera
1456 953 1557 988 peccati
1566 951 1694 979 inferiora
1703 951 1752 978 sti-

953 1002 1057 1036 pulam,
1067 1001 1142 1028 venit
1149 1000 1230 1035 ignis,
1240 1006 1266 1027 et
1273 1000 1401 1027 universa
1409 1000 1459 1026 ista
1471 1000 1620 1026 examinat.
1630 998 1697 1032 Quis
1707 1003 1749 1025 est

954 1047 1005 1074 iste
1014 1047 1084 1082 ignis
1092 1046 1220 1082 quentlcx
1229 1046 1367 1080 praedicat,
1378 1051 1404 1072 ct
1417 1046 1586 1081 mugelium
1597 1052 1651 1072 non
1663 1044 1745 1071 tacet?

957 1093 1168 1129 Uniussujusquc
1182 1102 1246 1129 opus
1262 1093 1339 1129 quale
1353 1092 1399 1127 sit,
1410 1094 1477 1128 ignis
1495 1093 1617 1128 probabit
1627 1090 1660 1119 ".
1676 1091 1748 1124 Quis

955 1145 1008 1174 est,
1016 1141 1154 1175 Apostole,
1170 1140 1242 1175 ignis
1250 1140 1300 1167 iste
1307 1139 1352 1174 qui
1362 1139 1459 1174 probat
1465 1146 1548 1174 opera
1559 1142 1653 1165 nostra
1662 1137 1751 1170 ‘iQuis

955 1191 999 1214 est
1010 1186 1080 1221 ignis
1094 1187 1148 1213 iste
1161 1186 1202 1213 sic
1217 1186 1336 1220 sapiens,
1349 1189 1378 1212 ut
1390 1184 1527 1212 custodiat
1537 1191 1633 1210 aurum
1646 1189 1748 1214 tneum,

957 1237 987 1260 ut
997 1237 1140 1267 argentum
1153 1240 1244 1259 meum
1256 1232 1429 1266 splendidius
1441 1230 1578 1262 ostendat,
1593 1233 1622 1256 ut
1635 1229 1749 1255 illtcsum

958 1278 1094 1313 relinquat
1105 1285 1167 1304 eum
1184 1277 1231 1312 qui
1247 1278 1273 1304 in
1288 1285 1332 1305 me
1345 1282 1387 1305 est
1404 1277 1520 1311 lapidem
1546 1274 1707 1310 pretiosum,
1721 1277 1751 1300 ut

958 1323 1029 1350 mala
1052 1328 1156 1350 tantum
1183 1327 1328 1350 consutnat
1350 1331 1410 1357 qua:
1427 1322 1488 1352 l‘eci,
1506 1329 1566 1355 qua:
1582 1318 1750 1354 superandi“-

958 1370 1016 1396 cavi
1034 1370 1117 1404 ligna,
1138 1369 1241 1400 lentim,
1259 1368 1409 1404 stipulam?
1434 1367 1502 1400 Quis
1526 1371 1569 1394 est
1590 1365 1641 1392 iste
1663 1363 1750 1399 ignis?

959 1416 1051 1451 Ignem
1072 1417 1129 1443 veni
1151 1416 1255 1443 mittere
1277 1409 1355 1447 super
1375 1419 1483 1446 terram,
1501 1418 1525 1440 et
1543 1420 1622 1448 quam
1643 1410 1700 1438 uolo
1721 1413 1749 1436 ut

959 1464 1120 1491 accendatur
1137 1464 1170 1489 δ’.
1187 1462 1267 1503 {esus
1290 1461 1416 1489 Christus
1443 1460 1519 1492 dicit,
1536 1466 1615 1494 quam
1639 1457 1695 1484 volo
1721 1459 1750 1482 ut

955 1509 1012 1543 jam
1021 1509 1191 1536 accendatur.
1204 1502 1299 1534 Bonus
1308 1507 1381 1534 enim
1396 1511 1482 1538 est,et
1490 1505 1635 1538 novitquta
1647 1503 1670 1530 si
1681 1502 1752 1536 ignis

960 1554 1011 1581 iste
1028 1554 1109 1581 fuerit
1125 1561 1267 1584 accensus,
1286 1552 1388 1579 malitia
1404 1555 1592 1578 consumetur.
1613 1548 1750 1582 Scriptum

961 1605 1002 1628 est
1017 1601 1042 1628 in
1055 1600 1194 1636 prophetis
1207 1609 1214 1626 :
1229 1599 1412 1633 Sancti/ienuit
1436 1605 1494 1624 cum
1510 1597 1538 1622 it:
1560 1595 1614 1631 igni
1635 1594 1752 1625 ardenti,

959 1653 984 1674 et
997 1648 1096 1674 voravit
1109 1652 1236 1681 tanquam
1250 1646 1340 1681 [suum
1352 1645 1458 1672 siluam.
1470 1642 1504 1670 Et
1526 1648 1634 1669 rursum
1647 1649 1654 1667 :
1670 1639 1753 1667 Emit-

961 1693 992 1720 tit
1007 1693 1134 1719 Dominus
1150 1691 1266 1722 Sabaoth
1280 1692 1305 1718 in
1319 1696 1392 1718 tuum
1413 1691 1538 1716 honorem
1554 1686 1751 1718 conmmeliam,

959 1743 984 1765 et
1001 1739 1028 1764 in
1050 1744 1123 1764 tuam
1138 1738 1250 1773 gloriam
1273 1738 1341 1772 ignis
1359 1737 1455 1763 ardens
1476 1734 1639 1767 accenditur,
1657 1733 1682 1761 id
1701 1734 1752 1766 est,

960 1789 989 1812 ut
1008 1788 1034 1811 tu
1056 1784 1229 1818 gloriﬁceris,
1244 1784 1378 1810 etnittitur
1392 1782 1462 1817 ignis
1479 1783 1507 1809 in
1527 1790 1609 1816 opera
1629 1784 1753 1815 peccato-

961 1837 1021 1857 rum
1042 1835 1163 1857 tuorum.
1181 1827 1228 1856 Vis
1248 1829 1338 1855 adhuc
1361 1836 1376 1855 a
1398 1827 1530 1862 propheta
1551 1828 1668 1859 discere,
1687 1825 1751 1860 quia

960 1879 1096 1902 tormenta
1116 1874 1179 1901 boni
1195 1873 1242 1902 Dei
1262 1873 1317 1900 sint
1335 1873 1368 1900 ad
1387 1873 1529 1900 utilitatem
1543 1879 1637 1899 eorum
1658 1871 1705 1905 qui
1720 1878 1752 1898 ca

960 1922 1097 1949 sustinent
1113 1920 1282 1948 constituta?
1297 1919 1427 1946 Ausculta
1446 1918 1573 1945 eumdem
1591 1917 1751 1952 prophetam

959 1968 1094 1995 dicentem
1108 1966 1130 1982 ⁸³
1144 1974 1152 1993 :
1168 1965 1257 1992 Habes
1270 1966 1394 1992 carbones
1405 1965 1483 1999 ignis,
1495 1963 1595 1989 sedeliis
1609 1970 1687 1997 super
1697 1970 1750 1994 eos,

960 2015 981 2042 ii
995 2019 1072 2043 erunt
1091 2014 1138 2040 tibi
1159 2013 1303 2047 adjutorio.
1325 2011 1387 2038 llasc
1410 2009 1554 2044 oportebat
1574 2008 1751 2040 abscondere,

960 2067 986 2088 ct
1004 2062 1031 2088 in
1048 2061 1167 2088 taedium
1184 2067 1238 2086 non
1259 2058 1390 2093 proferre,
1415 2057 1462 2084 sed
1489 2055 1608 2083 lmretici
1629 2063 1679 2082 nos
1700 2055 1752 2081 im-

960 2108 1074 2142 pellunt,
1100 2111 1129 2134 ut
1152 2106 1264 2134 celanda
1290 2104 1436 2132 cli‘cramus
1458 2103 1484 2130 in
1505 2102 1666 2137 publicum:
1687 2101 1750 2136 quia

960 2159 1030 2182 tecta
1047 2157 1111 2181 sunt
1121 2152 1220 2179 utiliter
1230 2150 1301 2186 apud
1317 2157 1376 2181 eos,
1392 2149 1438 2183 qui
1451 2148 1542 2175 adhuc
1556 2147 1660 2182 parvuli
1674 2147 1752 2181 juxta

960 2201 1059 2227 anima:
1081 2203 1189 2226 aetatem
1212 2201 1287 2228 sunt,
1303 2195 1349 2230 qui
1373 2199 1446 2222 metu
1472 2195 1593 2229 indigent
1608 2194 1753 2228 magistro-

113 2243 239 2277 pedibus,
257 2247 285 2268 et
304 2242 401 2268 exinde
418 2248 506 2276 usque
529 2242 562 2268 ad
586 2249 723 2268 summunt
743 2242 836 2269 electri
856 2241 909 2269 ful-
925 2249 946 2276 υ
962 2253 1033 2278 rum,
1052 2244 1134 2272 minis
1148 2248 1177 2272 et
1193 2242 1344 2271 terroribus
1357 2240 1522 2275 corripiendi
1538 2245 1617 2273 sunt,
1641 2245 1671 2267 ut
1689 2247 1753 2274 pos-

114 2298 179 2323 μοι-υ
194 2289 298 2316 rutilat.
314 2287 373 2315 Non
389 2288 462 2315 enim
476 2288 564 2315 solutn
579 2292 713 2314 tormenta
726 2288 806 2314 habet
818 2287 906 2316 Deus:

115 2340 179 2363 sunt
197 2336 223 2362 itt
241 2343 275 2362 eo
296 2334 377 2361 etiam
400 2333 549 2369 refrigeria.
570 2333 652 2360 I’uuit
676 2338 843 2368 peccatores,
862 2334 909 2361 sed

115 2390 162 2417 per
169 2390 201 2409 ca
211 2381 361 2408 ministeria
369 2380 450 2415 356
457 2387 516 2414 qum
523 2379 649 2407 deorsum
658 2384 730 2407 sunt.
740 2379 831 2414 Neqttc
837 2380 908 2407 enitn

116 2428 248 2462 praphcta
267 2428 356 2462 ignem
374 2427 441 2453 vidit
455 2426 482 2452 in
501 2427 599 2460 capite,
616 2430 663 2452 aut
676 2426 702 2452 in
719 2426 761 2453 his
778 2427 907 2454 membris

117 2480 176 2507 qua:
190 2480 204 2499 a
230 2472 386 2499 lumborum
405 2472 523 2498 coutinio
547 2472 579 2498 ad
601 2479 707 2498 summa
728 2476 907 2506 consurgunt.

117 2518 215 2554 lgneus
230 2521 272 2545 est
288 2517 430 2548 Dominus,
445 2516 492 2544 sed
507 2524 522 2543 a
538 2517 649 2543 reuiDUs
669 2524 755 2551 usque
767 2517 800 2543 ad
816 2516 907 2551 pedes,

117 2569 148 2592 ut
170 2564 340 2591 demonstret
366 2570 413 2590 eos
438 2563 485 2597 qui
515 2563 541 2589 in
571 2563 746 2597 generatione
764 2567 909 2590 versantur

118 2610 180 2645 igne
196 2608 330 2643 indigere.
349 2607 433 2635 Rettis
452 2607 553 2642 quippe
570 2607 658 2636 coitus
679 2607 842 2642 signiﬁcatio
856 2613 907 2636 est.

117 2655 214 2682 Adhuc
243 2655 270 2681 in
295 2654 396 2681 lumbis
423 2654 560 2681 Abraham
591 2654 677 2688 patris
703 2659 761 2681 erat
787 2654 851 2682 Levi
874 2655 908 2688 ³⁸,

115 2701 229 2736 quando
245 2701 271 2727 ci
287 2700 408 2728 occurrit
426 2700 633 2728 Melchisedech.
652 2700 684 2726 Et
702 2701 728 2727 in
748 2701 854 2735 psalmo
868 2701 908 2728 di—

116 2752 188 2774 eitur
201 2747 243 2774 "2
262 2747 298 2774 De
326 2747 414 2781 fructu
434 2747 517 2774 lumbi
540 2748 578 2773 tui
601 2754 696 2782 ponam
718 2754 794 2781 super
822 2748 908 2774 sedem

155 2842 178 2857 ³ο
195 2841 289 2868 Matth
308 2849 334 2872 χ,
353 2841 394 2869 l5.

121 2878 140 2893 δ’
161 2876 246 2904 lCor.
261 2885 302 2910 ut,
323 2874 364 2903 l5.

440 2841 463 2856 “
481 2841 575 2869 Matth.
592 2850 620 2872 ιι,
637 2842 681 2870 45.

403 2877 426 2892 ⁶¹
441 2875 505 2904 Luc.
521 2885 570 2911 xu,
598 2878 641 2906 49.

728 2843 749 2857 ³⁷
764 2841 862 2870 Ezech.
876 2851 894 2870 t.

719 2877 740 2893 “
755 2877 807 2905 lsa.
826 2885 908 2913 xuii,
930 2878 972 2912 ll,
990 2877 1032 2905 l5.

962 2292 1018 2319 sint
1031 2290 1163 2325 consequi
1184 2289 1351 2321 bonitatem,
1366 2292 1396 2314 ut
1416 2295 1464 2322 per
1486 2294 1578 2314 amara
1598 2286 1718 2313 remedia
1737 2293 1752 2312 τι

963 2338 1120 2366 vulneribus
1134 2341 1306 2371 peccatorum
1322 2334 1470 2369 aliquando
1484 2333 1626 2360 desistant.
1640 2332 1753 2366 Semper

962 2384 1034 2413 enim
1057 2386 1228 2410 sacramenta
1253 2380 1300 2407 Dei
1328 2384 1437 2414 propter
1462 2378 1589 2413 parvulos
1613 2377 1752 2404 auditores

962 2429 1143 2458 velaminibus
1167 2427 1330 2462 quibusdam
1354 2425 1524 2460 operiuntur.
1549 2424 1635 2456 Quam
1657 2431 1753 2458 magna

962 2474 1105 2502 multitudo
1121 2472 1267 2500 dulcedinis
1288 2476 1350 2505 tute,
1362 2471 1481 2504 Domine,
1495 2477 1574 2505 quam
1591 2469 1751 2496 abscondisti

962 2520 1113 2548 timentibus
1130 2525 1154 2546 te
1164 2520 1196 2547 ”.
1214 2518 1293 2552 Legis
1304 2523 1333 2545 et
1346 2517 1539 2552 prophetarum
1552 2517 1623 2544 Deus
1639 2515 1738 2542 abscou

962 2567 1003 2595 dit
1026 2565 1226 2594 multitudinem
1252 2563 1381 2591 bonitatis
1406 2570 1463 2588 suae
1486 2568 1540 2588 nou
1565 2560 1750 2596 diligentibus,

962 2613 1010 2640 sed
1023 2611 1181 2639 timentibus
1195 2617 1235 2637 se.
1250 2609 1358 2637 Parvuli
1376 2608 1477 2643 quippe
1489 2612 1553 2634 sunt
1572 2614 1621 2633 nec
1638 2611 1752 2641 possunt

962 2665 1023 2685 cum
1039 2657 1225 2684 emolmnenm
1241 2663 1292 2683 suo
1311 2646 1417 2682 discere
1433 2653 1506 2688 quod
1523 2656 1648 2679 anmutur
1669 2660 1684 2679 a
1705 2660 1750 2686 pa-

961 2708 1014 2734 tre,
1035 2711 1070 2730 nc
1087 2703 1284 2733 dissolvantur,
1308 2709 1342 2728 tte
1363 2700 1514 2735 despiciant
1529 2698 1676 2726 bonitatem
1692 2699 1750 2726 Dei.

962 2750 1132 2784 Quapropter
1162 2756 1225 2776 cum
1251 2747 1370 2775 audieris
1400 2747 1434 2775 dc
1459 2746 1550 2782 populi
1576 2745 1751 2781 captivitate,

951 2842 973 2858 ⁸⁸
985 2841 1065 2869 llebr.
1079 2849 1126 2868 vn.
1177 2841 1198 2856 ³³
1215 2840 1286 2876 Ιξςειι.
1302 2849 1393 2874 cxxxt,
1416 2841 1460 2868 'll.
1515 2840 1538 2857 ’⁵⁸³
1550 2839 1630 2869 Hebr.
1645 2846 1692 2873 xu,
1705 2840 1750 2868 29.

1071 2877 1093 2894 ⁵³
1109 2876 1181 2906 I’sal.
1198 2884 1261 2910 xxx,
1276 2877 1322 2903 '20.
