  <div class='ocr_page' id='page_1' title='image "/cluster/home/n/w/nwhite01/storage/ocr_20150623/13/njp.32101077772430/415.png"; bbox 0 0 1882 3052; ppageno 0'>
   <div class='ocr_carea' id='block_1_1' title="bbox 141 161 188 188">
    <p class='ocr_par' dir='ltr' id='par_1_1' title="bbox 141 161 188 188">
     <span class='ocr_line' id='line_1_1' title="bbox 141 161 188 188; baseline 0 -1"><span class='ocrx_word' id='word_1_1' title='bbox 141 161 188 188; x_wconf 81' lang='lat' dir='ltr'><strong>li&#39;ll</strong></span> 
     </span>
    </p>
   </div>
   <div class='ocr_carea' id='block_1_2' title="bbox 140 214 967 252">
    <p class='ocr_par' dir='ltr' id='par_1_2' title="bbox 140 214 967 252">
     <span class='ocr_line' id='line_1_2' title="bbox 140 214 967 252; baseline -0.001 -8"><span class='ocrx_word' id='word_1_2' title='bbox 140 217 221 244; x_wconf 86' lang='lat' dir='ltr'><strong>crede</strong></span> <span class='ocrx_word' id='word_1_3' title='bbox 238 217 346 252; x_wconf 79' lang='lat' dir='ltr'><strong>quidem</strong></span> <span class='ocrx_word' id='word_1_4' title='bbox 374 225 437 245; x_wconf 84' lang='lat' dir='ltr'><strong>vere</strong></span> <span class='ocrx_word' id='word_1_5' title='bbox 465 218 597 245; x_wconf 81' lang='lat' dir='ltr'><strong>accidisse</strong></span> <span class='ocrx_word' id='word_1_6' title='bbox 624 225 684 245; x_wconf 85' lang='lat' dir='ltr'><strong>eam</strong></span> <span class='ocrx_word' id='word_1_7' title='bbox 706 217 784 251; x_wconf 80' lang='lat' dir='ltr'><strong>juxta</strong></span> <span class='ocrx_word' id='word_1_8' title='bbox 810 214 967 243; x_wconf 70' lang='lat' dir='ltr'><strong>bistoriaaA</strong></span> 
     </span>
    </p>
   </div>
   <div class='ocr_carea' id='block_1_3' title="bbox 139 260 931 297">
    <p class='ocr_par' dir='ltr' id='par_1_3' title="bbox 139 260 931 297">
     <span class='ocr_line' id='line_1_3' title="bbox 139 260 931 297; baseline -0.005 -8"><span class='ocrx_word' id='word_1_9' title='bbox 139 260 234 293; x_wconf 76' lang='lat' dir='ltr'><strong>ﬁdem,</strong></span> <span class='ocrx_word' id='word_1_10' title='bbox 252 261 298 289; x_wconf 80' lang='lat' dir='ltr'><strong>sed</strong></span> <span class='ocrx_word' id='word_1_11' title='bbox 318 262 344 288; x_wconf 93' lang='lat' dir='ltr'><strong>in</strong></span> <span class='ocrx_word' id='word_1_12' title='bbox 370 263 478 297; x_wconf 76' lang='lat' dir='ltr'><strong>signum</strong></span> <span class='ocrx_word' id='word_1_13' title='bbox 502 263 539 289; x_wconf 89' lang='lat' dir='ltr'><strong>rei</strong></span> <span class='ocrx_word' id='word_1_14' title='bbox 564 262 676 290; x_wconf 89' lang='lat' dir='ltr'><strong>alterius</strong></span> <span class='ocrx_word' id='word_1_15' title='bbox 701 260 884 296; x_wconf 69' lang='lat' dir='ltr'><strong>praecessisse,</strong></span> <span class='ocrx_word' id='word_1_16' title='bbox 903 263 931 285; x_wconf 87' lang='lat' dir='ltr'><strong>et</strong></span> 
     </span>
    </p>
   </div>
   <div class='ocr_carea' id='block_1_4' title="bbox 142 305 930 344">
    <p class='ocr_par' dir='ltr' id='par_1_4' title="bbox 142 305 930 344">
     <span class='ocr_line' id='line_1_4' title="bbox 142 305 930 344; baseline -0.003 -10"><span class='ocrx_word' id='word_1_17' title='bbox 142 308 312 342; x_wconf 85' lang='lat' dir='ltr'><strong>subsequens</strong></span> <span class='ocrx_word' id='word_1_18' title='bbox 327 309 495 343; x_wconf 80' lang='lat' dir='ltr'><strong>signiﬁcasse</strong></span> <span class='ocrx_word' id='word_1_19' title='bbox 516 309 685 344; x_wconf 74' lang='lat' dir='ltr'><strong>mysterium.</strong></span> <span class='ocrx_word' id='word_1_20' title='bbox 701 307 769 334; x_wconf 87' lang='lat' dir='ltr'><strong>Nam</strong></span> <span class='ocrx_word' id='word_1_21' title='bbox 789 311 817 333; x_wconf 89' lang='lat' dir='ltr'><strong>et</strong></span> <span class='ocrx_word' id='word_1_22' title='bbox 834 310 862 333; x_wconf 91' lang='lat' dir='ltr'><strong>tu</strong></span> <span class='ocrx_word' id='word_1_23' title='bbox 883 305 930 340; x_wconf 91' lang='lat' dir='ltr'><strong>qui</strong></span> 
     </span>
    </p>
   </div>
   <div class='ocr_carea' id='block_1_5' title="bbox 141 353 932 389">
    <p class='ocr_par' dir='ltr' id='par_1_5' title="bbox 141 353 932 389">
     <span class='ocr_line' id='line_1_5' title="bbox 141 353 932 389; baseline -0.003 -9"><span class='ocrx_word' id='word_1_24' title='bbox 141 354 249 381; x_wconf 83' lang='lat' dir='ltr'><strong>vocaris</strong></span> <span class='ocrx_word' id='word_1_25' title='bbox 264 354 415 388; x_wconf 77' lang='lat' dir='ltr'><strong>ﬁdelis,qui</strong></span> <span class='ocrx_word' id='word_1_26' title='bbox 431 354 567 388; x_wconf 89' lang='lat' dir='ltr'><strong>conspicis</strong></span> <span class='ocrx_word' id='word_1_27' title='bbox 580 353 819 389; x_wconf 85' lang='lat' dir='ltr'><strong>pacem,Christus</strong></span> <span class='ocrx_word' id='word_1_28' title='bbox 830 353 932 387; x_wconf 82' lang='lat' dir='ltr'><strong>quippe</strong></span> 
     </span>
    </p>
   </div>
   <div class='ocr_carea' id='block_1_6' title="bbox 142 397 930 432">
    <p class='ocr_par' dir='ltr' id='par_1_6' title="bbox 142 397 930 432">
     <span class='ocr_line' id='line_1_6' title="bbox 142 397 930 432; baseline 0 -8"><span class='ocrx_word' id='word_1_29' title='bbox 142 405 194 432; x_wconf 78' lang='lat' dir='ltr'><strong>pax</strong></span> <span class='ocrx_word' id='word_1_30' title='bbox 211 402 302 425; x_wconf 78' lang='lat' dir='ltr'><strong>nostra</strong></span> <span class='ocrx_word' id='word_1_31' title='bbox 319 403 371 429; x_wconf 80' lang='lat' dir='ltr'><strong>est,</strong></span> <span class='ocrx_word' id='word_1_32' title='bbox 387 399 413 425; x_wconf 92' lang='lat' dir='ltr'><strong>in</strong></span> <span class='ocrx_word' id='word_1_33' title='bbox 426 398 576 425; x_wconf 81' lang='lat' dir='ltr'><strong>Jerusalem</strong></span> <span class='ocrx_word' id='word_1_34' title='bbox 591 398 781 425; x_wconf 88' lang='lat' dir='ltr'><strong>commoraris.</strong></span> <span class='ocrx_word' id='word_1_35' title='bbox 798 397 825 424; x_wconf 87' lang='lat' dir='ltr'><strong>Si</strong></span> <span class='ocrx_word' id='word_1_36' title='bbox 839 402 930 424; x_wconf 89' lang='lat' dir='ltr'><strong>autem</strong></span> 
     </span>
    </p>
   </div>
   <div class='ocr_carea' id='block_1_7' title="bbox 143 442 931 477">
    <p class='ocr_par' dir='ltr' id='par_1_7' title="bbox 143 442 931 477">
     <span class='ocr_line' id='line_1_7' title="bbox 143 442 931 477; baseline 0.003 -9"><span class='ocrx_word' id='word_1_37' title='bbox 143 443 310 476; x_wconf 80' lang='lat' dir='ltr'><strong>peccaveris.</strong></span> <span class='ocrx_word' id='word_1_38' title='bbox 326 443 496 477; x_wconf 89' lang='lat' dir='ltr'><strong>derelinquet</strong></span> <span class='ocrx_word' id='word_1_39' title='bbox 510 448 537 470; x_wconf 89' lang='lat' dir='ltr'><strong>te</strong></span> <span class='ocrx_word' id='word_1_40' title='bbox 553 443 671 470; x_wconf 83' lang='lat' dir='ltr'><strong>visitatio</strong></span> <span class='ocrx_word' id='word_1_41' title='bbox 693 443 750 475; x_wconf 85' lang='lat' dir='ltr'><strong>Dei,</strong></span> <span class='ocrx_word' id='word_1_42' title='bbox 772 448 798 470; x_wconf 90' lang='lat' dir='ltr'><strong>et</strong></span> <span class='ocrx_word' id='word_1_43' title='bbox 814 442 931 470; x_wconf 83' lang='lat' dir='ltr'><strong>traderis</strong></span> 
     </span>
    </p>
   </div>
   <div class='ocr_carea' id='block_1_8' title="bbox 140 488 930 522">
    <p class='ocr_par' dir='ltr' id='par_1_8' title="bbox 140 488 930 522">
     <span class='ocr_line' id='line_1_8' title="bbox 140 488 930 522; baseline 0.003 -8"><span class='ocrx_word' id='word_1_44' title='bbox 140 488 264 522; x_wconf 89' lang='lat' dir='ltr'><strong>captivus</strong></span> <span class='ocrx_word' id='word_1_45' title='bbox 285 488 546 518; x_wconf 80' lang='lat' dir='ltr'><strong>Nabuchodonosor,</strong></span> <span class='ocrx_word' id='word_1_46' title='bbox 575 493 600 515; x_wconf 89' lang='lat' dir='ltr'><strong>et</strong></span> <span class='ocrx_word' id='word_1_47' title='bbox 628 488 743 516; x_wconf 85' lang='lat' dir='ltr'><strong>traditus</strong></span> <span class='ocrx_word' id='word_1_48' title='bbox 768 489 877 516; x_wconf 75' lang='lat' dir='ltr'><strong>duceris</strong></span> <span class='ocrx_word' id='word_1_49' title='bbox 904 489 930 516; x_wconf 94' lang='lat' dir='ltr'><strong>in</strong></span> 
     </span>
    </p>
   </div>
   <div class='ocr_carea' id='block_1_9' title="bbox 140 531 931 568">
    <p class='ocr_par' dir='ltr' id='par_1_9' title="bbox 140 531 931 568">
     <span class='ocr_line' id='line_1_9' title="bbox 140 531 931 568; baseline 0.004 -10"><span class='ocrx_word' id='word_1_50' title='bbox 140 531 315 568; x_wconf 75' lang='lat' dir='ltr'><strong>Babylonem.</strong></span> <span class='ocrx_word' id='word_1_51' title='bbox 332 533 398 561; x_wconf 93' lang='lat' dir='ltr'><strong>Cum</strong></span> <span class='ocrx_word' id='word_1_52' title='bbox 414 534 486 560; x_wconf 88' lang='lat' dir='ltr'><strong>enim</strong></span> <span class='ocrx_word' id='word_1_53' title='bbox 502 533 616 561; x_wconf 82' lang='lat' dir='ltr'><strong>confusa</strong></span> <span class='ocrx_word' id='word_1_54' title='bbox 635 534 717 561; x_wconf 78' lang='lat' dir='ltr'><strong>fuerit</strong></span> <span class='ocrx_word' id='word_1_55' title='bbox 731 534 821 561; x_wconf 88' lang='lat' dir='ltr'><strong>anima</strong></span> <span class='ocrx_word' id='word_1_56' title='bbox 849 539 894 561; x_wconf 86' lang='lat' dir='ltr'><strong>tua</strong></span> <span class='ocrx_word' id='word_1_57' title='bbox 916 543 931 561; x_wconf 88' lang='lat' dir='ltr'><strong>a</strong></span> 
     </span>
    </p>
   </div>
   <div class='ocr_carea' id='block_1_10' title="bbox 141 578 931 615">
    <p class='ocr_par' dir='ltr' id='par_1_10' title="bbox 141 578 931 615">
     <span class='ocr_line' id='line_1_10' title="bbox 141 578 931 615; baseline 0.004 -12"><span class='ocrx_word' id='word_1_58' title='bbox 141 578 213 605; x_wconf 82' lang='lat' dir='ltr'><strong>vitiis</strong></span> <span class='ocrx_word' id='word_1_59' title='bbox 227 584 254 605; x_wconf 87' lang='lat' dir='ltr'><strong>et</strong></span> <span class='ocrx_word' id='word_1_60' title='bbox 269 578 531 613; x_wconf 82' lang='lat' dir='ltr'><strong>perturbationilms,</strong></span> <span class='ocrx_word' id='word_1_61' title='bbox 547 580 691 607; x_wconf 86' lang='lat' dir='ltr'><strong>abduceris</strong></span> <span class='ocrx_word' id='word_1_62' title='bbox 706 580 732 606; x_wconf 91' lang='lat' dir='ltr'><strong>in</strong></span> <span class='ocrx_word' id='word_1_63' title='bbox 752 579 931 615; x_wconf 72' lang='lat' dir='ltr'><strong>Babylonem,</strong></span> 
     </span>
    </p>
   </div>
   <div class='ocr_carea' id='block_1_11' title="bbox 140 623 932 661">
    <p class='ocr_par' dir='ltr' id='par_1_11' title="bbox 140 623 932 661">
     <span class='ocr_line' id='line_1_11' title="bbox 140 623 932 661; baseline 0.005 -11"><span class='ocrx_word' id='word_1_64' title='bbox 140 624 269 658; x_wconf 84' lang='lat' dir='ltr'><strong>quoniam</strong></span> <span class='ocrx_word' id='word_1_65' title='bbox 288 623 404 659; x_wconf 72' lang='lat' dir='ltr'><strong>Babylon</strong></span> <span class='ocrx_word' id='word_1_66' title='bbox 421 625 543 660; x_wconf 72' lang='lat' dir='ltr'><strong>confusio</strong></span> <span class='ocrx_word' id='word_1_67' title='bbox 559 626 762 661; x_wconf 69' lang='lat' dir='ltr'><strong>interpretatur.</strong></span> <span class='ocrx_word' id='word_1_68' title='bbox 780 626 813 654; x_wconf 78' lang='lat' dir='ltr'><strong>Et</strong></span> <span class='ocrx_word' id='word_1_69' title='bbox 833 627 855 654; x_wconf 95' lang='lat' dir='ltr'><strong>si</strong></span> <span class='ocrx_word' id='word_1_70' title='bbox 871 635 932 654; x_wconf 88' lang='lat' dir='ltr'><strong>rur-</strong></span> 
     </span>
    </p>
   </div>
   <div class='ocr_carea' id='block_1_12' title="bbox 139 670 931 706">
    <p class='ocr_par' dir='ltr' id='par_1_12' title="bbox 139 670 931 706">
     <span class='ocr_line' id='line_1_12' title="bbox 139 670 931 706; baseline 0.005 -11"><span class='ocrx_word' id='word_1_71' title='bbox 139 677 199 696; x_wconf 84' lang='lat' dir='ltr'><strong>sum</strong></span> <span class='ocrx_word' id='word_1_72' title='bbox 218 670 402 704; x_wconf 78' lang='lat' dir='ltr'><strong>ptenitentiam</strong></span> <span class='ocrx_word' id='word_1_73' title='bbox 420 672 520 706; x_wconf 82' lang='lat' dir='ltr'><strong>egeris,</strong></span> <span class='ocrx_word' id='word_1_74' title='bbox 538 677 565 698; x_wconf 90' lang='lat' dir='ltr'><strong>et</strong></span> <span class='ocrx_word' id='word_1_75' title='bbox 582 679 629 706; x_wconf 85' lang='lat' dir='ltr'><strong>per</strong></span> <span class='ocrx_word' id='word_1_76' title='bbox 649 673 854 699; x_wconf 78' lang='lat' dir='ltr'><strong>conversionem</strong></span> <span class='ocrx_word' id='word_1_77' title='bbox 875 674 931 700; x_wconf 90' lang='lat' dir='ltr'><strong>veri</strong></span> 
     </span>
    </p>
   </div>
   <div class='ocr_carea' id='block_1_13' title="bbox 138 715 931 752">
    <p class='ocr_par' dir='ltr' id='par_1_13' title="bbox 138 715 931 752">
     <span class='ocr_line' id='line_1_13' title="bbox 138 715 931 752; baseline 0.005 -11"><span class='ocrx_word' id='word_1_78' title='bbox 138 715 230 742; x_wconf 84' lang='lat' dir='ltr'><strong>cordis</strong></span> <span class='ocrx_word' id='word_1_79' title='bbox 246 715 462 743; x_wconf 87' lang='lat' dir='ltr'><strong>misericordiam</strong></span> <span class='ocrx_word' id='word_1_80' title='bbox 480 716 526 744; x_wconf 89' lang='lat' dir='ltr'><strong>Dei</strong></span> <span class='ocrx_word' id='word_1_81' title='bbox 542 717 742 752; x_wconf 87' lang='lat' dir='ltr'><strong>impetraveris,</strong></span> <span class='ocrx_word' id='word_1_82' title='bbox 757 718 872 745; x_wconf 86' lang='lat' dir='ltr'><strong>mittitur</strong></span> <span class='ocrx_word' id='word_1_83' title='bbox 883 718 931 745; x_wconf 91' lang='lat' dir='ltr'><strong>tibi</strong></span> 
     </span>
    </p>
   </div>
   <div class='ocr_carea' id='block_1_14' title="bbox 141 759 933 796">
    <p class='ocr_par' dir='ltr' id='par_1_14' title="bbox 141 759 933 796">
     <span class='ocr_line' id='line_1_14' title="bbox 141 759 933 796; baseline 0.005 -9"><span class='ocrx_word' id='word_1_84' title='bbox 141 759 240 788; x_wconf 85' lang='lat' dir='ltr'><strong>Esdras</strong></span> <span class='ocrx_word' id='word_1_85' title='bbox 256 761 301 796; x_wconf 89' lang='lat' dir='ltr'><strong>qui</strong></span> <span class='ocrx_word' id='word_1_86' title='bbox 317 767 342 789; x_wconf 87' lang='lat' dir='ltr'><strong>te</strong></span> <span class='ocrx_word' id='word_1_87' title='bbox 358 762 487 795; x_wconf 81' lang='lat' dir='ltr'><strong>reducat,</strong></span> <span class='ocrx_word' id='word_1_88' title='bbox 510 767 537 790; x_wconf 89' lang='lat' dir='ltr'><strong>et</strong></span> <span class='ocrx_word' id='word_1_89' title='bbox 558 763 693 790; x_wconf 85' lang='lat' dir='ltr'><strong>aediﬁcare</strong></span> <span class='ocrx_word' id='word_1_90' title='bbox 717 763 800 790; x_wconf 84' lang='lat' dir='ltr'><strong>iaciat</strong></span> <span class='ocrx_word' id='word_1_91' title='bbox 823 763 933 791; x_wconf 79' lang='lat' dir='ltr'><strong>Jerusa-</strong></span> 
     </span>
    </p>
   </div>
   <div class='ocr_carea' id='block_1_15' title="bbox 139 806 933 843">
    <p class='ocr_par' dir='ltr' id='par_1_15' title="bbox 139 806 933 843">
     <span class='ocr_line' id='line_1_15' title="bbox 139 806 933 843; baseline 0.005 -11"><span class='ocrx_word' id='word_1_92' title='bbox 139 806 202 833; x_wconf 83' lang='lat' dir='ltr'><strong>lem.</strong></span> <span class='ocrx_word' id='word_1_93' title='bbox 223 806 324 834; x_wconf 76' lang='lat' dir='ltr'><strong>Esdras</strong></span> <span class='ocrx_word' id='word_1_94' title='bbox 337 807 437 842; x_wconf 83' lang='lat' dir='ltr'><strong>quippe</strong></span> <span class='ocrx_word' id='word_1_95' title='bbox 451 808 648 843; x_wconf 73' lang='lat' dir='ltr'><strong>interpretatur</strong></span> <span class='ocrx_word' id='word_1_96' title='bbox 666 809 786 843; x_wconf 87' lang='lat' dir='ltr'><strong>adjutor,</strong></span> <span class='ocrx_word' id='word_1_97' title='bbox 804 814 831 836; x_wconf 88' lang='lat' dir='ltr'><strong>et</strong></span> <span class='ocrx_word' id='word_1_98' title='bbox 849 811 933 837; x_wconf 90' lang='lat' dir='ltr'><strong>mitti-</strong></span> 
     </span>
    </p>
   </div>
   <div class='ocr_carea' id='block_1_16' title="bbox 140 852 932 890">
    <p class='ocr_par' dir='ltr' id='par_1_16' title="bbox 140 852 932 890">
     <span class='ocr_line' id='line_1_16' title="bbox 140 852 932 890; baseline 0.006 -13"><span class='ocrx_word' id='word_1_99' title='bbox 140 855 184 877; x_wconf 85' lang='lat' dir='ltr'><strong>tur</strong></span> <span class='ocrx_word' id='word_1_100' title='bbox 208 852 256 878; x_wconf 93' lang='lat' dir='ltr'><strong>tibi</strong></span> <span class='ocrx_word' id='word_1_101' title='bbox 282 852 395 878; x_wconf 83' lang='lat' dir='ltr'><strong>verbum</strong></span> <span class='ocrx_word' id='word_1_102' title='bbox 418 853 519 887; x_wconf 85' lang='lat' dir='ltr'><strong>jnvans</strong></span> <span class='ocrx_word' id='word_1_103' title='bbox 544 858 573 882; x_wconf 94' lang='lat' dir='ltr'><strong>ut</strong></span> <span class='ocrx_word' id='word_1_104' title='bbox 597 854 742 882; x_wconf 78' lang='lat' dir='ltr'><strong>revertaris</strong></span> <span class='ocrx_word' id='word_1_105' title='bbox 766 855 793 882; x_wconf 88' lang='lat' dir='ltr'><strong>in</strong></span> <span class='ocrx_word' id='word_1_106' title='bbox 816 856 932 890; x_wconf 88' lang='lat' dir='ltr'><strong>patriam</strong></span> 
     </span>
    </p>
   </div>
   <div class='ocr_carea' id='block_1_17' title="bbox 140 897 932 936">
    <p class='ocr_par' dir='ltr' id='par_1_17' title="bbox 140 897 932 936">
     <span class='ocr_line' id='line_1_17' title="bbox 140 897 932 936; baseline 0.008 -13"><span class='ocrx_word' id='word_1_107' title='bbox 140 903 226 924; x_wconf 87' lang='lat' dir='ltr'><strong>tuam.</strong></span> <span class='ocrx_word' id='word_1_108' title='bbox 244 897 453 925; x_wconf 74' lang='lat' dir='ltr'><strong>Sacraznentum</strong></span> <span class='ocrx_word' id='word_1_109' title='bbox 466 903 549 926; x_wconf 79' lang='lat' dir='ltr'><strong>estet</strong></span> <span class='ocrx_word' id='word_1_110' title='bbox 571 899 595 926; x_wconf 89' lang='lat' dir='ltr'><strong>id</strong></span> <span class='ocrx_word' id='word_1_111' title='bbox 616 900 689 934; x_wconf 89' lang='lat' dir='ltr'><strong>quod</strong></span> <span class='ocrx_word' id='word_1_112' title='bbox 706 900 735 927; x_wconf 90' lang='lat' dir='ltr'><strong>in</strong></span> <span class='ocrx_word' id='word_1_113' title='bbox 754 902 896 936; x_wconf 77' lang='lat' dir='ltr'><strong>aetiigmate</strong></span> <span class='ocrx_word' id='word_1_114' title='bbox 905 907 932 930; x_wconf 88' lang='lat' dir='ltr'><strong>et</strong></span> 
     </span>
    </p>
   </div>
   <div class='ocr_carea' id='block_1_18' title="bbox 140 942 932 983">
    <p class='ocr_par' dir='ltr' id='par_1_18' title="bbox 140 942 932 983">
     <span class='ocr_line' id='line_1_18' title="bbox 140 942 932 983; baseline 0.009 -14"><span class='ocrx_word' id='word_1_115' title='bbox 140 951 155 969; x_wconf 92' lang='lat' dir='ltr'><strong>a</strong></span> <span class='ocrx_word' id='word_1_116' title='bbox 174 942 283 970; x_wconf 86' lang='lat' dir='ltr'><strong>Danielc</strong></span> <span class='ocrx_word' id='word_1_117' title='bbox 296 944 408 976; x_wconf 85' lang='lat' dir='ltr'><strong>dicitur,</strong></span> <span class='ocrx_word' id='word_1_118' title='bbox 425 950 452 971; x_wconf 86' lang='lat' dir='ltr'><strong>et</strong></span> <span class='ocrx_word' id='word_1_119' title='bbox 466 945 500 971; x_wconf 90' lang='lat' dir='ltr'><strong>ab</strong></span> <span class='ocrx_word' id='word_1_120' title='bbox 516 945 648 980; x_wconf 82' lang='lat' dir='ltr'><strong>Apostolo</strong></span> <span class='ocrx_word' id='word_1_121' title='bbox 665 947 846 976; x_wconf 84' lang='lat' dir='ltr'><strong>abscondente</strong></span> <span class='ocrx_word' id='word_1_122' title='bbox 859 949 932 983; x_wconf 87' lang='lat' dir='ltr'><strong>pari-</strong></span> 
     </span>
    </p>
   </div>
   <div class='ocr_carea' id='block_1_19' title="bbox 139 988 930 1027">
    <p class='ocr_par' dir='ltr' id='par_1_19' title="bbox 139 988 930 1027">
     <span class='ocr_line' id='line_1_19' title="bbox 139 988 930 1027; baseline 0.009 -13"><span class='ocrx_word' id='word_1_123' title='bbox 139 991 180 1014; x_wconf 83' lang='lat' dir='ltr'><strong>ter</strong></span> <span class='ocrx_word' id='word_1_124' title='bbox 194 992 221 1014; x_wconf 88' lang='lat' dir='ltr'><strong>et</strong></span> <span class='ocrx_word' id='word_1_125' title='bbox 238 988 373 1016; x_wconf 79' lang='lat' dir='ltr'><strong>revelante</strong></span> <span class='ocrx_word' id='word_1_126' title='bbox 387 995 523 1017; x_wconf 81' lang='lat' dir='ltr'><strong>narratur.</strong></span> <span class='ocrx_word' id='word_1_127' title='bbox 537 990 565 1017; x_wconf 89' lang='lat' dir='ltr'><strong>In</strong></span> <span class='ocrx_word' id='word_1_128' title='bbox 581 991 666 1018; x_wconf 82' lang='lat' dir='ltr'><strong>Adam</strong></span> <span class='ocrx_word' id='word_1_129' title='bbox 680 1000 775 1020; x_wconf 87' lang='lat' dir='ltr'><strong>omnes</strong></span> <span class='ocrx_word' id='word_1_130' title='bbox 787 994 930 1027; x_wconf 87' lang='lat' dir='ltr'><strong>morimur,</strong></span> 
     </span>
    </p>
   </div>
   <div class='ocr_carea' id='block_1_20' title="bbox 139 1035 932 1076">
    <p class='ocr_par' dir='ltr' id='par_1_20' title="bbox 139 1035 932 1076">
     <span class='ocr_line' id='line_1_20' title="bbox 139 1035 932 1076; baseline 0.01 -16"><span class='ocrx_word' id='word_1_131' title='bbox 139 1040 167 1061; x_wconf 87' lang='lat' dir='ltr'><strong>et</strong></span> <span class='ocrx_word' id='word_1_132' title='bbox 190 1035 216 1061; x_wconf 95' lang='lat' dir='ltr'><strong>in</strong></span> <span class='ocrx_word' id='word_1_133' title='bbox 240 1035 349 1062; x_wconf 92' lang='lat' dir='ltr'><strong>Christo</strong></span> <span class='ocrx_word' id='word_1_134' title='bbox 373 1044 468 1064; x_wconf 84' lang='lat' dir='ltr'><strong>onmes</strong></span> <span class='ocrx_word' id='word_1_135' title='bbox 492 1037 661 1066; x_wconf 83' lang='lat' dir='ltr'><strong>viviﬁcantur</strong></span> <span class='ocrx_word' id='word_1_136' title='bbox 685 1039 719 1066; x_wconf 78' lang='lat'><strong>“.</strong></span> <span class='ocrx_word' id='word_1_137' title='bbox 749 1039 811 1067; x_wconf 85' lang='lat' dir='ltr'><strong>Fuit</strong></span> <span class='ocrx_word' id='word_1_138' title='bbox 831 1040 932 1076; x_wconf 85' lang='lat' dir='ltr'><strong>quippe</strong></span> 
     </span>
    </p>
   </div>
   <div class='ocr_carea' id='block_1_21' title="bbox 139 1079 931 1121">
    <p class='ocr_par' dir='ltr' id='par_1_21' title="bbox 139 1079 931 1121">
     <span class='ocr_line' id='line_1_21' title="bbox 139 1079 931 1121; baseline 0.01 -16"><span class='ocrx_word' id='word_1_139' title='bbox 139 1079 225 1106; x_wconf 73' lang='lat' dir='ltr'><strong>Adam</strong></span> <span class='ocrx_word' id='word_1_140' title='bbox 253 1080 279 1107; x_wconf 90' lang='lat' dir='ltr'><strong>in</strong></span> <span class='ocrx_word' id='word_1_141' title='bbox 304 1082 442 1115; x_wconf 69' lang='lat' dir='ltr'><strong>paradiso,</strong></span> <span class='ocrx_word' id='word_1_142' title='bbox 468 1083 514 1110; x_wconf 89' lang='lat' dir='ltr'><strong>sed</strong></span> <span class='ocrx_word' id='word_1_143' title='bbox 541 1091 653 1118; x_wconf 87' lang='lat' dir='ltr'><strong>serpens</strong></span> <span class='ocrx_word' id='word_1_144' title='bbox 680 1085 845 1119; x_wconf 89' lang='lat' dir='ltr'><strong>captivitatis</strong></span> <span class='ocrx_word' id='word_1_145' title='bbox 871 1086 931 1121; x_wconf 82' lang='lat' dir='ltr'><strong>ejus</strong></span> 
     </span>
    </p>
   </div>
   <div class='ocr_carea' id='block_1_22' title="bbox 139 1129 932 1167">
    <p class='ocr_par' dir='ltr' id='par_1_22' title="bbox 139 1129 932 1167">
     <span class='ocr_line' id='line_1_22' title="bbox 139 1129 932 1167; baseline 0.013 -14"><span class='ocrx_word' id='word_1_146' title='bbox 139 1135 222 1154; x_wconf 86' lang='lat' dir='ltr'><strong>causa</strong></span> <span class='ocrx_word' id='word_1_147' title='bbox 235 1129 348 1160; x_wconf 76' lang='lat' dir='ltr'><strong>exstitit,</strong></span> <span class='ocrx_word' id='word_1_148' title='bbox 363 1135 390 1156; x_wconf 88' lang='lat' dir='ltr'><strong>et</strong></span> <span class='ocrx_word' id='word_1_149' title='bbox 407 1130 470 1158; x_wconf 82' lang='lat' dir='ltr'><strong>fecit</strong></span> <span class='ocrx_word' id='word_1_150' title='bbox 485 1137 514 1158; x_wconf 91' lang='lat' dir='ltr'><strong>ut</strong></span> <span class='ocrx_word' id='word_1_151' title='bbox 527 1132 674 1167; x_wconf 88' lang='lat' dir='ltr'><strong>ejiceretur</strong></span> <span class='ocrx_word' id='word_1_152' title='bbox 690 1135 747 1162; x_wconf 87' lang='lat' dir='ltr'><strong>sive</strong></span> <span class='ocrx_word' id='word_1_153' title='bbox 769 1135 802 1162; x_wconf 91' lang='lat' dir='ltr'><strong>de</strong></span> <span class='ocrx_word' id='word_1_154' title='bbox 820 1135 932 1163; x_wconf 86' lang='lat' dir='ltr'><strong>Jerusa-</strong></span> 
     </span>
    </p>
   </div>
   <div class='ocr_carea' id='block_1_23' title="bbox 139 1173 932 1211">
    <p class='ocr_par' dir='ltr' id='par_1_23' title="bbox 139 1173 932 1211">
     <span class='ocr_line' id='line_1_23' title="bbox 139 1173 932 1211; baseline 0.013 -11"><span class='ocrx_word' id='word_1_155' title='bbox 139 1173 203 1206; x_wconf 85' lang='lat' dir='ltr'><strong>lem,</strong></span> <span class='ocrx_word' id='word_1_156' title='bbox 224 1174 281 1201; x_wconf 83' lang='lat' dir='ltr'><strong>sive</strong></span> <span class='ocrx_word' id='word_1_157' title='bbox 303 1175 337 1202; x_wconf 91' lang='lat' dir='ltr'><strong>de</strong></span> <span class='ocrx_word' id='word_1_158' title='bbox 360 1177 496 1210; x_wconf 85' lang='lat' dir='ltr'><strong>paradiso,</strong></span> <span class='ocrx_word' id='word_1_159' title='bbox 516 1183 542 1206; x_wconf 89' lang='lat' dir='ltr'><strong>et</strong></span> <span class='ocrx_word' id='word_1_160' title='bbox 564 1180 669 1207; x_wconf 88' lang='lat' dir='ltr'><strong>veniret</strong></span> <span class='ocrx_word' id='word_1_161' title='bbox 692 1181 719 1207; x_wconf 93' lang='lat' dir='ltr'><strong>in</strong></span> <span class='ocrx_word' id='word_1_162' title='bbox 745 1182 834 1209; x_wconf 88' lang='lat' dir='ltr'><strong>locum</strong></span> <span class='ocrx_word' id='word_1_163' title='bbox 859 1182 932 1211; x_wconf 90' lang='lat' dir='ltr'><strong>hunc</strong></span> 
     </span>
    </p>
   </div>
   <div class='ocr_carea' id='block_1_24' title="bbox 139 1218 929 1256">
    <p class='ocr_par' dir='ltr' id='par_1_24' title="bbox 139 1218 929 1256">
     <span class='ocr_line' id='line_1_24' title="bbox 139 1218 929 1256; baseline 0.014 -12"><span class='ocrx_word' id='word_1_164' title='bbox 139 1218 331 1254; x_wconf 87' lang='lat' dir='ltr'><strong>laerymarum.</strong></span> <span class='ocrx_word' id='word_1_165' title='bbox 349 1222 466 1256; x_wconf 84' lang='lat' dir='ltr'><strong>Serpens</strong></span> <span class='ocrx_word' id='word_1_166' title='bbox 482 1223 568 1252; x_wconf 89' lang='lat' dir='ltr'><strong>hostis</strong></span> <span class='ocrx_word' id='word_1_167' title='bbox 586 1229 628 1252; x_wconf 89' lang='lat' dir='ltr'><strong>est</strong></span> <span class='ocrx_word' id='word_1_168' title='bbox 644 1227 798 1254; x_wconf 87' lang='lat' dir='ltr'><strong>contrarius</strong></span> <span class='ocrx_word' id='word_1_169' title='bbox 814 1228 929 1256; x_wconf 87' lang='lat' dir='ltr'><strong>veritati.</strong></span> 
     </span>
    </p>
   </div>
   <div class='ocr_carea' id='block_1_25' title="bbox 139 1262 931 1305">
    <p class='ocr_par' dir='ltr' id='par_1_25' title="bbox 139 1262 931 1305">
     <span class='ocr_line' id='line_1_25' title="bbox 139 1262 931 1305; baseline 0.014 -15"><span class='ocrx_word' id='word_1_170' title='bbox 139 1262 300 1291; x_wconf 83' lang='lat' dir='ltr'><strong>Contrarius</strong></span> <span class='ocrx_word' id='word_1_171' title='bbox 318 1270 407 1293; x_wconf 89' lang='lat' dir='ltr'><strong>autem</strong></span> <span class='ocrx_word' id='word_1_172' title='bbox 427 1275 480 1295; x_wconf 90' lang='lat' dir='ltr'><strong>non</strong></span> <span class='ocrx_word' id='word_1_173' title='bbox 495 1276 510 1294; x_wconf 87' lang='lat' dir='ltr'><strong>a</strong></span> <span class='ocrx_word' id='word_1_174' title='bbox 528 1269 662 1304; x_wconf 90' lang='lat' dir='ltr'><strong>principio</strong></span> <span class='ocrx_word' id='word_1_175' title='bbox 679 1277 788 1299; x_wconf 85' lang='lat' dir='ltr'><strong>creatus</strong></span> <span class='ocrx_word' id='word_1_176' title='bbox 809 1278 860 1305; x_wconf 86' lang='lat' dir='ltr'><strong>est,</strong></span> <span class='ocrx_word' id='word_1_177' title='bbox 883 1281 931 1300; x_wconf 86' lang='lat' dir='ltr'><strong>ne-</strong></span> 
     </span>
    </p>
   </div>
   <div class='ocr_carea' id='block_1_26' title="bbox 139 1311 931 1347">
    <p class='ocr_par' dir='ltr' id='par_1_26' title="bbox 139 1311 931 1347">
     <span class='ocr_line' id='line_1_26' title="bbox 139 1311 931 1347; baseline 0.014 -12"><span class='ocrx_word' id='word_1_178' title='bbox 139 1317 191 1343; x_wconf 82' lang='lat' dir='ltr'><strong>que</strong></span> <span class='ocrx_word' id='word_1_179' title='bbox 205 1311 296 1337; x_wconf 85' lang='lat' dir='ltr'><strong>statim</strong></span> <span class='ocrx_word' id='word_1_180' title='bbox 313 1319 395 1346; x_wconf 89' lang='lat' dir='ltr'><strong>super</strong></span> <span class='ocrx_word' id='word_1_181' title='bbox 410 1317 505 1347; x_wconf 88' lang='lat' dir='ltr'><strong>pectus</strong></span> <span class='ocrx_word' id='word_1_182' title='bbox 526 1319 553 1341; x_wconf 86' lang='lat' dir='ltr'><strong>et</strong></span> <span class='ocrx_word' id='word_1_183' title='bbox 569 1321 690 1342; x_wconf 89' lang='lat' dir='ltr'><strong>ventrem</strong></span> <span class='ocrx_word' id='word_1_184' title='bbox 707 1325 787 1344; x_wconf 87' lang='lat' dir='ltr'><strong>suum</strong></span> <span class='ocrx_word' id='word_1_185' title='bbox 807 1319 931 1346; x_wconf 87' lang='lat' dir='ltr'><strong>ambula-</strong></span> 
     </span>
    </p>
   </div>
   <div class='ocr_carea' id='block_1_27' title="bbox 138 1354 933 1392">
    <p class='ocr_par' dir='ltr' id='par_1_27' title="bbox 138 1354 933 1392">
     <span class='ocr_line' id='line_1_27' title="bbox 138 1354 933 1392; baseline 0.013 -11"><span class='ocrx_word' id='word_1_186' title='bbox 138 1354 186 1387; x_wconf 86' lang='lat' dir='ltr'><strong>vit,</strong></span> <span class='ocrx_word' id='word_1_187' title='bbox 201 1363 288 1390; x_wconf 88' lang='lat' dir='ltr'><strong>neque</strong></span> <span class='ocrx_word' id='word_1_188' title='bbox 302 1356 352 1383; x_wconf 82' lang='lat' dir='ltr'><strong>fuit</strong></span> <span class='ocrx_word' id='word_1_189' title='bbox 368 1358 402 1384; x_wconf 89' lang='lat' dir='ltr'><strong>ab</strong></span> <span class='ocrx_word' id='word_1_190' title='bbox 418 1358 496 1386; x_wconf 91' lang='lat' dir='ltr'><strong>initio</strong></span> <span class='ocrx_word' id='word_1_191' title='bbox 513 1359 685 1388; x_wconf 84' lang='lat' dir='ltr'><strong>tnaledietus.</strong></span> <span class='ocrx_word' id='word_1_192' title='bbox 705 1361 790 1389; x_wconf 85' lang='lat' dir='ltr'><strong>Sicuti</strong></span> <span class='ocrx_word' id='word_1_193' title='bbox 806 1363 892 1390; x_wconf 83' lang='lat' dir='ltr'><strong>Adam</strong></span> <span class='ocrx_word' id='word_1_194' title='bbox 905 1369 933 1392; x_wconf 83' lang='lat' dir='ltr'><strong>et</strong></span> 
     </span>
    </p>
   </div>
   <div class='ocr_carea' id='block_1_28' title="bbox 138 1398 932 1440">
    <p class='ocr_par' dir='ltr' id='par_1_28' title="bbox 138 1398 932 1440">
     <span class='ocr_line' id='line_1_28' title="bbox 138 1398 932 1440; baseline 0.015 -15"><span class='ocrx_word' id='word_1_195' title='bbox 138 1398 194 1427; x_wconf 82' lang='lat' dir='ltr'><strong>Eva</strong></span> <span class='ocrx_word' id='word_1_196' title='bbox 210 1409 264 1427; x_wconf 93' lang='lat' dir='ltr'><strong>non</strong></span> <span class='ocrx_word' id='word_1_197' title='bbox 286 1402 377 1429; x_wconf 80' lang='lat' dir='ltr'><strong>statim</strong></span> <span class='ocrx_word' id='word_1_198' title='bbox 397 1409 425 1430; x_wconf 92' lang='lat' dir='ltr'><strong>ut</strong></span> <span class='ocrx_word' id='word_1_199' title='bbox 446 1403 513 1431; x_wconf 81' lang='lat' dir='ltr'><strong>facti</strong></span> <span class='ocrx_word' id='word_1_200' title='bbox 534 1410 598 1432; x_wconf 90' lang='lat' dir='ltr'><strong>sunt</strong></span> <span class='ocrx_word' id='word_1_201' title='bbox 620 1413 801 1440; x_wconf 84' lang='lat' dir='ltr'><strong>peccaverunt</strong></span> <span class='ocrx_word' id='word_1_202' title='bbox 820 1418 827 1436; x_wconf 73' lang='grc' dir='ltr'><strong>ε</strong></span> <span class='ocrx_word' id='word_1_203' title='bbox 848 1410 884 1436; x_wconf 90' lang='lat' dir='ltr'><strong>ita</strong></span> <span class='ocrx_word' id='word_1_204' title='bbox 905 1415 932 1437; x_wconf 75' lang='lat' dir='ltr'><strong>et</strong></span> 
     </span>
    </p>
   </div>
   <div class='ocr_carea' id='block_1_29' title="bbox 138 1443 932 1487">
    <p class='ocr_par' dir='ltr' id='par_1_29' title="bbox 138 1443 932 1487">
     <span class='ocr_line' id='line_1_29' title="bbox 138 1443 932 1487; baseline 0.016 -19"><span class='ocrx_word' id='word_1_205' title='bbox 138 1450 249 1475; x_wconf 80' lang='lat' dir='ltr'><strong>serpens</strong></span> <span class='ocrx_word' id='word_1_206' title='bbox 268 1443 319 1471; x_wconf 84' lang='lat' dir='ltr'><strong>fuit</strong></span> <span class='ocrx_word' id='word_1_207' title='bbox 339 1445 486 1480; x_wconf 85' lang='lat' dir='ltr'><strong>aliquando</strong></span> <span class='ocrx_word' id='word_1_208' title='bbox 507 1456 563 1475; x_wconf 92' lang='lat' dir='ltr'><strong>non</strong></span> <span class='ocrx_word' id='word_1_209' title='bbox 580 1457 704 1484; x_wconf 81' lang='lat' dir='ltr'><strong>serpens,</strong></span> <span class='ocrx_word' id='word_1_210' title='bbox 721 1459 782 1478; x_wconf 83' lang='lat' dir='ltr'><strong>cuin</strong></span> <span class='ocrx_word' id='word_1_211' title='bbox 808 1452 835 1479; x_wconf 86' lang='lat' dir='ltr'><strong>in</strong></span> <span class='ocrx_word' id='word_1_212' title='bbox 857 1461 932 1487; x_wconf 85' lang='lat' dir='ltr'><strong>para-</strong></span> 
     </span>
    </p>
   </div>
   <div class='ocr_carea' id='block_1_30' title="bbox 137 1488 931 1530">
    <p class='ocr_par' dir='ltr' id='par_1_30' title="bbox 137 1488 931 1530">
     <span class='ocr_line' id='line_1_30' title="bbox 137 1488 931 1530; baseline 0.014 -15"><span class='ocrx_word' id='word_1_213' title='bbox 137 1488 198 1516; x_wconf 81' lang='lat' dir='ltr'><strong>diso</strong></span> <span class='ocrx_word' id='word_1_214' title='bbox 220 1490 379 1518; x_wconf 87' lang='lat' dir='ltr'><strong>deliciarum</strong></span> <span class='ocrx_word' id='word_1_215' title='bbox 405 1499 567 1522; x_wconf 84' lang='lat' dir='ltr'><strong>moraretur.</strong></span> <span class='ocrx_word' id='word_1_216' title='bbox 586 1494 663 1523; x_wconf 82' lang='lat' dir='ltr'><strong>Unde</strong></span> <span class='ocrx_word' id='word_1_217' title='bbox 683 1502 776 1530; x_wconf 86' lang='lat' dir='ltr'><strong>postea</strong></span> <span class='ocrx_word' id='word_1_218' title='bbox 798 1506 931 1526; x_wconf 88' lang='lat' dir='ltr'><strong>corruens</strong></span> 
     </span>
    </p>
   </div>
   <div class='ocr_carea' id='block_1_31' title="bbox 139 1536 932 1576">
    <p class='ocr_par' dir='ltr' id='par_1_31' title="bbox 139 1536 932 1576">
     <span class='ocr_line' id='line_1_31' title="bbox 139 1536 932 1576; baseline 0.014 -16"><span class='ocrx_word' id='word_1_219' title='bbox 139 1536 173 1560; x_wconf 90' lang='lat' dir='ltr'><strong>ob</strong></span> <span class='ocrx_word' id='word_1_220' title='bbox 190 1541 298 1569; x_wconf 80' lang='lat' dir='ltr'><strong>peccata</strong></span> <span class='ocrx_word' id='word_1_221' title='bbox 315 1538 414 1565; x_wconf 86' lang='lat' dir='ltr'><strong>meruit</strong></span> <span class='ocrx_word' id='word_1_222' title='bbox 430 1539 524 1566; x_wconf 88' lang='lat' dir='ltr'><strong>audire</strong></span> <span class='ocrx_word' id='word_1_223' title='bbox 535 1540 576 1567; x_wconf 67' lang='lat' dir='ltr'><strong>“z</strong></span> <span class='ocrx_word' id='word_1_224' title='bbox 597 1540 635 1567; x_wconf 89' lang='lat' dir='ltr'><strong>Tu</strong></span> <span class='ocrx_word' id='word_1_225' title='bbox 651 1542 818 1576; x_wconf 71' lang='lat' dir='ltr'><strong>signaculum</strong></span> <span class='ocrx_word' id='word_1_226' title='bbox 839 1545 932 1571; x_wconf 85' lang='lat' dir='ltr'><strong>simili-</strong></span> 
     </span>
    </p>
   </div>
   <div class='ocr_carea' id='block_1_32' title="bbox 138 1581 931 1622">
    <p class='ocr_par' dir='ltr' id='par_1_32' title="bbox 138 1581 931 1622">
     <span class='ocr_line' id='line_1_32' title="bbox 138 1581 931 1622; baseline 0.015 -16"><span class='ocrx_word' id='word_1_227' title='bbox 138 1581 250 1615; x_wconf 82' lang='lat' dir='ltr'><strong>tudinis,</strong></span> <span class='ocrx_word' id='word_1_228' title='bbox 263 1591 359 1611; x_wconf 83' lang='lat' dir='ltr'><strong>corona</strong></span> <span class='ocrx_word' id='word_1_229' title='bbox 372 1584 474 1611; x_wconf 74' lang='lat' dir='ltr'><strong>decoris</strong></span> <span class='ocrx_word' id='word_1_230' title='bbox 489 1586 515 1612; x_wconf 85' lang='lat' dir='ltr'><strong>in</strong></span> <span class='ocrx_word' id='word_1_231' title='bbox 529 1588 655 1621; x_wconf 80' lang='lat' dir='ltr'><strong>paradiso</strong></span> <span class='ocrx_word' id='word_1_232' title='bbox 672 1588 718 1616; x_wconf 81' lang='lat' dir='ltr'><strong>Dei</strong></span> <span class='ocrx_word' id='word_1_233' title='bbox 739 1595 816 1616; x_wconf 79' lang='lat' dir='ltr'><strong>natus</strong></span> <span class='ocrx_word' id='word_1_234' title='bbox 834 1599 871 1622; x_wconf 78' lang='lat' dir='ltr'><strong>es,</strong></span> <span class='ocrx_word' id='word_1_235' title='bbox 884 1591 931 1617; x_wconf 81' lang='lat' dir='ltr'><strong>du-</strong></span> 
     </span>
    </p>
   </div>
   <div class='ocr_carea' id='block_1_33' title="bbox 138 1627 932 1666">
    <p class='ocr_par' dir='ltr' id='par_1_33' title="bbox 138 1627 932 1666">
     <span class='ocr_line' id='line_1_33' title="bbox 138 1627 932 1666; baseline 0.014 -13"><span class='ocrx_word' id='word_1_236' title='bbox 138 1635 184 1653; x_wconf 75' lang='lat' dir='ltr'><strong>nec</strong></span> <span class='ocrx_word' id='word_1_237' title='bbox 201 1627 304 1655; x_wconf 77' lang='lat' dir='ltr'><strong>iuventa</strong></span> <span class='ocrx_word' id='word_1_238' title='bbox 318 1635 357 1657; x_wconf 75' lang='lat' dir='ltr'><strong>est</strong></span> <span class='ocrx_word' id='word_1_239' title='bbox 374 1631 503 1666; x_wconf 74' lang='lat' dir='ltr'><strong>iniquitas</strong></span> <span class='ocrx_word' id='word_1_240' title='bbox 527 1633 555 1659; x_wconf 88' lang='lat' dir='ltr'><strong>in</strong></span> <span class='ocrx_word' id='word_1_241' title='bbox 577 1638 611 1666; x_wconf 84' lang='lat' dir='ltr'><strong>te,</strong></span> <span class='ocrx_word' id='word_1_242' title='bbox 637 1635 782 1663; x_wconf 77' lang='lat' dir='ltr'><strong>antbulasti</strong></span> <span class='ocrx_word' id='word_1_243' title='bbox 803 1637 932 1664; x_wconf 83' lang='lat' dir='ltr'><strong>immacu-</strong></span> 
     </span>
    </p>
   </div>
   <div class='ocr_carea' id='block_1_34' title="bbox 138 1672 930 1714">
    <p class='ocr_par' dir='ltr' id='par_1_34' title="bbox 138 1672 930 1714">
     <span class='ocr_line' id='line_1_34' title="bbox 138 1672 930 1714; baseline 0.014 -15"><span class='ocrx_word' id='word_1_244' title='bbox 138 1672 210 1700; x_wconf 75' lang='lat' dir='ltr'><strong>latus</strong></span> <span class='ocrx_word' id='word_1_245' title='bbox 223 1674 251 1701; x_wconf 80' lang='lat' dir='ltr'><strong>in</strong></span> <span class='ocrx_word' id='word_1_246' title='bbox 273 1675 394 1703; x_wconf 77' lang='lat' dir='ltr'><strong>omnibus</strong></span> <span class='ocrx_word' id='word_1_247' title='bbox 418 1677 465 1703; x_wconf 83' lang='lat' dir='ltr'><strong>viis</strong></span> <span class='ocrx_word' id='word_1_248' title='bbox 485 1678 547 1705; x_wconf 82' lang='lat' dir='ltr'><strong>tuis.</strong></span> <span class='ocrx_word' id='word_1_249' title='bbox 569 1678 608 1706; x_wconf 89' lang='lat' dir='ltr'><strong>De</strong></span> <span class='ocrx_word' id='word_1_250' title='bbox 632 1687 686 1714; x_wconf 87' lang='lat' dir='ltr'><strong>quo</strong></span> <span class='ocrx_word' id='word_1_251' title='bbox 705 1681 786 1708; x_wconf 87' lang='lat' dir='ltr'><strong>etiam</strong></span> <span class='ocrx_word' id='word_1_252' title='bbox 803 1681 852 1709; x_wconf 84' lang='lat' dir='ltr'><strong>Job</strong></span> <span class='ocrx_word' id='word_1_253' title='bbox 872 1690 930 1710; x_wconf 86' lang='lat' dir='ltr'><strong>tne-</strong></span> 
     </span>
    </p>
   </div>
   <div class='ocr_carea' id='block_1_35' title="bbox 139 1720 931 1762">
    <p class='ocr_par' dir='ltr' id='par_1_35' title="bbox 139 1720 931 1762">
     <span class='ocr_line' id='line_1_35' title="bbox 139 1720 931 1762; baseline 0.013 -17"><span class='ocrx_word' id='word_1_254' title='bbox 139 1723 238 1752; x_wconf 84' lang='lat' dir='ltr'><strong>morat,</strong></span> <span class='ocrx_word' id='word_1_255' title='bbox 257 1720 322 1754; x_wconf 86' lang='lat' dir='ltr'><strong>quia</strong></span> <span class='ocrx_word' id='word_1_256' title='bbox 345 1721 372 1748; x_wconf 89' lang='lat' dir='ltr'><strong>in</strong></span> <span class='ocrx_word' id='word_1_257' title='bbox 389 1727 536 1757; x_wconf 89' lang='lat' dir='ltr'><strong>conspectu</strong></span> <span class='ocrx_word' id='word_1_258' title='bbox 554 1725 749 1759; x_wconf 88' lang='lat' dir='ltr'><strong>omnipotentis</strong></span> <span class='ocrx_word' id='word_1_259' title='bbox 765 1726 812 1754; x_wconf 86' lang='lat' dir='ltr'><strong>Dei</strong></span> <span class='ocrx_word' id='word_1_260' title='bbox 834 1736 931 1762; x_wconf 76' lang='lat' dir='ltr'><strong>super~</strong></span> 
     </span>
    </p>
   </div>
   <div class='ocr_carea' id='block_1_36' title="bbox 138 1765 933 1806">
    <p class='ocr_par' dir='ltr' id='par_1_36' title="bbox 138 1765 933 1806">
     <span class='ocr_line' id='line_1_36' title="bbox 138 1765 933 1806; baseline 0.013 -15"><span class='ocrx_word' id='word_1_261' title='bbox 138 1765 229 1792; x_wconf 86' lang='lat' dir='ltr'><strong>bieril.</strong></span> <span class='ocrx_word' id='word_1_262' title='bbox 244 1765 344 1794; x_wconf 82' lang='lat' dir='ltr'><strong>Cecidit</strong></span> <span class='ocrx_word' id='word_1_263' title='bbox 358 1768 457 1803; x_wconf 82' lang='lat' dir='ltr'><strong>quippe</strong></span> <span class='ocrx_word' id='word_1_264' title='bbox 471 1769 503 1796; x_wconf 84' lang='lat' dir='ltr'><strong>de</strong></span> <span class='ocrx_word' id='word_1_265' title='bbox 516 1770 578 1797; x_wconf 73' lang='lat' dir='ltr'><strong>caelo</strong></span> <span class='ocrx_word' id='word_1_266' title='bbox 591 1770 699 1805; x_wconf 78' lang='lat' dir='ltr'><strong>Lucifer</strong></span> <span class='ocrx_word' id='word_1_267' title='bbox 712 1772 757 1806; x_wconf 89' lang='lat' dir='ltr'><strong>qui</strong></span> <span class='ocrx_word' id='word_1_268' title='bbox 771 1781 846 1800; x_wconf 75' lang='lat' dir='ltr'><strong>mana</strong></span> <span class='ocrx_word' id='word_1_269' title='bbox 863 1774 933 1801; x_wconf 86' lang='lat' dir='ltr'><strong>orie-</strong></span> 
     </span>
    </p>
   </div>
   <div class='ocr_carea' id='block_1_37' title="bbox 137 1811 930 1850">
    <p class='ocr_par' dir='ltr' id='par_1_37' title="bbox 137 1811 930 1850">
     <span class='ocr_line' id='line_1_37' title="bbox 137 1811 930 1850; baseline 0.013 -13"><span class='ocrx_word' id='word_1_270' title='bbox 137 1811 225 1844; x_wconf 77' lang='lat' dir='ltr'><strong>batur,</strong></span> <span class='ocrx_word' id='word_1_271' title='bbox 240 1814 367 1840; x_wconf 84' lang='lat' dir='ltr'><strong>contritus</strong></span> <span class='ocrx_word' id='word_1_272' title='bbox 383 1819 421 1841; x_wconf 83' lang='lat' dir='ltr'><strong>est</strong></span> <span class='ocrx_word' id='word_1_273' title='bbox 435 1824 514 1850; x_wconf 79' lang='lat' dir='ltr'><strong>super</strong></span> <span class='ocrx_word' id='word_1_274' title='bbox 528 1822 626 1844; x_wconf 74' lang='lat' dir='ltr'><strong>terram</strong></span> <span class='ocrx_word' id='word_1_275' title='bbox 637 1817 670 1844; x_wconf 74' lang='lat'><strong>‘7.</strong></span> <span class='ocrx_word' id='word_1_276' title='bbox 692 1817 759 1846; x_wconf 83' lang='lat' dir='ltr'><strong>Vide</strong></span> <span class='ocrx_word' id='word_1_277' title='bbox 773 1827 930 1847; x_wconf 81' lang='lat' dir='ltr'><strong>consonan-</strong></span> 
     </span>
    </p>
   </div>
   <div class='ocr_carea' id='block_1_38' title="bbox 138 1856 931 1900">
    <p class='ocr_par' dir='ltr' id='par_1_38' title="bbox 138 1856 931 1900">
     <span class='ocr_line' id='line_1_38' title="bbox 138 1856 931 1900; baseline 0.015 -18"><span class='ocrx_word' id='word_1_278' title='bbox 138 1856 202 1883; x_wconf 89' lang='lat' dir='ltr'><strong>tiam</strong></span> <span class='ocrx_word' id='word_1_279' title='bbox 219 1859 368 1893; x_wconf 83' lang='lat' dir='ltr'><strong>prophetici</strong></span> <span class='ocrx_word' id='word_1_280' title='bbox 387 1861 593 1897; x_wconf 80' lang='lat' dir='ltr'><strong>evangelicique</strong></span> <span class='ocrx_word' id='word_1_281' title='bbox 611 1865 759 1892; x_wconf 90' lang='lat' dir='ltr'><strong>sermonis.</strong></span> <span class='ocrx_word' id='word_1_282' title='bbox 782 1864 931 1900; x_wconf 83' lang='lat' dir='ltr'><strong>Prophetes</strong></span> 
     </span>
    </p>
   </div>
   <div class='ocr_carea' id='block_1_39' title="bbox 137 1903 929 1946">
    <p class='ocr_par' dir='ltr' id='par_1_39' title="bbox 137 1903 929 1946">
     <span class='ocr_line' id='line_1_39' title="bbox 137 1903 929 1946; baseline 0.013 -17"><span class='ocrx_word' id='word_1_283' title='bbox 137 1903 203 1930; x_wconf 85' lang='lat' dir='ltr'><strong>dicit</strong></span> <span class='ocrx_word' id='word_1_284' title='bbox 217 1913 223 1930; x_wconf 94' lang='lat'>:</span> <span class='ocrx_word' id='word_1_285' title='bbox 237 1905 335 1932; x_wconf 78' lang='lat' dir='ltr'><strong>Cecidit</strong></span> <span class='ocrx_word' id='word_1_286' title='bbox 354 1906 387 1933; x_wconf 79' lang='lat' dir='ltr'><strong>de</strong></span> <span class='ocrx_word' id='word_1_287' title='bbox 406 1907 468 1934; x_wconf 73' lang='lat' dir='ltr'><strong>cwlo</strong></span> <span class='ocrx_word' id='word_1_288' title='bbox 491 1907 599 1943; x_wconf 73' lang='lat' dir='ltr'><strong>Lucifer</strong></span> <span class='ocrx_word' id='word_1_289' title='bbox 618 1910 663 1944; x_wconf 86' lang='lat' dir='ltr'><strong>qui</strong></span> <span class='ocrx_word' id='word_1_290' title='bbox 689 1919 764 1938; x_wconf 81' lang='lat' dir='ltr'><strong>mane</strong></span> <span class='ocrx_word' id='word_1_291' title='bbox 785 1912 929 1946; x_wconf 78' lang='lat' dir='ltr'><strong>oriebatur,</strong></span> 
     </span>
    </p>
   </div>
   <div class='ocr_carea' id='block_1_40' title="bbox 137 1951 931 1992">
    <p class='ocr_par' dir='ltr' id='par_1_40' title="bbox 137 1951 931 1992">
     <span class='ocr_line' id='line_1_40' title="bbox 137 1951 931 1992; baseline 0.013 -16"><span class='ocrx_word' id='word_1_292' title='bbox 137 1951 265 1978; x_wconf 82' lang='lat' dir='ltr'><strong>contritus</strong></span> <span class='ocrx_word' id='word_1_293' title='bbox 280 1958 318 1979; x_wconf 84' lang='lat' dir='ltr'><strong>est</strong></span> <span class='ocrx_word' id='word_1_294' title='bbox 333 1962 411 1988; x_wconf 81' lang='lat' dir='ltr'><strong>super</strong></span> <span class='ocrx_word' id='word_1_295' title='bbox 429 1959 538 1982; x_wconf 83' lang='lat' dir='ltr'><strong>terram.</strong></span> <span class='ocrx_word' id='word_1_296' title='bbox 555 1955 635 1984; x_wconf 83' lang='lat' dir='ltr'><strong>Jesus</strong></span> <span class='ocrx_word' id='word_1_297' title='bbox 655 1958 776 1992; x_wconf 87' lang='lat' dir='ltr'><strong>loquitur</strong></span> <span class='ocrx_word' id='word_1_298' title='bbox 789 1958 811 1974; x_wconf 72' lang='grc'><strong>⁸⁸</strong></span> <span class='ocrx_word' id='word_1_299' title='bbox 825 1968 831 1985; x_wconf 84' lang='grc'>;</span> <span class='ocrx_word' id='word_1_300' title='bbox 854 1958 931 1986; x_wconf 72' lang='lat' dir='ltr'><strong>Vide-</strong></span> 
     </span>
    </p>
   </div>
   <div class='ocr_carea' id='block_1_41' title="bbox 137 1997 930 2040">
    <p class='ocr_par' dir='ltr' id='par_1_41' title="bbox 137 1997 930 2040">
     <span class='ocr_line' id='line_1_41' title="bbox 137 1997 930 2040; baseline 0.011 -17"><span class='ocrx_word' id='word_1_301' title='bbox 137 1998 197 2024; x_wconf 82' lang='lat' dir='ltr'><strong>bam</strong></span> <span class='ocrx_word' id='word_1_302' title='bbox 212 1997 342 2027; x_wconf 80' lang='lat' dir='ltr'><strong>Satanam</strong></span> <span class='ocrx_word' id='word_1_303' title='bbox 355 2001 432 2035; x_wconf 78' lang='lat' dir='ltr'><strong>quasi</strong></span> <span class='ocrx_word' id='word_1_304' title='bbox 447 2000 538 2036; x_wconf 80' lang='lat' dir='ltr'><strong>fulgur</strong></span> <span class='ocrx_word' id='word_1_305' title='bbox 547 2003 579 2029; x_wconf 86' lang='lat' dir='ltr'><strong>de</strong></span> <span class='ocrx_word' id='word_1_306' title='bbox 593 2003 657 2030; x_wconf 72' lang='lat' dir='ltr'><strong>cado</strong></span> <span class='ocrx_word' id='word_1_307' title='bbox 671 2004 819 2031; x_wconf 84' lang='lat' dir='ltr'><strong>cadentem.</strong></span> <span class='ocrx_word' id='word_1_308' title='bbox 832 2005 861 2032; x_wconf 89' lang='lat' dir='ltr'><strong>lu</strong></span> <span class='ocrx_word' id='word_1_309' title='bbox 875 2012 930 2040; x_wconf 90' lang='lat' dir='ltr'><strong>quo</strong></span> 
     </span>
    </p>
   </div>
   <div class='ocr_carea' id='block_1_42' title="bbox 136 2045 930 2082">
    <p class='ocr_par' dir='ltr' id='par_1_42' title="bbox 136 2045 930 2082">
     <span class='ocr_line' id='line_1_42' title="bbox 136 2045 930 2082; baseline 0.011 -12"><span class='ocrx_word' id='word_1_310' title='bbox 136 2045 224 2072; x_wconf 72' lang='lat' dir='ltr'><strong>diﬁ‘ert</strong></span> <span class='ocrx_word' id='word_1_311' title='bbox 237 2046 328 2073; x_wconf 88' lang='lat' dir='ltr'><strong>dicere</strong></span> <span class='ocrx_word' id='word_1_312' title='bbox 341 2047 442 2082; x_wconf 74' lang='lat' dir='ltr'><strong>fulgur,</strong></span> <span class='ocrx_word' id='word_1_313' title='bbox 452 2049 660 2077; x_wconf 83' lang='lat' dir='ltr'><strong>autLucil’erum</strong></span> <span class='ocrx_word' id='word_1_314' title='bbox 670 2050 703 2078; x_wconf 88' lang='lat' dir='ltr'><strong>de</strong></span> <span class='ocrx_word' id='word_1_315' title='bbox 710 2051 780 2078; x_wconf 67' lang='lat' dir='ltr'><strong>coelo</strong></span> <span class='ocrx_word' id='word_1_316' title='bbox 788 2052 930 2079; x_wconf 77' lang='lat' dir='ltr'><strong>ruentem?</strong></span> 
     </span>
    </p>
   </div>
   <div class='ocr_carea' id='block_1_43' title="bbox 136 2091 930 2129">
    <p class='ocr_par' dir='ltr' id='par_1_43' title="bbox 136 2091 930 2129">
     <span class='ocr_line' id='line_1_43' title="bbox 136 2091 930 2129; baseline 0.01 -11"><span class='ocrx_word' id='word_1_317' title='bbox 136 2091 214 2124; x_wconf 83' lang='lat' dir='ltr'><strong>Quod</strong></span> <span class='ocrx_word' id='word_1_318' title='bbox 234 2093 266 2119; x_wconf 85' lang='lat' dir='ltr'><strong>ad</strong></span> <span class='ocrx_word' id='word_1_319' title='bbox 280 2093 360 2128; x_wconf 82' lang='grc'><strong>357</strong></span> <span class='ocrx_word' id='word_1_320' title='bbox 376 2102 431 2122; x_wconf 90' lang='lat' dir='ltr'><strong>rem</strong></span> <span class='ocrx_word' id='word_1_321' title='bbox 448 2096 574 2129; x_wconf 84' lang='lat' dir='ltr'><strong>pertinet,</strong></span> <span class='ocrx_word' id='word_1_322' title='bbox 592 2097 682 2124; x_wconf 90' lang='lat' dir='ltr'><strong>omnis</strong></span> <span class='ocrx_word' id='word_1_323' title='bbox 703 2099 882 2126; x_wconf 85' lang='lat' dir='ltr'><strong>consonantia</strong></span> <span class='ocrx_word' id='word_1_324' title='bbox 897 2099 930 2127; x_wconf 89' lang='lat' dir='ltr'><strong>de</strong></span> 
     </span>
    </p>
   </div>
   <div class='ocr_carea' id='block_1_44' title="bbox 136 2137 930 2176">
    <p class='ocr_par' dir='ltr' id='par_1_44' title="bbox 136 2137 930 2176">
     <span class='ocr_line' id='line_1_44' title="bbox 136 2137 930 2176; baseline 0.011 -13"><span class='ocrx_word' id='word_1_325' title='bbox 136 2137 249 2165; x_wconf 87' lang='lat' dir='ltr'><strong>cadente</strong></span> <span class='ocrx_word' id='word_1_326' title='bbox 269 2144 319 2165; x_wconf 87' lang='lat' dir='ltr'><strong>est.</strong></span> <span class='ocrx_word' id='word_1_327' title='bbox 347 2139 418 2167; x_wconf 85' lang='lat' dir='ltr'><strong>Deus</strong></span> <span class='ocrx_word' id='word_1_328' title='bbox 440 2141 538 2176; x_wconf 80' lang='lat' dir='ltr'><strong>quippe</strong></span> <span class='ocrx_word' id='word_1_329' title='bbox 560 2146 674 2169; x_wconf 87' lang='lat' dir='ltr'><strong>mortem</strong></span> <span class='ocrx_word' id='word_1_330' title='bbox 698 2151 752 2170; x_wconf 91' lang='lat' dir='ltr'><strong>non</strong></span> <span class='ocrx_word' id='word_1_331' title='bbox 775 2143 856 2176; x_wconf 81' lang='lat' dir='ltr'><strong>fecit,</strong></span> <span class='ocrx_word' id='word_1_332' title='bbox 879 2153 930 2173; x_wconf 80' lang='lat' dir='ltr'><strong>nec</strong></span> 
     </span>
    </p>
   </div>
   <div class='ocr_carea' id='block_1_45' title="bbox 137 2183 930 2219">
    <p class='ocr_par' dir='ltr' id='par_1_45' title="bbox 137 2183 930 2219">
     <span class='ocr_line' id='line_1_45' title="bbox 137 2183 930 2219; baseline 0.013 -11"><span class='ocrx_word' id='word_1_333' title='bbox 137 2183 268 2210; x_wconf 87' lang='lat' dir='ltr'><strong>tnalitiam</strong></span> <span class='ocrx_word' id='word_1_334' title='bbox 293 2191 421 2219; x_wconf 86' lang='lat' dir='ltr'><strong>operatus</strong></span> <span class='ocrx_word' id='word_1_335' title='bbox 444 2191 495 2214; x_wconf 87' lang='lat' dir='ltr'><strong>est.</strong></span> <span class='ocrx_word' id='word_1_336' title='bbox 516 2186 643 2215; x_wconf 83' lang='lat' dir='ltr'><strong>Liberum</strong></span> <span class='ocrx_word' id='word_1_337' title='bbox 668 2189 811 2217; x_wconf 88' lang='lat' dir='ltr'><strong>arbitriutu</strong></span> <span class='ocrx_word' id='word_1_338' title='bbox 836 2195 863 2218; x_wconf 85' lang='lat' dir='ltr'><strong>et</strong></span> <span class='ocrx_word' id='word_1_339' title='bbox 879 2192 930 2218; x_wconf 88' lang='lat' dir='ltr'><strong>ho-</strong></span> 
     </span>
    </p>
   </div>
   <div class='ocr_carea' id='block_1_46' title="bbox 122 2229 966 2273">
    <p class='ocr_par' dir='ltr' id='par_1_46' title="bbox 122 2229 966 2273">
     <span class='ocr_line' id='line_1_46' title="bbox 122 2229 966 2273; baseline 0.012 -19"><span class='ocrx_word' id='word_1_340' title='bbox 122 2229 203 2255; x_wconf 82' lang='lat' dir='ltr'><strong>‘tnini</strong></span> <span class='ocrx_word' id='word_1_341' title='bbox 216 2234 243 2256; x_wconf 87' lang='lat' dir='ltr'><strong>et</strong></span> <span class='ocrx_word' id='word_1_342' title='bbox 258 2231 354 2265; x_wconf 70' lang='lat' dir='ltr'><strong>angelo</strong></span> <span class='ocrx_word' id='word_1_343' title='bbox 368 2231 401 2258; x_wconf 88' lang='lat' dir='ltr'><strong>ad</strong></span> <span class='ocrx_word' id='word_1_344' title='bbox 415 2232 542 2260; x_wconf 88' lang='lat' dir='ltr'><strong>universa</strong></span> <span class='ocrx_word' id='word_1_345' title='bbox 558 2234 690 2268; x_wconf 85' lang='lat' dir='ltr'><strong>permisit.</strong></span> <span class='ocrx_word' id='word_1_346' title='bbox 710 2234 759 2263; x_wconf 90' lang='lat' dir='ltr'><strong>llic</strong></span> <span class='ocrx_word' id='word_1_347' title='bbox 774 2236 831 2270; x_wconf 86' lang='lat' dir='ltr'><strong>jam</strong></span> <span class='ocrx_word' id='word_1_348' title='bbox 847 2237 928 2264; x_wconf 88' lang='lat' dir='ltr'><strong>intel—</strong></span> <span class='ocrx_word' id='word_1_349' title='bbox 943 2245 966 2273; x_wconf 76' lang='grc' dir='ltr'><strong>υ</strong></span> 
     </span>
    </p>
   </div>
   <div class='ocr_carea' id='block_1_47' title="bbox 135 2276 926 2316">
    <p class='ocr_par' dir='ltr' id='par_1_47' title="bbox 135 2276 926 2316">
     <span class='ocr_line' id='line_1_47' title="bbox 135 2276 926 2316; baseline 0.011 -14"><span class='ocrx_word' id='word_1_350' title='bbox 135 2276 273 2311; x_wconf 76' lang='lat' dir='ltr'><strong>ligentlunt</strong></span> <span class='ocrx_word' id='word_1_351' title='bbox 304 2282 346 2304; x_wconf 80' lang='lat' dir='ltr'><strong>est</strong></span> <span class='ocrx_word' id='word_1_352' title='bbox 375 2279 512 2312; x_wconf 88' lang='lat' dir='ltr'><strong>quomodo</strong></span> <span class='ocrx_word' id='word_1_353' title='bbox 545 2288 593 2314; x_wconf 91' lang='lat' dir='ltr'><strong>per</strong></span> <span class='ocrx_word' id='word_1_354' title='bbox 622 2281 725 2308; x_wconf 82' lang='lat' dir='ltr'><strong>arbitrii</strong></span> <span class='ocrx_word' id='word_1_355' title='bbox 748 2282 926 2316; x_wconf 83' lang='lat' dir='ltr'><strong>libertatem,</strong></span> 
     </span>
    </p>
   </div>
   <div class='ocr_carea' id='block_1_48' title="bbox 135 2322 928 2361">
    <p class='ocr_par' dir='ltr' id='par_1_48' title="bbox 135 2322 928 2361">
     <span class='ocr_line' id='line_1_48' title="bbox 135 2322 928 2361; baseline 0.011 -13"><span class='ocrx_word' id='word_1_356' title='bbox 135 2322 181 2350; x_wconf 77' lang='lat' dir='ltr'><strong>alii</strong></span> <span class='ocrx_word' id='word_1_357' title='bbox 206 2323 238 2349; x_wconf 85' lang='lat' dir='ltr'><strong>ad</strong></span> <span class='ocrx_word' id='word_1_358' title='bbox 271 2323 405 2351; x_wconf 87' lang='lat' dir='ltr'><strong>bonorum</strong></span> <span class='ocrx_word' id='word_1_359' title='bbox 430 2327 638 2354; x_wconf 80' lang='lat' dir='ltr'><strong>conscenderint</strong></span> <span class='ocrx_word' id='word_1_360' title='bbox 665 2329 861 2361; x_wconf 88' lang='lat' dir='ltr'><strong>summitatem,</strong></span> <span class='ocrx_word' id='word_1_361' title='bbox 881 2330 928 2357; x_wconf 88' lang='lat' dir='ltr'><strong>alii</strong></span> 
     </span>
    </p>
   </div>
   <div class='ocr_carea' id='block_1_49' title="bbox 136 2369 926 2408">
    <p class='ocr_par' dir='ltr' id='par_1_49' title="bbox 136 2369 926 2408">
     <span class='ocr_line' id='line_1_49' title="bbox 136 2369 926 2408; baseline 0.01 -13"><span class='ocrx_word' id='word_1_362' title='bbox 136 2369 289 2396; x_wconf 78' lang='lat' dir='ltr'><strong>corruerint</strong></span> <span class='ocrx_word' id='word_1_363' title='bbox 305 2370 330 2396; x_wconf 94' lang='lat' dir='ltr'><strong>in</strong></span> <span class='ocrx_word' id='word_1_364' title='bbox 349 2370 459 2398; x_wconf 68' lang='lat' dir='ltr'><strong>malitiae</strong></span> <span class='ocrx_word' id='word_1_365' title='bbox 477 2371 653 2406; x_wconf 81' lang='lat' dir='ltr'><strong>profundum.</strong></span> <span class='ocrx_word' id='word_1_366' title='bbox 671 2373 710 2400; x_wconf 96' lang='lat' dir='ltr'><strong>Tu</strong></span> <span class='ocrx_word' id='word_1_367' title='bbox 734 2383 810 2406; x_wconf 90' lang='lat' dir='ltr'><strong>vero,</strong></span> <span class='ocrx_word' id='word_1_368' title='bbox 832 2375 926 2408; x_wconf 87' lang='lat' dir='ltr'><strong>homo,</strong></span> 
     </span>
    </p>
   </div>
   <div class='ocr_carea' id='block_1_50' title="bbox 134 2415 928 2453">
    <p class='ocr_par' dir='ltr' id='par_1_50' title="bbox 134 2415 928 2453">
     <span class='ocr_line' id='line_1_50' title="bbox 134 2415 928 2453; baseline 0.01 -13"><span class='ocrx_word' id='word_1_369' title='bbox 134 2422 221 2448; x_wconf 89' lang='lat' dir='ltr'><strong>quare</strong></span> <span class='ocrx_word' id='word_1_370' title='bbox 243 2422 296 2441; x_wconf 90' lang='lat' dir='ltr'><strong>non</strong></span> <span class='ocrx_word' id='word_1_371' title='bbox 321 2415 363 2442; x_wconf 88' lang='lat' dir='ltr'><strong>vis</strong></span> <span class='ocrx_word' id='word_1_372' title='bbox 385 2415 499 2443; x_wconf 86' lang='lat' dir='ltr'><strong>arbitrio</strong></span> <span class='ocrx_word' id='word_1_373' title='bbox 523 2421 549 2445; x_wconf 86' lang='lat' dir='ltr'><strong>te</strong></span> <span class='ocrx_word' id='word_1_374' title='bbox 573 2423 620 2444; x_wconf 92' lang='lat' dir='ltr'><strong>tuo</strong></span> <span class='ocrx_word' id='word_1_375' title='bbox 645 2419 822 2446; x_wconf 87' lang='lat' dir='ltr'><strong>derelictum?</strong></span> <span class='ocrx_word' id='word_1_376' title='bbox 837 2420 928 2453; x_wconf 83' lang='lat' dir='ltr'><strong>Quare</strong></span> 
     </span>
    </p>
   </div>
   <div class='ocr_carea' id='block_1_51' title="bbox 134 2460 926 2499">
    <p class='ocr_par' dir='ltr' id='par_1_51' title="bbox 134 2460 926 2499">
     <span class='ocr_line' id='line_1_51' title="bbox 134 2460 926 2499; baseline 0.01 -13"><span class='ocrx_word' id='word_1_377' title='bbox 134 2467 206 2494; x_wconf 64' lang='lat' dir='ltr'><strong>aagre</strong></span> <span class='ocrx_word' id='word_1_378' title='bbox 221 2460 276 2488; x_wconf 78' lang='lat' dir='ltr'><strong>fers</strong></span> <span class='ocrx_word' id='word_1_379' title='bbox 299 2461 365 2494; x_wconf 94' lang='lat' dir='ltr'><strong>niti,</strong></span> <span class='ocrx_word' id='word_1_380' title='bbox 388 2462 522 2496; x_wconf 87' lang='lat' dir='ltr'><strong>laborare,</strong></span> <span class='ocrx_word' id='word_1_381' title='bbox 545 2465 719 2498; x_wconf 83' lang='lat' dir='ltr'><strong>contendere,</strong></span> <span class='ocrx_word' id='word_1_382' title='bbox 739 2470 765 2492; x_wconf 86' lang='lat' dir='ltr'><strong>et</strong></span> <span class='ocrx_word' id='word_1_383' title='bbox 789 2473 836 2499; x_wconf 88' lang='lat' dir='ltr'><strong>per</strong></span> <span class='ocrx_word' id='word_1_384' title='bbox 856 2467 926 2494; x_wconf 85' lang='lat' dir='ltr'><strong>bona</strong></span> 
     </span>
    </p>
   </div>
   <div class='ocr_carea' id='block_1_52' title="bbox 134 2507 927 2548">
    <p class='ocr_par' dir='ltr' id='par_1_52' title="bbox 134 2507 927 2548">
     <span class='ocr_line' id='line_1_52' title="bbox 134 2507 927 2548; baseline 0.009 -15"><span class='ocrx_word' id='word_1_385' title='bbox 134 2513 217 2540; x_wconf 80' lang='lat' dir='ltr'><strong>opera</strong></span> <span class='ocrx_word' id='word_1_386' title='bbox 234 2511 258 2534; x_wconf 87' lang='lat' dir='ltr'><strong>te</strong></span> <span class='ocrx_word' id='word_1_387' title='bbox 272 2507 361 2542; x_wconf 89' lang='lat' dir='ltr'><strong>ipsum</strong></span> <span class='ocrx_word' id='word_1_388' title='bbox 381 2516 492 2536; x_wconf 86' lang='lat' dir='ltr'><strong>causam</strong></span> <span class='ocrx_word' id='word_1_389' title='bbox 511 2514 564 2536; x_wconf 78' lang='lat' dir='ltr'><strong>tua:</strong></span> <span class='ocrx_word' id='word_1_390' title='bbox 581 2510 639 2537; x_wconf 88' lang='lat' dir='ltr'><strong>ﬁeri</strong></span> <span class='ocrx_word' id='word_1_391' title='bbox 655 2511 770 2538; x_wconf 83' lang='lat' dir='ltr'><strong>salutis?</strong></span> <span class='ocrx_word' id='word_1_392' title='bbox 786 2512 826 2538; x_wconf 83' lang='lat' dir='ltr'><strong>An</strong></span> <span class='ocrx_word' id='word_1_393' title='bbox 840 2513 927 2548; x_wconf 79' lang='lat' dir='ltr'><strong>magis</strong></span> 
     </span>
    </p>
   </div>
   <div class='ocr_carea' id='block_1_53' title="bbox 135 2553 925 2588">
    <p class='ocr_par' dir='ltr' id='par_1_53' title="bbox 135 2553 925 2588">
     <span class='ocr_line' id='line_1_53' title="bbox 135 2553 925 2588; baseline 0.009 -8"><span class='ocrx_word' id='word_1_394' title='bbox 135 2557 162 2580; x_wconf 84' lang='lat' dir='ltr'><strong>te</strong></span> <span class='ocrx_word' id='word_1_395' title='bbox 183 2553 327 2582; x_wconf 86' lang='lat' dir='ltr'><strong>delectabit</strong></span> <span class='ocrx_word' id='word_1_396' title='bbox 345 2555 542 2588; x_wconf 84' lang='lat' dir='ltr'><strong>dormientem,</strong></span> <span class='ocrx_word' id='word_1_397' title='bbox 564 2560 592 2583; x_wconf 89' lang='lat' dir='ltr'><strong>et</strong></span> <span class='ocrx_word' id='word_1_398' title='bbox 614 2557 640 2583; x_wconf 90' lang='lat' dir='ltr'><strong>in</strong></span> <span class='ocrx_word' id='word_1_399' title='bbox 668 2558 723 2584; x_wconf 88' lang='lat' dir='ltr'><strong>otio</strong></span> <span class='ocrx_word' id='word_1_400' title='bbox 747 2559 925 2587; x_wconf 83' lang='lat' dir='ltr'><strong>constitutum</strong></span> 
     </span>
    </p>
   </div>
   <div class='ocr_carea' id='block_1_54' title="bbox 135 2601 927 2640">
    <p class='ocr_par' dir='ltr' id='par_1_54' title="bbox 135 2601 927 2640">
     <span class='ocr_line' id='line_1_54' title="bbox 135 2601 927 2640; baseline 0.009 -15"><span class='ocrx_word' id='word_1_401' title='bbox 135 2604 235 2626; x_wconf 63' lang='lat' dir='ltr'><strong>aeterna</strong></span> <span class='ocrx_word' id='word_1_402' title='bbox 253 2601 432 2635; x_wconf 67' lang='lat' dir='ltr'><strong>prosperitate</strong></span> <span class='ocrx_word' id='word_1_403' title='bbox 445 2602 634 2635; x_wconf 82' lang='lat' dir='ltr'><strong>requiescere?</strong></span> <span class='ocrx_word' id='word_1_404' title='bbox 647 2601 730 2629; x_wconf 79' lang='lat' dir='ltr'><strong>Pater</strong></span> <span class='ocrx_word' id='word_1_405' title='bbox 743 2611 826 2635; x_wconf 82' lang='lat' dir='ltr'><strong>meus,</strong></span> <span class='ocrx_word' id='word_1_406' title='bbox 838 2604 927 2640; x_wconf 85' lang='lat' dir='ltr'><strong>inquit.</strong></span> 
     </span>
    </p>
   </div>
   <div class='ocr_carea' id='block_1_55' title="bbox 135 2643 925 2683">
    <p class='ocr_par' dir='ltr' id='par_1_55' title="bbox 135 2643 925 2683">
     <span class='ocr_line' id='line_1_55' title="bbox 135 2643 925 2683; baseline 0.009 -13"><span class='ocrx_word' id='word_1_407' title='bbox 135 2643 268 2673; x_wconf 83' lang='lat' dir='ltr'><strong>Dominus</strong></span> <span class='ocrx_word' id='word_1_408' title='bbox 277 2645 357 2674; x_wconf 69' lang='lat' dir='ltr'><strong>Jrsus</strong></span> <span class='ocrx_word' id='word_1_409' title='bbox 371 2646 500 2674; x_wconf 86' lang='lat' dir='ltr'><strong>Christus</strong></span> <span class='ocrx_word' id='word_1_410' title='bbox 515 2647 548 2679; x_wconf 64' lang='grc' dir='ltr'><strong>δ’,</strong></span> <span class='ocrx_word' id='word_1_411' title='bbox 564 2655 645 2682; x_wconf 75' lang='lat' dir='ltr'><strong>usque</strong></span> <span class='ocrx_word' id='word_1_412' title='bbox 661 2649 737 2675; x_wconf 86' lang='lat' dir='ltr'><strong>modo</strong></span> <span class='ocrx_word' id='word_1_413' title='bbox 753 2654 888 2683; x_wconf 81' lang='lat' dir='ltr'><strong>operatur,</strong></span> <span class='ocrx_word' id='word_1_414' title='bbox 900 2657 925 2678; x_wconf 78' lang='lat' dir='ltr'><strong>et</strong></span> 
     </span>
    </p>
   </div>
   <div class='ocr_carea' id='block_1_56' title="bbox 134 2692 927 2731">
    <p class='ocr_par' dir='ltr' id='par_1_56' title="bbox 134 2692 927 2731">
     <span class='ocr_line' id='line_1_56' title="bbox 134 2692 927 2731; baseline 0.009 -15"><span class='ocrx_word' id='word_1_415' title='bbox 134 2697 181 2724; x_wconf 78' lang='lat' dir='ltr'><strong>ego</strong></span> <span class='ocrx_word' id='word_1_416' title='bbox 197 2699 299 2725; x_wconf 76' lang='lat' dir='ltr'><strong>operor,</strong></span> <span class='ocrx_word' id='word_1_417' title='bbox 315 2696 342 2719; x_wconf 90' lang='lat' dir='ltr'><strong>et</strong></span> <span class='ocrx_word' id='word_1_418' title='bbox 363 2692 410 2719; x_wconf 90' lang='lat' dir='ltr'><strong>tibi</strong></span> <span class='ocrx_word' id='word_1_419' title='bbox 428 2692 553 2727; x_wconf 88' lang='lat' dir='ltr'><strong>displicet</strong></span> <span class='ocrx_word' id='word_1_420' title='bbox 573 2693 679 2728; x_wconf 85' lang='lat' dir='ltr'><strong>operari</strong></span> <span class='ocrx_word' id='word_1_421' title='bbox 699 2694 763 2729; x_wconf 89' lang='lat' dir='ltr'><strong>quid</strong></span> <span class='ocrx_word' id='word_1_422' title='bbox 787 2695 821 2722; x_wconf 84' lang='lat' dir='ltr'><strong>ad</strong></span> <span class='ocrx_word' id='word_1_423' title='bbox 843 2703 927 2731; x_wconf 88' lang='lat' dir='ltr'><strong>opera</strong></span> 
     </span>
    </p>
   </div>
   <div class='ocr_carea' id='block_1_57' title="bbox 136 2737 927 2787">
    <p class='ocr_par' dir='ltr' id='par_1_57' title="bbox 136 2737 927 2787">
     <span class='ocr_line' id='line_1_57' title="bbox 136 2737 927 2787; baseline 0.011 -25"><span class='ocrx_word' id='word_1_424' title='bbox 136 2741 218 2787; x_wconf 75' lang='lat' dir='ltr'><strong>natus</strong></span> <span class='ocrx_word' id='word_1_425' title='bbox 238 2738 286 2764; x_wconf 81' lang='lat' dir='ltr'><strong>es?</strong></span> <span class='ocrx_word' id='word_1_426' title='bbox 310 2737 368 2766; x_wconf 86' lang='lat' dir='ltr'><strong>Non</strong></span> <span class='ocrx_word' id='word_1_427' title='bbox 389 2739 429 2767; x_wconf 89' lang='lat' dir='ltr'><strong>vis</strong></span> <span class='ocrx_word' id='word_1_428' title='bbox 449 2748 519 2775; x_wconf 82' lang='lat' dir='ltr'><strong>opus</strong></span> <span class='ocrx_word' id='word_1_429' title='bbox 541 2746 617 2768; x_wconf 90' lang='lat' dir='ltr'><strong>tuum</strong></span> <span class='ocrx_word' id='word_1_430' title='bbox 641 2741 698 2769; x_wconf 89' lang='lat' dir='ltr'><strong>ﬁeri</strong></span> <span class='ocrx_word' id='word_1_431' title='bbox 716 2741 861 2776; x_wconf 83' lang='lat' dir='ltr'><strong>justitiam,</strong></span> <span class='ocrx_word' id='word_1_432' title='bbox 883 2751 927 2771; x_wconf 87' lang='lat' dir='ltr'><strong>sa-</strong></span> 
     </span>
    </p>
   </div>
   <div class='ocr_carea' id='block_1_58' title="bbox 139 2785 926 2822">
    <p class='ocr_par' dir='ltr' id='par_1_58' title="bbox 139 2785 926 2822">
     <span class='ocr_line' id='line_1_58' title="bbox 139 2785 926 2822; baseline 0.01 -14"><span class='ocrx_word' id='word_1_433' title='bbox 139 2785 277 2816; x_wconf 81' lang='lat' dir='ltr'><strong>pientiam,</strong></span> <span class='ocrx_word' id='word_1_434' title='bbox 292 2785 464 2813; x_wconf 75' lang='lat' dir='ltr'><strong>castitatem?</strong></span> <span class='ocrx_word' id='word_1_435' title='bbox 479 2785 536 2814; x_wconf 82' lang='lat' dir='ltr'><strong>Non</strong></span> <span class='ocrx_word' id='word_1_436' title='bbox 555 2787 596 2814; x_wconf 84' lang='lat' dir='ltr'><strong>vis</strong></span> <span class='ocrx_word' id='word_1_437' title='bbox 613 2791 688 2814; x_wconf 90' lang='lat' dir='ltr'><strong>tuum</strong></span> <span class='ocrx_word' id='word_1_438' title='bbox 709 2795 777 2822; x_wconf 89' lang='lat' dir='ltr'><strong>opus</strong></span> <span class='ocrx_word' id='word_1_439' title='bbox 790 2796 851 2816; x_wconf 91' lang='lat' dir='ltr'><strong>esse</strong></span> <span class='ocrx_word' id='word_1_440' title='bbox 872 2787 926 2816; x_wconf 77' lang='lat' dir='ltr'><strong>for-</strong></span> 
     </span>
    </p>
   </div>
   <div class='ocr_carea' id='block_1_59' title="bbox 950 889 968 916">
    <p class='ocr_par' dir='ltr' id='par_1_59' title="bbox 950 889 968 916">
     <span class='ocr_line' id='line_1_59' title="bbox 950 889 968 916; baseline 0 0"><span class='ocrx_word' id='word_1_441' title='bbox 950 889 968 916; x_wconf 86' lang='grc' dir='ltr'><strong><em>Β</em></strong></span> 
     </span>
    </p>
   </div>
   <div class='ocr_carea' id='block_1_60' title="bbox 947 1566 967 1594">
    <p class='ocr_par' dir='ltr' id='par_1_60' title="bbox 947 1566 967 1594">
     <span class='ocr_line' id='line_1_60' title="bbox 947 1566 967 1594; baseline 0 0"><span class='ocrx_word' id='word_1_442' title='bbox 947 1566 967 1594; x_wconf 88' lang='lat' dir='ltr'><strong>C</strong></span> 
     </span>
    </p>
   </div>
   <div class='ocr_carea' id='block_1_61' title="bbox 733 154 1187 186">
    <p class='ocr_par' dir='ltr' id='par_1_61' title="bbox 733 154 1187 186">
     <span class='ocr_line' id='line_1_61' title="bbox 733 154 1187 186; baseline -0.013 0"><span class='ocrx_word' id='word_1_443' title='bbox 733 156 896 186; x_wconf 80' lang='lat' dir='ltr'><strong>ORIGENIS</strong></span> <span class='ocrx_word' id='word_1_444' title='bbox 913 155 948 184; x_wconf 82' lang='lat' dir='ltr'><strong>IN</strong></span> <span class='ocrx_word' id='word_1_445' title='bbox 968 154 1187 183; x_wconf 74' lang='lat' dir='ltr'><strong>EZEClllELEM</strong></span> 
     </span>
    </p>
   </div>
   <div class='ocr_carea' id='block_1_62' title="bbox 1723 148 1780 176">
    <p class='ocr_par' dir='ltr' id='par_1_62' title="bbox 1723 148 1780 176">
     <span class='ocr_line' id='line_1_62' title="bbox 1723 148 1780 176; baseline 0.018 -1"><span class='ocrx_word' id='word_1_446' title='bbox 1723 148 1780 176; x_wconf 59' lang='grc' dir='ltr'><strong>θη</strong></span> 
     </span>
    </p>
   </div>
   <div class='ocr_carea' id='block_1_63' title="bbox 983 205 1778 245">
    <p class='ocr_par' dir='ltr' id='par_1_63' title="bbox 983 205 1778 245">
     <span class='ocr_line' id='line_1_63' title="bbox 983 205 1778 245; baseline -0.009 -5"><span class='ocrx_word' id='word_1_447' title='bbox 983 213 1138 245; x_wconf 90' lang='lat' dir='ltr'><strong>titndinelu,</strong></span> <span class='ocrx_word' id='word_1_448' title='bbox 1159 211 1281 245; x_wconf 83' lang='lat' dir='ltr'><strong>aliasque</strong></span> <span class='ocrx_word' id='word_1_449' title='bbox 1297 208 1431 236; x_wconf 78' lang='lat' dir='ltr'><strong>virtutes?</strong></span> <span class='ocrx_word' id='word_1_450' title='bbox 1444 207 1527 242; x_wconf 75' lang='lat' dir='ltr'><strong>Igitur</strong></span> <span class='ocrx_word' id='word_1_451' title='bbox 1548 206 1574 232; x_wconf 92' lang='lat' dir='ltr'><strong>in</strong></span> <span class='ocrx_word' id='word_1_452' title='bbox 1588 205 1778 240; x_wconf 75' lang='lat' dir='ltr'><strong>captivitatem</strong></span> 
     </span>
    </p>
   </div>
   <div class='ocr_carea' id='block_1_64' title="bbox 982 251 1775 291">
    <p class='ocr_par' dir='ltr' id='par_1_64' title="bbox 982 251 1775 291">
     <span class='ocr_line' id='line_1_64' title="bbox 982 251 1775 291; baseline -0.009 -6"><span class='ocrx_word' id='word_1_453' title='bbox 982 258 1131 288; x_wconf 86' lang='lat' dir='ltr'><strong>ducuntur,</strong></span> <span class='ocrx_word' id='word_1_454' title='bbox 1154 257 1200 291; x_wconf 90' lang='lat' dir='ltr'><strong>qui</strong></span> <span class='ocrx_word' id='word_1_455' title='bbox 1221 259 1333 291; x_wconf 87' lang='lat' dir='ltr'><strong>propter</strong></span> <span class='ocrx_word' id='word_1_456' title='bbox 1356 259 1465 288; x_wconf 81' lang='lat' dir='ltr'><strong>peccata</strong></span> <span class='ocrx_word' id='word_1_457' title='bbox 1483 260 1532 279; x_wconf 90' lang='lat' dir='ltr'><strong>sua</strong></span> <span class='ocrx_word' id='word_1_458' title='bbox 1553 251 1695 278; x_wconf 68' lang='lat' dir='ltr'><strong>si‘rvitutis</strong></span> <span class='ocrx_word' id='word_1_459' title='bbox 1719 259 1775 278; x_wconf 89' lang='lat' dir='ltr'><strong>mc—</strong></span> 
     </span>
    </p>
   </div>
   <div class='ocr_carea' id='block_1_65' title="bbox 982 293 1775 336">
    <p class='ocr_par' dir='ltr' id='par_1_65' title="bbox 982 293 1775 336">
     <span class='ocr_line' id='line_1_65' title="bbox 982 293 1775 336; baseline -0.013 -7"><span class='ocrx_word' id='word_1_460' title='bbox 982 310 1061 329; x_wconf 88' lang='lat' dir='ltr'><strong>ruere</strong></span> <span class='ocrx_word' id='word_1_461' title='bbox 1077 301 1219 336; x_wconf 85' lang='lat' dir='ltr'><strong>supplicia.</strong></span> <span class='ocrx_word' id='word_1_462' title='bbox 1235 298 1268 325; x_wconf 88' lang='lat' dir='ltr'><strong>Et</strong></span> <span class='ocrx_word' id='word_1_463' title='bbox 1286 297 1359 325; x_wconf 89' lang='lat' dir='ltr'><strong>venit</strong></span> <span class='ocrx_word' id='word_1_464' title='bbox 1377 295 1454 323; x_wconf 79' lang='lat' dir='ltr'><strong>Jesus</strong></span> <span class='ocrx_word' id='word_1_465' title='bbox 1478 295 1603 322; x_wconf 80' lang='lat' dir='ltr'><strong>Christus</strong></span> <span class='ocrx_word' id='word_1_466' title='bbox 1626 293 1775 328; x_wconf 71' lang='lat' dir='ltr'><strong>praedicare</strong></span> 
     </span>
    </p>
   </div>
   <div class='ocr_carea' id='block_1_66' title="bbox 982 339 1778 382">
    <p class='ocr_par' dir='ltr' id='par_1_66' title="bbox 982 339 1778 382">
     <span class='ocr_line' id='line_1_66' title="bbox 982 339 1778 382; baseline -0.013 -7"><span class='ocrx_word' id='word_1_467' title='bbox 982 347 1096 382; x_wconf 78' lang='lat' dir='ltr'><strong>captivis</strong></span> <span class='ocrx_word' id='word_1_468' title='bbox 1113 346 1312 375; x_wconf 87' lang='lat' dir='ltr'><strong>remissionem,</strong></span> <span class='ocrx_word' id='word_1_469' title='bbox 1326 347 1353 370; x_wconf 87' lang='lat' dir='ltr'><strong>et</strong></span> <span class='ocrx_word' id='word_1_470' title='bbox 1367 342 1446 369; x_wconf 72' lang='lat' dir='ltr'><strong>caecis</strong></span> <span class='ocrx_word' id='word_1_471' title='bbox 1459 341 1546 368; x_wconf 89' lang='lat' dir='ltr'><strong>visum</strong></span> <span class='ocrx_word' id='word_1_472' title='bbox 1558 340 1592 368; x_wconf 84' lang='lat'><strong>&quot;.</strong></span> <span class='ocrx_word' id='word_1_473' title='bbox 1606 339 1659 366; x_wconf 88' lang='lat' dir='ltr'><strong>lste</strong></span> <span class='ocrx_word' id='word_1_474' title='bbox 1676 339 1778 366; x_wconf 85' lang='lat' dir='ltr'><strong>clamat</strong></span> 
     </span>
    </p>
   </div>
   <div class='ocr_carea' id='block_1_67' title="bbox 982 386 1776 428">
    <p class='ocr_par' dir='ltr' id='par_1_67' title="bbox 982 386 1776 428">
     <span class='ocr_line' id='line_1_67' title="bbox 982 386 1776 428; baseline -0.013 -7"><span class='ocrx_word' id='word_1_475' title='bbox 982 395 1022 421; x_wconf 86' lang='lat' dir='ltr'><strong>eis</strong></span> <span class='ocrx_word' id='word_1_476' title='bbox 1037 394 1082 428; x_wconf 90' lang='lat' dir='ltr'><strong>qui</strong></span> <span class='ocrx_word' id='word_1_477' title='bbox 1099 397 1163 421; x_wconf 84' lang='lat' dir='ltr'><strong>sunt</strong></span> <span class='ocrx_word' id='word_1_478' title='bbox 1177 393 1204 419; x_wconf 88' lang='lat' dir='ltr'><strong>in</strong></span> <span class='ocrx_word' id='word_1_479' title='bbox 1219 391 1345 421; x_wconf 85' lang='lat' dir='ltr'><strong>vinculis,</strong></span> <span class='ocrx_word' id='word_1_480' title='bbox 1361 388 1534 424; x_wconf 82' lang='lat' dir='ltr'><strong>egredimini;</strong></span> <span class='ocrx_word' id='word_1_481' title='bbox 1550 392 1576 414; x_wconf 84' lang='lat' dir='ltr'><strong>et</strong></span> <span class='ocrx_word' id='word_1_482' title='bbox 1595 387 1630 414; x_wconf 94' lang='lat' dir='ltr'><strong>iis</strong></span> <span class='ocrx_word' id='word_1_483' title='bbox 1647 386 1695 420; x_wconf 91' lang='lat' dir='ltr'><strong>qui</strong></span> <span class='ocrx_word' id='word_1_484' title='bbox 1715 393 1776 412; x_wconf 85' lang='lat' dir='ltr'><strong>vcr—</strong></span> 
     </span>
    </p>
   </div>
   <div class='ocr_carea' id='block_1_68' title="bbox 983 431 1776 468">
    <p class='ocr_par' dir='ltr' id='par_1_68' title="bbox 983 431 1776 468">
     <span class='ocr_line' id='line_1_68' title="bbox 983 431 1776 468; baseline -0.014 0"><span class='ocrx_word' id='word_1_485' title='bbox 983 445 1079 468; x_wconf 85' lang='lat' dir='ltr'><strong>santur</strong></span> <span class='ocrx_word' id='word_1_486' title='bbox 1096 441 1123 466; x_wconf 85' lang='lat' dir='ltr'><strong>in</strong></span> <span class='ocrx_word' id='word_1_487' title='bbox 1141 437 1269 468; x_wconf 83' lang='lat' dir='ltr'><strong>tenebris.</strong></span> <span class='ocrx_word' id='word_1_488' title='bbox 1286 436 1379 463; x_wconf 77' lang='lat' dir='ltr'><strong>ridete.</strong></span> <span class='ocrx_word' id='word_1_489' title='bbox 1400 434 1433 461; x_wconf 83' lang='lat' dir='ltr'><strong>Et</strong></span> <span class='ocrx_word' id='word_1_490' title='bbox 1450 442 1501 461; x_wconf 89' lang='lat' dir='ltr'><strong>nos</strong></span> <span class='ocrx_word' id='word_1_491' title='bbox 1520 433 1623 461; x_wconf 77' lang='lat' dir='ltr'><strong>fuimus</strong></span> <span class='ocrx_word' id='word_1_492' title='bbox 1637 433 1664 459; x_wconf 94' lang='lat' dir='ltr'><strong>in</strong></span> <span class='ocrx_word' id='word_1_493' title='bbox 1683 431 1776 458; x_wconf 85' lang='lat' dir='ltr'><strong>vincu-</strong></span> 
     </span>
    </p>
   </div>
   <div class='ocr_carea' id='block_1_69' title="bbox 983 477 1775 521">
    <p class='ocr_par' dir='ltr' id='par_1_69' title="bbox 983 477 1775 521">
     <span class='ocr_line' id='line_1_69' title="bbox 983 477 1775 521; baseline -0.013 -8"><span class='ocrx_word' id='word_1_494' title='bbox 983 487 1016 514; x_wconf 89' lang='lat' dir='ltr'><strong>lis</strong></span> <span class='ocrx_word' id='word_1_495' title='bbox 1040 490 1224 521; x_wconf 86' lang='lat' dir='ltr'><strong>peecatorum,</strong></span> <span class='ocrx_word' id='word_1_496' title='bbox 1247 487 1274 510; x_wconf 87' lang='lat' dir='ltr'><strong>et</strong></span> <span class='ocrx_word' id='word_1_497' title='bbox 1298 490 1348 509; x_wconf 90' lang='lat' dir='ltr'><strong>nos</strong></span> <span class='ocrx_word' id='word_1_498' title='bbox 1372 481 1519 516; x_wconf 85' lang='lat' dir='ltr'><strong>aliquando</strong></span> <span class='ocrx_word' id='word_1_499' title='bbox 1545 479 1724 507; x_wconf 75' lang='lat' dir='ltr'><strong>versabantur</strong></span> <span class='ocrx_word' id='word_1_500' title='bbox 1747 477 1775 504; x_wconf 91' lang='lat' dir='ltr'><strong>in</strong></span> 
     </span>
    </p>
   </div>
   <div class='ocr_carea' id='block_1_70' title="bbox 984 522 1776 563">
    <p class='ocr_par' dir='ltr' id='par_1_70' title="bbox 984 522 1776 563">
     <span class='ocr_line' id='line_1_70' title="bbox 984 522 1776 563; baseline -0.011 -4"><span class='ocrx_word' id='word_1_501' title='bbox 984 532 1118 563; x_wconf 79' lang='lat' dir='ltr'><strong>tenebris,</strong></span> <span class='ocrx_word' id='word_1_502' title='bbox 1145 531 1290 558; x_wconf 84' lang='lat' dir='ltr'><strong>adversum</strong></span> <span class='ocrx_word' id='word_1_503' title='bbox 1323 533 1442 555; x_wconf 87' lang='lat' dir='ltr'><strong>rectores</strong></span> <span class='ocrx_word' id='word_1_504' title='bbox 1474 526 1647 554; x_wconf 85' lang='lat' dir='ltr'><strong>tenebrarum</strong></span> <span class='ocrx_word' id='word_1_505' title='bbox 1680 522 1776 551; x_wconf 85' lang='lat' dir='ltr'><strong>mundi</strong></span> 
     </span>
    </p>
   </div>
   <div class='ocr_carea' id='block_1_71' title="bbox 984 570 1777 606">
    <p class='ocr_par' dir='ltr' id='par_1_71' title="bbox 984 570 1777 606">
     <span class='ocr_line' id='line_1_71' title="bbox 984 570 1777 606; baseline -0.013 0"><span class='ocrx_word' id='word_1_506' title='bbox 984 578 1064 606; x_wconf 79' lang='lat' dir='ltr'><strong>istius</strong></span> <span class='ocrx_word' id='word_1_507' title='bbox 1077 581 1266 604; x_wconf 82' lang='lat' dir='ltr'><strong>concertantes</strong></span> <span class='ocrx_word' id='word_1_508' title='bbox 1282 585 1289 602; x_wconf 90' lang='lat'><strong>:</strong></span> <span class='ocrx_word' id='word_1_509' title='bbox 1306 575 1380 602; x_wconf 84' lang='lat' dir='ltr'><strong>venit</strong></span> <span class='ocrx_word' id='word_1_510' title='bbox 1398 574 1477 601; x_wconf 82' lang='lat' dir='ltr'><strong>Jesus</strong></span> <span class='ocrx_word' id='word_1_511' title='bbox 1495 572 1617 600; x_wconf 88' lang='lat' dir='ltr'><strong>onminm</strong></span> <span class='ocrx_word' id='word_1_512' title='bbox 1633 570 1777 606; x_wconf 84' lang='lat' dir='ltr'><strong>propheta-</strong></span> 
     </span>
    </p>
   </div>
   <div class='ocr_carea' id='block_1_72' title="bbox 983 617 1776 656">
    <p class='ocr_par' dir='ltr' id='par_1_72' title="bbox 983 617 1776 656">
     <span class='ocr_line' id='line_1_72' title="bbox 983 617 1776 656; baseline -0.011 -5"><span class='ocrx_word' id='word_1_513' title='bbox 983 632 1044 651; x_wconf 90' lang='lat' dir='ltr'><strong>rnm</strong></span> <span class='ocrx_word' id='word_1_514' title='bbox 1073 623 1186 650; x_wconf 88' lang='lat' dir='ltr'><strong>vocibus</strong></span> <span class='ocrx_word' id='word_1_515' title='bbox 1204 621 1379 656; x_wconf 69' lang='lat' dir='ltr'><strong>praedicatus,</strong></span> <span class='ocrx_word' id='word_1_516' title='bbox 1399 620 1494 647; x_wconf 88' lang='lat' dir='ltr'><strong>dicens</strong></span> <span class='ocrx_word' id='word_1_517' title='bbox 1519 617 1626 653; x_wconf 78' lang='lat' dir='ltr'><strong>ligatis,</strong></span> <span class='ocrx_word' id='word_1_518' title='bbox 1650 617 1731 648; x_wconf 69' lang='lat' dir='ltr'><strong>exite,</strong></span> <span class='ocrx_word' id='word_1_519' title='bbox 1749 619 1776 642; x_wconf 87' lang='lat' dir='ltr'><strong>et</strong></span> 
     </span>
    </p>
   </div>
   <div class='ocr_carea' id='block_1_73' title="bbox 983 665 1460 700">
    <p class='ocr_par' dir='ltr' id='par_1_73' title="bbox 983 665 1460 700">
     <span class='ocr_line' id='line_1_73' title="bbox 983 665 1460 700; baseline -0.01 -4"><span class='ocrx_word' id='word_1_520' title='bbox 983 668 1140 697; x_wconf 84' lang='lat' dir='ltr'><strong>constitutis</strong></span> <span class='ocrx_word' id='word_1_521' title='bbox 1153 668 1179 694; x_wconf 91' lang='lat' dir='ltr'><strong>in</strong></span> <span class='ocrx_word' id='word_1_522' title='bbox 1196 667 1324 699; x_wconf 87' lang='lat' dir='ltr'><strong>tenebris,</strong></span> <span class='ocrx_word' id='word_1_523' title='bbox 1341 665 1460 700; x_wconf 75' lang='lat' dir='ltr'><strong>aspicite.</strong></span> 
     </span>
    </p>
   </div>
   <div class='ocr_carea' id='block_1_74' title="bbox 1018 748 1778 785">
    <p class='ocr_par' dir='ltr' id='par_1_74' title="bbox 1018 748 1778 785">
     <span class='ocr_line' id='line_1_74' title="bbox 1018 748 1778 785; baseline -0.014 0"><span class='ocrx_word' id='word_1_524' title='bbox 1018 758 1045 785; x_wconf 69' lang='grc'><strong>4.</strong></span> <span class='ocrx_word' id='word_1_525' title='bbox 1063 757 1091 785; x_wconf 87' lang='lat' dir='ltr'><strong>Si</strong></span> <span class='ocrx_word' id='word_1_526' title='bbox 1107 761 1197 784; x_wconf 82' lang='lat' dir='ltr'><strong>autem</strong></span> <span class='ocrx_word' id='word_1_527' title='bbox 1221 756 1263 783; x_wconf 88' lang='lat' dir='ltr'><strong>vis</strong></span> <span class='ocrx_word' id='word_1_528' title='bbox 1284 754 1378 782; x_wconf 90' lang='lat' dir='ltr'><strong>audire</strong></span> <span class='ocrx_word' id='word_1_529' title='bbox 1395 752 1563 780; x_wconf 86' lang='lat' dir='ltr'><strong>Ezechielem</strong></span> <span class='ocrx_word' id='word_1_530' title='bbox 1584 750 1669 777; x_wconf 88' lang='lat' dir='ltr'><strong>ﬁlium</strong></span> <span class='ocrx_word' id='word_1_531' title='bbox 1689 748 1778 776; x_wconf 87' lang='lat' dir='ltr'><strong>homi-</strong></span> 
     </span>
    </p>
   </div>
   <div class='ocr_carea' id='block_1_75' title="bbox 983 798 1779 839">
    <p class='ocr_par' dir='ltr' id='par_1_75' title="bbox 983 798 1779 839">
     <span class='ocr_line' id='line_1_75' title="bbox 983 798 1779 839; baseline -0.015 -6"><span class='ocrx_word' id='word_1_532' title='bbox 983 807 1027 833; x_wconf 85' lang='lat' dir='ltr'><strong>nis</strong></span> <span class='ocrx_word' id='word_1_533' title='bbox 1044 806 1070 832; x_wconf 91' lang='lat' dir='ltr'><strong>in</strong></span> <span class='ocrx_word' id='word_1_534' title='bbox 1088 804 1244 839; x_wconf 83' lang='lat' dir='ltr'><strong>captivitate</strong></span> <span class='ocrx_word' id='word_1_535' title='bbox 1267 802 1459 837; x_wconf 60' lang='lat' dir='ltr'><strong>prmdicantem</strong></span> <span class='ocrx_word' id='word_1_536' title='bbox 1472 820 1479 832; x_wconf 91' lang='lat'><strong>,</strong></span> <span class='ocrx_word' id='word_1_537' title='bbox 1496 803 1524 826; x_wconf 88' lang='lat' dir='ltr'><strong>et</strong></span> <span class='ocrx_word' id='word_1_538' title='bbox 1546 798 1598 825; x_wconf 77' lang='grc' dir='ltr'><strong>ἱειο</strong></span> <span class='ocrx_word' id='word_1_539' title='bbox 1618 802 1700 832; x_wconf 75' lang='lat' dir='ltr'><strong>typus</strong></span> <span class='ocrx_word' id='word_1_540' title='bbox 1719 799 1779 822; x_wconf 68' lang='lat' dir='ltr'><strong>erat</strong></span> 
     </span>
    </p>
   </div>
   <div class='ocr_carea' id='block_1_76' title="bbox 984 844 1776 885">
    <p class='ocr_par' dir='ltr' id='par_1_76' title="bbox 984 844 1776 885">
     <span class='ocr_line' id='line_1_76' title="bbox 984 844 1776 885; baseline -0.016 -5"><span class='ocrx_word' id='word_1_541' title='bbox 984 853 1096 880; x_wconf 80' lang='lat' dir='ltr'><strong>Christi.</strong></span> <span class='ocrx_word' id='word_1_542' title='bbox 1114 851 1178 878; x_wconf 84' lang='lat' dir='ltr'><strong>Ideo</strong></span> <span class='ocrx_word' id='word_1_543' title='bbox 1196 851 1296 885; x_wconf 85' lang='lat' dir='ltr'><strong>factum</strong></span> <span class='ocrx_word' id='word_1_544' title='bbox 1310 853 1348 875; x_wconf 80' lang='lat' dir='ltr'><strong>cst</strong></span> <span class='ocrx_word' id='word_1_545' title='bbox 1362 868 1369 879; x_wconf 90' lang='lat'><strong>,</strong></span> <span class='ocrx_word' id='word_1_546' title='bbox 1394 847 1431 874; x_wconf 85' lang='lat' dir='ltr'><strong>ait</strong></span> <span class='ocrx_word' id='word_1_547' title='bbox 1444 846 1478 878; x_wconf 80' lang='lat'><strong>&quot;,</strong></span> <span class='ocrx_word' id='word_1_548' title='bbox 1494 846 1521 872; x_wconf 83' lang='lat' dir='ltr'><strong>in</strong></span> <span class='ocrx_word' id='word_1_549' title='bbox 1538 844 1671 871; x_wconf 84' lang='lat' dir='ltr'><strong>tricesimo</strong></span> <span class='ocrx_word' id='word_1_550' title='bbox 1696 848 1776 868; x_wconf 80' lang='lat' dir='ltr'><strong>anno.</strong></span> 
     </span>
    </p>
   </div>
   <div class='ocr_carea' id='block_1_77' title="bbox 984 891 1779 933">
    <p class='ocr_par' dir='ltr' id='par_1_77' title="bbox 984 891 1779 933">
     <span class='ocr_line' id='line_1_77' title="bbox 984 891 1779 933; baseline -0.013 -8"><span class='ocrx_word' id='word_1_551' title='bbox 984 899 1011 925; x_wconf 88' lang='lat' dir='ltr'><strong>in</strong></span> <span class='ocrx_word' id='word_1_552' title='bbox 1024 902 1117 933; x_wconf 84' lang='lat' dir='ltr'><strong>quarto</strong></span> <span class='ocrx_word' id='word_1_553' title='bbox 1132 904 1227 928; x_wconf 80' lang='lat' dir='ltr'><strong>mense,</strong></span> <span class='ocrx_word' id='word_1_554' title='bbox 1241 896 1267 922; x_wconf 89' lang='lat' dir='ltr'><strong>in</strong></span> <span class='ocrx_word' id='word_1_555' title='bbox 1278 895 1371 930; x_wconf 87' lang='lat' dir='ltr'><strong>quinta</strong></span> <span class='ocrx_word' id='word_1_556' title='bbox 1382 893 1489 924; x_wconf 81' lang='lat' dir='ltr'><strong>mensis,</strong></span> <span class='ocrx_word' id='word_1_557' title='bbox 1501 897 1525 919; x_wconf 80' lang='lat' dir='ltr'><strong>et</strong></span> <span class='ocrx_word' id='word_1_558' title='bbox 1540 899 1586 927; x_wconf 80' lang='lat' dir='ltr'><strong>ego</strong></span> <span class='ocrx_word' id='word_1_559' title='bbox 1598 899 1672 918; x_wconf 80' lang='lat' dir='ltr'><strong>erant</strong></span> <span class='ocrx_word' id='word_1_560' title='bbox 1683 891 1712 916; x_wconf 86' lang='lat' dir='ltr'><strong>in</strong></span> <span class='ocrx_word' id='word_1_561' title='bbox 1725 897 1779 916; x_wconf 70' lang='lat' dir='ltr'><strong>ma-</strong></span> 
     </span>
    </p>
   </div>
   <div class='ocr_carea' id='block_1_78' title="bbox 985 937 1778 979">
    <p class='ocr_par' dir='ltr' id='par_1_78' title="bbox 985 937 1778 979">
     <span class='ocr_line' id='line_1_78' title="bbox 985 937 1778 979; baseline -0.011 -8"><span class='ocrx_word' id='word_1_562' title='bbox 985 945 1029 972; x_wconf 88' lang='lat' dir='ltr'><strong>diu</strong></span> <span class='ocrx_word' id='word_1_563' title='bbox 1042 943 1203 979; x_wconf 79' lang='lat' dir='ltr'><strong>captiuitatis</strong></span> <span class='ocrx_word' id='word_1_564' title='bbox 1219 950 1292 969; x_wconf 80' lang='lat' dir='ltr'><strong>secus</strong></span> <span class='ocrx_word' id='word_1_565' title='bbox 1308 942 1405 975; x_wconf 84' lang='lat' dir='ltr'><strong>flumen</strong></span> <span class='ocrx_word' id='word_1_566' title='bbox 1426 939 1530 966; x_wconf 82' lang='lat' dir='ltr'><strong>Chobar</strong></span> <span class='ocrx_word' id='word_1_567' title='bbox 1543 960 1550 972; x_wconf 92' lang='lat'><strong>,</strong></span> <span class='ocrx_word' id='word_1_568' title='bbox 1573 943 1597 964; x_wconf 87' lang='lat' dir='ltr'><strong>et</strong></span> <span class='ocrx_word' id='word_1_569' title='bbox 1619 937 1705 972; x_wconf 78' lang='lat' dir='ltr'><strong>aperti</strong></span> <span class='ocrx_word' id='word_1_570' title='bbox 1717 941 1778 963; x_wconf 85' lang='lat' dir='ltr'><strong>sunt</strong></span> 
     </span>
    </p>
   </div>
   <div class='ocr_carea' id='block_1_79' title="bbox 985 981 1780 1022">
    <p class='ocr_par' dir='ltr' id='par_1_79' title="bbox 985 981 1780 1022">
     <span class='ocr_line' id='line_1_79' title="bbox 985 981 1780 1022; baseline -0.014 -4"><span class='ocrx_word' id='word_1_571' title='bbox 985 991 1052 1018; x_wconf 71' lang='lat' dir='ltr'><strong>atrii.</strong></span> <span class='ocrx_word' id='word_1_572' title='bbox 1068 990 1152 1018; x_wconf 85' lang='lat' dir='ltr'><strong>Secus</strong></span> <span class='ocrx_word' id='word_1_573' title='bbox 1172 988 1282 1016; x_wconf 86' lang='lat' dir='ltr'><strong>ﬁuvium</strong></span> <span class='ocrx_word' id='word_1_574' title='bbox 1300 994 1365 1022; x_wconf 80' lang='lat' dir='ltr'><strong>ergo</strong></span> <span class='ocrx_word' id='word_1_575' title='bbox 1377 985 1487 1013; x_wconf 85' lang='lat' dir='ltr'><strong>Cbobar</strong></span> <span class='ocrx_word' id='word_1_576' title='bbox 1502 983 1627 1011; x_wconf 84' lang='lat' dir='ltr'><strong>Ezechiel</strong></span> <span class='ocrx_word' id='word_1_577' title='bbox 1646 990 1709 1009; x_wconf 92' lang='lat' dir='ltr'><strong>eum</strong></span> <span class='ocrx_word' id='word_1_578' title='bbox 1731 981 1780 1008; x_wconf 87' lang='lat' dir='ltr'><strong>tri-</strong></span> 
     </span>
    </p>
   </div>
   <div class='ocr_carea' id='block_1_80' title="bbox 985 1028 1780 1073">
    <p class='ocr_par' dir='ltr' id='par_1_80' title="bbox 985 1028 1780 1073">
     <span class='ocr_line' id='line_1_80' title="bbox 985 1028 1780 1073; baseline -0.015 -8"><span class='ocrx_word' id='word_1_579' title='bbox 985 1038 1058 1073; x_wconf 74' lang='lat' dir='ltr'><strong>ginta</strong></span> <span class='ocrx_word' id='word_1_580' title='bbox 1078 1040 1151 1063; x_wconf 87' lang='lat' dir='ltr'><strong>esset</strong></span> <span class='ocrx_word' id='word_1_581' title='bbox 1164 1037 1426 1067; x_wconf 86' lang='lat' dir='ltr'><strong>annorum,apertos</strong></span> <span class='ocrx_word' id='word_1_582' title='bbox 1439 1031 1506 1058; x_wconf 89' lang='lat' dir='ltr'><strong>vidit</strong></span> <span class='ocrx_word' id='word_1_583' title='bbox 1517 1030 1612 1058; x_wconf 73' lang='lat' dir='ltr'><strong>ctelos.</strong></span> <span class='ocrx_word' id='word_1_584' title='bbox 1628 1028 1661 1055; x_wconf 89' lang='lat' dir='ltr'><strong>Et</strong></span> <span class='ocrx_word' id='word_1_585' title='bbox 1685 1028 1780 1054; x_wconf 82' lang='lat' dir='ltr'><strong>Domi-</strong></span> 
     </span>
    </p>
   </div>
   <div class='ocr_carea' id='block_1_81' title="bbox 987 1074 1780 1112">
    <p class='ocr_par' dir='ltr' id='par_1_81' title="bbox 987 1074 1780 1112">
     <span class='ocr_line' id='line_1_81' title="bbox 987 1074 1780 1112; baseline -0.011 -3"><span class='ocrx_word' id='word_1_586' title='bbox 987 1091 1038 1110; x_wconf 92' lang='lat' dir='ltr'><strong>nus</strong></span> <span class='ocrx_word' id='word_1_587' title='bbox 1052 1081 1133 1109; x_wconf 85' lang='lat' dir='ltr'><strong>.lesus</strong></span> <span class='ocrx_word' id='word_1_588' title='bbox 1148 1080 1274 1108; x_wconf 87' lang='lat' dir='ltr'><strong>Christus</strong></span> <span class='ocrx_word' id='word_1_589' title='bbox 1292 1078 1425 1112; x_wconf 86' lang='lat' dir='ltr'><strong>incipiens</strong></span> <span class='ocrx_word' id='word_1_590' title='bbox 1440 1081 1499 1104; x_wconf 80' lang='lat' dir='ltr'><strong>erat</strong></span> <span class='ocrx_word' id='word_1_591' title='bbox 1509 1075 1587 1111; x_wconf 90' lang='lat' dir='ltr'><strong>quasi</strong></span> <span class='ocrx_word' id='word_1_592' title='bbox 1601 1074 1714 1110; x_wconf 76' lang='lat' dir='ltr'><strong>triginta</strong></span> <span class='ocrx_word' id='word_1_593' title='bbox 1728 1081 1780 1101; x_wconf 82' lang='lat' dir='ltr'><strong>an-</strong></span> 
     </span>
    </p>
   </div>
   <div class='ocr_carea' id='block_1_82' title="bbox 987 1120 1778 1157">
    <p class='ocr_par' dir='ltr' id='par_1_82' title="bbox 987 1120 1778 1157">
     <span class='ocr_line' id='line_1_82' title="bbox 987 1120 1778 1157; baseline -0.01 -2"><span class='ocrx_word' id='word_1_594' title='bbox 987 1137 1084 1155; x_wconf 92' lang='lat' dir='ltr'><strong>norum</strong></span> <span class='ocrx_word' id='word_1_595' title='bbox 1097 1134 1175 1155; x_wconf 88' lang='lat' dir='ltr'><strong>secus</strong></span> <span class='ocrx_word' id='word_1_596' title='bbox 1185 1126 1297 1153; x_wconf 82' lang='lat' dir='ltr'><strong>ﬂuvium</strong></span> <span class='ocrx_word' id='word_1_597' title='bbox 1310 1123 1469 1155; x_wconf 71' lang='lat' dir='ltr'><strong>Iordanem,</strong></span> <span class='ocrx_word' id='word_1_598' title='bbox 1484 1128 1511 1150; x_wconf 89' lang='lat' dir='ltr'><strong>et</strong></span> <span class='ocrx_word' id='word_1_599' title='bbox 1527 1121 1612 1157; x_wconf 85' lang='lat' dir='ltr'><strong>aperti</strong></span> <span class='ocrx_word' id='word_1_600' title='bbox 1627 1126 1693 1148; x_wconf 90' lang='lat' dir='ltr'><strong>sunt</strong></span> <span class='ocrx_word' id='word_1_601' title='bbox 1705 1120 1778 1148; x_wconf 74' lang='lat' dir='ltr'><strong>cceli.</strong></span> 
     </span>
    </p>
   </div>
   <div class='ocr_carea' id='block_1_83' title="bbox 986 1166 1779 1210">
    <p class='ocr_par' dir='ltr' id='par_1_83' title="bbox 986 1166 1779 1210">
     <span class='ocr_line' id='line_1_83' title="bbox 986 1166 1779 1210; baseline -0.01 -8"><span class='ocrx_word' id='word_1_602' title='bbox 986 1175 1019 1202; x_wconf 88' lang='lat' dir='ltr'><strong>Et</strong></span> <span class='ocrx_word' id='word_1_603' title='bbox 1034 1183 1082 1210; x_wconf 91' lang='lat' dir='ltr'><strong>per</strong></span> <span class='ocrx_word' id='word_1_604' title='bbox 1100 1181 1209 1201; x_wconf 89' lang='lat' dir='ltr'><strong>omnem</strong></span> <span class='ocrx_word' id='word_1_605' title='bbox 1227 1170 1395 1208; x_wconf 81' lang='lat' dir='ltr'><strong>prophetiam</strong></span> <span class='ocrx_word' id='word_1_606' title='bbox 1411 1169 1544 1197; x_wconf 84' lang='lat' dir='ltr'><strong>Ezecltieli</strong></span> <span class='ocrx_word' id='word_1_607' title='bbox 1562 1168 1663 1195; x_wconf 88' lang='lat' dir='ltr'><strong>dicitur</strong></span> <span class='ocrx_word' id='word_1_608' title='bbox 1688 1177 1695 1193; x_wconf 88' lang='lat'><strong>:</strong></span> <span class='ocrx_word' id='word_1_609' title='bbox 1724 1166 1779 1194; x_wconf 81' lang='grc' dir='ltr'><strong><em>1ιίΙὶ</em></strong></span> 
     </span>
    </p>
   </div>
   <div class='ocr_carea' id='block_1_84' title="bbox 986 1213 1779 1252">
    <p class='ocr_par' dir='ltr' id='par_1_84' title="bbox 986 1213 1779 1252">
     <span class='ocr_line' id='line_1_84' title="bbox 986 1213 1779 1252; baseline -0.009 -6"><span class='ocrx_word' id='word_1_610' title='bbox 986 1221 1108 1248; x_wconf 80' lang='lat' dir='ltr'><strong>hominis.</strong></span> <span class='ocrx_word' id='word_1_611' title='bbox 1135 1219 1202 1252; x_wconf 84' lang='lat' dir='ltr'><strong>Quis</strong></span> <span class='ocrx_word' id='word_1_612' title='bbox 1220 1221 1311 1245; x_wconf 85' lang='lat' dir='ltr'><strong>autem</strong></span> <span class='ocrx_word' id='word_1_613' title='bbox 1337 1217 1409 1244; x_wconf 89' lang='lat' dir='ltr'><strong>lilius</strong></span> <span class='ocrx_word' id='word_1_614' title='bbox 1431 1215 1566 1246; x_wconf 87' lang='lat' dir='ltr'><strong>hominis,</strong></span> <span class='ocrx_word' id='word_1_615' title='bbox 1589 1220 1619 1241; x_wconf 91' lang='lat' dir='ltr'><strong>ut</strong></span> <span class='ocrx_word' id='word_1_616' title='bbox 1643 1213 1779 1240; x_wconf 81' lang='lat' dir='ltr'><strong>Dominus</strong></span> 
     </span>
    </p>
   </div>
   <div class='ocr_carea' id='block_1_85' title="bbox 986 1259 1779 1297">
    <p class='ocr_par' dir='ltr' id='par_1_85' title="bbox 986 1259 1779 1297">
     <span class='ocr_line' id='line_1_85' title="bbox 986 1259 1779 1297; baseline -0.011 -3"><span class='ocrx_word' id='word_1_617' title='bbox 986 1274 1064 1294; x_wconf 86' lang='lat' dir='ltr'><strong>meus</strong></span> <span class='ocrx_word' id='word_1_618' title='bbox 1085 1265 1165 1292; x_wconf 81' lang='lat' dir='ltr'><strong>Jcsus</strong></span> <span class='ocrx_word' id='word_1_619' title='bbox 1190 1263 1332 1291; x_wconf 80' lang='lat' dir='ltr'><strong>Christus?</strong></span> <span class='ocrx_word' id='word_1_620' title='bbox 1354 1262 1545 1297; x_wconf 79' lang='lat' dir='ltr'><strong>Respondeant</strong></span> <span class='ocrx_word' id='word_1_621' title='bbox 1566 1260 1632 1287; x_wconf 86' lang='lat' dir='ltr'><strong>mihi</strong></span> <span class='ocrx_word' id='word_1_622' title='bbox 1658 1259 1779 1286; x_wconf 73' lang='lat' dir='ltr'><strong>lneretici</strong></span> 
     </span>
    </p>
   </div>
   <div class='ocr_carea' id='block_1_86' title="bbox 985 1307 1780 1348">
    <p class='ocr_par' dir='ltr' id='par_1_86' title="bbox 985 1307 1780 1348">
     <span class='ocr_line' id='line_1_86' title="bbox 985 1307 1780 1348; baseline -0.01 -9"><span class='ocrx_word' id='word_1_623' title='bbox 985 1313 1032 1348; x_wconf 90' lang='lat' dir='ltr'><strong>qui</strong></span> <span class='ocrx_word' id='word_1_624' title='bbox 1051 1311 1218 1339; x_wconf 75' lang='lat' dir='ltr'><strong>nativitatem</strong></span> <span class='ocrx_word' id='word_1_625' title='bbox 1235 1310 1308 1336; x_wconf 90' lang='lat' dir='ltr'><strong>illius</strong></span> <span class='ocrx_word' id='word_1_626' title='bbox 1324 1314 1353 1336; x_wconf 90' lang='lat' dir='ltr'><strong>ut</strong></span> <span class='ocrx_word' id='word_1_627' title='bbox 1364 1308 1527 1343; x_wconf 84' lang='lat' dir='ltr'><strong>phantasma</strong></span> <span class='ocrx_word' id='word_1_628' title='bbox 1540 1307 1655 1333; x_wconf 87' lang='lat' dir='ltr'><strong>eludunt</strong></span> <span class='ocrx_word' id='word_1_629' title='bbox 1671 1315 1678 1332; x_wconf 82' lang='lat'><strong>;</strong></span> <span class='ocrx_word' id='word_1_630' title='bbox 1693 1312 1780 1340; x_wconf 82' lang='lat' dir='ltr'><strong>quare</strong></span> 
     </span>
    </p>
   </div>
   <div class='ocr_carea' id='block_1_87' title="bbox 985 1352 1780 1389">
    <p class='ocr_par' dir='ltr' id='par_1_87' title="bbox 985 1352 1780 1389">
     <span class='ocr_line' id='line_1_87' title="bbox 985 1352 1780 1389; baseline -0.011 -3"><span class='ocrx_word' id='word_1_631' title='bbox 985 1359 1114 1386; x_wconf 84' lang='lat' dir='ltr'><strong>Christus</strong></span> <span class='ocrx_word' id='word_1_632' title='bbox 1132 1357 1203 1384; x_wconf 83' lang='lat' dir='ltr'><strong>ﬁlius</strong></span> <span class='ocrx_word' id='word_1_633' title='bbox 1219 1355 1338 1384; x_wconf 90' lang='lat' dir='ltr'><strong>hominis</strong></span> <span class='ocrx_word' id='word_1_634' title='bbox 1351 1353 1522 1389; x_wconf 78' lang='lat' dir='ltr'><strong>appellatur?</strong></span> <span class='ocrx_word' id='word_1_635' title='bbox 1542 1352 1598 1387; x_wconf 80' lang='lat' dir='ltr'><strong>Ego</strong></span> <span class='ocrx_word' id='word_1_636' title='bbox 1619 1352 1725 1379; x_wconf 78' lang='lat' dir='ltr'><strong>aﬁirmo</strong></span> <span class='ocrx_word' id='word_1_637' title='bbox 1746 1352 1780 1378; x_wconf 88' lang='lat' dir='ltr'><strong>li-</strong></span> 
     </span>
    </p>
   </div>
   <div class='ocr_carea' id='block_1_88' title="bbox 986 1398 1780 1433">
    <p class='ocr_par' dir='ltr' id='par_1_88' title="bbox 986 1398 1780 1433">
     <span class='ocr_line' id='line_1_88' title="bbox 986 1398 1780 1433; baseline -0.01 -2"><span class='ocrx_word' id='word_1_638' title='bbox 986 1405 1051 1431; x_wconf 92' lang='lat' dir='ltr'><strong>lium</strong></span> <span class='ocrx_word' id='word_1_639' title='bbox 1068 1403 1188 1431; x_wconf 90' lang='lat' dir='ltr'><strong>hominis</strong></span> <span class='ocrx_word' id='word_1_640' title='bbox 1207 1410 1269 1429; x_wconf 87' lang='lat' dir='ltr'><strong>eum</strong></span> <span class='ocrx_word' id='word_1_641' title='bbox 1287 1400 1382 1428; x_wconf 78' lang='lat' dir='ltr'><strong>fuisse.</strong></span> <span class='ocrx_word' id='word_1_642' title='bbox 1409 1399 1476 1426; x_wconf 86' lang='lat' dir='ltr'><strong>Nam</strong></span> <span class='ocrx_word' id='word_1_643' title='bbox 1498 1399 1545 1433; x_wconf 89' lang='lat' dir='ltr'><strong>qui</strong></span> <span class='ocrx_word' id='word_1_644' title='bbox 1567 1398 1712 1432; x_wconf 86' lang='lat' dir='ltr'><strong>passiones</strong></span> <span class='ocrx_word' id='word_1_645' title='bbox 1734 1405 1780 1423; x_wconf 86' lang='lat' dir='ltr'><strong>as-</strong></span> 
     </span>
    </p>
   </div>
   <div class='ocr_carea' id='block_1_89' title="bbox 986 1443 1779 1485">
    <p class='ocr_par' dir='ltr' id='par_1_89' title="bbox 986 1443 1779 1485">
     <span class='ocr_line' id='line_1_89' title="bbox 986 1443 1779 1485; baseline -0.013 -7"><span class='ocrx_word' id='word_1_646' title='bbox 986 1450 1104 1485; x_wconf 82' lang='lat' dir='ltr'><strong>sumpsit</strong></span> <span class='ocrx_word' id='word_1_647' title='bbox 1123 1449 1274 1480; x_wconf 88' lang='lat' dir='ltr'><strong>bumanas,</strong></span> <span class='ocrx_word' id='word_1_648' title='bbox 1292 1454 1404 1474; x_wconf 88' lang='lat' dir='ltr'><strong>necesse</strong></span> <span class='ocrx_word' id='word_1_649' title='bbox 1425 1450 1466 1473; x_wconf 84' lang='lat' dir='ltr'><strong>est</strong></span> <span class='ocrx_word' id='word_1_650' title='bbox 1488 1449 1516 1472; x_wconf 91' lang='lat' dir='ltr'><strong>ut</strong></span> <span class='ocrx_word' id='word_1_651' title='bbox 1535 1449 1597 1471; x_wconf 87' lang='lat' dir='ltr'><strong>ante</strong></span> <span class='ocrx_word' id='word_1_652' title='bbox 1620 1443 1779 1478; x_wconf 76' lang='lat' dir='ltr'><strong>passionem</strong></span> 
     </span>
    </p>
   </div>
   <div class='ocr_carea' id='block_1_90' title="bbox 987 1489 1779 1530">
    <p class='ocr_par' dir='ltr' id='par_1_90' title="bbox 987 1489 1779 1530">
     <span class='ocr_line' id='line_1_90' title="bbox 987 1489 1779 1530; baseline -0.009 -7"><span class='ocrx_word' id='word_1_653' title='bbox 987 1495 1139 1530; x_wconf 86' lang='lat' dir='ltr'><strong>susceperit</strong></span> <span class='ocrx_word' id='word_1_654' title='bbox 1151 1494 1330 1521; x_wconf 86' lang='lat' dir='ltr'><strong>nativitatem.</strong></span> <span class='ocrx_word' id='word_1_655' title='bbox 1349 1491 1442 1526; x_wconf 80' lang='lat' dir='ltr'><strong>Neque</strong></span> <span class='ocrx_word' id='word_1_656' title='bbox 1454 1490 1526 1518; x_wconf 86' lang='lat' dir='ltr'><strong>enim</strong></span> <span class='ocrx_word' id='word_1_657' title='bbox 1541 1489 1628 1524; x_wconf 92' lang='lat' dir='ltr'><strong>potuit</strong></span> <span class='ocrx_word' id='word_1_658' title='bbox 1641 1489 1779 1516; x_wconf 72' lang='lat' dir='ltr'><strong>humanos</strong></span> 
     </span>
    </p>
   </div>
   <div class='ocr_carea' id='block_1_91' title="bbox 987 1537 1781 1574">
    <p class='ocr_par' dir='ltr' id='par_1_91' title="bbox 987 1537 1781 1574">
     <span class='ocr_line' id='line_1_91' title="bbox 987 1537 1781 1574; baseline -0.011 -4"><span class='ocrx_word' id='word_1_659' title='bbox 987 1542 1110 1574; x_wconf 79' lang='lat' dir='ltr'><strong>aﬁectus,</strong></span> <span class='ocrx_word' id='word_1_660' title='bbox 1126 1541 1216 1572; x_wconf 86' lang='lat' dir='ltr'><strong>verba,</strong></span> <span class='ocrx_word' id='word_1_661' title='bbox 1231 1537 1453 1570; x_wconf 84' lang='lat' dir='ltr'><strong>consuetudines,</strong></span> <span class='ocrx_word' id='word_1_662' title='bbox 1470 1543 1590 1565; x_wconf 85' lang='lat' dir='ltr'><strong>crucem.</strong></span> <span class='ocrx_word' id='word_1_663' title='bbox 1608 1539 1723 1561; x_wconf 89' lang='lat' dir='ltr'><strong>mortem</strong></span> <span class='ocrx_word' id='word_1_664' title='bbox 1737 1541 1781 1561; x_wconf 88' lang='lat' dir='ltr'><strong>re-</strong></span> 
     </span>
    </p>
   </div>
   <div class='ocr_carea' id='block_1_92' title="bbox 985 1578 1778 1622">
    <p class='ocr_par' dir='ltr' id='par_1_92' title="bbox 985 1578 1778 1622">
     <span class='ocr_line' id='line_1_92' title="bbox 985 1578 1778 1622; baseline -0.014 -7"><span class='ocrx_word' id='word_1_665' title='bbox 985 1588 1086 1622; x_wconf 84' lang='lat' dir='ltr'><strong>cipere,</strong></span> <span class='ocrx_word' id='word_1_666' title='bbox 1099 1586 1122 1613; x_wconf 88' lang='lat' dir='ltr'><strong>si</strong></span> <span class='ocrx_word' id='word_1_667' title='bbox 1139 1593 1194 1612; x_wconf 91' lang='lat' dir='ltr'><strong>non</strong></span> <span class='ocrx_word' id='word_1_668' title='bbox 1217 1584 1349 1619; x_wconf 86' lang='lat' dir='ltr'><strong>reciperet</strong></span> <span class='ocrx_word' id='word_1_669' title='bbox 1372 1581 1550 1609; x_wconf 85' lang='lat' dir='ltr'><strong>hmnanitatis</strong></span> <span class='ocrx_word' id='word_1_670' title='bbox 1571 1579 1727 1607; x_wconf 77' lang='lat' dir='ltr'><strong>exordium.</strong></span> <span class='ocrx_word' id='word_1_671' title='bbox 1747 1578 1778 1605; x_wconf 83' lang='lat' dir='ltr'><strong>Et</strong></span> 
     </span>
    </p>
   </div>
   <div class='ocr_carea' id='block_1_93' title="bbox 985 1624 1780 1667">
    <p class='ocr_par' dir='ltr' id='par_1_93' title="bbox 985 1624 1780 1667">
     <span class='ocr_line' id='line_1_93' title="bbox 985 1624 1780 1667; baseline -0.013 -6"><span class='ocrx_word' id='word_1_672' title='bbox 985 1640 1157 1667; x_wconf 88' lang='lat' dir='ltr'><strong>consequens</strong></span> <span class='ocrx_word' id='word_1_673' title='bbox 1165 1635 1224 1658; x_wconf 85' lang='lat' dir='ltr'><strong>erat</strong></span> <span class='ocrx_word' id='word_1_674' title='bbox 1233 1630 1400 1657; x_wconf 86' lang='lat' dir='ltr'><strong>nativitatem</strong></span> <span class='ocrx_word' id='word_1_675' title='bbox 1411 1628 1471 1662; x_wconf 88' lang='lat' dir='ltr'><strong>ejus</strong></span> <span class='ocrx_word' id='word_1_676' title='bbox 1483 1636 1515 1654; x_wconf 84' lang='lat' dir='ltr'><strong>an</strong></span> <span class='ocrx_word' id='word_1_677' title='bbox 1521 1627 1650 1657; x_wconf 80' lang='lat' dir='ltr'><strong>ferentes,</strong></span> <span class='ocrx_word' id='word_1_678' title='bbox 1669 1624 1780 1652; x_wconf 81' lang='lat' dir='ltr'><strong>auferre</strong></span> 
     </span>
    </p>
   </div>
   <div class='ocr_carea' id='block_1_94' title="bbox 984 1674 1781 1712">
    <p class='ocr_par' dir='ltr' id='par_1_94' title="bbox 984 1674 1781 1712">
     <span class='ocr_line' id='line_1_94' title="bbox 984 1674 1781 1712; baseline -0.011 -6"><span class='ocrx_word' id='word_1_679' title='bbox 984 1680 1067 1707; x_wconf 88' lang='lat' dir='ltr'><strong>etiam</strong></span> <span class='ocrx_word' id='word_1_680' title='bbox 1085 1678 1250 1712; x_wconf 83' lang='lat' dir='ltr'><strong>passionem,</strong></span> <span class='ocrx_word' id='word_1_681' title='bbox 1265 1681 1292 1703; x_wconf 89' lang='lat' dir='ltr'><strong>et</strong></span> <span class='ocrx_word' id='word_1_682' title='bbox 1307 1674 1467 1710; x_wconf 88' lang='lat' dir='ltr'><strong>simpliciter</strong></span> <span class='ocrx_word' id='word_1_683' title='bbox 1478 1674 1579 1704; x_wconf 84' lang='lat' dir='ltr'><strong>dicere,</strong></span> <span class='ocrx_word' id='word_1_684' title='bbox 1592 1681 1646 1699; x_wconf 83' lang='lat' dir='ltr'><strong>non</strong></span> <span class='ocrx_word' id='word_1_685' title='bbox 1659 1675 1702 1698; x_wconf 84' lang='lat' dir='ltr'><strong>cst</strong></span> <span class='ocrx_word' id='word_1_686' title='bbox 1716 1679 1781 1698; x_wconf 85' lang='lat' dir='ltr'><strong>cru-</strong></span> 
     </span>
    </p>
   </div>
   <div class='ocr_carea' id='block_1_95' title="bbox 985 1718 1778 1753">
    <p class='ocr_par' dir='ltr' id='par_1_95' title="bbox 985 1718 1778 1753">
     <span class='ocr_line' id='line_1_95' title="bbox 985 1718 1778 1753; baseline -0.013 0"><span class='ocrx_word' id='word_1_687' title='bbox 985 1726 1081 1753; x_wconf 78' lang='lat' dir='ltr'><strong>cilixus</strong></span> <span class='ocrx_word' id='word_1_688' title='bbox 1093 1723 1184 1751; x_wconf 80' lang='lat' dir='ltr'><strong>.lesns.</strong></span> <span class='ocrx_word' id='word_1_689' title='bbox 1203 1721 1281 1749; x_wconf 82' lang='lat' dir='ltr'><strong>Nunc</strong></span> <span class='ocrx_word' id='word_1_690' title='bbox 1290 1729 1355 1749; x_wconf 88' lang='lat' dir='ltr'><strong>vero</strong></span> <span class='ocrx_word' id='word_1_691' title='bbox 1374 1728 1483 1748; x_wconf 83' lang='lat' dir='ltr'><strong>crucem</strong></span> <span class='ocrx_word' id='word_1_692' title='bbox 1505 1718 1655 1749; x_wconf 88' lang='lat' dir='ltr'><strong>conﬁteris,</strong></span> <span class='ocrx_word' id='word_1_693' title='bbox 1673 1723 1701 1744; x_wconf 90' lang='lat' dir='ltr'><strong>et</strong></span> <span class='ocrx_word' id='word_1_694' title='bbox 1723 1725 1778 1744; x_wconf 88' lang='lat' dir='ltr'><strong>non</strong></span> 
     </span>
    </p>
   </div>
   <div class='ocr_carea' id='block_1_96' title="bbox 985 1766 1779 1802">
    <p class='ocr_par' dir='ltr' id='par_1_96' title="bbox 985 1766 1779 1802">
     <span class='ocr_line' id='line_1_96' title="bbox 985 1766 1779 1802; baseline -0.011 -3"><span class='ocrx_word' id='word_1_695' title='bbox 985 1771 1125 1799; x_wconf 86' lang='lat' dir='ltr'><strong>erubescis</strong></span> <span class='ocrx_word' id='word_1_696' title='bbox 1136 1769 1238 1797; x_wconf 67' lang='lat' dir='ltr'><strong>ludatis</strong></span> <span class='ocrx_word' id='word_1_697' title='bbox 1256 1768 1416 1796; x_wconf 85' lang='lat' dir='ltr'><strong>scandalum</strong></span> <span class='ocrx_word' id='word_1_698' title='bbox 1431 1766 1584 1802; x_wconf 64' lang='lat' dir='ltr'><strong>praedicans</strong></span> <span class='ocrx_word' id='word_1_699' title='bbox 1601 1766 1779 1796; x_wconf 77' lang='lat' dir='ltr'><strong>cruciﬁxum,</strong></span> 
     </span>
    </p>
   </div>
   <div class='ocr_carea' id='block_1_97' title="bbox 985 1811 1781 1852">
    <p class='ocr_par' dir='ltr' id='par_1_97' title="bbox 985 1811 1781 1852">
     <span class='ocr_line' id='line_1_97' title="bbox 985 1811 1781 1852; baseline -0.011 -8"><span class='ocrx_word' id='word_1_700' title='bbox 985 1822 1011 1844; x_wconf 86' lang='lat' dir='ltr'><strong>et</strong></span> <span class='ocrx_word' id='word_1_701' title='bbox 1026 1816 1151 1852; x_wconf 72' lang='lat' dir='ltr'><strong>gentibus</strong></span> <span class='ocrx_word' id='word_1_702' title='bbox 1166 1814 1310 1843; x_wconf 87' lang='lat' dir='ltr'><strong>stultitiam</strong></span> <span class='ocrx_word' id='word_1_703' title='bbox 1327 1814 1361 1846; x_wconf 85' lang='lat'><strong>&quot;;</strong></span> <span class='ocrx_word' id='word_1_704' title='bbox 1374 1818 1401 1840; x_wconf 86' lang='lat' dir='ltr'><strong>et</strong></span> <span class='ocrx_word' id='word_1_705' title='bbox 1413 1812 1504 1839; x_wconf 90' lang='lat' dir='ltr'><strong>minus</strong></span> <span class='ocrx_word' id='word_1_706' title='bbox 1524 1811 1686 1838; x_wconf 85' lang='lat' dir='ltr'><strong>scandalum</strong></span> <span class='ocrx_word' id='word_1_707' title='bbox 1713 1818 1781 1844; x_wconf 79' lang='lat' dir='ltr'><strong>pas-</strong></span> 
     </span>
    </p>
   </div>
   <div class='ocr_carea' id='block_1_98' title="bbox 985 1855 1780 1892">
    <p class='ocr_par' dir='ltr' id='par_1_98' title="bbox 985 1855 1780 1892">
     <span class='ocr_line' id='line_1_98' title="bbox 985 1855 1780 1892; baseline -0.013 -2"><span class='ocrx_word' id='word_1_708' title='bbox 985 1863 1063 1890; x_wconf 84' lang='lat' dir='ltr'><strong>sione</strong></span> <span class='ocrx_word' id='word_1_709' title='bbox 1077 1861 1118 1888; x_wconf 86' lang='lat' dir='ltr'><strong>vel</strong></span> <span class='ocrx_word' id='word_1_710' title='bbox 1139 1866 1235 1892; x_wconf 87' lang='lat' dir='ltr'><strong>morte,</strong></span> <span class='ocrx_word' id='word_1_711' title='bbox 1253 1859 1395 1887; x_wconf 86' lang='lat' dir='ltr'><strong>erubescis</strong></span> <span class='ocrx_word' id='word_1_712' title='bbox 1416 1857 1584 1884; x_wconf 77' lang='lat' dir='ltr'><strong>nativitatem</strong></span> <span class='ocrx_word' id='word_1_713' title='bbox 1609 1856 1669 1889; x_wconf 77' lang='lat' dir='ltr'><strong>ejus</strong></span> <span class='ocrx_word' id='word_1_714' title='bbox 1689 1855 1780 1881; x_wconf 85' lang='lat' dir='ltr'><strong>conti-</strong></span> 
     </span>
    </p>
   </div>
   <div class='ocr_carea' id='block_1_99' title="bbox 985 1900 1780 1935">
    <p class='ocr_par' dir='ltr' id='par_1_99' title="bbox 985 1900 1780 1935">
     <span class='ocr_line' id='line_1_99' title="bbox 985 1900 1780 1935; baseline -0.011 -1"><span class='ocrx_word' id='word_1_715' title='bbox 985 1907 1047 1935; x_wconf 90' lang='lat' dir='ltr'><strong>teri.</strong></span> <span class='ocrx_word' id='word_1_716' title='bbox 1067 1906 1202 1933; x_wconf 85' lang='lat' dir='ltr'><strong>Nimirum</strong></span> <span class='ocrx_word' id='word_1_717' title='bbox 1232 1905 1324 1932; x_wconf 90' lang='lat' dir='ltr'><strong>minus</strong></span> <span class='ocrx_word' id='word_1_718' title='bbox 1343 1902 1464 1930; x_wconf 85' lang='lat' dir='ltr'><strong>scandali</strong></span> <span class='ocrx_word' id='word_1_719' title='bbox 1490 1906 1530 1928; x_wconf 87' lang='lat' dir='ltr'><strong>est</strong></span> <span class='ocrx_word' id='word_1_720' title='bbox 1559 1900 1654 1928; x_wconf 82' lang='lat' dir='ltr'><strong>Jesnm</strong></span> <span class='ocrx_word' id='word_1_721' title='bbox 1682 1905 1780 1927; x_wconf 83' lang='lat' dir='ltr'><strong>natum</strong></span> 
     </span>
    </p>
   </div>
   <div class='ocr_carea' id='block_1_100' title="bbox 985 1946 1779 1987">
    <p class='ocr_par' dir='ltr' id='par_1_100' title="bbox 985 1946 1779 1987">
     <span class='ocr_line' id='line_1_100' title="bbox 985 1946 1779 1987; baseline -0.013 -6"><span class='ocrx_word' id='word_1_722' title='bbox 985 1954 1080 1986; x_wconf 81' lang='lat' dir='ltr'><strong>fuisse,</strong></span> <span class='ocrx_word' id='word_1_723' title='bbox 1092 1960 1174 1987; x_wconf 88' lang='lat' dir='ltr'><strong>quam</strong></span> <span class='ocrx_word' id='word_1_724' title='bbox 1187 1955 1336 1978; x_wconf 86' lang='lat' dir='ltr'><strong>mortuum.</strong></span> <span class='ocrx_word' id='word_1_725' title='bbox 1347 1954 1394 1976; x_wconf 89' lang='lat' dir='ltr'><strong>aut</strong></span> <span class='ocrx_word' id='word_1_726' title='bbox 1410 1949 1431 1975; x_wconf 89' lang='lat' dir='ltr'><strong>si</strong></span> <span class='ocrx_word' id='word_1_727' title='bbox 1444 1947 1603 1975; x_wconf 74' lang='lat' dir='ltr'><strong>srandalum</strong></span> <span class='ocrx_word' id='word_1_728' title='bbox 1619 1946 1779 1973; x_wconf 85' lang='lat' dir='ltr'><strong>Christiana</strong></span> 
     </span>
    </p>
   </div>
   <div class='ocr_carea' id='block_1_101' title="bbox 984 1992 1780 2030">
    <p class='ocr_par' dir='ltr' id='par_1_101' title="bbox 984 1992 1780 2030">
     <span class='ocr_line' id='line_1_101' title="bbox 984 1992 1780 2030; baseline -0.011 -2"><span class='ocrx_word' id='word_1_729' title='bbox 984 2000 1051 2028; x_wconf 79' lang='lat' dir='ltr'><strong>ﬁdes</strong></span> <span class='ocrx_word' id='word_1_730' title='bbox 1060 2007 1113 2026; x_wconf 91' lang='lat' dir='ltr'><strong>non</strong></span> <span class='ocrx_word' id='word_1_731' title='bbox 1120 2002 1239 2030; x_wconf 88' lang='lat' dir='ltr'><strong>veretur,</strong></span> <span class='ocrx_word' id='word_1_732' title='bbox 1247 2004 1295 2024; x_wconf 89' lang='lat' dir='ltr'><strong>cur</strong></span> <span class='ocrx_word' id='word_1_733' title='bbox 1303 1997 1383 2023; x_wconf 90' lang='lat' dir='ltr'><strong>times</strong></span> <span class='ocrx_word' id='word_1_734' title='bbox 1391 1995 1481 2022; x_wconf 91' lang='lat' dir='ltr'><strong>dicere</strong></span> <span class='ocrx_word' id='word_1_735' title='bbox 1490 1994 1606 2026; x_wconf 88' lang='lat' dir='ltr'><strong>minora,</strong></span> <span class='ocrx_word' id='word_1_736' title='bbox 1616 1993 1663 2028; x_wconf 90' lang='lat' dir='ltr'><strong>qui</strong></span> <span class='ocrx_word' id='word_1_737' title='bbox 1672 1992 1780 2026; x_wconf 79' lang='lat' dir='ltr'><strong>majora</strong></span> 
     </span>
    </p>
   </div>
   <div class='ocr_carea' id='block_1_102' title="bbox 984 2038 1780 2074">
    <p class='ocr_par' dir='ltr' id='par_1_102' title="bbox 984 2038 1780 2074">
     <span class='ocr_line' id='line_1_102' title="bbox 984 2038 1780 2074; baseline -0.014 0"><span class='ocrx_word' id='word_1_738' title='bbox 984 2054 1069 2074; x_wconf 89' lang='lat' dir='ltr'><strong>ausus</strong></span> <span class='ocrx_word' id='word_1_739' title='bbox 1084 2052 1115 2072; x_wconf 83' lang='lat' dir='ltr'><strong>es</strong></span> <span class='ocrx_word' id='word_1_740' title='bbox 1134 2043 1268 2071; x_wconf 81' lang='lat' dir='ltr'><strong>conﬁteri?</strong></span> <span class='ocrx_word' id='word_1_741' title='bbox 1288 2041 1441 2069; x_wconf 64' lang='lat' dir='ltr'><strong>Praesertim</strong></span> <span class='ocrx_word' id='word_1_742' title='bbox 1464 2048 1525 2067; x_wconf 86' lang='lat' dir='ltr'><strong>cum</strong></span> <span class='ocrx_word' id='word_1_743' title='bbox 1550 2039 1679 2066; x_wconf 84' lang='lat' dir='ltr'><strong>nativitas</strong></span> <span class='ocrx_word' id='word_1_744' title='bbox 1704 2038 1780 2065; x_wconf 87' lang='lat' dir='ltr'><strong>illius</strong></span> 
     </span>
    </p>
   </div>
   <div class='ocr_carea' id='block_1_103' title="bbox 984 2086 1780 2119">
    <p class='ocr_par' dir='ltr' id='par_1_103' title="bbox 984 2086 1780 2119">
     <span class='ocr_line' id='line_1_103' title="bbox 984 2086 1780 2119; baseline -0.009 0"><span class='ocrx_word' id='word_1_745' title='bbox 984 2100 1038 2119; x_wconf 94' lang='lat' dir='ltr'><strong>non</strong></span> <span class='ocrx_word' id='word_1_746' title='bbox 1051 2099 1083 2119; x_wconf 89' lang='lat' dir='ltr'><strong>ex</strong></span> <span class='ocrx_word' id='word_1_747' title='bbox 1100 2090 1204 2118; x_wconf 87' lang='lat' dir='ltr'><strong>semine</strong></span> <span class='ocrx_word' id='word_1_748' title='bbox 1218 2089 1268 2116; x_wconf 90' lang='lat' dir='ltr'><strong>viri</strong></span> <span class='ocrx_word' id='word_1_749' title='bbox 1282 2093 1310 2115; x_wconf 92' lang='lat' dir='ltr'><strong>et</strong></span> <span class='ocrx_word' id='word_1_750' title='bbox 1326 2087 1449 2114; x_wconf 86' lang='lat' dir='ltr'><strong>mulieris</strong></span> <span class='ocrx_word' id='word_1_751' title='bbox 1469 2093 1566 2114; x_wconf 91' lang='lat' dir='ltr'><strong>somno</strong></span> <span class='ocrx_word' id='word_1_752' title='bbox 1586 2086 1780 2113; x_wconf 82' lang='lat' dir='ltr'><strong>convenientis</strong></span> 
     </span>
    </p>
   </div>
   <div class='ocr_carea' id='block_1_104' title="bbox 983 2132 1779 2168">
    <p class='ocr_par' dir='ltr' id='par_1_104' title="bbox 983 2132 1779 2168">
     <span class='ocr_line' id='line_1_104' title="bbox 983 2132 1779 2168; baseline -0.011 -2"><span class='ocrx_word' id='word_1_753' title='bbox 983 2146 1044 2166; x_wconf 86' lang='lat' dir='ltr'><strong>esse</strong></span> <span class='ocrx_word' id='word_1_754' title='bbox 1055 2137 1192 2168; x_wconf 86' lang='lat' dir='ltr'><strong>credatur,</strong></span> <span class='ocrx_word' id='word_1_755' title='bbox 1211 2135 1257 2162; x_wconf 88' lang='lat' dir='ltr'><strong>sed</strong></span> <span class='ocrx_word' id='word_1_756' title='bbox 1269 2134 1349 2168; x_wconf 79' lang='lat' dir='ltr'><strong>juxta</strong></span> <span class='ocrx_word' id='word_1_757' title='bbox 1365 2133 1503 2168; x_wconf 73' lang='lat' dir='ltr'><strong>propheta:</strong></span> <span class='ocrx_word' id='word_1_758' title='bbox 1518 2132 1658 2166; x_wconf 89' lang='lat' dir='ltr'><strong>eloquium</strong></span> <span class='ocrx_word' id='word_1_759' title='bbox 1680 2132 1779 2158; x_wconf 87' lang='lat' dir='ltr'><strong>dicen-</strong></span> 
     </span>
    </p>
   </div>
   <div class='ocr_carea' id='block_1_105' title="bbox 984 2174 1779 2217">
    <p class='ocr_par' dir='ltr' id='par_1_105' title="bbox 984 2174 1779 2217">
     <span class='ocr_line' id='line_1_105' title="bbox 984 2174 1779 2217; baseline -0.013 -4"><span class='ocrx_word' id='word_1_760' title='bbox 984 2186 1019 2213; x_wconf 89' lang='lat' dir='ltr'><strong>tis</strong></span> <span class='ocrx_word' id='word_1_761' title='bbox 1036 2185 1059 2200; x_wconf 76' lang='lat'><strong><em>“</em></strong></span> <span class='ocrx_word' id='word_1_762' title='bbox 1076 2193 1083 2211; x_wconf 88' lang='lat'><strong>:</strong></span> <span class='ocrx_word' id='word_1_763' title='bbox 1099 2183 1165 2210; x_wconf 82' lang='lat' dir='ltr'><strong>Ecce</strong></span> <span class='ocrx_word' id='word_1_764' title='bbox 1177 2183 1248 2217; x_wconf 85' lang='lat' dir='ltr'><strong>virgo</strong></span> <span class='ocrx_word' id='word_1_765' title='bbox 1265 2182 1290 2208; x_wconf 88' lang='lat' dir='ltr'><strong>in</strong></span> <span class='ocrx_word' id='word_1_766' title='bbox 1303 2186 1375 2207; x_wconf 79' lang='lat' dir='ltr'><strong>utero</strong></span> <span class='ocrx_word' id='word_1_767' title='bbox 1391 2174 1529 2214; x_wconf 75' lang='lat' dir='ltr'><strong>concipiei,</strong></span> <span class='ocrx_word' id='word_1_768' title='bbox 1541 2184 1566 2205; x_wconf 82' lang='lat' dir='ltr'><strong>et</strong></span> <span class='ocrx_word' id='word_1_769' title='bbox 1580 2179 1666 2214; x_wconf 78' lang='lat' dir='ltr'><strong>pariet</strong></span> <span class='ocrx_word' id='word_1_770' title='bbox 1677 2178 1779 2213; x_wconf 78' lang='lat' dir='ltr'><strong>filium,</strong></span> 
     </span>
    </p>
   </div>
   <div class='ocr_carea' id='block_1_106' title="bbox 982 2224 1779 2262">
    <p class='ocr_par' dir='ltr' id='par_1_106' title="bbox 982 2224 1779 2262">
     <span class='ocr_line' id='line_1_106' title="bbox 982 2224 1779 2262; baseline -0.009 -4"><span class='ocrx_word' id='word_1_771' title='bbox 982 2236 1007 2259; x_wconf 85' lang='lat' dir='ltr'><strong>et</strong></span> <span class='ocrx_word' id='word_1_772' title='bbox 1023 2230 1158 2258; x_wconf 83' lang='lat' dir='ltr'><strong>vocabitur</strong></span> <span class='ocrx_word' id='word_1_773' title='bbox 1175 2236 1269 2256; x_wconf 83' lang='lat' dir='ltr'><strong>nomen</strong></span> <span class='ocrx_word' id='word_1_774' title='bbox 1282 2228 1338 2262; x_wconf 85' lang='lat' dir='ltr'><strong>ejus</strong></span> <span class='ocrx_word' id='word_1_775' title='bbox 1352 2226 1518 2253; x_wconf 81' lang='lat' dir='ltr'><strong>Emmanuel.</strong></span> <span class='ocrx_word' id='word_1_776' title='bbox 1545 2225 1602 2252; x_wconf 83' lang='lat' dir='ltr'><strong>Hoc</strong></span> <span class='ocrx_word' id='word_1_777' title='bbox 1617 2225 1690 2260; x_wconf 88' lang='lat' dir='ltr'><strong>quod</strong></span> <span class='ocrx_word' id='word_1_778' title='bbox 1706 2224 1779 2251; x_wconf 87' lang='lat' dir='ltr'><strong>dici-</strong></span> 
     </span>
    </p>
   </div>
   <div class='ocr_carea' id='block_1_107' title="bbox 982 2270 1776 2306">
    <p class='ocr_par' dir='ltr' id='par_1_107' title="bbox 982 2270 1776 2306">
     <span class='ocr_line' id='line_1_107' title="bbox 982 2270 1776 2306; baseline -0.011 -3"><span class='ocrx_word' id='word_1_779' title='bbox 982 2282 1025 2304; x_wconf 91' lang='lat' dir='ltr'><strong>tur</strong></span> <span class='ocrx_word' id='word_1_780' title='bbox 1038 2274 1209 2306; x_wconf 82' lang='lat' dir='ltr'><strong>Emmanuel,</strong></span> <span class='ocrx_word' id='word_1_781' title='bbox 1227 2281 1280 2299; x_wconf 88' lang='lat' dir='ltr'><strong>nou</strong></span> <span class='ocrx_word' id='word_1_782' title='bbox 1299 2279 1383 2299; x_wconf 91' lang='lat' dir='ltr'><strong>unutn</strong></span> <span class='ocrx_word' id='word_1_783' title='bbox 1402 2279 1500 2298; x_wconf 87' lang='lat' dir='ltr'><strong>nomen</strong></span> <span class='ocrx_word' id='word_1_784' title='bbox 1527 2274 1624 2303; x_wconf 89' lang='lat' dir='ltr'><strong>sonat,</strong></span> <span class='ocrx_word' id='word_1_785' title='bbox 1646 2270 1695 2297; x_wconf 89' lang='lat' dir='ltr'><strong>sed</strong></span> <span class='ocrx_word' id='word_1_786' title='bbox 1717 2276 1776 2295; x_wconf 88' lang='lat' dir='ltr'><strong>rem</strong></span> 
     </span>
    </p>
   </div>
   <div class='ocr_carea' id='block_1_108' title="bbox 981 2315 1778 2357">
    <p class='ocr_par' dir='ltr' id='par_1_108' title="bbox 981 2315 1778 2357">
     <span class='ocr_line' id='line_1_108' title="bbox 981 2315 1778 2357; baseline -0.01 -8"><span class='ocrx_word' id='word_1_787' title='bbox 981 2321 1126 2357; x_wconf 79' lang='lat' dir='ltr'><strong>signiﬁcat.</strong></span> <span class='ocrx_word' id='word_1_788' title='bbox 1144 2319 1311 2346; x_wconf 77' lang='lat' dir='ltr'><strong>Adveniente</strong></span> <span class='ocrx_word' id='word_1_789' title='bbox 1326 2318 1426 2353; x_wconf 87' lang='lat' dir='ltr'><strong>quippe</strong></span> <span class='ocrx_word' id='word_1_790' title='bbox 1447 2315 1510 2343; x_wconf 80' lang='lat' dir='ltr'><strong>Jesu</strong></span> <span class='ocrx_word' id='word_1_791' title='bbox 1529 2317 1664 2349; x_wconf 89' lang='lat' dir='ltr'><strong>dicimus,</strong></span> <span class='ocrx_word' id='word_1_792' title='bbox 1683 2315 1778 2343; x_wconf 81' lang='lat' dir='ltr'><strong>nobis-</strong></span> 
     </span>
    </p>
   </div>
   <div class='ocr_carea' id='block_1_109' title="bbox 981 2362 1778 2398">
    <p class='ocr_par' dir='ltr' id='par_1_109' title="bbox 981 2362 1778 2398">
     <span class='ocr_line' id='line_1_109' title="bbox 981 2362 1778 2398; baseline -0.009 -3"><span class='ocrx_word' id='word_1_793' title='bbox 981 2376 1044 2396; x_wconf 89' lang='lat' dir='ltr'><strong>cum</strong></span> <span class='ocrx_word' id='word_1_794' title='bbox 1071 2367 1212 2394; x_wconf 84' lang='lat' dir='ltr'><strong>Dominus.</strong></span> <span class='ocrx_word' id='word_1_795' title='bbox 1239 2364 1297 2392; x_wconf 83' lang='lat' dir='ltr'><strong>Non</strong></span> <span class='ocrx_word' id='word_1_796' title='bbox 1315 2364 1414 2391; x_wconf 76' lang='lat' dir='ltr'><strong>frustra</strong></span> <span class='ocrx_word' id='word_1_797' title='bbox 1427 2371 1492 2398; x_wconf 76' lang='lat' dir='ltr'><strong>ergo</strong></span> <span class='ocrx_word' id='word_1_798' title='bbox 1511 2363 1536 2389; x_wconf 93' lang='lat' dir='ltr'><strong>in</strong></span> <span class='ocrx_word' id='word_1_799' title='bbox 1550 2362 1692 2389; x_wconf 87' lang='lat' dir='ltr'><strong>tricesimo</strong></span> <span class='ocrx_word' id='word_1_800' title='bbox 1704 2369 1778 2388; x_wconf 78' lang='lat' dir='ltr'><strong>attllO</strong></span> 
     </span>
    </p>
   </div>
   <div class='ocr_carea' id='block_1_110' title="bbox 982 2408 1776 2449">
    <p class='ocr_par' dir='ltr' id='par_1_110' title="bbox 982 2408 1776 2449">
     <span class='ocr_line' id='line_1_110' title="bbox 982 2408 1776 2449; baseline -0.01 -8"><span class='ocrx_word' id='word_1_801' title='bbox 982 2414 1125 2449; x_wconf 86' lang='lat' dir='ltr'><strong>prophetat</strong></span> <span class='ocrx_word' id='word_1_802' title='bbox 1153 2411 1287 2439; x_wconf 78' lang='lat' dir='ltr'><strong>Eteebiel.</strong></span> <span class='ocrx_word' id='word_1_803' title='bbox 1315 2409 1383 2437; x_wconf 82' lang='lat' dir='ltr'><strong>Nam</strong></span> <span class='ocrx_word' id='word_1_804' title='bbox 1410 2414 1438 2436; x_wconf 85' lang='lat' dir='ltr'><strong>et</strong></span> <span class='ocrx_word' id='word_1_805' title='bbox 1468 2416 1569 2436; x_wconf 84' lang='lat' dir='ltr'><strong>nomen</strong></span> <span class='ocrx_word' id='word_1_806' title='bbox 1602 2408 1664 2442; x_wconf 89' lang='lat' dir='ltr'><strong>ejus</strong></span> <span class='ocrx_word' id='word_1_807' title='bbox 1688 2408 1776 2442; x_wconf 74' lang='lat' dir='ltr'><strong>ﬁgura</strong></span> 
     </span>
    </p>
   </div>
   <div class='ocr_carea' id='block_1_111' title="bbox 981 2454 1777 2492">
    <p class='ocr_par' dir='ltr' id='par_1_111' title="bbox 981 2454 1777 2492">
     <span class='ocr_line' id='line_1_111' title="bbox 981 2454 1777 2492; baseline -0.01 -5"><span class='ocrx_word' id='word_1_808' title='bbox 981 2461 1082 2488; x_wconf 80' lang='lat' dir='ltr'><strong>Christi</strong></span> <span class='ocrx_word' id='word_1_809' title='bbox 1096 2464 1148 2487; x_wconf 89' lang='lat' dir='ltr'><strong>est.</strong></span> <span class='ocrx_word' id='word_1_810' title='bbox 1165 2458 1359 2492; x_wconf 86' lang='lat' dir='ltr'><strong>Interpretatur</strong></span> <span class='ocrx_word' id='word_1_811' title='bbox 1371 2456 1473 2491; x_wconf 87' lang='lat' dir='ltr'><strong>quippe</strong></span> <span class='ocrx_word' id='word_1_812' title='bbox 1488 2454 1616 2482; x_wconf 69' lang='lat' dir='ltr'><strong>Ezechiel</strong></span> <span class='ocrx_word' id='word_1_813' title='bbox 1633 2454 1777 2488; x_wconf 80' lang='lat' dir='ltr'><strong>imperium</strong></span> 
     </span>
    </p>
   </div>
   <div class='ocr_carea' id='block_1_112' title="bbox 981 2499 1777 2540">
    <p class='ocr_par' dir='ltr' id='par_1_112' title="bbox 981 2499 1777 2540">
     <span class='ocr_line' id='line_1_112' title="bbox 981 2499 1777 2540; baseline -0.01 -6"><span class='ocrx_word' id='word_1_814' title='bbox 981 2507 1041 2539; x_wconf 79' lang='lat' dir='ltr'><strong>Dei;</strong></span> <span class='ocrx_word' id='word_1_815' title='bbox 1057 2506 1202 2540; x_wconf 86' lang='lat' dir='ltr'><strong>imperium</strong></span> <span class='ocrx_word' id='word_1_816' title='bbox 1216 2509 1307 2532; x_wconf 89' lang='lat' dir='ltr'><strong>autem</strong></span> <span class='ocrx_word' id='word_1_817' title='bbox 1323 2503 1369 2530; x_wconf 85' lang='lat' dir='ltr'><strong>Dei</strong></span> <span class='ocrx_word' id='word_1_818' title='bbox 1383 2503 1475 2530; x_wconf 88' lang='lat' dir='ltr'><strong>nullus</strong></span> <span class='ocrx_word' id='word_1_819' title='bbox 1494 2507 1546 2535; x_wconf 87' lang='lat' dir='ltr'><strong>est,</strong></span> <span class='ocrx_word' id='word_1_820' title='bbox 1572 2500 1624 2528; x_wconf 90' lang='lat' dir='ltr'><strong>nisi</strong></span> <span class='ocrx_word' id='word_1_821' title='bbox 1646 2499 1777 2527; x_wconf 83' lang='lat' dir='ltr'><strong>Christus</strong></span> 
     </span>
    </p>
   </div>
   <div class='ocr_carea' id='block_1_113' title="bbox 980 2547 1775 2586">
    <p class='ocr_par' dir='ltr' id='par_1_113' title="bbox 980 2547 1775 2586">
     <span class='ocr_line' id='line_1_113' title="bbox 980 2547 1775 2586; baseline -0.013 -4"><span class='ocrx_word' id='word_1_822' title='bbox 980 2554 1070 2582; x_wconf 83' lang='lat' dir='ltr'><strong>Jesns.</strong></span> <span class='ocrx_word' id='word_1_823' title='bbox 1084 2553 1170 2580; x_wconf 85' lang='lat' dir='ltr'><strong>Filius</strong></span> <span class='ocrx_word' id='word_1_824' title='bbox 1182 2559 1291 2586; x_wconf 86' lang='lat' dir='ltr'><strong>quoque</strong></span> <span class='ocrx_word' id='word_1_825' title='bbox 1304 2550 1370 2577; x_wconf 73' lang='grc' dir='ltr'><strong>Βυκὶ</strong></span> <span class='ocrx_word' id='word_1_826' title='bbox 1381 2548 1521 2581; x_wconf 87' lang='lat' dir='ltr'><strong>scribitur,</strong></span> <span class='ocrx_word' id='word_1_827' title='bbox 1543 2547 1618 2582; x_wconf 89' lang='lat' dir='ltr'><strong>quod</strong></span> <span class='ocrx_word' id='word_1_828' title='bbox 1639 2547 1775 2581; x_wconf 87' lang='lat' dir='ltr'><strong>interpre-</strong></span> 
     </span>
    </p>
   </div>
   <div class='ocr_carea' id='block_1_114' title="bbox 981 2593 1776 2633">
    <p class='ocr_par' dir='ltr' id='par_1_114' title="bbox 981 2593 1776 2633">
     <span class='ocr_line' id='line_1_114' title="bbox 981 2593 1776 2633; baseline -0.01 -5"><span class='ocrx_word' id='word_1_829' title='bbox 981 2605 1053 2628; x_wconf 90' lang='lat' dir='ltr'><strong>tatur</strong></span> <span class='ocrx_word' id='word_1_830' title='bbox 1066 2603 1240 2633; x_wconf 81' lang='lat' dir='ltr'><strong>contemptus.</strong></span> <span class='ocrx_word' id='word_1_831' title='bbox 1257 2597 1286 2623; x_wconf 86' lang='lat' dir='ltr'><strong>Si</strong></span> <span class='ocrx_word' id='word_1_832' title='bbox 1302 2596 1395 2623; x_wconf 89' lang='lat' dir='ltr'><strong>venias</strong></span> <span class='ocrx_word' id='word_1_833' title='bbox 1409 2595 1442 2622; x_wconf 93' lang='lat' dir='ltr'><strong>ad</strong></span> <span class='ocrx_word' id='word_1_834' title='bbox 1461 2594 1615 2626; x_wconf 73' lang='lat' dir='ltr'><strong>htereticos,</strong></span> <span class='ocrx_word' id='word_1_835' title='bbox 1631 2598 1660 2620; x_wconf 86' lang='lat' dir='ltr'><strong>et</strong></span> <span class='ocrx_word' id='word_1_836' title='bbox 1679 2593 1776 2620; x_wconf 68' lang='lat' dir='ltr'><strong>audias</strong></span> 
     </span>
    </p>
   </div>
   <div class='ocr_carea' id='block_1_115' title="bbox 981 2639 1774 2680">
    <p class='ocr_par' dir='ltr' id='par_1_115' title="bbox 981 2639 1774 2680">
     <span class='ocr_line' id='line_1_115' title="bbox 981 2639 1774 2680; baseline -0.01 -7"><span class='ocrx_word' id='word_1_837' title='bbox 981 2654 1029 2674; x_wconf 89' lang='lat' dir='ltr'><strong>eos</strong></span> <span class='ocrx_word' id='word_1_838' title='bbox 1043 2648 1203 2680; x_wconf 86' lang='lat' dir='ltr'><strong>spernentes</strong></span> <span class='ocrx_word' id='word_1_839' title='bbox 1236 2647 1263 2670; x_wconf 88' lang='lat' dir='ltr'><strong>et</strong></span> <span class='ocrx_word' id='word_1_840' title='bbox 1278 2650 1328 2677; x_wconf 90' lang='lat' dir='ltr'><strong>pro</strong></span> <span class='ocrx_word' id='word_1_841' title='bbox 1352 2641 1438 2668; x_wconf 90' lang='lat' dir='ltr'><strong>nihilo</strong></span> <span class='ocrx_word' id='word_1_842' title='bbox 1454 2640 1586 2667; x_wconf 84' lang='lat' dir='ltr'><strong>ducentes</strong></span> <span class='ocrx_word' id='word_1_843' title='bbox 1602 2639 1774 2670; x_wconf 65' lang='lat' dir='ltr'><strong>Creatorem,</strong></span> 
     </span>
    </p>
   </div>
   <div class='ocr_carea' id='block_1_116' title="bbox 980 2685 1774 2725">
    <p class='ocr_par' dir='ltr' id='par_1_116' title="bbox 980 2685 1774 2725">
     <span class='ocr_line' id='line_1_116' title="bbox 980 2685 1774 2725; baseline -0.01 -5"><span class='ocrx_word' id='word_1_844' title='bbox 980 2697 1006 2720; x_wconf 87' lang='lat' dir='ltr'><strong>et</strong></span> <span class='ocrx_word' id='word_1_845' title='bbox 1029 2692 1142 2725; x_wconf 82' lang='lat' dir='ltr'><strong>insuper</strong></span> <span class='ocrx_word' id='word_1_846' title='bbox 1166 2690 1249 2717; x_wconf 87' lang='lat' dir='ltr'><strong>etiam</strong></span> <span class='ocrx_word' id='word_1_847' title='bbox 1269 2688 1465 2720; x_wconf 87' lang='lat' dir='ltr'><strong>criminantes,</strong></span> <span class='ocrx_word' id='word_1_848' title='bbox 1488 2685 1593 2713; x_wconf 90' lang='lat' dir='ltr'><strong>videbis</strong></span> <span class='ocrx_word' id='word_1_849' title='bbox 1613 2685 1694 2720; x_wconf 78' lang='lat' dir='ltr'><strong>juxta</strong></span> <span class='ocrx_word' id='word_1_850' title='bbox 1714 2685 1774 2712; x_wconf 89' lang='lat' dir='ltr'><strong>illos</strong></span> 
     </span>
    </p>
   </div>
   <div class='ocr_carea' id='block_1_117' title="bbox 979 2732 1772 2772">
    <p class='ocr_par' dir='ltr' id='par_1_117' title="bbox 979 2732 1772 2772">
     <span class='ocr_line' id='line_1_117' title="bbox 979 2732 1772 2772; baseline -0.01 -6"><span class='ocrx_word' id='word_1_851' title='bbox 979 2736 1205 2772; x_wconf 88' lang='lat' dir='ltr'><strong>contemptissimi</strong></span> <span class='ocrx_word' id='word_1_852' title='bbox 1218 2735 1357 2763; x_wconf 83' lang='lat' dir='ltr'><strong>Creatoris</strong></span> <span class='ocrx_word' id='word_1_853' title='bbox 1367 2733 1466 2760; x_wconf 81' lang='lat' dir='ltr'><strong>Filium</strong></span> <span class='ocrx_word' id='word_1_854' title='bbox 1481 2732 1627 2760; x_wconf 87' lang='lat' dir='ltr'><strong>Dominum</strong></span> <span class='ocrx_word' id='word_1_855' title='bbox 1646 2738 1772 2760; x_wconf 84' lang='lat' dir='ltr'><strong>nostrum</strong></span> 
     </span>
    </p>
   </div>
   <div class='ocr_carea' id='block_1_118' title="bbox 980 2778 1770 2814">
    <p class='ocr_par' dir='ltr' id='par_1_118' title="bbox 980 2778 1770 2814">
     <span class='ocr_line' id='line_1_118' title="bbox 980 2778 1770 2814; baseline -0.013 -1"><span class='ocrx_word' id='word_1_856' title='bbox 980 2786 1074 2814; x_wconf 81' lang='lat' dir='ltr'><strong>Jesum</strong></span> <span class='ocrx_word' id='word_1_857' title='bbox 1088 2782 1238 2810; x_wconf 89' lang='lat' dir='ltr'><strong>Christum.</strong></span> <span class='ocrx_word' id='word_1_858' title='bbox 1255 2779 1333 2813; x_wconf 85' lang='lat' dir='ltr'><strong>Quod</strong></span> <span class='ocrx_word' id='word_1_859' title='bbox 1357 2780 1379 2806; x_wconf 91' lang='lat' dir='ltr'><strong>si</strong></span> <span class='ocrx_word' id='word_1_860' title='bbox 1397 2779 1459 2814; x_wconf 90' lang='lat' dir='ltr'><strong>quis</strong></span> <span class='ocrx_word' id='word_1_861' title='bbox 1475 2778 1643 2811; x_wconf 87' lang='lat' dir='ltr'><strong>reluctatur,</strong></span> <span class='ocrx_word' id='word_1_862' title='bbox 1666 2782 1694 2804; x_wconf 91' lang='lat' dir='ltr'><strong>et</strong></span> <span class='ocrx_word' id='word_1_863' title='bbox 1718 2785 1770 2804; x_wconf 88' lang='lat' dir='ltr'><strong>non</strong></span> 
     </span>
    </p>
   </div>
   <div class='ocr_carea' id='block_1_119' title="bbox 192 2846 882 2888">
    <p class='ocr_par' dir='ltr' id='par_1_119' title="bbox 192 2851 869 2888">
     <span class='ocr_line' id='line_1_119' title="bbox 192 2851 869 2888; baseline 0.007 -10"><span class='ocrx_word' id='word_1_864' title='bbox 192 2851 239 2888; x_wconf 23' lang='lat'><strong>&quot;7|</strong></span> <span class='ocrx_word' id='word_1_865' title='bbox 253 2852 318 2888; x_wconf 79' lang='lat' dir='ltr'><strong>Cor.</strong></span> <span class='ocrx_word' id='word_1_866' title='bbox 338 2862 382 2886; x_wconf 63' lang='lat' dir='ltr'><strong>sv,</strong></span> <span class='ocrx_word' id='word_1_867' title='bbox 397 2855 442 2881; x_wconf 63' lang='lat'><strong>9.9..</strong></span> <span class='ocrx_word' id='word_1_868' title='bbox 482 2856 504 2874; x_wconf 71' lang='grc'><strong>³⁸</strong></span> <span class='ocrx_word' id='word_1_869' title='bbox 517 2855 615 2887; x_wconf 71' lang='grc' dir='ltr'><strong>Ειίιειι,</strong></span> <span class='ocrx_word' id='word_1_870' title='bbox 632 2864 727 2887; x_wconf 71' lang='lat' dir='ltr'><strong>xxvnt,</strong></span> <span class='ocrx_word' id='word_1_871' title='bbox 743 2857 810 2883; x_wconf 73' lang='grc' dir='ltr'><strong>12οι</strong></span> <span class='ocrx_word' id='word_1_872' title='bbox 829 2857 869 2883; x_wconf 71' lang='lat' dir='ltr'><strong>IS.</strong></span> 
     </span>
    </p>
   </div>
   <div class='ocr_carea' id='block_1_120' title="bbox 1018 2846 1767 2888">
    <p class='ocr_par' dir='ltr' id='par_1_120' title="bbox 1018 2846 1767 2888">
     <span class='ocr_line' id='line_1_120' title="bbox 1018 2846 1767 2888; baseline -0.011 -5"><span class='ocrx_word' id='word_1_873' title='bbox 1018 2863 1067 2888; x_wconf 62' lang='grc' dir='ltr'><strong>ειν,</strong></span> <span class='ocrx_word' id='word_1_874' title='bbox 1086 2854 1126 2882; x_wconf 67' lang='grc'><strong>12.</strong></span> <span class='ocrx_word' id='word_1_875' title='bbox 1166 2854 1188 2870; x_wconf 69' lang='grc'><strong>⁸⁵</strong></span> <span class='ocrx_word' id='word_1_876' title='bbox 1199 2852 1264 2881; x_wconf 85' lang='lat' dir='ltr'><strong>Luc.</strong></span> <span class='ocrx_word' id='word_1_877' title='bbox 1279 2859 1306 2886; x_wconf 81' lang='lat' dir='ltr'><strong>x,</strong></span> <span class='ocrx_word' id='word_1_878' title='bbox 1323 2851 1363 2879; x_wconf 82' lang='grc'><strong>18.</strong></span> <span class='ocrx_word' id='word_1_879' title='bbox 1403 2849 1424 2866; x_wconf 69' lang='grc'><strong>⁵⁵</strong></span> <span class='ocrx_word' id='word_1_880' title='bbox 1440 2849 1518 2877; x_wconf 82' lang='lat' dir='ltr'><strong>Joan.</strong></span> <span class='ocrx_word' id='word_1_881' title='bbox 1535 2856 1561 2880; x_wconf 88' lang='lat' dir='ltr'><strong>v,</strong></span> <span class='ocrx_word' id='word_1_882' title='bbox 1579 2847 1621 2876; x_wconf 84' lang='lat' dir='ltr'><strong>l7.</strong></span> <span class='ocrx_word' id='word_1_883' title='bbox 1660 2847 1683 2864; x_wconf 81' lang='lat'><strong>&#39;°</strong></span> <span class='ocrx_word' id='word_1_884' title='bbox 1703 2846 1767 2875; x_wconf 74' lang='lat' dir='ltr'><strong>Luc.</strong></span> 
     </span>
    </p>
   </div>
   <div class='ocr_carea' id='block_1_121' title="bbox 141 2887 882 2925">
    <p class='ocr_par' dir='ltr' id='par_1_121' title="bbox 141 2887 882 2925">
     <span class='ocr_line' id='line_1_121' title="bbox 141 2887 882 2925; baseline 0.004 -11"><span class='ocrx_word' id='word_1_885' title='bbox 141 2894 176 2914; x_wconf 87' lang='lat' dir='ltr'><strong>tv.</strong></span> <span class='ocrx_word' id='word_1_886' title='bbox 216 2887 236 2903; x_wconf 90' lang='lat'><strong>&quot;</strong></span> <span class='ocrx_word' id='word_1_887' title='bbox 257 2887 355 2916; x_wconf 73' lang='lat' dir='ltr'><strong>Ezech.</strong></span> <span class='ocrx_word' id='word_1_888' title='bbox 381 2898 399 2923; x_wconf 84' lang='lat' dir='ltr'><strong>t,</strong></span> <span class='ocrx_word' id='word_1_889' title='bbox 421 2890 443 2916; x_wconf 90' lang='lat' dir='ltr'><strong>l.</strong></span> <span class='ocrx_word' id='word_1_890' title='bbox 484 2891 505 2907; x_wconf 88' lang='lat'>&quot;</span> <span class='ocrx_word' id='word_1_891' title='bbox 522 2890 605 2919; x_wconf 84' lang='lat' dir='ltr'><strong>lCor.</strong></span> <span class='ocrx_word' id='word_1_892' title='bbox 620 2900 637 2918; x_wconf 91' lang='grc' dir='ltr'>ι.</span> <span class='ocrx_word' id='word_1_893' title='bbox 675 2892 696 2906; x_wconf 79' lang='grc'><strong>⁵⁵</strong></span> <span class='ocrx_word' id='word_1_894' title='bbox 711 2893 761 2919; x_wconf 75' lang='lat' dir='ltr'><strong>lsa.</strong></span> <span class='ocrx_word' id='word_1_895' title='bbox 777 2899 824 2925; x_wconf 87' lang='lat' dir='ltr'><strong>vn,</strong></span> <span class='ocrx_word' id='word_1_896' title='bbox 842 2892 882 2920; x_wconf 75' lang='lat' dir='ltr'><strong>li.</strong></span> 
     </span>
    </p>
   </div>
  </div>
