1882 3052
93 124 147 153 673

96 182 153 210 vult
167 189 226 217 qua:
239 183 438 218 exposuimus,
461 182 538 217 quasi
565 182 735 218 prophetiam
756 184 888 217 recipere,
904 184 926 211 Α

94 236 214 263 quaeram
229 228 263 255 ab
274 236 307 255 eo
323 237 372 256 cur
389 229 519 263 scriptum
536 232 578 256 cst
604 229 631 255 in
657 228 797 256 tricesimo
816 235 888 254 anno

94 275 154 301 vitae
168 274 316 302 Ezechielis
330 279 438 309 apertos
452 274 538 302 fuisse
552 275 647 307 caelos,
663 279 690 301 ct
706 274 806 301 vidisse
824 282 886 300 eum

93 328 139 348 eas
161 321 282 347 visiones
300 328 361 355 quin
381 322 408 348 in
428 321 497 348 libro
521 322 580 356 ejus
607 321 790 348 continuentur.
817 320 886 353 Quid

93 366 158 392 mihi
176 367 288 399 prodest
299 374 433 393 annorum
449 374 590 397 numerus,
600 365 651 393 nisi
665 366 726 397 hoc,
745 365 886 392 utdiscum

91 411 234 439 tricesimo
249 420 323 439 anno
335 418 362 440 et
371 412 503 440 Salvatori
516 418 542 440 et
556 413 694 448 prophetae
705 413 789 440 caelos
802 414 887 441 fuisse

89 462 241 490 reseratas,
259 463 286 485 et
307 459 474 493 spiritalibus
494 459 623 493 spiritalia
642 467 823 493 comparans,
841 468 887 487 co-

91 510 222 536 gnoscam
241 504 366 530 universa
382 511 443 538 quae
459 505 560 538 scripta
580 505 661 535 sunt',
680 504 801 538 ejusdem
825 513 887 532 esse

91 548 138 575 Dei
155 550 320 576 sermones?
333 549 438 584 Quippe
456 550 532 576 verba
546 550 704 584 sapientia»:
723 555 751 576 ut
771 551 884 582 stimuli,

88 599 113 620 et
129 595 211 629 quasi
227 595 294 621 clavi
304 595 332 622 in
348 596 432 622 altum
446 596 556 630 conﬁsi,
571 597 633 631 quia
651 596 885 631 compunguutibns

89 642 147 668 dati
161 646 223 668 sunt
236 650 252 668 α
267 647 373 676 pastore
384 649 435 668 uno
455 642 488 667 “.
509 641 564 677 Ego
580 647 606 669 ct
622 642 673 670 hoc
690 643 761 677 quod
787 642 886 669 dicitur

88 687 116 713 in
131 693 231 722 quarto
244 695 330 714 mense
346 688 439 722 quinta
452 689 557 720 mensis,
579 688 656 723 juxta
679 688 884 723 possibilitatem

88 741 190 760 sensus
205 734 257 759 mei
279 733 463 768 investigatis,
482 741 578 767 precor
596 742 610 761 a
635 734 691 761 Deo
715 739 743 761 ut
766 735 883 769 idipsum

89 779 194 812 possim
214 778 363 813 intelligere
379 778 449 813 quod
465 778 668 813 St-ripturarum
684 780 744 814 ejus
760 780 885 815 congruit

89 824 236 851 voluntati.
265 823 357 851 Novus
384 832 473 851 annos
499 825 622 852 imminet
641 825 697 860 jam
721 826 839 858 Jndzeis,
859 832 885 854 ct

89 870 198 905 primus
223 870 327 898 mensis
351 871 421 906 apud
444 879 495 897 eos
515 879 529 898 a
551 872 612 898 novi
633 872 696 899 anni
725 878 885 900 numeratur

89 917 216 944 exordio.
233 917 330 952 Agitur
345 922 435 943 autem
449 916 553 944 Pascha
569 917 601 944 de
613 926 727 945 numero
737 919 796 945 novi
808 920 883 947 anui.

92 960 261 994 Principium
279 963 406 988 mensium
420 962 469 988 iste
483 962 554 989 robi:
574 963 622 989 erit
638 964 665 990 in
690 964 820 991 mensibus
838 973 886 992 an-

89 1006 116 1032 ui
129 1006 164 1032 ".
181 1006 224 1033 Ab
243 1007 295 1033 hoc
311 1014 384 1033 anno
403 1015 514 1034 numera
533 1008 598 1034 mihi
610 1013 737 1042 quartum
751 1017 883 1043 mensem,

88 1056 116 1078 et
126 1051 249 1086 intelligo
265 1052 431 1087 baptizatum
446 1051 538 1079 Jesum
555 1053 580 1080 iu
597 1059 695 1087 quarto
712 1063 805 1082 mense
820 1056 883 1083 novi

89 1097 163 1124 anni.
183 1097 222 1124 Eo
237 1099 308 1124 enim
328 1106 421 1125 mense
433 1099 478 1133 qui
496 1099 566 1133 apud
583 1099 721 1127 Romanos
736 1101 883 1129 Ianuarius

89 1149 276 1179 nuncupatur,
289 1145 457 1179 baptismum
472 1145 579 1173 Domini
594 1146 695 1174 factum
709 1154 771 1174 esse
782 1155 884 1183 cogno-

88 1191 205 1223 scimus,
221 1191 266 1225 qui
282 1195 325 1218 est
342 1193 443 1219 mensis
453 1197 569 1226 quartus
584 1193 618 1220 ab
634 1200 706 1220 anno
724 1194 883 1228 novojuxta

88 1238 312 1271 supputationem
329 1236 514 1264 Ilebrzcorum.
530 1237 562 1265 Et
574 1238 638 1272 quia
650 1238 683 1265 de
695 1243 814 1273 quatuor
828 1240 883 1266 ele-

88 1283 190 1310 mentis
203 1283 298 1309 mundi
314 1283 468 1310 subsistens
487 1290 587 1318 corpus
601 1289 799 1318 assumpserat,
813 1284 883 1311 reci-

87 1329 167 1364 piens
187 1328 270 1356 etiam
287 1337 385 1356 sensus
407 1330 560 1359 humanos.
587 1330 647 1357 ideo
670 1329 783 1357 forsitan
804 1336 831 1357 et
854 1333 881 1358 in

87 1380 186 1410 quarto
202 1383 305 1407 mense,
319 1380 346 1402 et
370 1375 396 1402 in
417 1376 514 1410 quinto
535 1375 579 1403 die
594 1376 696 1403 mensis
709 1381 751 1403 est
766 1376 881 1404 intuitus

88 1422 237 1449 visionem.

122 1468 149 1494 5.
169 1467 203 1493 Et
216 1475 263 1502 ego
277 1475 348 1494 erant
362 1468 387 1494 in
404 1467 488 1494 medio
500 1467 673 1501 captivitatis.
689 1466 802 1495 Videtur
813 1467 879 1494 mihi

87 1514 216 1545 ironicib;
227 1514 330 1541 dictum
346 1523 352 1540 :
371 1513 404 1540 Et
417 1522 462 1548 ego
477 1522 549 1540 eram
563 1514 590 1540 in
605 1513 689 1540 medio
704 1514 877 1548 captivitatis.
894 1524 915 1552 ο

86 1561 120 1588 Et
134 1569 185 1596 ego
201 1570 208 1587 :
223 1561 301 1596 quasi
315 1560 338 1587 si
351 1559 510 1594 dicatjnxta
527 1560 670 1586 historiam
687 1560 796 1594 quidem
815 1568 880 1595 pro-

86 1607 179 1641 pheta,
193 1611 220 1633 et
235 1614 285 1641 ego
306 1605 353 1641 qui
378 1613 430 1632 non
452 1606 565 1632 tenebar
585 1605 612 1632 in
632 1606 751 1640 peccatis
775 1606 879 1640 populi,

85 1661 161 1680 eram
181 1654 207 1679 in
222 1653 311 1680 medio
326 1652 490 1687 captivitatis
510 1652 606 1686 :juxla
619 1652 773 1686 allegoriam
789 1657 878 1679 autem

85 1699 223 1731 Christus,
242 1703 269 1726 et
285 1706 336 1733 ego
348 1698 408 1724 vcui
425 1698 452 1724 in
468 1698 557 1725 locum
572 1698 748 1732 captivitatis.
766 1699 827 1725 veni
846 1699 879 1725 ad

86 1753 134 1771 ros
151 1745 230 1776 lines,
245 1744 291 1771 ubi
307 1743 389 1777 servi,
405 1743 449 1770 ubi
462 1743 561 1778 captivi
572 1744 773 1771 detinebantur.
792 1743 881 1771 Habes

86 1791 243 1818 istiusmodi
260 1790 409 1817 Salvator-is
424 1791 513 1817 nostri
525 1798 608 1817 voces
625 1790 651 1817 in
669 1791 817 1825 prophetis,
835 1791 879 1818 in—

85 1838 225 1873 dignantis
241 1837 305 1872 quia
324 1845 376 1863 nou
401 1837 534 1864 l'uciamus
553 1836 636 1872 358
656 1837 781 1864 homines
799 1837 879 1872 digna

84 1883 290 1918 dispensatione
303 1882 374 1917 ejus,
390 1886 416 1908 et
427 1883 544 1909 maxime
559 1890 609 1909 nos
623 1883 669 1917 qui
684 1883 709 1909 in
724 1889 785 1909 eum
801 1887 877 1917 puta-

85 1938 148 1957 mur
161 1930 282 1956 credere.
296 1928 366 1955 Dicit
377 1929 476 1963 quippe
491 1929 524 1955 ad
534 1928 641 1955 Patrem
656 1936 735 1955 suum
752 1929 775 1944 "
791 1938 796 1955 :
814 1928 879 1960 Qua:

84 1977 191 2004 utilitas
209 1977 236 2002 in
251 1976 380 2009 sanguine
394 1983 459 2008 meo,
471 1974 534 2001 dum
549 1974 677 2001 descendo
689 1975 716 2000 in
730 1974 879 2007 corruptio-

85 2024 161 2051 nem?
177 2022 308 2057 Nunquid
322 2021 490 2056 confitebitur
508 2021 555 2048 tibi
570 2022 667 2056 pulvis,
679 2026 725 2048 aut
739 2022 880 2048 annuntia-

83 2070 123 2097 lrit
140 2070 279 2096 veritatem
293 2069 380 2095 tuam?
396 2068 509 2095 Invenio
521 2076 631 2103 quoque
644 2073 671 2095 et
685 2068 766 2095 aliam
786 2067 878 2095 istius-

84 2114 161 2142 modi
177 2121 284 2146 vocem,
297 2121 358 2148 quae
372 2121 404 2140 ex
418 2113 567 2140 Salvatoris
580 2113 664 2140 nostri
682 2121 796 2148 persona
811 2113 879 2140 dici-

84 2165 129 2188 tur
143 2167 193 2195 per
208 2161 369 2195 prophetam
385 2164 551 2195 qumrentem
568 2160 675 2187 autimas
691 2160 784 2194 plenas
796 2160 877 2194 justi-

84 2206 138 2238 tiae,
154 2205 248 2240 plenas
263 2213 394 2232 sensuum
413 2205 580 2238 divinorum,
603 2205 696 2240 plenas
718 2208 874 2232 sanctorum

83 2251 236 2283 fructuum,
250 2256 278 2278 et
293 2255 446 2285 quaerentes
465 2251 586 2278 veritatis
603 2258 683 2277 veros
702 2250 806 2282 botros,
830 2251 875 2277 sed

83 2297 268 2324 imcnientem
282 2297 414 2332 plurimos
431 2301 587 2331 peccatores
599 2301 626 2323 et
638 2295 772 2323 iul'craccs
792 2296 878 2322 botto-

83 2350 157 2372 rum,
170 2342 312 2369 etidcirco
325 2342 459 2368 dicentem
472 2342 494 2357 ⁸⁷
516 2351 521 2367 :
539 2341 598 2367 Heu
620 2341 683 2367 mihi
701 2342 763 2376 quia
789 2342 876 2376 [actus

82 2393 140 2411 sum
153 2386 221 2411 sicut
237 2386 282 2420 qui
296 2385 396 2420 colligit
415 2386 541 2420 stipulam
554 2386 581 2411 in
600 2393 692 2416 messe,
708 2390 732 2412 et
745 2386 812 2412 sicut
833 2394 877 2412 ra-

82 2439 168 2458 cemos
183 2431 211 2457 in
225 2431 368 2464 vindemia,
381 2431 415 2458 ad
427 2440 507 2466 quant
521 2441 572 2458 non
593 2433 707 2464 supersit
729 2433 819 2459 bolrus
842 2434 876 2459 ad

81 2478 301 2504 manducandum
313 2478 456 2512 primitiva.
471 2477 527 2505 Heu
542 2479 618 2505 mihi.
631 2478 708 2511 Quod
720 2479 820 2506 dicitur
829 2480 878 2506 ltcu

82 2524 159 2557 milii,
181 2532 236 2551 non
255 2529 298 2551 est
312 2524 485 2559 primogeniti
500 2524 584 2551 totius
600 2530 742 2555 creaturax
758 2533 813 2551 non
836 2530 878 2552 est

82 2570 236 2598 divinitatis
248 2578 312 2602 vox,
329 2571 375 2597 sed
391 2571 517 2597 humanae
530 2570 629 2597 anima:
639 2579 719 2605 quam
738 2572 856 2606 suscepit
869 2581 875 2599 :

81 2618 155 2645 unde
168 2617 250 2644 infert
266 2617 288 2633 "
304 2626 310 2643 :
335 2616 394 2643 Ileu
411 2617 475 2642 milii
488 2637 495 2648 ,
517 2617 607 2642 anima
630 2625 696 2648 mea,
715 2617 778 2651 quia
800 2618 877 2651 periit

80 2668 242 2690 t'crerlensa
264 2668 345 2694 terra,
364 2668 387 2689 et
403 2663 448 2697 qui
469 2663 585 2696 corrigat
603 2663 671 2689 inter
691 2663 806 2690 homines
825 2672 876 2690 non

80 2713 130 2736 est.
152 2708 249 2736 Omnes
265 2709 291 2735 in
304 2708 431 2742 sanguine
442 2707 612 2742 judicanlur,
627 2708 803 2743 unusquisque
816 2716 878 2742 pro-

893 2192 915 2220 D

411 2812 435 2828 ⁸⁵
448 2811 536 2839 Exod.
556 2819 604 2839 xv.
623 2811 650 2838 2.

115 2814 139 2830 ”
154 2813 245 2841 Eccle.
263 2821 314 2845 xu,
329 2813 372 2840 ll.
411 2813 435 2828 ⁸⁵
448 2813 536 2839 Exod.
556 2819 599 2838 xv.

119 2849 170 2876 lsa.
195 2856 270 2883 xuv,
293 2848 321 2875 4.
377 2847 398 2863 ⁶¹
414 2847 515 2883 Ephes.
529 2854 565 2879 tv,
583 2846 599 2873 8

82 2849 106 2866 '°
119 2849 170 2876 lsa.
195 2856 270 2883 xuv,
293 2848 321 2875 4.

819 122 963 152 HOMILIA
981 124 1002 151 1.

691 2811 713 2826 ⁵⁸
726 2810 799 2838 Psal.
818 2819 892 2843 nix,
909 2812 952 2838 10.

650 2846 671 2862 ε’
687 2845 782 2874 Matth.
802 2855 877 2880 xrtn,
898 2847 940 2874 lU.

1679 127 1734 154 6N

940 181 1042 207 :rimum
1053 189 1130 208 suum
1149 183 1271 210 tribulat.
1290 181 1352 210 llzec
1365 182 1467 210 idcirco
1486 189 1636 212 memorata
1657 191 1732 217 sunt,

939 227 1002 262 quia
1017 228 1052 255 ait
1071 229 1214 263 prophetes
1225 231 1238 256 ':
1258 229 1292 256 Et
1305 238 1350 264 ego
1364 237 1437 256 eram
1451 230 1479 256 in
1494 230 1578 256 medio
1591 232 1734 264 captivita-

940 274 973 299 tis
980 273 1061 307 juxta
1073 275 1170 308 ﬂumen
1185 275 1300 308 Chobar,
1317 275 1390 310 quod
1409 275 1602 310 interpretatur
1615 278 1734 311 gravitu-

939 319 982 345 do.
999 318 1096 346 Gravis
1111 325 1202 347 autent
1217 326 1258 348 est
1275 321 1355 356 hujus
1372 321 1463 348 saeculi
1479 321 1592 354 ﬂuvius,
1617 321 1689 348 sicut
1707 325 1735 349 et

939 365 1002 391 alibi
1019 371 1126 393 sacrate
1136 367 1245 394 dicitur.
1264 367 1383 402 Etjuxta
1401 368 1539 402 simplices
1554 375 1664 403 quoque
1694 368 1735 395 hi-

938 410 1050 437 storiam
1080 411 1195 446 explicat
1211 413 1305 447 :juxta
1331 421 1378 440 eos
1416 421 1480 440 vero
1503 414 1549 448 qui
1576 415 1735 448 spiritaliter

939 455 1096 491 Scripturas
1108 458 1233 488 audiunt,
1247 459 1280 485 de
1290 459 1381 485 anima
1397 459 1543 494 signiﬁcat,
1558 468 1619 494 qua:
1634 460 1660 486 in
1673 461 1735 488 vitae

939 502 1019 529 istius
1037 504 1162 531 inciderit
1185 505 1319 532 turbines.
1343 504 1429 540 Super
1448 506 1561 540 [Iuntina
1587 505 1733 540 Babylonis

938 549 975 574 ibi
988 549 1103 575 sedimus
1122 555 1147 575 et
1169 550 1288 584 ﬂet-imus
1307 550 1370 576 dunt
1392 552 1591 577 recordaremur
1615 551 1689 582 Sion,
1705 551 1733 577 in

937 593 1066 620 salicibus
1085 595 1111 620 in
1129 596 1213 621 medio
1230 595 1286 630 ejus
1305 596 1488 630 "inpendimus
1508 605 1607 630 organa
1628 602 1731 630 nostra,

937 639 1000 673 quia
1017 639 1073 666 illic
1090 641 1320 675 interrogaverunt
1342 650 1388 668 nos
1404 643 1449 676 qui
1468 643 1584 677 crtptivos
1598 644 1733 670 duxerunt

938 694 995 717 nos,
1009 686 1086 712 verba
1101 688 1265 714 canticorum
1277 688 1311 714 '9.
1325 689 1361 714 Ita
1373 693 1437 715 sunt
1449 688 1560 715 llumina
1574 689 1731 725 Babylonis,

935 731 1012 765 juxta
1030 740 1090 766 qua:
1112 733 1237 759 sedentes
1257 738 1284 760 et
1310 734 1516 761 reminiscentes
1533 735 1627 769 patria:
1648 737 1732 762 caele-

937 779 997 810 stis,
1016 778 1107 813 lugcnt
1123 784 1204 813 atque
1217 780 1369 814 (li-plorant,
1385 780 1430 806 ubi
1444 781 1615 815 suspendunt
1627 789 1728 816 organa

937 831 996 854 sua,
1024 824 1051 850 in
1069 824 1200 851 salicibus
1229 825 1295 859 h-gis
1317 830 1342 851 rt
1363 827 1554 860 mysteriorum
1577 825 1634 854 Dei.
1657 827 1732 855 Scri-

914 857 1012 904 ‘ptum
1029 875 1070 896 est
1091 871 1117 897 in
1142 871 1261 905 quodam
1281 871 1364 903 libro,
1388 872 1451 905 quia
1477 872 1609 907 salignam
1634 881 1731 901 omnes

937 916 1078 943 credentes
1092 917 1227 951 accipiant
1244 924 1385 943 coronam.
1400 916 1434 943 Et
1448 917 1474 944 in
1490 916 1557 944 lsaia
1573 917 1674 944 dicitur
1684 918 1729 946 “z

938 960 1045 987 Orietur
1055 962 1130 996 quasi
1146 962 1172 987 in
1186 962 1272 988 int-dio
1290 969 1366 996 aqua:
1390 962 1479 996 {citum
1490 983 1497 994 ,
1519 967 1542 988 et
1560 963 1631 989 salix
1652 971 1734 998 super

936 1015 1033 1041 aquam
1047 1008 1184 1041 ﬂuentem.
1201 1007 1232 1034 Et
1250 1009 1276 1034 in
1292 1008 1464 1034 solemnitate
1482 1007 1539 1041 Dei,
1558 1009 1669 1042 quando
1685 1013 1729 1035 ta-

936 1051 1081 1079 burnacula
1095 1053 1155 1087 ejus
1173 1059 1385 1087 componuntur,
1401 1054 1521 1087 salignas
1533 1061 1626 1080 ramos
1641 1054 1668 1081 in
1688 1059 1732 1081 ta-

935 1097 1146 1124 bernaculorum
1163 1098 1263 1124 lixione
1278 1099 1460 1125 constituunt.

970 1143 997 1170 ϐ.
1015 1142 1095 1170 Serus
1108 1144 1219 1178 [luvium
1231 1143 1346 1171 Chobar.
1364 1143 1449 1171 Secus
1463 1144 1563 1171 [lumen
1580 1145 1652 1172 istud
1667 1153 1730 1180 gra-

935 1189 1078 1216 vissimum
1095 1189 1199 1217 sa‘culi.
1219 1189 1253 1216 Et
1267 1190 1353 1228 aperti
1370 1195 1430 1216 sunt
1453 1190 1521 1217 mli.
1543 1191 1635 1218 Clausi
1649 1195 1729 1218 erant

935 1235 1007 1269 coeli,
1020 1240 1046 1262 et
1059 1235 1093 1262 ad
1111 1237 1258 1262 adventum
1272 1235 1372 1263 Christi
1387 1237 1472 1270 aperti
1484 1241 1558 1268 sunt,
1573 1241 1602 1262 ut
1621 1244 1728 1263 resera—

935 1281 969 1308 tis
983 1281 1036 1308 illis
1049 1281 1154 1308 veniret
1171 1289 1253 1315 super
1268 1288 1331 1308 eum
1348 1281 1468 1316 Spiritus
1486 1287 1598 1310 sanctus
1613 1283 1639 1310 in
1663 1291 1727 1318 spc-

933 1327 975 1354 cie
998 1327 1142 1354 columhaa.
1152 1326 1245 1361 Neque
1262 1327 1333 1354 enim
1352 1332 1458 1362 poterat
1469 1328 1501 1355 ad
1520 1336 1570 1356 nos
1586 1336 1726 1356 commea-

933 1379 962 1399 re
986 1372 1038 1399 nisi
1060 1372 1177 1407 primum
1189 1372 1223 1399 ad
1248 1380 1305 1400 sure
1322 1377 1426 1400 naturae
1439 1378 1593 1400 consortem
1610 1375 1727 1401 descen-

932 1419 1027 1445 disset.
1043 1419 1167 1445 Ascendit
1183 1418 1263 1446 Jesus
1280 1420 1306 1445 in
1327 1419 1422 1452 altum,
1436 1420 1567 1454 captivam
1582 1421 1659 1447 duxit
1679 1429 1728 1447 ca-

932 1465 1091 1498 ptivitatem,
1105 1465 1205 1498 accepit
1218 1466 1287 1491 dona
1300 1465 1327 1492 in
1339 1465 1500 1493 nominibus.
1517 1465 1571 1497 Qui
1583 1467 1726 1501 descendit,

932 1511 988 1545 ipse
1001 1515 1039 1537 cst
1054 1511 1100 1545 qui
1124 1511 1241 1537 asceiidit
1257 1519 1336 1545 super
1353 1518 1440 1537 ontnes
1460 1511 1537 1537 melas
1554 1518 1582 1537 ut
1606 1512 1728 1546 impleret

933 1557 1030 1584 omnia.
1049 1556 1082 1583 Et
1096 1557 1151 1591 ipse
1163 1557 1235 1584 dedit
1254 1558 1320 1584 alios
1333 1557 1477 1591 apostolos,
1492 1557 1560 1584 alios
1572 1558 1725 1592 prophetas,

932 1603 999 1629 alios
1010 1604 1194 1638 eoangelistas,
1211 1603 1279 1629 alios
1296 1608 1416 1638 pastores
1429 1608 1453 1630 et
1470 1603 1610 1638 magistros
1628 1605 1655 1630 in
1667 1613 1728 1639 per-

932 1650 1070 1684 fectionem
1084 1655 1237 1677 sanctorum
1257 1650 1289 1676 ".

969 1695 994 1723 7.
1015 1697 1107 1730 Aperti
1130 1700 1191 1722 sunt
1209 1695 1278 1723 cteli.
1299 1695 1358 1722 Non
1385 1695 1484 1723 sullicit
1509 1704 1592 1722 unum
1625 1701 1726 1724 ccetum

931 1742 1030 1776 aperiri
1048 1751 1055 1769 :
1075 1742 1235 1776 aperiuntur
1252 1742 1373 1776 plurimi,
1391 1748 1420 1769 ut
1436 1742 1604 1769 descendant
1618 1749 1671 1768 non
1689 1742 1726 1769 ab

932 1795 997 1820 uno,
1014 1787 1060 1815 sed
1078 1789 1112 1814 ab
1131 1787 1260 1814 omnibus
1277 1787 1354 1815 cmlis
1373 1788 1461 1823 angeli
1479 1789 1512 1815 ad
1533 1796 1580 1815 eos
1600 1788 1646 1823 qui
1669 1788 1724 1815 sal-

931 1834 1013 1861 vandi
1027 1838 1101 1861 sunt.
1121 1833 1214 1868 Angeli
1233 1833 1279 1868 qui
1294 1834 1476 1861 ascendebant
1489 1839 1516 1861 et
1527 1834 1727 1861 descendebant

931 1887 1014 1914 Super
1028 1879 1127 1906 Filium
1143 1879 1277 1912 hominis,
1295 1883 1322 1905 et
1341 1884 1517 1906 accesserunt
1538 1880 1570 1906 ad
1591 1887 1652 1906 eum
1665 1899 1674 1911 ,
1698 1885 1726 1906 o-t

931 1925 1124 1953 ministrabant
1138 1925 1174 1952 ei.
1191 1924 1396 1952 Dcscendcrunt
1417 1930 1508 1952 autem
1526 1926 1613 1959 angeli
1628 1945 1633 1954 .
1661 1926 1726 1959 quia

931 1973 1007 2008 prior
1031 1972 1208 1999 descenderat
1237 1971 1364 1998 Christus
1387 1976 1538 1998 metuent‘s
1558 1971 1726 1999 dcsrendere

931 2019 1088 2053 priusquam
1115 2017 1249 2044 Dominus
1269 2017 1399 2043 virtutum
1424 2017 1546 2043 omnium
1578 2023 1726 2052 rerumque

930 2064 1098 2099 praeciperet.
1116 2063 1231 2096 Quando
1249 2067 1339 2089 autem
1358 2063 1482 2089 viderunt
1500 2062 1649 2096 principem
1672 2063 1724 2089 mi-

930 2110 995 2137 litia:
1009 2109 1128 2137 ccelestis
1145 2109 1171 2136 in
1188 2109 1363 2136 terrestribus
1375 2108 1444 2135 locis
1459 2108 1637 2139 coriiiuorari,
1660 2113 1725 2136 tunc

929 2164 977 2192 per
991 2161 1111 2191 apertam
1128 2156 1200 2182 viam
1215 2156 1331 2191 ingressi
1347 2160 1410 2182 sunt
1422 2159 1567 2189 sequentes
1583 2154 1724 2182 dominum

933 2210 1026 2235 suum,
1041 2207 1067 2229 et
1086 2206 1211 2236 parentes
1227 2202 1356 2228 voluntati
1376 2202 1436 2236 ejus
1456 2201 1500 2236 qui
1525 2200 1664 2228 distribuit
1677 2207 1726 2227 eos

933 2249 1059 2276 custodes
1074 2249 1241 2275 credentium
1259 2248 1362 2275 nomini
1380 2255 1441 2274 suo.
1459 2247 1499 2274 Tu
1525 2248 1581 2275 heri
1600 2248 1651 2275 sub
1665 2248 1722 2275 dae»

932 2294 1025 2321 monio
1040 2301 1112 2326 eras,
1129 2293 1210 2320 hodie
1228 2293 1279 2320 sul)
1291 2293 1396 2328 angelo.
1417 2292 1516 2324 Nolite,
1532 2293 1620 2328 inquit
1634 2293 1726 2319 Domi-

932 2348 983 2367 nus
1000 2341 1199 2373 “,contemnere
1212 2348 1293 2366 unum
1308 2339 1339 2366 de
1356 2340 1471 2366 minimis
1486 2339 1546 2366 istis
1558 2339 1604 2374 qui
1618 2343 1682 2366 sunt.
1697 2340 1723 2366 in

930 2387 1062 2414 Ecclesia.
1078 2386 1161 2413 Amen
1178 2386 1246 2412 enim
1260 2386 1319 2412 dico
1335 2386 1421 2419 vobis,
1443 2386 1505 2421 quia
1524 2385 1610 2421 angeli
1633 2393 1724 2412 eorum

929 2441 974 2467 per
982 2433 1070 2459 omnia
1083 2433 1167 2459 vident
1182 2432 1278 2466 [aciem
1293 2431 1383 2458 Patris
1396 2433 1441 2467 qui
1454 2436 1492 2458 est
1505 2431 1532 2458 in
1545 2431 1626 2458 cwlis.
1639 2430 1726 2458 Obsc.

929 2483 1049 2514 quuntur
1067 2479 1147 2505 saluti
1167 2482 1218 2504 tua:
1232 2478 1330 2512 angeli,
1351 2477 1473 2505 concessi
1491 2481 1556 2504 sunt
1581 2477 1613 2504 ad
1638 2476 1723 2503 mini-

929 2525 1042 2552 sterium
1060 2524 1120 2550 Filii
1138 2523 1195 2556 Dei,
1213 2527 1240 2550 ct
1254 2523 1348 2550 dicunt
1362 2524 1432 2550 inter
1450 2531 1479 2550 se
1495 2533 1501 2550 :
1516 2523 1537 2550 si
1554 2523 1597 2549 ille
1611 2523 1723 2549 desern-

930 2570 982 2602 dit,
998 2574 1024 2596 ct
1040 2569 1181 2596 descendit
1200 2569 1227 2595 in
1242 2577 1359 2604 corpus,
1382 2568 1403 2595 si
1422 2568 1530 2595 mortali
1555 2567 1666 2595 indutus
1681 2571 1723 2593 est

930 2623 1023 2647 carne,
1040 2619 1065 2642 ct
1079 2615 1210 2642 sustinuit
1227 2622 1347 2645 crucem,
1364 2618 1390 2640 et
1406 2621 1454 2648 pro
1469 2613 1626 2640 hominibus
1649 2620 1724 2639 mor—

931 2667 995 2688 tuus
1009 2665 1061 2692 cst,
1076 2660 1140 2693 quid
1157 2668 1206 2687 nos
1224 2660 1411 2695 quiescimus?
1434 2660 1497 2694 quid
1514 2659 1652 2694 parcimus
1669 2665 1721 2685 no—

931 2708 985 2735 bis?
1000 2707 1048 2733 Eia
1065 2715 1160 2734 omnes
1177 2707 1265 2742 angeli
1281 2707 1478 2734 descendamus
1492 2714 1506 2733 e
1521 2706 1603 2733 coelo.
1619 2704 1681 2731 ldro
1695 2707 1723 2732 et

1254 2811 1276 2826 ⁵⁵³
1295 2810 1360 2837 ibid.
1373 2810 1399 2837 2.

988 2811 1010 2827 ⁵⁷
1027 2810 1108 2838 Mich.
1126 2818 1175 2843 vn,
1189 2811 1214 2837 ‘l.
1254 2811 1276 2826 ⁵⁸
1295 2810 1360 2837 ibid.
1373 2810 1399 2837 2.
1439 2811 1461 2826 ⁵⁸
1480 2810 1551 2838 l’sal.
1570 2810 1720 2844 cunni.
