1882 3052
137 113 140 118 .
160 92 213 119 615

760 91 921 121 ORIGENIS
940 91 973 118 ΙΝ
993 90 1209 120 EZECHIELEM

1726 89 1778 117 676

159 149 304 177 multitudo
320 149 422 177 militia:
440 149 560 177 etnlestis
570 154 628 176 erat
640 149 808 176 laudantium
824 155 850 176 et
863 149 945 184 glori-
961 154 981 179 Λ
996 149 1106 182 quidam
1121 148 1158 175 dii
1176 147 1252 179 estis,
1271 147 1415 182 et'quidam
1430 155 1482 174 non
1496 146 1561 174 estis
1574 156 1582 180 ;
1599 154 1708 180 verum,
1721 155 1779 174 om-

158 194 299 222 ﬁcantium
316 194 534 230 Dcttmrquando
551 200 630 223 natus
645 200 686 222 est.
695 195 829 222 Christus.
844 195 942 222 Omnia

159 239 262 274 angelis
278 240 355 274 plena
367 245 441 272 sunt;
461 241 533 272 veni,
554 240 663 274 angele,
690 240 798 274 suscipe
815 247 942 267 sermone

157 293 320 313 conversum
335 286 369 313 ah
382 294 474 313 errore
490 286 613 320 pristino,
630 293 644 312 a
658 286 781 312 doctrina
794 286 942 313 daamonio-

157 339 230 364 rum,
245 332 279 358 ab
294 332 436 366 iniquitate
450 332 476 358 in
494 332 576 359 altum
590 332 717 366 loquente
732 336 777 358 :et
791 332 941 366 suscipiens

158 384 220 403 cum
239 377 316 410 quasi
333 377 454 404 medicus
477 377 564 404 bonus
585 376 699 404 confove
721 381 802 410 atque
819 377 944 404 institue:

158 423 287 457 parvulus
302 427 353 452 est,
370 422 450 449 hodie
471 423 592 449 nascitur
608 429 691 449 senex
717 429 912 455 repuorasccns
933 431 939 450 :

156 474 183 495 et
197 469 305 502 suscipe
321 468 442 494 tribuens
456 467 479 494 ei
496 467 659 501 baptismum
681 467 807 494 secundae
829 475 940 502 regene-

156 514 280 543 rationis.
299 518 325 540 ct
346 514 447 540 advoca
463 513 510 539 tibi
524 513 592 540 alios
610 513 701 539 socios
722 512 864 540 ministerii
891 513 940 544 tui,

157 563 187 586 ut
209 559 297 585 cuncti
323 559 423 592 pariter
439 565 486 585 eos
510 558 556 592 qui
579 558 727 592 aliquando
745 558 848 592 decepti
866 562 939 589 sttnt,

154 605 283 631 crndiatis
295 605 327 630 ad
340 604 428 630 Iidem.
444 603 576 631 Gaudium
588 605 655 631 enim
667 610 706 632 est
723 605 810 638 majus
823 605 850 631 in
867 605 938 632 caelis

153 658 229 684 super
244 658 324 675 unum
339 654 500 683 peccatorem
516 650 695 684 penitentiam
710 654 844 684 agentem.
861 657 940 683 quam

153 703 233 728 supra
256 696 400 729 nonaginta
419 703 508 721 novem
522 695 610 729 justas
630 695 725 730 quibus
746 703 798 722 non
815 699 853 721 est
875 703 938 729 opus

153 741 305 775 penitentia
319 741 351 768 ".
370 741 493 768 Exsultat
511 741 600 767 ntnnis
620 745 744 768 creatura
758 762 765 773 .
790 741 940 768 collactatur

151 792 179 813 et
193 786 331 821 applaudit
343 787 384 813 his
401 787 448 820 qui
464 786 588 813 salvandi
602 790 676 813 sunt.
694 785 760 814 Natu
780 787 939 820 exspectatio

151 838 280 859 creatura:
300 833 481 859 reuelationem
500 832 615 860 filiorum
639 833 686 859 Dei
705 837 835 866 exspectat
855 833 888 859 ⁶“.
907 831 939 859 Ει

153 879 217 906 licet
228 879 315 906 nolint
326 879 343 906 ii
356 879 402 914 qui
415 879 571 913 Scripturas
583 880 747 914 apostolicas
759 879 938 913 interpolave-

153 930 215 952 runt
233 926 385 953 istiusmodi
405 933 544 953 sermones
561 926 650 953 incsse
674 925 749 952 libris
762 933 857 952 eorum
878 925 939 959 qui-

153 971 203 998 bus
217 971 302 1006 possit
315 975 420 998 creator
434 971 559 997 Christus
571 971 727 1005 approbari,
741 974 880 1004 exspectat
897 974 938 997 ta-

153 1025 215 1044 men
231 1018 320 1045 omnis
330 1023 453 1044 creatura
473 1018 541 1044 lilios
559 1017 615 1047 Dei,
633 1016 742 1052 quando
760 1017 907 1043 liberentur
923 1024 937 1043 a

152 1063 262 1096 delicto,
279 1064 387 1098 quando
399 1063 557 1091 auferanlur
570 1063 603 1090 de
615 1062 707 1090 Zabuli
722 1070 815 1093 manu.
828 1062 937 1096 quando

153 1115 346 1145 regenercntur
358 1117 373 1137 a
386 1110 508 1137 Christo.
529 1109 627 1136 Verum
642 1109 699 1144 jam
716 1112 824 1143 tempus
839 1113 891 1140 est,
908 1112 938 1134 ιιι

151 1156 184 1183 de
197 1155 320 1190 praesenti
337 1155 396 1182 loco
422 1156 511 1190 aliqua
537 1160 691 1190 tangamus.
710 1153 782 1181 Vidit
808 1154 936 1188 propheta

152 1207 205 1226 non
218 1199 367 1232 visionem,
391 1200 436 1226 sed
461 1199 579 1226 visiones
603 1198 659 1226 Dei.
680 1198 773 1231 Quare
795 1206 849 1225 non
871 1198 937 1225 vidit

153 1250 233 1269 utinm
250 1262 257 1273 ,
286 1244 332 1270 sed
363 1243 495 1277 plurimas
525 1244 665 1271 viSioncs?
690 1243 759 1270 Audi
792 1243 935 1270 Dominum

151 1289 319 1324 pollicentem
334 1295 416 1324 atque
427 1290 559 1319 dicentem
578 1299 584 1317 :
602 1290 656 1325 Ego
668 1291 782 1319 risiones
805 1291 936 1325 multipli-

150 1336 207 1362 cavi
223 1337 256 1362 ⁸³.

185 1381 211 1408 8.
234 1381 332 1414 Quinta
354 1382 459 1409 mensis.
476 1381 525 1409 llic
541 1390 631 1410 annus
639 1383 753 1417 quintus
770 1383 937 1418 captivitatis

151 1428 223 1462 regis
239 1427 372 1454 .loachim.
387 1427 537 1455 Trieesimo
556 1433 629 1456 anno
643 1429 731 1456 anatis
745 1427 895 1457 Ezechielis
910 1433 937 1456 et

994 202 1042 220 nt-s
1057 194 1093 220 dii
1112 193 1189 220 estis.
1207 193 1234 218 Si
1250 190 1338 219 atilem
1368 193 1551 226 peccaveritis,
1572 193 1696 219 ausculta
1714 193 1779 227 quid

992 241 1134 274 sequitur:
1157 239 1205 266 Vas
1222 247 1280 265 cera
1300 243 1328 265 ut
1354 239 1469 265 homines
1487 240 1644 265 moriemini.
1661 238 1720 266 Non
1739 243 1779 267 est

993 285 1051 312 haec
1062 286 1140 320 culpa
1169 285 1291 311 vocantis
1315 285 1348 312 ad
1377 287 1503 317 salutem,
1537 293 1590 311 non
1623 285 1682 318 ipse
1698 292 1778 311 causa

993 331 1090 357 mortis
1104 330 1150 364 qui
1169 330 1263 356 invitat
1280 330 1313 356 ad
1341 330 1519 361 divinitatem,
1548 334 1575 356 et
1597 329 1630 356 ad
1661 330 1780 357 cmlestis

993 380 1097 403 naturtc
1114 376 1298 409 adoptionem,
1317 376 1363 402 sed
1382 375 1408 402 in
1427 379 1519 402 nostro
1545 380 1666 409 peccato,
1695 380 1722 402 et
1750 376 1779 402 in

991 427 1087 448 nostro
1103 422 1204 449 scelere
1225 421 1348 448 consistit
1375 421 1446 455 quod
1470 421 1589 447 dicitur:
1613 420 1662 446 Vos
1692 425 1779 447 autem

992 471 1019 492 ut
1034 467 1150 493 homines
1165 467 1322 498 moriemini,
1349 471 1373 492 et
1395 466 1471 500 quasi
1486 474 1552 492 unus
1566 466 1597 491 tle
1616 466 1780 500 prinripibus

992 511 1102 538 cadetis.
1118 511 1194 538 Multi
1209 511 1346 546 principes
1364 516 1452 541 erant.
1477 516 1504 538 ct
1522 519 1592 538 unus
1607 520 1638 537 ex
1661 512 1702 538 eis
1718 519 1778 538 ror—

992 558 1057 588 ruit,
1072 558 1104 585 dc
1116 566 1171 592 quo
1182 562 1208 584 ct
1224 558 1249 584 in
1268 557 1367 585 Genesi
1388 557 1518 584 scribitur
1532 558 1554 572 ⁸⁷
1575 566 1581 583 :
1604 557 1672 584 Ecce
1693 558 1779 583 Adam

991 605 1078 639 factus
1096 609 1145 635 est,
1165 612 1217 630 non
1231 604 1308 638 quasi
1322 611 1382 634 nos,
1395 603 1441 630 sed
1460 604 1536 638 quasi
1562 611 1629 629 unus
1645 611 1678 629 ea:
1693 604 1777 629 nol-is.

992 649 1061 685 Ergo
1074 650 1183 684 quando
1197 649 1318 684 peccavit
1333 649 1429 676 Adam.
1445 654 1509 676 tunc
1531 651 1619 676 laetus
1635 654 1680 677 est
1699 649 1777 684 quasi

992 703 1072 723 UllllS.

1027 743 1070 769 10,
1088 742 1121 769 Et
1135 743 1222 776 factus
1237 746 1274 769 est
1285 749 1370 768 sermo
1383 740 1489 767 Domini
1510 741 1544 769 ad
1561 741 1727 768 Ezechiele":
1742 742 1777 775 [i-

991 788 1055 814 lium
1074 788 1151 815 Buzi.
1177 788 1288 815 Etiamsi
1303 788 1336 816 de
1350 788 1489 816 Salvatore
1505 788 1561 814 lure
1572 788 1644 815 dicta
1659 787 1778 814 volucris

991 833 1151 867 intelligere,
1168 842 1202 861 ne
1215 835 1321 866 timeas,
1340 833 1420 860 habet
1434 839 1460 860 et
1483 833 1523 860 sic
1549 832 1678 865 allegoria
1701 832 1776 858 111114-

990 878 1088 906 lectum
1102 886 1181 906 suum
1196 888 1202 906 :
1221 880 1294 906 venit
1307 886 1397 906 sermo
1414 878 1521 905 Domini
1548 878 1580 904 ad
1602 885 1664 904 cum
1682 877 1728 911 qui
1744 877 1778 902 de

989 924 1091 958 virgine
1107 924 1278 955 nascebatur,
1295 925 1320 951 id
1337 929 1379 951 est
1391 924 1538 955 hominem,
1551 931 1641 950 scrmo
1669 930 1778 956 semper

988 968 1015 994 in
1028 967 1106 995 Patre
1121 976 1234 995 manens
1249 979 1255 996 :
1276 973 1305 995 ut
1321 969 1415 995 tierent
1430 972 1543 1002 utraque
1560 976 1657 999 unum,
1672 973 1701 995 et
1714 976 1779 994 con-

989 1015 1140 1041 sociaretur
1156 1015 1247 1046 homo,
1262 1023 1342 1049 quem
1360 1015 1395 1041 ob
1424 1019 1625 1041 sacramentum
1654 1019 1682 1040 ct
1700 1014 1774 1040 salu—

989 1063 1042 1086 tem
1062 1059 1194 1086 universzc
1210 1060 1387 1087 humanitatis
1411 1060 1544 1092 indueret,
1559 1059 1694 1085 divinitati
1717 1059 1776 1092 ejus

988 1109 1015 1132 et
1033 1110 1137 1133 naturae
1151 1106 1282 1142 unigeniti
1309 1106 1366 1134 Dei.
1388 1105 1488 1133 Factus
1511 1112 1549 1132 est
1566 1114 1651 1132 sermo
1671 1105 1776 1131 Domini

988 1151 1022 1179 ad
1051 1151 1214 1179 Etccltielem
1239 1152 1326 1186 ﬁlium
1358 1152 1440 1185 Buzi,
1466 1151 1627 1178 sacerdotem
1655 1151 1682 1177 in
1705 1157 1776 1177 tcrra

988 1198 1184 1226 Chaldworum.
1206 1198 1324 1226 Cltaltlmi
1350 1199 1384 1226 de
1418 1198 1575 1226 ctelestihus
1611 1198 1775 1231 disputant;

987 1243 1104 1271 Chaldaei
1120 1245 1272 1271 nativitates
1286 1245 1425 1273 hominum
1437 1243 1645 1270 ratiocinantur.
1658 1243 1689 1270 lu
1705 1249 1776 1270 Icrm

987 1289 1186 1318 Cltaldtvorum.
1205 1289 1289 1323 Quasi
1315 1291 1338 1317 si
1364 1290 1446 1322 dicat,
1464 1297 1558 1317 eorum
1586 1290 1632 1323 qui
1648 1293 1778 1326 asserunt

987 1336 1195 1368 fatum,corum
1226 1337 1273 1371 qui
1301 1344 1399 1364 causas
1419 1335 1604 1363 univcrsitatis
1635 1340 1774 1362 astrorum

988 1383 1104 1409 circuitu
1120 1382 1268 1408 vindicant.
1303 1381 1356 1408 Iste
1385 1389 1450 1415 ergo
1480 1389 1553 1408 nunc
1575 1388 1664 1412 error,
1682 1385 1709 1406 et
1724 1380 1775 1407 ista

988 1429 1086 1456 mentis
1102 1428 1265 1463 perversitas
1277 1427 1426 1462 ﬁguraliter
1444 1427 1470 1454 in
1487 1426 1678 1454 Chaldteorum
1704 1431 1775 1454 terra

151 1474 245 1508 quinto
255 1473 419 1508 captivitatis
430 1472 563 1505 Joachim.
575 1473 705 1508 propheta
717 1475 833 1503 mittitur
844 1475 878 1502 ad
888 1474 936 1502 «111-
950 1481 970 1508 c
988 1475 1165 1510 signiﬁcatur.
1194 1473 1229 1500 In
1265 1478 1336 1500 terra
1361 1473 1546 1500 Clmldworum
1575 1481 1648 1499 secus
1677 1473 1777 1506 [lumen

151 1517 233 1545 dtBDS.
248 1517 304 1545 Non
317 1519 440 1553 despexit
450 1519 678 1547 clementissimus
693 1525 778 1554 pater,
791 1527 841 1548 nec
855 1521 936 1555 longo

150 1569 272 1598 tempore
288 1564 513 1591 ineommonitnm
528 1564 656 1599 populum
673 1565 826 1600 dereliquit.
851 1565 934 1599 Quin-

150 1614 194 1635 tus
208 1613 248 1636 est
261 1616 360 1635 annus.
370 1608 506 1641 Quantum
525 1609 654 1643 temporis
670 1609 836 1636 intercessit?
848 1610 931 1642 Quin-

152 1661 204 1690 que
228 1654 292 1680 anni
321 1653 526 1681 interﬂuxcrunt
548 1662 581 1681 ex
603 1662 657 1689 quo
678 1655 774 1690 captivi
801 1656 934 1683 serviunt.

155 1699 252 1727 Statim
266 1699 406 1726 descendit
429 1699 548 1734 Spiritus
569 1703 681 1727 sanctus
694 1720 702 1731 ,
724 1700 806 1736 359
829 1702 937 1736 aperuit

151 1746 245 1777 caelos.
263 1750 291 1773 ut
303 1746 330 1773 hi
346 1746 392 1780 qui
410 1747 578 1781 captivitatis
591 1747 657 1782 jugo
671 1749 872 1782 premehantur,
895 1748 935 1775 vi-

150 1791 247 1819 derent
269 1798 301 1818 ea
327 1799 387 1826 quae
411 1791 572 1819 videbantur
602 1800 617 1819 a
651 1795 791 1827 propheta.
826 1793 935 1820 Dicente

151 1837 250 1872 quippe
263 1845 296 1865 eo
315 1847 322 1864 :
351 1837 382 1864 Et
400 1838 484 1872 aperti
499 1844 558 1865 sunt
574 1838 648 1870 mli.
672 1839 788 1873 quodam
807 1839 888 1866 modo
908 1844 935 1866 et

150 1882 202 1917 ipsi
221 1883 394 1910 intuebantur
408 1884 495 1911 oculis
510 1884 599 1914 cordis
615 1892 675 1920 qum
691 1885 734 1912 ille
752 1885 833 1913 etiam
847 1885 935 1913 oculis

149 1929 241 1956 carnis
251 1935 404 1963 aspexerat.

184 1973 211 2001 9.
230 1973 264 2000 Et
282 1974 368 2009 factus
379 1979 417 2002 est
428 1983 513 2002 sermo
533 1975 640 2002 Domini
661 1975 695 2002 ad
722 1974 883 2002 Ezecltielem
902 1975 936 2009 fi-

150 2019 215 2046 lium
238 2019 305 2046 Buzi
322 2020 495 2047 sacerdotem.
518 2020 613 2047 Sermo
638 2020 744 2047 Domini
758 2021 804 2055 qui
819 2021 845 2047 in
861 2021 936 2055 prin-

149 2066 220 2099 cipio
236 2070 294 2092 erat
305 2066 376 2099 apud
391 2065 475 2092 Deum
493 2065 599 2093 Patrem
617 2067 687 2093 Deus
705 2066 834 2097 Verbum,
844 2074 934 2094 sermo

149 2110 195 2143 qui
210 2109 351 2136 credentes
364 2109 445 2136 cllicit
465 2109 540 2136 deos.
567 2110 595 2136 Si
621 2110 693 2137 enim
713 2111 781 2137 dixit
795 2111 855 2138 illos
869 2111 935 2138 deos

988 1520 1102 1547 Cliobnr.
1119 1519 1153 1546 Et
1165 1520 1237 1554 facta
1248 1524 1285 1546 est
1311 1519 1367 1546 illic
1378 1527 1455 1552 super
1476 1526 1515 1545 me
1536 1527 1630 1545 manus
1658 1519 1776 1545 Domini.

988 1566 1020 1594 Et
1039 1574 1130 1594 sermo
1145 1566 1251 1593 Domini
1269 1565 1357 1592 lactus
1370 1571 1411 1592 cst
1439 1564 1470 1591 ad
1493 1564 1664 1599 prophetam,
1678 1568 1702 1590 el
1719 1571 1778 1590 ma-

987 1620 1040 1640 nus
1051 1617 1080 1639 ut
1091 1617 1117 1639 et
1131 1611 1209 1639 lactis
1226 1615 1370 1638 ornaretur
1381 1614 1409 1637 et
1424 1610 1523 1637 verbis.
1543 1609 1575 1636 Et
1589 1610 1642 1636 vidi
1652 1611 1776 1637 risiones.

987 1658 1084 1692 Aliqua
1099 1657 1291 1693 perstringam,
1309 1661 1336 1683 et
1346 1656 1409 1683 licet
1434 1663 1483 1690 pro
1497 1656 1623 1690 angustia
1643 1657 1777 1691 temporis

985 1711 1016 1730 ea
1053 1711 1114 1737 quae
1149 1702 1226 1734 dixi,
1259 1702 1365 1736 possint
1403 1701 1540 1733 sulliccrc.
1571 1706 1661 1729 tamen
1693 1703 1776 1730 ctiam

985 1749 1018 1776 de
1038 1753 1094 1775 toto
1113 1754 1227 1782 corpore
1241 1746 1353 1773 visionis
1365 1753 1471 1773 summa
1488 1753 1604 1780 qumque
1620 1745 1722 1773 libabo.

1021 1794 1064 1820 11.
1083 1793 1116 1820 Et
1133 1793 1196 1824 ridi,
1221 1797 1244 1819 et
1260 1800 1318 1818 ecce
1329 1792 1437 1826 spiritus
1467 1799 1574 1826 surgens
1600 1792 1715 1818 venirbat
1743 1792 1776 1818 ab

988 1839 1128 1874 Aquilone.
1155 1838 1301 1872 Diligenter
1333 1837 1475 1864 considera
1507 1844 1597 1863 rerum
1629 1845 1776 1864 numerum

986 1893 1048 1920 qua:
1057 1885 1206 1912 dicuntur:
1229 1884 1342 1918 spiritus
1359 1891 1473 1918 surgens
1496 1891 1553 1910 stve
1585 1882 1712 1909 auferens
1730 1891 1778 1909 ve-

987 1929 1077 1957 nit-bat
1093 1929 1127 1956 ab
1147 1929 1290 1963 Aquilone,
1307 1936 1369 1956 ecce
1383 1936 1435 1955 una
1457 1935 1510 1955 res.
1537 1927 1569 1954 Et
1584 1929 1664 1954 nubes
1679 1937 1777 1963 magna

985 1979 1042 2002 erat
1058 1974 1084 2000 in
1095 1982 1134 2006 eo,
1157 1982 1220 2000 ecce
1235 1974 1304 2000 dum.
1329 1972 1360 1999 Et
1373 1973 1495 2007 splendor
1519 1973 1546 1999 in
1566 1973 1680 1999 rit-cuitu
1697 1973 1776 2007 ejus,

985 2028 1049 2048 eece
1073 2025 1136 2047 tres.
1155 2019 1189 2047 Et
1205 2019 1272 2054 ignis
1290 2018 1431 2053 refulgens,
1455 2026 1519 2045 ecce
1544 2023 1673 2052 quatuor.
1695 2017 1727 2044 Et
1749 2019 1778 2045 in

986 2066 1072 2092 medio
1087 2065 1143 2100 ejus
1159 2066 1226 2091 sicut
1248 2065 1313 2092 visio
1337 2065 1426 2091 electri
1446 2064 1474 2091 in
1502 2064 1587 2091 medio
1608 2064 1686 2098 ignis,
1710 2071 1778 2091 ecce.

986 2110 1118 2144 quinque.
1137 2109 1168 2135 Et
1186 2109 1273 2136 lumen
1287 2109 1313 2135 in
1326 2116 1366 2141 eo,
1380 2115 1443 2135 ecce
1457 2115 1515 2135 sex.
1533 2108 1599 2135 Post
1622 2109 1680 2135 hwc
1699 2109 1778 2135 simi-

150 2154 183 2180 ad
200 2160 270 2188 quos
281 2161 371 2180 sermo
388 2153 436 2180 Dei
466 2153 554 2181 lactus
577 2160 628 2187 est,
643 2160 670 2181 et.
696 2163 750 2182 non
763 2160 851 2189 potest
867 2156 933 2183 solvi
950 2158 972 2185 ι)
986 2154 1071 2180 litudo
1093 2159 1207 2188 quatuor
1232 2153 1399 2184 animalium,
1417 2159 1442 2179 et
1470 2153 1534 2179 uisio
1556 2161 1656 2184 eorum.
1673 2159 1696 2180 ct
1710 2162 1777 2179 nar-

151 2197 301 2231 Scriptura,
317 2197 351 2224 ad
366 2205 546 2232 quoscunque
558 2206 647 2226 sermo
662 2199 708 2225 Dei
725 2199 812 2226 lactus
823 2205 874 2232 cst,
895 2200 935 2227 la-

150 2243 186 2269 cti
201 2248 266 2270 sunt
280 2243 328 2269 dii.
345 2242 471 2270 Ezechiel
487 2251 597 2278 quoque
621 2244 688 2271 deus
700 2244 759 2278 fuit,
772 2245 835 2279 quia
848 2244 934 2273 factus

150 2293 192 2316 est
203 2295 292 2315 sermo
304 2287 355 2316 Dei
369 2288 402 2317 ad
414 2295 486 2315 eum.
515 2288 570 2323 Ego
598 2289 656 2315 dixi
670 2297 679 2315 :
697 2289 741 2316 Dii
755 2290 829 2322 estis,
845 2294 870 2316 et
883 2290 935 2324 ﬁlii

150 2333 284 2360 Altissimi
296 2342 395 2360 attines.
415 2332 464 2359 Vos
476 2341 534 2360 vero
547 2338 575 2359 ut
590 2333 708 2360 homines
726 2335 884 2368 moriemini,
910 2341 934 2361 et

149 2381 226 2414 quasi
239 2388 306 2407 unus
320 2388 352 2406 ea:
368 2379 529 2414 principibus
543 2380 643 2407 cadetis
671 2381 703 2406 ⁸⁸.
723 2380 772 2408 Ubi
786 2381 890 2408 habetis
907 2382 933 2407 in

150 2423 225 2450 Novo
237 2422 409 2450 Testamento
433 2423 585 2450 istiusmodi
616 2425 874 2459 rcpromissionem?
905 2425 933 2452 Si

150 2473 256 2504 oportet
270 2469 448 2496 instrumenta
466 2469 640 2505 distinguere,
668 2475 693 2497 et
708 2471 797 2498 dicere
814 2471 883 2498 inter
906 2479 935 2498 se

149 2515 313 2543 dissidentes
339 2515 415 2547 deos,
440 2516 512 2550 quod
542 2516 650 2550 quidem
679 2516 755 2544 nefas
779 2521 821 2543 est
853 2518 933 2543 etiam

150 2562 294 2597 suspicari,
312 2563 357 2589 sed
371 2562 447 2596 juxta
478 2562 635 2589 abusionem
654 2562 782 2596 dicimus,
804 2563 933 2589 audacter

150 2606 271 2641 profecto
288 2607 388 2638 dicam,
409 2607 494 2634 multo
516 2607 645 2641 majorem
673 2607 698 2634 iu
728 2607 816 2634 Veteri
841 2607 936 2634 Testa-

152 2657 243 2680 mento
260 2653 366 2680 ostendi
399 2653 596 2680 humanitatem
623 2661 705 2688 quam
734 2653 761 2680 in
779 2653 862 2680 Novo.
878 2653 934 2688 Ego

151 2697 209 2724 dixi
221 2705 230 2725 .'
244 2697 289 2725 Dii
303 2700 366 2726 estis
381 2704 404 2726 et
434 2699 484 2733 ﬁlii
511 2698 644 2725 Altissimt’
665 2707 764 2727 omnes.
789 2698 849 2726 Non
872 2699 909 2727 ait
926 2709 932 2727 :

719 2788 741 2803 ⁸⁵
756 2786 835 2814 Osce.
851 2795 900 2814 xu.

187 2788 212 2803 “
226 2788 291 2816 Luc.
307 2797 350 2820 xv,
369 2790 394 2816 7.
433 2790 455 2806 “
470 2791 548 2817 ltum.
565 2797 624 2822 vm,
639 2789 682 2815 l9.

940 2787 962 2803 “
977 2786 1050 2814 Psal.
1067 2795 1160 2822 Lxxxt,
1178 2787 1205 2820 6,
1221 2787 1246 2814 7.

985 2200 1053 2225 ratio
1068 2199 1174 2225 visionis
1185 2219 1193 2230 ,
1208 2206 1271 2225 ecce
1283 2203 1396 2232 septem.
1413 2197 1446 2224 Et
1473 2199 1499 2224 in
1516 2199 1601 2225 medio
1614 2199 1777 2225 animalium

984 2244 1060 2278 quasi
1076 2243 1201 2269 carbones
1214 2243 1291 2277 igniti,
1303 2251 1366 2270 ecce
1381 2248 1453 2270 octo.
1470 2242 1536 2275 Quis
1552 2248 1644 2276 potest
1657 2244 1707 2270 ista
1721 2246 1776 2270 1111-

986 2289 1102 2316 nutatim
1119 2289 1272 2323 exponere?
1285 2288 1350 2320 Quis
1370 2289 1406 2315 ita
1423 2293 1464 2315 est
1488 2295 1572 2322 capax
1588 2288 1702 2322 spiritus
1714 2287 1775 2319 Dei.

986 2340 1016 2362 ut
1030 2335 1086 2361 haec
1100 2339 1270 2361 sacramenta
1285 2334 1432 2360 dilucidct'.’
1456 2333 1604 2368 Oportebat
1630 2341 1777 2361 accusato-

986 2389 1029 2408 res
1040 2381 1180 2407 Creatoris
1209 2379 1293 2407 etDci
1319 2380 1512 2414 prophetarutn
1539 2380 1658 2415 primum
1676 2381 1777 2408 intelli-

986 2434 1046 2461 gere
1057 2434 1117 2460 qua:
1134 2426 1285 2453 dicuntura
1299 2426 1446 2460 prophetis,
1469 2432 1495 2452 et
1510 2431 1602 2460 postea
1620 2427 1774 2454 criminari.

985 2472 1036 2505 Qui
1051 2473 1122 2499 enim
1140 2481 1203 2499 vere
1218 2478 1345 2505 accusat,
1363 2481 1395 2499 ea
1411 2473 1489 2500 dehct
1499 2480 1631 2499 accusare
1643 2480 1705 2507 quae
1723 2480 1774 2499 no-

985 2519 1033 2545 vit.
1053 2518 1080 2544 51
1096 2526 1161 2545 vero
1180 2518 1297 2545 haeretici
1320 2526 1353 2545 ne
1381 2526 1465 2552 prope
1493 2518 1602 2552 quidem
1619 2519 1775 2545 suntintel-

986 2564 1066 2591 lectni
1087 2564 1189 2597 divino,
1202 2564 1339 2599 quotnodo
1351 2564 1546 2590 rationabiliter
1557 2569 1689 2591 accusant
1701 2564 1773 2599 quod

986 2617 1034 2636 eos
1053 2609 1157 2636 nescire
1172 2609 1376 2636 convincimus?
1401 2609 1510 2636 Discant
1535 2609 1598 2643 quis
1620 2609 1647 2635 in
1665 2610 1717 2636 hac
1733 2609 1774 2635 vi-

986 2654 1063 2681 sione
1078 2654 1114 2681 sit
1129 2661 1236 2680 sensus.
1253 2653 1374 2680 Primum
1386 2658 1496 2687 apparet
1506 2653 1620 2687 spiritus
1634 2652 1771 2680 auferens.

990 2699 1117 2726 Secundo
1136 2699 1220 2726 nubes
1237 2707 1333 2733 magna
1349 2699 1375 2725 in
1399 2699 1494 2733 spiritu
1517 2697 1667 2725 auferente.
1685 2697 1774 2725 Tertio

1290 2788 1311 2803 ⁸⁷
1327 2787 1395 2815 Gen.
1418 2795 1460 2822 111,
1478 2788 1522 2814 22,
