1882 3052
84 104 133 130 C77

84 160 206 197 splendor
231 161 259 187 in
284 159 402 187 circuitu
425 159 538 194 spiritus
571 157 729 187 auferentis.
760 158 862 192 Quarto
877 159 899 187 Α

84 207 151 242 ignis
161 206 307 240 refulgens.
329 205 431 238 Quinto
454 205 480 231 in
510 205 599 232 medio
623 206 682 240 ejus
707 205 779 232 sicut
795 205 863 232 visio

84 252 180 285 electri,
197 252 270 279 haud
287 251 401 278 dubium
425 251 491 285 quin
507 251 533 278 iu
562 251 651 278 medio
674 251 754 286 ignis.
779 251 864 278 Sexto

86 298 205 333 splendor
216 298 243 324 in
259 297 355 324 eodem
368 298 479 325 electro.
508 298 646 324 Conﬁteor
660 298 774 324 libenter
789 305 803 324 a
817 305 863 324 sa—

87 345 167 379 piente
177 347 205 370 et
221 343 294 370 lidcli
309 344 369 371 viro
386 344 485 371 dictam
509 344 684 374 sententiam,
695 352 776 378 quam
794 351 864 378 stupe

87 389 196 423 suscipio
209 397 216 422 ;
232 389 266 416 de
278 389 334 416 Deo
350 393 377 416 et
392 398 454 418 vere
468 391 560 417 dicere
578 390 727 424 periculurn
745 395 795 417 est.
810 389 862 418 Ne-

85 442 132 469 que
143 434 213 461 enim
225 442 257 462 ca
277 440 381 462 tantum
404 435 556 469 periculosa
584 440 723 470 suntquae
744 435 811 463 falsa
829 437 862 464 de

85 481 248 507 codicuntur
265 490 271 507 :
289 481 335 507 sed
350 481 432 507 etiam
448 488 508 515 quae
524 488 587 507 vera
610 486 683 513 sunt,
699 486 727 509 et
742 490 796 509 non
813 490 862 517 op-

87 529 193 559 portune
206 526 394 560 proferuntur,
419 526 517 554 dicenti
547 526 696 560 periculum
722 532 861 561 generant.

85 570 218 605 Margarita
234 579 296 598 vera
311 577 362 604 est,
385 572 432 599 sed
445 572 467 599 si
482 579 617 606 perverse,
634 572 780 600 discrimen
803 574 863 608 ejus

85 621 122 643 cst
136 617 204 651 quod
218 617 285 644 dicit
302 618 415 652 pedibus
428 625 534 645 eorum.
550 617 582 644 Et
596 623 623 645 ut
646 619 722 653 juxta
737 627 787 647 nos
812 620 862 646 ali-

84 662 147 696 quod
159 670 293 696 ponamus
312 665 478 699 exemplum,
492 665 668 692 collectiones
681 666 740 692 islze.
753 673 806 692 non
818 673 863 692 so-

85 707 133 734 lum
145 708 170 735 in
182 708 266 742 (Elia,
279 717 334 736 non
351 715 455 737 tantttm
467 710 570 742 Romae,
579 718 632 738 non
649 711 674 738 iu
688 710 861 743 Alexandria,

84 754 124 780 sed
139 754 162 780 in
177 755 250 782 ornni
264 756 350 782 semel
371 756 438 783 orbe
451 756 657 783 similitudinem
682 756 804 783 referunt
817 764 862 783 sa-

83 806 158 833 geuae,
170 808 230 834 qua:
244 808 277 827 ex
294 801 369 828 omni
390 810 488 837 genere
502 802 617 837 piscium
635 802 715 836 capit.
729 801 786 828 Non
803 809 863 836 pos-

87 849 143 871 sunt
157 846 282 882 universa
300 846 371 873 bona
389 854 451 874 esse
462 855 522 881 quae
538 847 661 874 incidunt
677 848 702 873 in
718 855 789 874 eam.
816 846 862 873 Ait

84 890 173 924 quippe
188 890 314 918 Salvator
331 891 354 909 ⁸⁸
371 901 377 918 :
399 891 465 918 Cum
488 893 662 924 extraxerit”,
679 897 704 919 et
726 900 799 919 secus
817 892 863 918 lit-

84 939 119 962 tus
130 937 249 968 sederint,
265 937 362 972 eligent
377 937 446 964 bona
459 938 564 972 quidem
588 939 615 964 in
638 946 701 964 uasa
717 945 776 968 sua,
790 937 861 963 mala

83 988 135 1007 vero
153 981 223 1015 foras
239 983 392 1017 projicient.
409 983 522 1018 Oportet
536 991 600 1018 ergo
612 983 639 1010 in
667 991 765 1017 sagcna
779 983 862 1010 totius

84 1025 199 1055 Ecclesia:
215 1036 277 1056 esse
300 1033 328 1056 et
356 1029 426 1056 bona
443 1035 469 1056 ct
496 1030 576 1056 mala.
594 1029 623 1056 Si
650 1029 707 1064 jam
735 1029 860 1056 universa

86 1073 176 1100 munda
192 1079 265 1107 sunt,
279 1075 344 1109 quid
358 1075 574 1109 derclinquimus
590 1075 616 1101 in
631 1075 733 1109 judicio
747 1074 793 1101 Dei
806 1075 817 1101 ?
830 1075 862 1101 Et

81 1116 150 1151 juxta
164 1119 242 1146 aliam
255 1120 424 1153 parabolam,
449 1125 476 1147 et
493 1119 659 1147 frumentum
685 1125 710 1147 et
732 1120 814 1154 palea:
834 1120 860 1147 in

84 1170 138 1190 area
149 1164 332 1197 continuentur,
346 1173 407 1192 cuin
421 1164 587 1192 frumentum
599 1169 705 1192 tantum
722 1165 747 1192 in
760 1165 860 1192 Christi

85 1208 172 1237 horrea
184 1212 405 1246 congregaudum
424 1211 469 1243 sit,
480 1216 507 1238 et
523 1212 713 1238 discernantur
725 1211 809 1245 palea:
826 1211 861 1238 ab

82 1256 204 1290 €0,cujus
225 1257 402 1284 ventilabrum
428 1257 456 1283 in
481 1265 561 1283 manu
574 1257 643 1292 ejus,
670 1262 694 1284 st
722 1257 860 1283 mandauit

83 1309 161 1328 ursam
171 1311 256 1334 suam,
268 1307 293 1329 et
307 1304 474 1338 cangregabit
494 1304 656 1338 frumentum
673 1303 699 1330 in
725 1303 858 1335 horreum,

83 1347 164 1380 paleas
176 1356 233 1375 vero
254 1354 390 1376 consumet
418 1350 477 1384 igne
493 1349 703 1384 inexstinguibili
718 1350 750 1377 ".
767 1349 860 1384 Ncquc

83 1392 148 1418 enim
160 1401 252 1420 assero
266 1401 359 1420 aream
373 1399 459 1421 totum
475 1402 535 1422 esse
551 1395 694 1426 mundum,
709 1396 755 1422 sed
767 1403 858 1422 aream

85 1436 194 1471 intelligo
216 1446 279 1465 esse
304 1443 405 1466 castum
432 1439 524 1473 populi
541 1439 699 1466 Christiani.
717 1439 859 1472 Quomodo

85 1489 243 1518 unaquaeque
255 1491 321 1510 area
336 1484 580 1516 circumscribitur,
600 1489 627 1511 et
637 1489 679 1511 est
694 1485 772 1519 plena
799 1485 857 1512 fru-
873 1492 894 1522 α

83 1534 162 1556 mento
177 1530 217 1557 vel
232 1530 330 1564 paleis,
346 1537 395 1557 nec
409 1534 495 1558 totum
522 1530 603 1565 360
619 1529 786 1557 frumentum
804 1536 856 1564 est,

83 1581 125 1602 nec
139 1579 220 1602 totum
234 1584 346 1603 rursum
363 1576 438 1611 palea
457 1585 464 1602 :
480 1576 521 1603 sic
538 1576 564 1602 in
582 1575 710 1603 ECCII‘SliS
722 1577 857 1604 terrestri-

82 1620 127 1648 bus
140 1621 206 1649 alius
220 1627 263 1650 est
285 1621 464 1652 frumentum,
481 1622 552 1649 alius
573 1626 616 1648 est
638 1622 726 1656 palea.
757 1621 857 1648 Verum

82 1665 113 1692 ibi
125 1674 175 1693 non
193 1675 240 1694 sua
258 1675 353 1699 causa,
369 1674 418 1694 nec
433 1675 480 1702 per
490 1667 656 1694 voluntatem
675 1668 757 1701 palea:
773 1672 836 1707 sunt
851 1677 857 1694 :

83 1718 160 1746 neque
175 1712 244 1739 cnim
261 1721 297 1739 cx
323 1713 433 1747 proprio
461 1713 575 1739 arbitrio
598 1713 764 1740 frumentum
793 1719 857 1740 est:

82 1755 121 1783 hic
134 1765 193 1784 vero
208 1758 296 1786 intua
314 1763 446 1793 potestate
458 1759 576 1793 positum
595 1763 645 1791 cst,
671 1763 701 1786 ut
723 1759 762 1786 sis
782 1759 859 1793 palea

83 1801 117 1828 vel
130 1801 304 1831 frumentum.
324 1803 387 1831 Haec
403 1811 452 1831 nos
465 1803 563 1831 docere
576 1804 685 1836 debent,
707 1808 736 1831 ut
757 1804 779 1831 si
804 1804 855 1831 ali-

80 1848 180 1880 quando
196 1849 296 1884 aliquis
319 1849 345 1876 in
366 1849 623 1884 congregationibus
643 1849 745 1877 nostris
762 1850 860 1877 viderit

82 1897 249 1927 peccator-em,
269 1902 324 1921 non
338 1894 548 1926 scandalizatur,
576 1902 664 1929 neque
684 1895 773 1922 dicat:
793 1896 860 1922 Ecce

82 1943 198 1972 peccator
211 1940 238 1967 in
255 1945 328 1967 castu
357 1946 453 1967 sancto
480 1943 530 1968 est.
556 1939 586 1967 Si
609 1941 662 1968 hoc
681 1941 753 1973 licet,
771 1941 793 1968 si
809 1941 860 1967 hoc

81 1985 237 2019 t‘anceditur,
250 1993 336 2020 quare
349 1990 376 2013 et
395 1993 445 2020 ego
466 1993 519 2013 non
533 1986 659 2020 peccem?
672 1986 738 2013 Dum
751 1987 777 2013 it;
791 1995 861 2021 pra:-

81 2029 144 2055 senti
156 2031 254 2058 sacculo
268 2038 381 2062 sumus,
397 2030 422 2057 id
447 2035 489 2057 est
504 2030 531 2056 iu
549 2038 626 2062 arca,
653 2035 680 2057 et
705 2030 732 2056 in
748 2038 858 2064 sagena,

82 2075 172 2102 etboni
186 2081 211 2103 et
227 2076 293 2103 mali
321 2076 347 2102 in
365 2083 396 2103 ea
410 2075 594 2102 continentur.
622 2075 736 2108 Quando
767 2080 857 2102 autem

81 2121 176 2148 venerit
188 2121 327 2153 Christus,
346 2121 390 2148 fiet
410 2121 549 2152 discretio,
578 2125 604 2147 ct
626 2121 781 2155 implebitur
794 2121 858 2148 illud

84 2166 148 2199 quod
162 2167 195 2193 ab
206 2167 338 2201 Apostolo
353 2166 454 2193 dicitur
471 2167 493 2182 το
507 2175 513 2193 :
530 2166 625 2193 Omnes
638 2174 684 2192 nos
702 2171 802 2200 oportet
815 2174 860 2193 as—
876 2158 898 2186 Ῐ)

84 2210 166 2238 sistere
179 2217 239 2239 ante
249 2212 368 2239 tribunal
379 2212 489 2243 Christi,
515 2215 544 2238 ut
560 2216 672 2245 reportet
683 2212 860 2246 unusquisque

83 2257 178 2290 propria
194 2258 312 2292 corporis
325 2258 366 2284 sui
378 2266 436 2292 qua:
450 2258 540 2292 gessit,
553 2257 607 2284 sive
618 2257 696 2288 bona,
709 2258 760 2284 sive
776 2257 857 2285 mala.

84 2299 138 2329 llaec
165 2303 191 2330 in
216 2304 351 2339 prommio
373 2304 407 2331 de
436 2303 706 2338 interpretationibus
723 2303 857 2330 visionum

113 2371 233 2400 “Matth.
254 2381 315 2406 xm,
331 2373 376 2400 48.

116 2450 152 2482 (‘2)
164 2449 274 2483 Quando
286 2457 424 2486 purgatus,
439 2455 491 2478 etc.
508 2450 691 2486 Huncwlocum
709 2451 802 2479 (ἔνερθε
819 2460 863 2479 re-

85 2490 237 2522 pfatsentant
264 2485 373 2522 Catena;
402 2494 468 2513 mss.
486 2495 500 2522 :7
520 2485 628 2522 Νεφέλη
645 2487 749 2521 μεγάλη
764 2487 807 2522 γὲν
823 2487 863 2522 τῷ

86 2519 207 2558 ὲξαίρονῖι
235 2521 383 2558 meditatam
393 2521 479 2558 "om
487 2519 630 2558 ὼφξλήθῇς
640 2519 731 2558 suam?
745 2519 864 2558 suum.

84 2561 124 2591 ’ξος
135 2556 283 2590 πνεύματος
298 2557 313 2582 ὃ
323 2556 419 2591 ἐξῆρεν
434 2556 487 2582 ἀπὸ
498 2556 545 2582 σοῦ
561 2557 613 2582 πᾶν
624 2556 724 2590 φαῦλον
740 2557 771 2583 τὸ
781 2556 863 2585 ὲνὶιπ-

85 2588 158 2629 άρχοιξ
168 2588 455 2629 τῇψυχῇμσουτότε-
475 2588 639 2629 ᾁτξολαύσειξ
668 2591 718 2629 τῆς
743 2592 859 2629 νεφέλης

85 2625 128 2661 fi};
148 2625 350 2661 ἐνυέηαρχὸύσης
364 2627 393 2653 ἐν
421 2626 460 2661 τῷ
485 2626 618 2660 ὲξαίροντι
641 2627 784 2661 πνεύματι.
805 2625 859 2654 Kent

163 2658 578 2705 abrq'ﬁ'zsngiﬂauﬁauhglvi};
593 2662 621 2687 ὲν
633 2661 688 2705 τεῖρ’
701 2658 858 2705 Εραγγελίίιι

85 2694 199 2735 rigging.
213 2694 382 2735 ticp‘ﬁgﬁma
402 2694 634 2735 (poivhJéIoum;
648 2694 741 2735 Οὖ-τιξς
754 2694 862 2735 ἐστιγό

89 2728 151 2767 Υἱός
168 2728 243 2764 μου
297 2728 459 2766 ἀγὶιπηέὀς.
478 2728 590 2767 [lustratia
605 2729 651 2767 ᾳῦν
666 2728 781 2767 ὲξᾳῖρον·
802 2730 861 2759 εἶτα

85 2763 358 2812 ῐξξέξτιζξιξγέιλιᾼέν
369 2766 458 2812 ᾕδῖίὲδῗ
474 2763 742 2812 stridenti
758 2767 861 2812 ξέτγίξς

88 2797 173 2834 κύκλῳ
183 2797 274 2828 aii-:66.
291 2797 393 2837 Ἧρται
410 2797 456 2827 sou
473 2801 503 2828 τὸ
516 2801 626 2836 φαῦλον
639 2797 742 2828 δέδὸταί
755 2797 806 2828 (ἔρι’
815 2797 859 2828 iis;

797 98 936 127 IlOllllLlA
954 98 974 126 1.

415 2374 437 2389 εν
453 2372 520 2400 Luc.
538 2381 577 2405 nt,
600 2372 643 2398 l7.
681 2372 704 2388 ⁷⁰
720 2372 740 2398 ll
767 2373 830 2400 (Ior.
848 2383 874 2407 v,
899 2375 910 2401 l

1648 104 1700 133 673

914 161 1033 184 :cstuans
1047 155 1155 183 animus
1166 160 1208 183 est
1224 156 1339 189 locutus,
1349 162 1375 185 et
1387 158 1527 194 ambigens
1537 167 1597 194 qum
1608 161 1697 192 sileat.

914 210 973 237 qum
991 201 1121 236 proferat,
1141 210 1201 237 qua:
1220 203 1313 229 leviter
1340 208 1409 231 laeta
1435 205 1563 237 dimittat,
1591 215 1651 240 qum
1665 216 1699 234 ex

915 248 948 274 iis
963 247 1148 280 manifestius,
1161 256 1222 281 qua:
1247 249 1391 276 obscurius
1413 251 1571 284 exponenda
1598 252 1663 285 sint,
1675 253 1698 280 si

913 298 1002 320 tamen
1017 294 1167 328 poterimus
1184 294 1296 329 implere
1312 295 1384 329 quod
1404 296 1540 330 cupimus.

951 338 994 364 12.
1009 338 1132 366 Primum
1148 347 1214 375 ergo
1245 339 1351 367 videtur
1373 341 1486 375 spiritus
1501 342 1627 370 auferens
1642 353 1649 370 :
1673 345 1698 371 id

913 385 985 419 quod
1002 385 1082 419 paulo
1092 389 1155 412 alltc
1165 385 1293 417 diximus,
1305 386 1366 420 quia
1381 386 1510 415 Dominus
1526 394 1616 416 noster
1630 390 1700 423 ignis

914 437 1079 456 consumens
1096 430 1141 462 sit,
1156 430 1237 457 etiam
1262 439 1334 458 nunc
1360 433 1508 466 rcpctimtts
1534 438 1562 460 et
1582 434 1699 462 dicimus

915 475 978 501 huic
995 475 1152 502 testimonio
1168 484 1327 510 congruere.
1354 477 1496 509 Quomodo
1513 479 1622 513 ponitur
1644 481 1699 515 spi-

915 521 984 548 ritus
1001 521 1146 548 auferens?
1162 521 1232 548 Deus
1246 522 1358 556 spiritus
1381 527 1432 554 est,
1449 528 1476 550 et
1493 525 1604 558 spiritus
1624 525 1699 552 aufu—

915 575 977 594 rens
994 568 1124 594 cernitur.
1137 567 1206 600 Quid
1224 576 1239 595 a
1264 576 1306 595 me
1319 568 1416 600 aufert,
1433 573 1458 595 et
1474 571 1508 596 ab
1523 571 1613 598 anima
1627 579 1697 604 mea,

914 619 944 641 ut
958 614 1054 641 merito
1073 614 1199 641 auferens
1232 616 1411 649 praedicetur?
1434 615 1532 651 Utique
1559 618 1626 644 mala
1645 627 1651 644 :
1672 624 1698 645 et

914 663 978 685 tunc
993 659 1081 685 sentio
1094 659 1243 686 bonitatem
1261 660 1330 693 ejus,
1353 660 1387 686 sit
1403 668 1418 686 a
1434 668 1476 687 me
1492 662 1607 695 pessima
1622 671 1658 696 qu
1668 672 1698 688 c-

913 712 967 738 que
988 705 1140 731 sustulerit.
1165 704 1258 739 Neque
1284 713 1347 732 vero
1373 707 1521 740 putandum
1548 712 1588 734 est
1618 708 1697 735 lim-n1

913 758 972 777 esse
985 750 1169 780 beatitudinis,
1185 750 1208 777 si
1233 758 1247 777 a
1263 751 1341 777 malis
1355 751 1501 778 liberemur
1516 761 1524 785 ;
1540 753 1645 780 initium
1661 753 1698 779 fc-

914 796 1023 823 licitatis
1037 801 1079 823 est
1095 803 1188 822 carere.
1211 801 1332 831 pcccato.
1358 796 1390 824 Et
1419 798 1445 824 in
1468 797 1584 825 Jercmla
1602 799 1698 826 scribi<

914 847 958 869 tur
974 842 994 857 '“
1011 842 1114 876 (omnia
1126 842 1225 876 quippe
1237 850 1296 876 qua:
1314 843 1340 869 in
1356 843 1496 878 prophetis
1508 845 1607 879 scripta
1624 849 1698 878 sunt,

914 888 1127 915 clementissimo
1149 887 1203 915 Deo
1229 888 1365 924 \iudico):
1398 889 1462 916 Ecce
1493 890 1554 917 dedi
1567 899 1698 918 sermones

913 942 982 960 meos
998 934 1025 960 in
1038 942 1066 960 as
1086 939 1171 966 tuum,
1187 932 1244 960 ecce
1270 936 1395 962 coiistitni
1427 942 1450 962 te
1478 944 1555 970 super
1571 942 1657 971 gentes
1674 943 1697 963 et

913 988 991 1014 regna
1006 980 1152 1011 eradicare,
1164 983 1187 1005 et
1200 979 1340 1013 stt/fodere,
1355 986 1379 1007 et
1394 981 1554 1015 disperdere,
1569 987 1593 1008 st
1613 983 1699 1016 α’(ΙὲῙὶ-

912 1033 983 1057 care,
999 1030 1022 1051 et
1035 1025 1165 1058 plantare.
1193 1025 1331 1055 Beuienus
1348 1031 1389 1053 cst
1409 1026 1480 1053 Detts
1503 1027 1571 1055 dans
1593 1036 1698 1055 sermo-

911 1078 960 1097 nes
972 1070 1005 1096 ad
1021 1069 1224 1096 cradicandum.
1235 1069 1332 1096 Verum
1347 1071 1411 1104 quid
1425 1076 1465 1098 est
1479 1073 1550 1106 quod
1565 1072 1697 1100 eradicaii

911 1115 1021 1147 debeat,
1041 1119 1068 1141 et
1096 1115 1233 1142 subverti?
1259 1114 1287 1141 Si
1311 1124 1364 1150 qua
1396 1117 1525 1151 plantatio
1556 1118 1582 1145 in
1606 1119 1699 1146 animo

912 1162 983 1188 mala
1001 1166 1053 1193 est,
1084 1162 1107 1189 si
1129 1169 1183 1195 qua
1216 1167 1289 1189 secta
1309 1169 1442 1195 nequam,
1473 1163 1542 1189 hanc
1567 1164 1698 1194 eradicat.

912 1205 984 1234 hanc
999 1206 1132 1233 subvertit
1145 1214 1235 1233 sentio
1259 1206 1443 1241 propheticus.
1475 1206 1581 1234 Utinam
1606 1213 1698 1235 autem

911 1253 1061 1287 contingat,
1075 1257 1104 1280 ut
1119 1254 1183 1280 mihi
1201 1254 1261 1280 talis
1276 1261 1366 1281 sermo
1381 1254 1508 1285 donetur,
1523 1255 1569 1288 qui
1580 1255 1698 1282 eradicet

911 1298 1102 1326 haereticorum
1122 1300 1236 1331 semina,
1254 1305 1281 1326 et
1304 1300 1453 1327 doctrinam
1470 1309 1501 1327 cx
1518 1300 1611 1327 Zabuli
1625 1301 1698 1328 fonto:

912 1350 1078 1378 manantem,
1101 1345 1147 1379 qui
1173 1346 1206 1372 de
1229 1345 1289 1380 ejus
1308 1345 1398 1372 anima
1429 1346 1474 1380 qui
1491 1354 1564 1372 nunc
1579 1347 1696 1381 primum

912 1388 1061 1417 Ecclesiam
1082 1391 1242 1425 ingreditur,
1260 1391 1419 1418 idololatrim
1434 1391 1539 1418 auferat
1551 1392 1698 1426 plantatio-

913 1443 985 1462 neln.
1004 1435 1069 1462 Dedi
1087 1444 1217 1463 sermones
1230 1445 1298 1462 meos
1310 1437 1336 1462 in
1351 1445 1378 1463 os
1397 1441 1481 1464 tuum.
1494 1437 1559 1464 Ecce
1574 1438 1699 1465 constitui

912 1486 936 1507 te
951 1482 1087 1508 eradicare
1107 1486 1132 1508 rt
1158 1482 1298 1516 stt/fudere.
1315 1482 1424 1509 Scilicet
1438 1488 1467 1509 ut
1480 1483 1501 1510 si
1517 1491 1569 1518 qua
1583 1484 1699 1511 :udilica-

912 1527 949 1553 tio
967 1528 1083 1561 pessima
1101 1532 1152 1559 est,
1181 1528 1350 1555 destruatur.
1382 1528 1469 1560 Quam
1495 1529 1589 1555 vellent
1610 1534 1635 1556 ct
1649 1537 1699 1564 ego

911 1573 1049 1600 suffodere
1064 1573 1195 1608 quidquid
1211 1573 1331 1600 Marcion
1350 1573 1375 1600 in
1390 1575 1502 1601 auribus
1524 1574 1699 1608 deceptorum

910 1618 1066 1650 anlilicavit,
1087 1619 1235 1650 cl‘adicare,
1253 1623 1280 1645 ct
1296 1619 1462 1649 subvertere,
1482 1624 1509 1646 ct
1534 1620 1698 1655 dispergere,

911 1664 1034 1691 utJacob
1060 1664 1220 1698 disperdidit
1244 1665 1325 1691 idola.
1357 1664 1449 1699 Usque
1474 1665 1507 1692 ad
1537 1666 1698 1694 hodiernum

909 1711 980 1738 diem
996 1715 1038 1738 est
1063 1711 1219 1745 disperdere
1250 1715 1277 1738 et
1292 1711 1436 1738 aediﬁcare.
1456 1711 1577 1739 llzcrctici
1596 1713 1700 1747 disper-

910 1754 973 1781 derc
985 1759 1012 1781 et
1026 1755 1184 1782 sulivcrtere
1206 1759 1309 1781 tantum
1329 1755 1484 1788 audierunt,
1503 1757 1528 1783 iu
1543 1757 1700 1784 aedificatio-

910 1800 953 1827 nis
966 1805 1055 1827 autem
1086 1801 1319 1836 plantatiouisque
1346 1809 1471 1829 sermone
1500 1804 1597 1830 surdas
1619 1811 1700 1830 aurcs

911 1851 1079 1874 averterunt.
1101 1847 1192 1881 Neque
1204 1847 1276 1874 enim
1298 1847 1548 1882 voluntinspiccrc,
1573 1849 1637 1883 quia
1651 1848 1699 1875 tri-

910 1893 962 1919 stia
974 1900 1091 1927 qumque
1110 1893 1195 1927 prima
1214 1892 1352 1925 dicuntur,
1373 1898 1400 1920 et
1412 1895 1530 1921 secunda
1555 1903 1615 1929 qua‘.
1640 1895 1698 1921 laeta

911 1943 985 1964 sunt.
1010 1937 1100 1970 Quare
1122 1945 1195 1964 nunc
1222 1937 1273 1964 ista
1299 1939 1502 1966 memoramus?
1525 1938 1654 1966 Videlicet
1671 1944 1701 1966 ut

910 1983 1100 2011 manifesti-tur
1113 1982 1160 2010 Dei
1183 1991 1275 2009 sermo
1302 1984 1459 2010 subvertere
1476 1985 1557 2015 mala,
1576 1989 1602 2011 ct
1617 1985 1701 2011 ιιι(ιίίί-

912 2036 976 2056 care
990 2029 1103 2063 optima,
1117 2029 1256 2055 eradicarc
1278 2029 1352 2060 vitia,
1369 2029 1446 2063 quasi
1469 2029 1586 2064 agricola
1600 2031 1698 2061 bonus,

903 2080 942 2102 vut
966 2075 992 2102 in
1013 2079 1128 2110 purgan
1156 2082 1252 2109 eampo
1282 2075 1418 2102 uberrima
1444 2076 1576 2102 virtutqu
1602 2077 1700 2104 messis

911 2120 1028 2147 oriatur.
1050 2119 1112 2146 ihec
1140 2124 1249 2154 propter
1272 2120 1396 2154 spiritum
1422 2120 1599 2147 auferentem.
1630 2121 1702 2148 Vidit

913 2166 986 2194 enim
998 2166 1116 2200 primunt
1134 2165 1257 2200 spiritum
1273 2165 1451 2199 auferentem,
1465 2166 1561 2193 deinde
1574 2167 1700 2194 nebulam

912 2219 1042 2247 magnam
1056 2212 1082 2238 in
1093 2219 1136 2238 eo.
1150 2211 1264 2244 Quando
1290 2217 1420 2246 purgatus
1437 2212 1474 2246 (2)
1496 2212 1580 2240 fueris
1595 2214 1630 2240 ab
1650 2222 1700 2241 au-

908 2258 1016 2284 ferente
1037 2257 1145 2291 spiritu,
1162 2261 1266 2283 tantum
1285 2261 1316 2283 ut
1326 2257 1466 2284 auferatur
1478 2266 1559 2285 omne
1572 2259 1670 2285 malum
1686 2267 1701 2286 ει

914 2309 949 2335 te,
964 2307 990 2330 et
1001 2310 1082 2330 omne
1093 2302 1166 2337 quod
1193 2302 1219 2328 iu
1235 2307 1280 2329 tua
1301 2303 1391 2330 anima
1415 2303 1543 2338 nequitiae
1563 2309 1701 2336 versatur,

915 2374 941 2401 0.
978 2373 1000 2388 "‘
1027 2371 1128 2398 Jcrem.
1147 2369 1226 2402 1,10.

915 2451 994 2486 φέλη,
1012 2449 1081 2476 ὥστε
1098 2449 1190 2486 βρέξαι
1205 2449 1281 2486 ὑξτὺν
1294 2449 1356 2486 ἐπὶ-
1368 2450 1412 2476 τὸν
1431 2450 1587 2484 ἀμπελῶνα.
1610 2451 1699 2479 Nubes

915 2484 1012 2526 magna
1026 2486 1053 2511 in
1067 2485 1163 2519 spiritu
1176 2485 1318 2526 auferente.
1336 2484 1401 2524 Cum
1415 2485 1586 2526 utilitatemna
1603 2489 1699 2526 spiritu

914 2519 1048 2555 auferente
1061 2525 1213 2556 consecutus
1237 2519 1331 2556 fueris,
1350 2519 1395 2554 qui
1423 2528 1438 2546 a
1464 2525 1488 2556 te
1509 2519 1700 2556 malum‘quod

916 2554 1012 2582 animo:
1033 2559 1084 2582 tua:
1097 2554 1164 2591 inest
1176 2554 1323 2591 abstulerit,
1347 2560 1407 2591 tunc
1428 2555 1496 2581 nube
1507 2555 1623 2591 frueris,
1636 2554 1701 2591 ’θυαε

915 2592 942 2617 in
955 2591 1050 2626 spiritu
1064 2590 1197 2626 auferente
1210 2593 1259 2616 est.
1278 2589 1375 2624 Estque
1392 2589 1447 2617 lucc
1466 2590 1545 2616 nubes
1562 2589 1699 2626 affinis'illi

915 2623 1181 2660 evangelicteiiubi,e
1202 2632 1253 2659 qua
1274 2623 1341 2660 venit
1364 2632 1412 2651 vox
1427 2625 1514 2651 dicens
1533 2632 1542 2651 .'
1565 2623 1639 2653 (“llic
1660 2633 1699 2654 est

918 2659 1005 2686 Filius
1027 2667 1100 2686 meus
1123 2659 1244 2686 dilectus.
1264 2668 1284 2695 γι
1316 2659 1404 2694 Igitur
1428 2660 1538 2695 spiritus
1558 2661 1699 2695 auferens;

914 2695 1007 2722 deinde
1031 2695 1108 2720 nubes
1137 2702 1233 2728 magna
1259 2694 1286 2720 in
1308 2702 1353 2724 eo;
1371 2699 1425 2721 tum
1443 2694 1571 2729 'spt'eudor
1594 2694 1701 2724 Vaticana

913 2731 941 2756 in
957 2729 1071 2756 circuitu
1085 2728 1152 2764 ejus.
1182 2729 1281 2762 Nempe
1309 2729 1428 2755 ablatum
1453 2738 1469 2756 a
1494 2735 1518 2756 te
1536 2731 1625 2757 citium
1649 2736 1700 2764 est,

914 2765 978 2791 datu
1008 2764 1055 2790 tibi
1079 2763 1159 2789 nubes
1182 2768 1238 2795 est;
1265 2769 1292 2789 ut
1320 2764 1424 2790 (latitia!
1448 2765 1531 2791 imber
1555 2774 1633 2800 super
1661 2763 1701 2794 vi-

914 2808 961 2826 1l(’(l
965 2808 987 2826 ιη
992 2819 999 2826 ι
