1882 3052
217 166 271 193 ’683

810 166 972 194 ORIGENIS
992 165 1024 192 ΙΝ
1046 164 1262 194 EZECHIELEM
1794 167 1840 195 Gil

219 234 279 261 quae
300 229 364 252 sunt
389 224 501 252 latenter
515 223 674 259 signiﬁcata,
697 228 725 250 ut
751 229 883 251 tnonstret
901 231 954 251 nou
973 224 1005 250 ail
1022 228 1042 255 Α
1059 224 1111 249 tntis
1119 223 1322 257 jllliﬁcaberit,
1336 230 1359 250 ct
1375 232 1408 250 ea:
1419 224 1580 250 sermonibus
1593 225 1644 250 tuis
1657 225 1842 253 (ωιιιυιιιιιιιιε-

220 278 281 298 eum
301 269 357 297 ﬁeri
382 269 560 304 prophetiam,
576 269 622 303 qui
642 272 737 295 contra
754 267 799 295 Dei
815 268 894 295 docet
911 268 1006 295 volun-

222 321 314 350 latent,
329 315 375 351 qui
392 312 533 350 prophetat
555 313 589 341 de
613 311 694 341 corde
715 321 775 340 suo.
801 310 880 340 Juxta
902 314 1005 349 simpli-

221 367 278 387 rem
302 358 410 394 quidem
428 356 591 386 intellectum
601 352 615 390 ,”
626 356 735 392 quidam
757 357 948 392 prophetarum
972 359 1006 386 de

220 407 311 434 divino
328 405 429 442 Spiritu
447 406 605 440 loquentes,
628 413 681 432 non
703 405 736 432 de
751 405 833 432 corde
853 413 903 433 suo
923 405 1004 432 loculi

219 457 291 484 sunt,
318 451 365 479 sed
385 450 419 479 de
443 458 523 478 sensu
541 449 605 484 Dei;
632 450 742 485 quidam
763 458 826 477 vero
846 450 1004 478 simulantes

218 506 247 525 se
263 498 405 533 prophetas
417 517 424 529 ,
449 502 529 531 atque
542 494 662 524 dicentes
682 505 689 523 :
707 494 769 523 Haec
783 497 847 524 dicit
861 495 1002 529 Dominus,

218 542 332 570 Domino
351 550 403 569 non
425 541 553 576 loquente
569 541 595 568 in
610 541 667 574 eis,
698 541 938 577 pseudoprophcta:
957 549 1004 569 ex-

217 588 352 615 stiterunt.
368 583 460 614 Potest
474 591 564 614 autem
582 591 610 614 et
629 594 711 622 super
728 595 776 615 eos
795 587 843 622 qui
864 588 961 615 docent
975 586 1001 614 in

216 634 353 664 Ecclesiis.
368 634 391 661 si
407 634 485 661 aliter
499 642 580 669 quam
593 635 681 669 poscit
694 634 794 662 veritas
809 635 918 668 docent,
933 643 1001 670 pm-

214 687 275 707 sens
289 687 380 707 sermo
400 687 558 715 congruere.
584 679 683 715 Siquis
704 680 785 708 etiam
801 689 832 708 ea
850 689 910 716 qua:
922 679 1001 709 Iesus

212 724 339 752 Christus
358 722 490 752 Dominus
505 725 612 753 locutus
632 730 694 759 est,
717 725 774 761 ipsa
798 734 875 761 atque
895 724 999 760 doceat,

214 778 266 797 non
282 770 315 797 de
340 768 422 797 corde
448 778 515 802 suo,
538 770 584 797 sed
601 771 634 797 tie
649 769 750 805 Spiritu
767 777 861 799 sancto
883 772 1001 806 loquitur

213 823 352 842 sermones
364 812 423 841 l’ilii
441 814 486 842 Dei
498 813 572 842 Jesu.
590 815 617 842 Si
634 816 770 843 consentit
784 817 869 844 sancti
883 817 1000 852 Spiritus

213 860 355 893 vo!untati,
373 861 431 895 ejus
454 861 499 896 qui
516 861 542 888 in
558 861 689 896 apostolis
710 861 817 890 locutus
832 867 884 895 est,
899 870 953 890 non
967 863 999 890 de

1058 269 1105 302 rit,
1122 269 1200 303 quasi
1219 269 1328 296 habenti
1349 276 1404 296 non
1419 276 1514 297 omnes
1533 275 1674 297 sermones
1696 270 1731 297 de
1748 271 1841 304 quibus

1054 315 1260 349 justiiicaretur,
1271 322 1357 350 neque
1374 322 1482 342 rursum
1495 323 1590 342 omnes
1598 322 1742 343 sermones
1749 317 1782 342 de
1789 317 1842 351 qui-

1056 360 1106 388 bus
1113 360 1349 388 condemnaretur.
1358 360 1386 388 Si
1396 361 1496 396 aliquis
1503 369 1519 388 a
1528 361 1704 389 sermonibus
1712 369 1796 396 purus
1803 367 1842 389 est

1055 407 1160 438 alienis,
1172 412 1198 434 et
1209 407 1249 434 eis
1263 407 1310 442 qui
1325 408 1432 442 possint
1442 407 1613 442 reprehendi,
1627 415 1661 434 ex
1674 408 1841 435 sermonibus

1056 452 1112 479 suis
1126 451 1333 485 justiilcabitur,
1343 457 1371 479 et
1384 459 1438 478 non
1453 452 1691 479 condemnabimr.
1708 451 1738 479 Si
1755 458 1840 479 autem

1055 505 1193 532 nunquam
1207 503 1278 525 recte
1292 497 1399 525 locutus
1412 502 1464 531 est,
1475 498 1521 526 sed
1532 505 1641 532 semper
1652 498 1770 532 protulit
1781 506 1840 533 pra-

1054 549 1097 573 va,
1109 550 1141 569 ex
1155 542 1328 570 sermonibus
1341 542 1399 570 suis
1411 542 1649 575 eondemnabitur,
1661 547 1689 569 et
1700 543 1839 577 nondSli-

1054 588 1190 615 ﬁcabitur.
1211 587 1311 615 Verum
1326 588 1390 623 quia
1408 595 1459 616 nos
1473 588 1519 622 qui
1537 596 1589 615 non
1608 596 1706 615 sumus
1721 596 1757 615 ex
1770 589 1839 616 omni

1053 639 1130 668 parte
1144 633 1269 669 perfecti,
1288 641 1376 668 neque
1389 633 1428 661 sic
1443 633 1560 661 dicimus
1575 639 1604 661 nt
1617 642 1728 669 semper
1743 634 1839 669 justiti-

1052 686 1156 712 eemur,
1177 686 1266 714 neque
1280 680 1320 707 sic
1335 686 1351 706 e
1367 679 1508 706 contrario
1523 687 1619 707 sumus
1638 684 1795 714 peccatores
1811 685 1836 707 nt

1052 729 1158 759 semper
1175 724 1390 751 condemnemur
1409 732 1417 751 :
1434 728 1461 751 et
1483 723 1615 751 habemus
1631 724 1684 751 alia
1706 725 1787 752 verba
1806 733 1836 752 ex

1051 770 1151 804 quibus
1164 769 1356 804 justiﬁeemur,
1371 773 1398 796 et
1420 769 1473 796 alia
1493 777 1526 796 ea
1548 769 1649 804 quibus
1669 769 1836 798 «indemne-

1052 821 1131 842 tnnr:
1149 815 1220 842 Deus
1239 820 1322 849 super
1343 818 1472 842 stateram
1497 822 1575 842 suam
1598 819 1715 850 utraque
1738 823 1837 850 ponens

1050 860 1177 895 expendit
1193 860 1348 895 diligenter,
1362 864 1390 887 et
1400 860 1506 895 iudicat
1517 861 1543 888 in
1555 861 1655 895 quibus
1667 861 1761 895 justus
1775 863 1836 894 sim,

213 907 293 934 corde
305 893 415 942 proprio
427 893 555 941 loquitur,
570 893 616 934 sed
628 908 660 935 de
676 906 757 935 corde
771 893 890 942 Spiritus
902 908 998 941 sancti,
1017 893 1036 920 Β
1051 893 1118 933 etin
1138 893 1428 940 quibus-sermonibus
1442 893 1675 934 condemnandus:
1695 906 1775 939 Quod
1789 915 1837 933 au-

213 953 260 987 qni
276 957 318 979 est
333 952 440 980 locutus
456 952 482 979 in
497 952 590 984 Paulo,
609 952 655 987 qui
672 957 712 980 est
735 953 842 980 locutus
858 953 884 979 in
907 952 997 983 Petro,

212 1002 240 1023 et
253 997 279 1024 in
292 997 397 1024 caeteris
419 997 549 1032 apostolis
562 1002 603 1024 est
616 997 734 1025 loeutus.
759 997 787 1024 Si
808 997 870 1033 quis
885 1005 949 1025 vero
964 997 999 1025 le-

207 1050 278 1077 gens
295 1041 481 1076 Evangelium,
499 1043 636 1077 proprium
655 1050 766 1070 sensum
787 1046 862 1077 aptat
878 1041 999 1078 Evange-

207 1088 259 1122 iio,
280 1095 333 1115 non
352 1089 386 1115 itu
408 1088 559 1123 intelligens
571 1093 601 1115 ut
614 1087 745 1115 Dominus
761 1088 868 1116 locutus
879 1093 931 1120 est.
947 1089 998 1116 iste

207 1134 296 1168 taisus
319 1133 451 1169 propheta
477 1138 518 1161 est
541 1134 655 1168 loquens
673 1133 707 1161 de
726 1134 808 1162 corde
833 1134 944 1170 proprio
968 1135 996 1162 in

212 1180 366 1216 Evangelia.
384 1179 414 1206 Et
436 1180 468 1207 de
493 1180 625 1207 haereticis
641 1177 749 1216 quidem
768 1180 834 1208 nihil
848 1180 996 1209 absurdum

209 1231 251 1253 est
264 1225 323 1253 haec
338 1225 408 1253 dicta
426 1222 583 1260 intelligere.
604 1224 744 1254 Disserunt
762 1225 860 1261 quippe
875 1226 953 1261 quasi
969 1226 996 1254 in

211 1271 372 1306 Evangeliis,
397 1276 424 1298 ct
447 1272 526 1306 quasi
540 1271 574 1298 de
589 1271 737 1307 apostolis.
760 1271 866 1299 αἰώνων
882 1280 995 1300 suorum

211 1317 316 1344 fabulas
342 1317 451 1351 proprio
478 1318 560 1344 corde
583 1322 767 1351 exponentes,
787 1325 840 1344 non
865 1318 892 1345 in
915 1319 996 1346 corde

210 1362 328 1398 Spiritus
341 1357 438 1390 sancti.
455 1362 546 1398 Neque
560 1363 632 1390 enim
645 1366 758 1397 possunt
770 1362 860 1390 dicere
874 1363 896 1379 ⁸¹
915 1372 922 1391 :
938 1361 994 1391 Nox

210 1414 296 1436 autem
307 1417 410 1436 sensum
427 1400 526 1435 Christi
542 1407 677 1440 habemus,
692 1413 721 1434 ut
735 1407 866 1434 videamus
887 1416 918 1435 ea
937 1416 996 1443 qua:

210 1462 225 1480 a
243 1453 297 1480 Deo
313 1453 411 1480 domita
432 1458 491 1479 sunt
511 1452 596 1479 nobis.
616 1451 684 1479 Cum
707 1456 796 1480 autem
813 1457 840 1479 et
858 1460 939 1487 super
953 1460 995 1480 tne

210 1499 367 1533 veneritqui
386 1497 462 1525 dicor
486 1495 697 1531 ecclesiasticus,
711 1497 757 1532 qni
775 1497 878 1532 accipio
895 1497 994 1526 librum

208 1549 344 1576 sanctum,
368 1549 395 1571 et
416 1544 487 1571 nitor
508 1551 571 1570 eum
591 1543 770 1578 interpretari,
796 1544 848 1571 hoc
870 1544 942 1579 quod
961 1545 995 1572 de
1008 1555 1029 1584 ε

202 1588 342 1624 ιιωνυιὶυἱδ
360 1587 470 1622 intelligi
494 1592 592 1622 potest.
608 1594 701 1621 quaso
716 1586 856 1615 audientrs
880 1591 910 1614 ut
931 1586 993 1615 diii-

210 1639 300 1670 gcnter
315 1633 463 1664 attendant,
486 1637 512 1659 et
534 1632 668 1666 accipiant
686 1632 799 1667 gratiam
817 1631 943 1667 Spiritus,
960 1632 993 1660 de

207 1686 260 1713 qua
279 1677 379 1704 dictum
394 1680 436 1703 est
451 1675 473 1692 "
491 1685 497 1702 :
518 1675 645 1702 Discretio
660 1675 811 1710 spirituum,
837 1678 865 1702 ut
889 1675 991 1709 probati

208 1723 346 1758 trapezita:
361 1722 441 1754 lacti,
467 1720 607 1755 diligenter
625 1721 770 1748 observent
784 1721 893 1755 quando
909 1720 992 1747 falsus

207 1769 257 1795 siin
275 1766 410 1803 magister,
423 1766 530 1801 quando
546 1772 609 1793 vero
627 1765 769 1800 praedicem
784 1773 844 1800 qute
861 1769 924 1793 sttui
937 1765 992 1800 pic-

207 1813 269 1840 tatis
292 1820 323 1840 ac
341 1811 471 1839 veritatis.
488 1810 515 1837 Si
539 1810 629 1845 itaque
646 1810 754 1838 invenio
768 1811 795 1838 in
809 1809 908 1846 Moyse,
923 1815 950 1838 et
964 1811 990 1837 in

206 1858 344 1893 prophetis
358 1855 438 1892 363
461 1861 569 1883 sensum
583 1853 696 1888 Christi,
717 1862 768 1882 non
782 1855 816 1882 de
830 1855 912 1882 conlo
927 1862 990 1888 pro-

205 1905 273 1940 prio,
293 1904 339 1932 sed
361 1903 394 1931 de
410 1902 510 1938 Spiritu
531 1905 625 1930 sancto
645 1901 752 1936 loquor.
776 1900 804 1928 Si
820 1904 910 1928 autem
925 1900 991 1927 nihil

204 1958 354 1986 congruum
373 1949 523 1982 inveniens,
546 1947 721 1982 mihimetipsi
737 1946 862 1982 cenllngo
877 1954 938 1982 qua:
953 1947 978 1973 lo

204 2006 291 2033 quar,
313 1997 447 2024 fluctuans
473 1995 500 2022 in
527 1993 699 2022 sermonibus
723 1993 768 2028 qui
792 1997 856 2020 sunt
875 1993 954 2020 alieni
975 2001 989 2018 ει

204 2043 276 2074 Deo.
301 2043 336 2071 de
353 2049 414 2070 meo
439 2041 529 2077 potius
545 2039 627 2068 corde
645 2046 726 2074 quant
746 2038 778 2066 de
796 2038 841 2066 Dei
866 2039 990 2066 sensibus

205 2090 310 2124 loquor.

239 2135 266 2162 5.
287 2134 430 2168 Prop/tein,
444 2138 468 2159 ει
484 2132 555 2159 dices
573 2131 706 2166 prophetis
724 2130 770 2165 qui
789 2130 944 2165 prophetam
959 2130 989 2156 de

204 2180 281 2206 corde
293 2187 351 2205 suo.
366 2177 425 2205 Non
437 2177 475 2204 ait
485 2176 644 2211 simpliciter
655 2175 688 2203 de
700 2175 792 2206 corde,
804 2174 850 2201 Sed
861 2175 895 2202 de
908 2175 989 2202 corde

205 2232 264 2251 suo.
282 2223 315 2250 Et
331 2222 507 2258 prop/relabi},
521 2226 546 2248 et
560 2221 629 2248 dices
644 2221 678 2247 od
689 2228 733 2248 eos
747 2227 757 2247 .‘
773 2220 869 2247 Audite
884 2221 988 2247 verbum

207 2269 320 2296 Dotniui.
338 2268 401 2295 Haec
412 2268 445 2295 ad
462 2275 516 2299 me,
535 2267 592 2294 inec
607 2266 639 2294 ad
654 2273 716 2293 eum
727 2266 865 2299 dicuntur,
878 2266 923 2300 qui
937 2266 986 2293 do-

203 2322 305 2344 ctorem
317 2323 347 2344 se
357 2322 417 2343 esse
431 2314 576 2350 promittit,
588 2318 614 2341 ut
629 2313 710 2341 timor
722 2312 769 2340 Dei
782 2312 870 2347 major
883 2312 987 2339 oriatur

204 2363 230 2389 in
254 2361 343 2395 nobis,
364 2369 398 2388 ue
418 2359 603 2395 periclitemur
618 2359 698 2394 quasi
722 2358 773 2386 sub
789 2358 986 2386 commentario

202 2408 307 2443 scripto
323 2414 377 2434 non
396 2406 431 2434 ab
450 2405 619 2438 hominibus,
635 2404 683 2432 sed
697 2404 732 2431 ab
750 2405 854 2439 angelis
873 2405 932 2437 Dei,
947 2405 987 2432 sic

203 2454 324 2490 proferre
337 2457 501 2480 sermonem.
518 2449 585 2478 Novi
600 2449 700 2485 quippe
712 2450 785 2485 quia,
801 2458 863 2478 cum
876 2451 902 2478 in
911 2451 986 2486 judi-

201 2501 245 2527 cio
255 2499 300 2527 iile
309 2498 377 2526 ordo
389 2496 555 2529 consederit,
566 2494 600 2522 dc
609 2503 665 2530 quo
675 2495 843 2530 prophetarit
851 2495 983 2529 Daniel",

201 2551 228 2573 et
243 2545 305 2572 libri
326 2543 425 2571 iuerint
445 2542 544 2577 aperti,
561 2549 657 2569 annos
679 2541 730 2569 mei
748 2545 872 2574 conatus,
889 2548 984 2568 omnes

202 2599 269 2618 mea:
287 2588 470 2624 expositiones
487 2587 659 2622 proferentur
680 2586 708 2613 in
724 2586 854 2618 medium,
877 2586 934 2613 sive
959 2587 984 2612 in

200 2632 431 2667 justiﬁeationem,
449 2631 505 2658 sive
522 2631 547 2658 in
566 2630 818 2658 condemnationem
839 2637 938 2657 meam.
955 2631 984 2657 iu

201 2677 420 2713 iustiﬁcationem
443 2675 552 2711 quidem
568 2675 634 2702 mihi
650 2679 743 2708 erunt,
758 2682 820 2709 quae
835 2674 902 2702 bene
915 2673 984 2702 dicta

203 2728 282 2755 sunt;
296 2723 322 2750 in
335 2721 588 2750 condemnationem
601 2726 676 2751 vero,
693 2728 724 2747 ea
737 2727 798 2755 quze
812 2727 892 2748 secus
903 2727 984 2755 quam

204 2769 303 2796 veritas
317 2768 413 2803 poscit,
426 2768 567 2802 explanata
583 2775 590 2793 τ
607 2766 648 2793 lix
660 2767 834 2797 «ruralibus,
851 2766 939 2801 inquit
949 2767 983 2797 ",

1051 955 1105 978 tem
1120 951 1147 977 in
1163 951 1339 978 sermonibus
1350 950 1423 984 facit,
1439 951 1491 978 hoc
1503 950 1572 978 idem
1589 951 1652 978 facit
1664 955 1693 978 et
1703 951 1733 978 in
1745 952 1834 986 gestis.

1048 995 1165 1023 Necesse
1181 999 1224 1023 est
1237 995 1309 1023 enim
1323 1001 1354 1023 ut
1372 996 1430 1023 sint
1442 995 1495 1023 alia
1513 995 1584 1023 facta
1601 996 1628 1022 in
1642 996 1746 1030 quibus
1757 996 1835 1030 justi-

1049 1043 1174 1073 iicemur,
1192 1047 1219 1068 et
1243 1042 1294 1069 alia
1319 1042 1347 1068 in
1369 1042 1469 1076 quibus
1489 1041 1715 1069 condemnemur.
1745 1041 1834 1077 Neque

1048 1087 1121 1114 enim
1137 1088 1177 1115 sic
1190 1087 1325 1122 perfectus
1344 1094 1417 1120 sum,
1432 1092 1461 1114 ut
1483 1087 1574 1114 omnia
1590 1087 1661 1114 facta
1675 1087 1790 1114 habeam
1807 1088 1832 1114 iu

1047 1134 1148 1168 quibus
1156 1134 1247 1168 justus
1261 1133 1404 1166 exsistant,
1425 1140 1512 1168 neque
1527 1131 1567 1160 sic
1580 1138 1718 1167 mecstor,
1733 1138 1762 1160 ut
1772 1133 1832 1160 talia

1048 1182 1146 1206 cuncta
1162 1176 1282 1210 fecerim,
1294 1184 1355 1212 qua:
1366 1184 1408 1204 me
1419 1184 1451 1204 ex
1465 1176 1540 1204 omni
1554 1182 1630 1211 parte
1642 1178 1830 1205 condemnem.

1048 1224 1114 1252 Esse
1130 1229 1220 1252 autem
1236 1228 1262 1251 et
1279 1223 1331 1250 alia
1353 1223 1422 1250 facta
1440 1223 1607 1256 istiusmodi,
1621 1227 1650 1250 et
1665 1223 1720 1250 alia
1741 1223 1830 1250 istius-

1047 1269 1130 1302 modi,
1148 1276 1180 1297 ex
1193 1269 1245 1297 hoc
1258 1268 1434 1296 manifestum
1449 1268 1576 1302 estquod
1591 1268 1693 1296 dicitur
1704 1268 1729 1284 "
1742 1278 1750 1295 ι
1763 1268 1830 1301 Ωιι-

1047 1317 1168 1343 rumdam
1187 1315 1322 1342 hominum
1335 1319 1442 1350 peccatu
1454 1314 1595 1348 manifesta
1612 1318 1673 1340 sunt
1685 1315 1828 1347 pranden-

1047 1361 1085 1388 tt'a
1097 1362 1131 1388 ad
1142 1361 1286 1396 judicium,
1302 1361 1476 1396 quorumdam
1488 1364 1576 1387 autem
1586 1364 1612 1386 et
1626 1359 1826 1394 subsequuntur.

1047 1405 1176 1433 Similiter
1188 1411 1275 1433 autem
1287 1410 1312 1433 et
1324 1405 1391 1433 bona
1404 1406 1476 1440 facta
1488 1405 1628 1439 maiiifata
1647 1411 1722 1438 sunt,
1737 1411 1761 1432 et
1774 1412 1828 1440 qui:

1046 1451 1124 1479 aliter
1143 1452 1272 1479 habentur
1288 1452 1369 1479 latere
1388 1460 1440 1478 nou
1462 1457 1580 1486 ponunt.
1599 1451 1691 1486 Eque
1704 1452 1738 1479 de
1754 1451 1829 1478 ἱιιιυίο

1046 1497 1171 1526 icctibus.
1185 1497 1298 1534 Pi-Opter
1313 1498 1386 1533 quod
1398 1503 1426 1525 et
1437 1498 1507 1525 inter
1520 1506 1548 1525 se
1560 1497 1676 1525 invicem
1689 1497 1826 1532 cogitatio-

1047 1548 1111 1568 num
1141 1542 1328 1568 accusantium
1360 1542 1418 1569 ιιι-ε
1446 1541 1672 1569 satisfaciendum
1698 1542 1825 1576 judicium

1047 1594 1089 1614 me
1116 1592 1255 1622 exspectat
1283 1588 1317 1615 de
1345 1588 1472 1616 omnibus
1497 1596 1557 1623 quie
1587 1587 1675 1619 facio,
1701 1597 1763 1622 qua:
1790 1588 1827 1613 in-

1046 1632 1146 1668 telligo,
1167 1639 1227 1667 qua:
1244 1633 1352 1668 loquor,
1376 1638 1402 1661 et
1427 1633 1548 1662 incertus
1563 1633 1688 1668 opperior
1701 1634 1825 1668 quidnam

1046 1678 1110 1705 mihi
1128 1678 1154 1705 in
1177 1678 1223 1705 illo
1242 1677 1346 1713 judicio
1366 1679 1402 1706 sit
1417 1678 1558 1711 futurum;
1574 1683 1734 1714 quantoque
1748 1685 1828 1712 magis

1045 1724 1128 1752 timor
1144 1723 1190 1751 Dei
1207 1724 1274 1750 mihi
1288 1724 1419 1751 incutitur
1436 1725 1469 1751 ad
1483 1725 1636 1758 recipienda
1652 1729 1755 1751 cuncta
1769 1732 1824 1759 qum

1045 1768 1107 1802 feci,
1125 1774 1200 1797 tanto
1217 1769 1304 1804 magis
1319 1769 1456 1797 custodire
1477 1777 1520 1796 me
1536 1770 1632 1802 debeo,
1648 1770 1755 1797 utinam
1768 1770 1825 1805 qui-

1043 1816 1102 1842 dem
1117 1815 1151 1842 ab
1166 1815 1293 1842 omnibus
1309 1815 1445 1850 peccatis!
1462 1815 1504 1842 sin
1521 1820 1610 1842 autem
1625 1816 1678 1842 hoc
1692 1823 1747 1843 non
1766 1823 1822 1850 pos-

1042 1869 1114 1894 sum,
1130 1861 1225 1888 saitem
1247 1869 1344 1895 queam
1363 1869 1378 1888 a
1402 1862 1539 1889 maximis.
1566 1861 1629 1888 ilice
1650 1861 1686 1888 de
1707 1870 1743 1889 eo
1758 1860 1824 1896 quod

1043 1906 1235 1940 proposuimus
1244 1905 1277 1932 de
1289 1905 1437 1940 prophetis,
1452 1906 1499 1940 qui
1517 1906 1681 1940 prophetarit
1697 1906 1733 1932 de
1747 1906 1822 1933 corde

1042 1957 1102 1980 suo.
1115 1950 1148 1976 ad
1159 1957 1229 1984 quos
1238 1950 1336 1977 dicitur
1353 1959 1359 1977 :
1372 1949 1470 1977 Audite
1484 1959 1629 1977 senuerunt
1643 1950 1763 1982 Domini,
1775 1951 1822 1977 hac

1041 1995 1105 2022 dicit
1125 1995 1229 2022 Adonei
1249 1995 1374 2022 Dominus
1396 2003 1405 2022 .'
1433 1995 1477 2023 Va:
1501 1997 1533 2022 iis
1551 1996 1595 2030 qui
1616 1998 1774 2031 prophetam
1795 1997 1821 2021 de

1040 2041 1118 2068 corda
1135 2048 1195 2072 uta,
1218 2042 1264 2076 qui
1285 2041 1422 2068 ambulant
1443 2046 1500 2075 post
1523 2042 1647 2075 spiritum
1665 2051 1755 2069 ruunt.
1771 2041 1821 2068 Duo
1858 2071 1859 2077 γ

1040 2092 1149 2121 peccata
1162 2092 1236 2118 sunt,
1257 2095 1340 2114 unum
1355 2087 1458 2120 cordis,
1476 2087 1549 2114 aliud
1565 2087 1688 2122 spiritus.
1705 2087 1820 2114 Primum
1857 2104 1858 2116 χ

1039 2132 1073 2160 de
1095 2132 1200 2160 meliori
1226 2138 1303 2167 parte
1325 2133 1476 2165 videamus,
1501 2138 1530 2160 nt
1543 2133 1682 2168 possimus
1697 2134 1779 2160 etiam
1794 2141 1821 2158 ut

1039 2186 1100 2212 quae
1121 2179 1257 2206 contraria
1277 2182 1341 2205 sunt
1364 2178 1548 2206 considerare.
1571 2178 1724 2213 Apostolus
1742 2178 1819 2213 loqui-

1006 2225 1025 2250 D
1042 2228 1086 2251 tur
1095 2224 1118 2240 “
1131 2233 1137 2251 ί
1155 2224 1243 2251 Orabo
1258 2224 1365 2258 spiritu,
1381 2224 1462 2251 orabo
1477 2228 1501 2250 et
1516 2232 1603 2251 sensu.
1620 2223 1673 2256 Qui
1688 2231 1785 2251 sensus
1798 2222 1819 2249 in

1040 2268 1121 2296 corde
1135 2269 1216 2296 habet
1229 2269 1423 2296 habitaculum.
1444 2267 1564 2296 Psallam
1581 2269 1691 2303 spiritu,
1711 2268 1816 2303 psallam

1040 2321 1128 2340 sensu.
1145 2313 1229 2349 Igitur
1249 2320 1276 2341 et
1295 2314 1408 2349 spiritus
1421 2319 1473 2348 est,
1490 2319 1517 2342 et
1530 2322 1627 2341 sensus
1645 2314 1672 2341 in
1691 2314 1779 2341 nobis.
1794 2312 1820 2338 Et

1039 2360 1185 2395 quomodo
1201 2364 1311 2388 sanctus
1326 2364 1386 2387 orat
1400 2360 1507 2394 spiritu,
1517 2363 1617 2386 oratet
1630 2366 1726 2392 sensu,
1741 2357 1819 2393 psaiLl

1040 2406 1148 2440 spiritu.
1166 2406 1255 2441 psallit
1266 2410 1293 2433 ct
1309 2412 1390 2433 sensu
1409 2414 1415 2432 :
1431 2405 1470 2432 sic
1480 2406 1531 2432 iste
1543 2405 1589 2440 qui
1605 2410 1647 2432 est
1664 2405 1751 2433 ialsus
1766 2411 1818 2439 pm-

1038 2452 1143 2486 phetes,
1155 2452 1188 2479 de
1203 2451 1285 2479 corde
1301 2451 1410 2486 proprio
1427 2451 1580 2486 prophetat,
1593 2456 1620 2478 et
1633 2451 1758 2478 ambulat
1773 2456 1817 2476 non
1848 2465 1849 2471 ι

1038 2499 1099 2530 post
1109 2494 1239 2530 Spiritum
1248 2495 1306 2528 Dei,
1317 2495 1362 2522 sed
1373 2500 1435 2531 post
1442 2495 1564 2530 spiritum
1573 2503 1666 2522 suum.
1675 2495 1723 2523 Est
1731 2495 1818 2530 quippe
1847 2504 1848 2511 ι

1039 2540 1153 2575 quidam
1170 2540 1284 2575 spiritus
1299 2540 1430 2573 hominis,
1453 2540 1499 2576 qui
1520 2546 1645 2568 versatur
1662 2541 1690 2568 in
1707 2548 1751 2571 eo.
1766 2544 1816 2574 p06!
1845 2541 1847 2550 ⁴

1038 2594 1118 2620 quem
1134 2586 1227 2621 procul
1242 2586 1313 2614 absit
1328 2591 1357 2614 ut
1373 2594 1424 2622 ego
1437 2586 1584 2619 ambulem,
1606 2586 1654 2614 sed
1675 2586 1817 2620 intelligens
1843 2584 1846 2622 l‘

1039 2619 1164 2658 sanctum
1178 2630 1308 2665 Spiritum
1324 2630 1369 2658 Dei
1387 2619 1448 2666 post
1463 2630 1608 2658 Dominum
1622 2630 1717 2659 Iesum
1734 2619 1814 2658 meum
1843 2619 1845 2668 ξ

1039 2676 1186 2704 ambulem.
1199 2676 1292 2712 itaque
1304 2677 1441 2712 propheta:
1456 2677 1501 2711 qui
1516 2677 1682 2711 prophetarit
1689 2677 1723 2704 de
1731 2675 1814 2706 cor-le.
1841 2691 1843 2708 Α

1039 2725 1066 2749 et
1079 2722 1220 2749 ambulant
1234 2726 1295 2757 post
1310 2722 1434 2756 spiritum
1446 2729 1499 2749 non
1512 2725 1565 2748 lam
1579 2721 1625 2748 Dei
1637 2730 1720 2756 quam
1732 2727 1813 2750 suum,
1841 2731 1842 2747 ι

1039 2767 1152 2795 omnino
1165 2767 1238 2802 quod
1255 2767 1347 2794 (ii-recc
1362 2767 1461 2794 dicitur
1473 2766 1504 2794 τὸ
1520 2766 1635 2793 καθόλου
1652 2775 1706 2794 non
1721 2765 1813 2794 vident,
1840 2774 1841 2786 ι

239 2854 260 2870 ⁸³
277 2854 361 2881 lCor.
375 2862 404 2886 ιι,
422 2854 464 2881 16.
501 2855 523 2871 ’ί
538 2856 546 2881 l
559 2854 623 2880 Cor.
639 2862 687 2887 χιι,
705 2854 746 2881 i0.
784 2855 806 2870 ⁸³
823 2854 890 2881 Dan.
907 2861 953 2881 ιιι.

1043 2853 1128 2882 iiattit.
1148 2862 1196 2888 χιι,
1215 2854 1260 2882 37.
1295 2855 1317 2870 ⁸⁸
1335 2853 1428 2881 lTim.
1450 2862 1475 2887 ι’,
1490 2853 1534 2881 24.
1564 2854 1610 2881 ⁸⁸1
1627 2855 1689 2883 Cor.
1708 2862 1758 2882 ιιι.
1774 2853 1807 2879 t5.
