1882 3052
73 157 125 185 685

776 152 918 183 ΠΟΜΙῙᾸᾹ
937 155 970 182 li.

1642 156 1693 184 686

74 220 101 242 et
112 219 154 242 est
166 214 294 249 ambigua
312 221 342 241 es
360 221 484 241 sermone
500 213 642 241 sententia.
660 214 722 241 Sive
740 221 812 241 enim
826 221 858 241 ea
874 218 895 245 Α
912 213 1010 240 habere
1033 218 1194 239 concessum
1219 216 1270 244 est,
1292 212 1337 247 qui
1358 212 1453 240 audire
1476 219 1492 240 a
1516 212 1571 240 Deo
1596 213 1696 249 dignus

75 266 135 292 quae
150 263 214 286 sunt
229 259 383 293 gem-ralia,
409 259 434 286 id
452 264 503 290 cst,
525 259 662 294 generalia
683 266 735 286 non
757 259 860 292 vident,

76 305 137 332 licet
158 304 277 340 qadam
290 313 321 331 ex
344 309 419 339 parte
435 305 623 339 conspiciant;
642 305 708 336 sive,
726 304 798 339 quod
811 311 861 340 ego

75 350 174 377 melius
188 357 259 382 reor.
276 351 387 377 omnino
404 357 457 377 non
474 350 574 382 vident,
594 350 655 377 licet
671 350 722 377 sibi
737 357 769 377 ex
786 354 862 384 parte

74 395 192 430 quadam
205 395 350 422 videantur
365 395 463 422 videre.
478 395 531 422 Alii
545 394 645 430 quippe
657 396 683 422 in
697 394 775 422 nobis
789 395 861 422 oruli

75 446 138 468 sunt
158 441 286 467 meliores
312 441 353 468 his
371 448 440 474 quos
457 441 588 468 habemus
612 441 638 467 in
661 448 784 475 corpore.
808 439 861 473 Qui

73 488 145 515 oculi
157 492 206 514 aut
216 485 309 514 Jesum
329 486 473 514 Dominum
487 487 588 519 vident,
604 486 650 521 qui
666 492 714 513 eos
728 486 761 513 ad
774 493 803 513 se
818 486 861 512 iu-

73 534 205 562 tuendum
224 533 337 565 creavit,
355 537 401 560 aut
425 535 498 560 certe
521 532 635 560 omnino
650 531 713 559 caeci
736 535 809 559 sunt.
833 530 861 557 Si

74 586 202 616 peccator
222 588 293 612 sum,
312 580 380 606 nihil
394 580 472 607 video
486 586 536 605 nec
553 586 664 613 possum
680 577 804 605 veritatis
820 577 863 604 lu—

75 634 136 653 men
148 625 281 660 aspicere.
295 624 466 659 Injudieiunt
479 624 589 657 quippe,
604 622 684 654 ait",
697 622 724 648 in
738 622 864 649 mundum

74 672 158 698 istum
171 671 241 704 veni,
256 676 284 696 ut
301 677 351 696 non
368 670 483 696 videntes
501 668 616 700 videant,
632 673 657 694 et
670 667 785 694 videntes
801 667 864 694 caici

77 717 162 751 ﬁant;
178 716 200 743 si
216 720 306 743 autem
317 716 420 751 justus,
433 714 538 749 accipio
553 713 667 750 gratiam
686 721 701 740 a
721 713 775 740 Deo
790 717 817 740 et
831 713 864 740 de

76 769 120 789 me
135 769 247 796 quoque
258 761 358 788 dicitur
372 761 476 788 videns.
490 760 631 794 Propheta:
645 759 717 786 enitn
728 758 865 785 vocaban-

75 813 120 834 tur
132 813 197 835 ante
207 807 339 835 videntes.
355 806 390 834 Et
402 807 446 842 qui
461 806 542 838 vides,
558 805 596 833 ait
605 805 641 837 ⁸⁸,
654 806 728 836 vade,
740 805 865 831 descende

74 855 103 880 in
117 858 217 880 terram
228 852 312 885 Iuda,
323 857 346 880 et
361 852 397 879 ibi
411 859 582 884 commorare,
600 856 624 878 et
638 850 674 877 ibi
688 850 863 885 prophetabis.

77 899 110 926 In
125 898 218 926 Bethel
238 905 326 925 autent
340 898 399 933 jam
415 906 466 924 non
488 897 598 931 adjicies
613 901 643 923 ut
663 896 809 931 prophetes.
832 895 865 923 Et
881 885 902 914 Β

77 951 188 972 rursum
203 944 268 971 alibi
277 944 319 971 ’σε
338 943 410 970 Visio
422 951 500 978 quam
513 943 577 969 vidit
590 941 678 969 Isaias
688 941 763 976 ﬁlius
773 942 863 969 Antor.

76 990 177 1017 Beatus
191 990 234 1017 cui
247 989 375 1017 revelahit
387 988 518 1016 Dominus
531 987 626 1015 oculos
635 987 671 1015 ad
684 986 799 1015 videnda
814 986 865 1014 mi-

76 1037 173 1064 rabilia
191 1038 224 1064 de
245 1036 303 1072 iege
324 1035 381 1068 Dei,
397 1036 475 1070 juxta
490 1034 705 1063 obsecrationem
724 1032 866 1068 Propheta

74 1083 195 1110 dicentis
208 1082 232 1099 ”
246 1091 253 1109 :
271 1082 365 1110 Revela
379 1081 470 1109 oculos
485 1089 565 1113 meos,
579 1085 604 1107 et
625 1079 795 1106 considerabo
814 1079 864 1105 nii-

77 1129 176 1155 rabilia
190 1129 222 1155 de
236 1128 291 1163 lege
305 1134 362 1154 tua.

112 1175 140 1201 4.
161 1173 309 1201 Videamus
324 1179 413 1201 autem
428 1177 455 1200 et
467 1172 548 1200 alium
562 1179 714 1199 sermonem
727 1177 774 1205 per
784 1176 866 1205 quem

78 1219 324 1254 pseudoprophette
352 1222 379 1245 et
399 1218 459 1245 falsi
484 1216 605 1252 magistri
629 1215 834 1251 corripiuntur:
851 1221 865 1241 τι

78 1273 148 1299 quo.
165 1271 270 1299 quaeso,
287 1267 316 1291 ut
331 1264 474 1291 orantibus
482 1263 557 1290 vobis
574 1270 623 1297 ego
636 1270 720 1297 purus
734 1261 864 1288 inveniar.

78 1310 147 1342 Quae
157 1313 200 1336 est
210 1309 291 1343 igitur
304 1307 454 1342 correptio?
466 1307 533 1334 sicut
545 1307 632 1342 culpes
643 1307 670 1333 in
679 1306 792 1339 deserto,
806 1313 868 1341 pro-

75 1356 165 1388 phetae
173 1355 225 1386 tui,
235 1353 320 1380 lsrael
326 1354 357 1380 ".
368 1353 475 1380 Animal
484 1354 579 1388 vulpes
587 1360 702 1387 nequam
712 1356 763 1385 est,
773 1359 868 1379 versu-

79 1405 152 1432 tum,
171 1399 393 1431 indontabiieest,
402 1398 488 1426 ferum
504 1403 556 1426 est.
567 1398 663 1430 Dicite,
672 1397 800 1434 aﬂuit
809 1396 868 1423 Sal-

79 1452 159 1473 vator
168 1445 203 1476 ”,
219 1444 292 1479 vulpi
306 1444 352 1471 isti
364 1452 373 1471 :
387 1442 454 1470 Ecce
464 1444 614 1471 sanationes
624 1443 732 1477 per/icio
746 1442 833 1474 hodie,
843 1446 866 1468 et

77 1501 152 1522 uas,
169 1496 195 1518 et
213 1491 292 1519 tertia
307 1490 351 1517 die
365 1497 540 1517 constmtmor.
561 1489 614 1516 Has
631 1488 724 1528 vulpes
740 1495 867 1515 necessa-

79 1538 137 1565 rius
154 1536 249 1563 habuit
263 1536 406 1563 adversum
426 1536 591 1571 alienigenas
604 1534 733 1567 Samson,
751 1541 866 1569 quarunt

79 1583 178 1610 caudis
192 1589 255 1609 cum
271 1581 332 1616 igne
346 1581 443 1608 vinctis
457 1582 603 1616 (trecentas
615 1580 687 1607 enim
703 1579 820 1614 ceperat)
840 1579 868 1606 in

77 1628 261 1664 perditionem
274 1635 320 1655 eas
331 1626 438 1662 frugum
455 1627 530 1653 misit
543 1626 692 1653 hostilium.
710 1625 867 1652 istiusmodi

78 1677 146 1701 Sunt
170 1672 230 1700 falsi
255 1672 388 1707 magistri,
406 1672 517 1704 versuti,
534 1670 645 1706 maligni
667 1675 694 1697 et
713 1669 808 1698 bestiis
829 1670 868 1697 si“-

78 1720 171 1747 miles.
189 1718 218 1746 Si
234 1718 295 1746 talis
308 1726 380 1752 sum,
398 1718 490 1753 vulpes
505 1726 566 1745 sum
583 1726 591 1744 :
607 1717 654 1744 sed
669 1723 722 1744 non
737 1717 869 1752 simplici-

79 1767 122 1792 ter
137 1764 245 1800 vulpes,
263 1771 358 1791 verum
375 1764 466 1799 vulpes
482 1764 509 1790 in
526 1763 653 1795 desertis,
667 1762 762 1797 vulpes
777 1763 803 1789 in
821 1769 869 1797 pa-

79 1810 201 1843 rietinis,
217 1809 312 1844 vulpes
335 1810 362 1837 in
385 1810 511 1844 rupibus;
525 1809 582 1836 haec
607 1808 679 1835 enim
704 1809 730 1835 in
753 1807 870 1835 diversis

78 1856 209 1884 sensibus
233 1855 417 1882 continentur.
447 1854 608 1889 Vcrsipellcs
636 1854 679 1881 isti
702 1859 730 1881 et
750 1861 867 1888 nequam

77 1908 190 1938 semper
204 1903 230 1929 in
245 1902 370 1934 desertis,
391 1907 497 1935 semper
510 1901 536 1927 in
553 1900 746 1927 solitudinibus
758 1906 869 1927 moran-

79 1954 136 1976 tur.
161 1946 323 1980 Ubicunque
340 1946 412 1973 enint
437 1946 528 1972 anima
550 1945 688 1971 habitatur
713 1952 727 1971 ιι
753 1943 817 1974 Deo,
843 1949 870 1971 et

79 1993 185 2029 Spiritu
198 1996 293 2019 sancto
304 1992 381 2026 plena
395 1995 446 2024 est,
462 1990 498 2017 ibi
510 1998 563 2017 non
578 1994 666 2024 potest
679 1989 867 2016 hereticorum

77 2038 206 2065 tim-trina
218 2042 372 2072 penetrare,
388 2043 438 2063 nec
453 2035 522 2062 valet
531 2043 626 2062 eorum
641 2040 731 2062 set-lno
745 2042 870 2069 perrum-

78 2092 156 2119 pere.
173 2083 225 2111 Ubi
238 2088 329 2110 autem
346 2082 463 2110 solitudo
477 2082 578 2109 Christi
594 2085 646 2114 est,
665 2081 711 2108 ubi
730 2081 869 2109 desertum

77 2130 204 2165 iustitiae,
215 2129 252 2156 ibi
262 2128 434 2162 nequissimae
443 2127 592 2161 disciplinae
601 2134 702 2153 venena
716 2130 867 2153 versantur.

80 2177 188 2203 idcirco
203 2175 272 2200 sicut
288 2174 387 2206 culpes,
409 2172 448 2199 ait
458 2172 492 2204 ’³,
506 2173 532 2198 in
545 2171 656 2198 desertis
671 2171 804 2206 propheta:
819 2171 868 2203 tui,

911 261 953 285 est
964 257 988 274 ⁸⁸
1000 266 1006 284 :
1024 256 1062 284 Tu
1074 265 1133 284 vero
1143 264 1183 285 tta
1195 266 1305 286 mecum.
1318 257 1417 285 Verum
1430 266 1484 286 non
1499 258 1567 287 tales
1578 260 1696 294 pseudo-

912 304 1059 338 prophetae,
1077 311 1130 331 non
1148 304 1214 331 tales
1227 304 1287 332 falsi
1306 304 1430 340 magistri
1447 314 1455 332 :
1469 312 1557 339 neque
1570 306 1643 333 enim
1656 306 1697 335 sic

912 353 1043 376 steterunt
1056 348 1084 376 in
1100 349 1281 377 firmamento.

948 394 975 422 Β.
996 394 1031 422 Et
1049 397 1242 430 congregabaut
1262 403 1350 431 greges
1366 402 1445 431 super
1466 396 1573 423 domum
1598 394 1697 430 lsrael,

912 448 981 476 quos
1000 440 1109 472 docent,
1133 449 1202 476 quos
1218 441 1372 472 instituunt,
1395 441 1451 468 sive
1464 441 1583 469 haeretici
1598 441 1697 477 dogma

913 487 1025 522 impium
1042 487 1231 522 praedicantes,
1248 487 1305 515 sive
1322 487 1381 514 falsi
1396 487 1518 522 magistri
1532 486 1697 523 decipientes

913 539 960 560 eos
977 541 1091 568 quorum
1107 540 1187 560 aures
1202 533 1339 567 pruriunt,
1357 533 1488 568 colligunt
1507 539 1602 569 greges
1624 535 1698 562 schi-

915 582 1032 605 smatmn
1044 577 1188 604 adversum
1202 577 1349 604 Ecclesiam
1362 577 1419 611 Dei,
1432 578 1576 605 adversum
1587 578 1698 605 domum

914 624 1008 651 israel.
1028 623 1087 650 Non
1101 629 1271 650 surrexerunt
1282 624 1327 658 qui
1340 623 1453 650 dicerent
1467 630 1477 650 :
1490 621 1523 650 In
1535 623 1579 650 die
1593 622 1700 650 Domini

915 669 984 704 fa’lsa
1005 669 1128 696 videntes.
1153 667 1183 694 ili
1205 675 1260 695 non
1277 673 1471 702 surrexerunt;
1491 669 1535 696 isti
1553 675 1617 696 vero
1635 675 1700 696 sur-

915 718 1017 750 gentes
1030 714 1124 742 dicunt
1136 714 1160 731 "’
1177 723 1183 741 :
1199 713 1351 748 Consepnlti
1367 721 1456 741 sumus
1474 714 1579 741 Christo
1593 723 1638 749 per
1650 715 1700 742 ba-

914 761 1021 794 ptisma,
1042 765 1067 787 et
1091 760 1305 786 consurreximus
1327 760 1360 786 ei.
1385 758 1524 787 Habemus
1548 761 1648 796 quippe
1671 765 1702 788 ut

915 806 1014 842 pignus
1031 805 1149 840 Spiritus
1164 806 1264 837 sancti,
1276 812 1355 838 quem
1369 806 1534 840 accipiemus
1547 806 1580 833 ad
1592 807 1700 841 plenum

916 856 1059 887 postquam
1084 851 1188 879 venerit
1210 851 1283 886 qttod
1302 851 1451 886 perfectum
1468 855 1526 882 est,
1545 853 1585 879 sic
1603 852 1701 887 pignus

917 896 1136 929 resurrectionis,
1153 897 1217 932 quia
1229 897 1256 924 in
1275 897 1475 925 resurrectione
1489 896 1607 932 perfecta
1621 905 1702 925 nemo

916 943 1006 970 adhuc
1024 943 1172 970 resurrexit
1191 942 1224 970 de
1237 943 1326 970 nobis.
1343 942 1536 970 Verumtamen
1551 944 1703 971 resurrexi-

917 997 989 1021 mus,
1006 988 1092 1016 Paulo
1106 988 1212 1016 dicente
1229 997 1235 1015 :
1252 988 1407 1024 Camepultt'
1428 997 1519 1017 sumus
1539 989 1645 1018 Christo
1658 998 1705 1025 per

914 1034 1060 1069 baptisma,
1074 1038 1100 1061 et
1115 1034 1328 1061 consurreximus
1343 1035 1378 1061 ei.
1391 1033 1449 1061 Non
1466 1041 1532 1069 ergo
1545 1042 1703 1062 resumite-

916 1084 990 1112 runt,
1010 1080 1061 1107 hoc
1077 1084 1120 1107 est
1131 1080 1247 1107 necdum
1263 1080 1472 1108 resurrectionis
1488 1081 1622 1115 baptisma
1637 1088 1703 1108 con-

917 1126 1004 1153 secuti
1023 1130 1086 1153 sunt
1106 1125 1167 1153 falsi
1190 1126 1340 1160 prophctte,
1355 1130 1382 1153 et
1403 1125 1465 1153 falsi
1488 1126 1611 1161 magistri
1629 1126 1705 1158 τρυε

914 1171 1034 1198 dicerent
1049 1171 1076 1198 in
1092 1171 1133 1198 die
1148 1171 1254 1197 Domini
1268 1171 1382 1198 ridentes
1398 1179 1457 1206 qua:
1479 1171 1548 1206 falsa
1564 1176 1623 1198 sunt
1633 1171 1703 1205 “4‘,

916 1224 1007 1252 neque
1020 1216 1167 1252 aliquando
1183 1221 1298 1251 possunt
1312 1217 1471 1252 conspicere
1484 1218 1638 1245 veritatem.
1650 1218 1705 1245 Ac-

918 1262 978 1297 cipe
989 1261 1154 1296 exemplum.
1169 1260 1221 1293 Qui
1234 1260 1402 1296 Scriptorum
1413 1260 1485 1297 legit,
1498 1265 1523 1288 et
1532 1261 1611 1288 aliter
1620 1267 1704 1296 quam

918 1309 1018 1342 scripta
1039 1313 1080 1336 est
1104 1309 1213 1343 accipit,
1236 1307 1406 1342 Scripturam
1432 1306 1597 1334 mendaciter
1622 1307 1703 1334 videt.

919 1353 971 1387 Qui
987 1362 1052 1381 vero
1069 1355 1145 1382 audit
1161 1354 1342 1389 Scripturam,
1356 1357 1385 1380 ut
1404 1360 1434 1380 se
1454 1354 1577 1380 veritatis
1597 1352 1699 1380 inti-ilc-

919 1404 979 1427 ctus
993 1399 1081 1432 habet,
1094 1404 1120 1427 et
1131 1400 1171 1427 sic
1181 1406 1240 1427 eam
1252 1399 1457 1434 interpretatur,
1469 1398 1541 1425 videt
1552 1398 1704 1426 veritatem.

920 1443 953 1472 Et
969 1445 1054 1472 sancti
1070 1445 1178 1479 quidem
1197 1452 1250 1472 non
1265 1444 1399 1471 divtnant.
1417 1443 1478 1470 Non
1490 1444 1560 1471 enim
1579 1444 1705 1475 divinatio

919 1491 948 1517 in
968 1489 1051 1517 Jacolt
1065 1490 1084 1517 ι.
1112 1489 1273 1518 Peccatores
1290 1497 1354 1517 vero
1368 1488 1493 1517 divinant
1513 1489 1592 1522 falsa,
1613 1490 1706 1517 dicen-

921 1541 960 1564 tes
972 1536 998 1563 ':
1018 1535 1082 1563 Iltec
1097 1535 1162 1562 dicit
1178 1536 1315 1568 Dominus,
1328 1540 1353 1563 et
1364 1534 1492 1562 Dominus
1502 1543 1555 1562 non
1568 1536 1639 1562 misit
1651 1544 1705 1563 eos.

920 1581 991 1608 Audi
1012 1581 1164 1615 hereticos,
1181 1582 1320 1616 quomodo
1335 1581 1497 1609 traditiones
1519 1581 1705 1617 apostolorum

921 1627 1020 1655 habere
1039 1635 1068 1655 se
1081 1628 1183 1655 dicant.
1203 1628 1275 1655 Audi
1295 1627 1378 1655 falsos
1393 1627 1549 1662 magistros,
1569 1628 1707 1662 quomodo

920 1673 1055 1701 afﬁrmant
1069 1673 1221 1701 doctrinam
1243 1682 1322 1701 suam
1342 1673 1451 1701 Domini
1466 1681 1526 1702 esse
1541 1673 1706 1709 doctrinam,

921 1726 1031 1745 sensum
1045 1726 1125 1746 suum
1140 1726 1290 1753 congruere
1302 1719 1392 1745 sensui
1411 1718 1618 1753 prophetarum,
1631 1724 1657 1746 et
1666 1719 1708 1746 di-

919 1771 985 1793 cunt
998 1765 1029 1792 ':
1045 1765 1109 1792 Hazc
1129 1766 1193 1792 dicit
1215 1765 1353 1798 Dominus,
1370 1771 1394 1792 et
1421 1765 1546 1792 Dominus
1562 1774 1612 1792 non
1634 1767 1708 1794 misit

920 1819 973 1838 eos.
991 1810 1024 1838 Et
1042 1817 1172 1845 coeperunt
1190 1812 1320 1838 suscitare
1334 1819 1488 1838 sermonem.
1507 1810 1568 1838 Non
1583 1813 1707 1840 uisionem

920 1857 1017 1891 falsam
1037 1857 1167 1885 vidistis?
1186 1857 1218 1884 Et
1236 1857 1262 1883 hi
1281 1856 1353 1884 enim
1368 1857 1462 1883 volttnt
1480 1857 1506 1883 in
1520 1857 1707 1885 defensionem

921 1904 961 1930 sui
979 1903 1124 1937 quemdam
1150 1910 1199 1937 pro
1219 1909 1249 1929 se
1264 1902 1398 1929 suscitare
1413 1909 1579 1935 sermonem,
1597 1904 1643 1930 sed
1663 1910 1708 1930 ar-

919 1947 978 1983 guit
994 1954 1041 1974 eos
1060 1946 1203 1978 Dominus,
1225 1951 1254 1974 et
1275 1946 1341 1973 dicit
1362 1955 1369 1973 :
1391 1944 1453 1972 Non
1469 1947 1592 1973 visionem
1608 1945 1708 1980 falsam

920 1993 1032 2026 uidistis,
1046 1997 1070 2019 et
1083 1992 1256 2019 divinationes
1268 2000 1348 2018 vanas
1362 1991 1443 2018 locuti
1455 1992 1528 2024 estis,
1540 1999 1565 2018 et
1581 1993 1708 2019 dixistis:

921 2039 992 2065 Dicit
1015 2038 1152 2069 Dominus,
1170 2043 1195 2064 et
1216 2046 1262 2072 ego
1284 2045 1334 2063 non
1349 2046 1406 2064 sunt
1423 2037 1548 2064 locutus!
1566 2037 1709 2072 Propterea

920 2084 980 2111 dic:
990 2083 1054 2112 Ηωο
1070 2084 1134 2111 dicit
1150 2084 1288 2115 Dominus,
1304 2092 1350 2118 pro
1364 2091 1393 2110 eo
1407 2083 1477 2118 quod
1489 2090 1619 2110 sermones
1630 2084 1707 2110 vestri

920 2129 1057 2157 mendaces
1073 2135 1146 2157 sunt.
1162 2129 1244 2156 Orate
1262 2137 1309 2164 pro
1325 2129 1403 2156 nobis
1419 2133 1448 2156 ut
1462 2136 1604 2156 sermones
1619 2129 1707 2156 nostri

920 2180 974 2199 non
1000 2173 1054 2199 sint
1081 2173 1153 2200 falsi.
1182 2173 1257 2200 Licet
1280 2172 1389 2207 quidam
1414 2173 1538 2200 homines
1553 2174 1708 2208 ignorantia

81 2222 182 2250 Israel.
200 2221 262 2248 Non
278 2224 404 2248 steterunt
417 2221 446 2247 in
459 2221 635 2255 ﬁrmamento.
653 2219 681 2246 Si
696 2219 869 2246 considerare
886 2214 1015 2253 Djudicii
1030 2225 1078 2245 eos
1091 2222 1216 2245 asset-ant
1230 2217 1326 2250 falsos,
1347 2217 1480 2245 Dominus
1500 2225 1554 2245 non
1577 2219 1661 2250 dit-at,
1681 2224 1709 2246 ct

81 2268 206 2295 volueris
221 2267 377 2301 magistros,
390 2265 494 2293 videbis
505 2273 551 2292 eos
565 2264 700 2296 inﬁrmos,
717 2263 868 2294 instabiles,

79 2321 108 2343 et
121 2322 177 2342 non
191 2313 311 2340 valentes
325 2312 445 2340 dicere“
459 2321 465 2339 :
479 2311 582 2339 Statuit
591 2319 671 2345 supra
681 2315 783 2346 petram
794 2313 869 2346 pedes

81 2368 166 2391 meos,
179 2363 205 2387 et
219 2358 318 2385 direxit
327 2365 430 2392 gressus
443 2365 521 2384 meos.
535 2357 567 2384 Et
582 2357 644 2391 quia
657 2364 711 2383 non
727 2361 791 2384 sunt
800 2357 869 2384 tales

82 2413 113 2433 ut
128 2405 266 2438 steterint,
282 2405 393 2431 robusta
409 2404 500 2431 radice
515 2403 631 2436 fundati,
646 2403 707 2430 ideo
722 2410 775 2430 non
788 2407 871 2430 stete-

81 2456 149 2478 rttnt
164 2450 192 2477 in
207 2450 390 2481 ﬁrmamento,
415 2448 463 2475 sed
485 2447 638 2475 dilexerunt
659 2454 768 2474 movere
788 2447 869 2482 pedes

82 2504 160 2524 suos.
178 2495 228 2522 Est
247 2499 337 2521 autem
358 2499 384 2521 et
402 2493 452 2521 hoc
473 2493 574 2529 grande
600 2497 750 2528 peccatum,
774 2493 868 2520 saltem

81 2542 226 2578 paululum
238 2540 320 2576 pedes
333 2549 451 2571 movere,
464 2545 492 2567 ut
504 2538 586 2567 David
599 2539 738 2574 psalmista
748 2539 868 2567 canit":

82 2590 174 2620 Quam
187 2588 269 2613 item
287 2585 374 2613 Israel
390 2585 456 2613 Deus
471 2585 550 2612 rectis
560 2584 652 2611 corde!
670 2583 722 2611 Mei
737 2591 794 2611 vero
808 2591 870 2617 pene

81 2631 208 2660 commoti
226 2636 287 2659 sunt
300 2632 386 2666 pedes.
412 2631 510 2658 Beatus
532 2629 577 2657 ille
600 2630 769 2663 multumque
792 2628 867 2661 felix,

81 2678 127 2706 cui
151 2676 345 2705 robustissime
366 2675 525 2704 oonsistcnti
550 2675 644 2702 firmos
666 2675 764 2702 animae
789 2675 869 2709 pedes

922 2269 995 2292 recte
1010 2264 1150 2291 nobiscum
1167 2268 1272 2299 agetur.
1292 2264 1319 2290 Si
1333 2271 1397 2291 vero
1416 2264 1490 2291 mille
1503 2264 1644 2291 hominum
1660 2273 1708 2292 eos

922 2311 1040 2338 dixerint
1056 2317 1146 2343 veros,
1159 2310 1262 2344 judicio
1280 2316 1360 2344 porro
1379 2308 1424 2336 Dei
1439 2309 1541 2337 fuerint
1556 2309 1628 2343 falsi,
1643 2311 1708 2345 quid

923 2355 989 2383 mihi
1015 2355 1153 2391 proderit?
1170 2355 1266 2383 Dicunt
1285 2359 1311 2383 et
1335 2353 1501 2382 Marcionita:
1523 2356 1645 2391 magistri
1665 2357 1709 2383 sui

921 2408 1002 2428 veros
1017 2408 1077 2429 esse
1094 2409 1233 2429 sermones
1244 2422 1252 2434 ,
1269 2401 1362 2428 dicunt
1379 2406 1406 2428 et
1422 2401 1556 2428 Valentini
1571 2402 1709 2429 robustis-

923 2448 1018 2475 simam
1033 2452 1144 2480 sectam,
1154 2448 1200 2483 qui
1212 2446 1366 2474 fabularum
1379 2446 1439 2481 ejus
1452 2450 1605 2473 commenta
1619 2447 1707 2474 susci-

923 2493 1009 2528 piunt.
1026 2492 1092 2526 Quae
1108 2492 1220 2524 utilitas,
1232 2492 1296 2527 quia
1311 2491 1419 2527 plurimi
1437 2489 1565 2518 Ecclesiae
1579 2490 1706 2518 haeretica

923 2539 1055 2572 pravitate
1065 2538 1169 2573 decepti
1184 2538 1210 2564 in
1221 2545 1316 2565 eorum
1327 2536 1518 2572 conspiravere
1526 2536 1707 2564 sententiam!

923 2582 980 2611 iloe
1003 2588 1044 2611 est
1068 2583 1142 2618 quod
1169 2583 1310 2618 quaeritur,
1334 2587 1364 2610 ut
1388 2581 1520 2609 Dominus
1549 2588 1705 2620 sermonum

923 2635 1046 2656 nieorum
1069 2628 1147 2656 testis
1163 2627 1283 2660 assistat,
1303 2630 1335 2654 ut
1352 2626 1409 2661 ipse
1424 2624 1581 2660 eoprobet
1595 2632 1657 2659 qua:
1671 2625 1709 2652 di-

923 2678 1022 2700 cuntur
1044 2678 1198 2699 sanctarum
1223 2671 1380 2698 testimonio
1401 2670 1614 2705 Scripturarum.
1641 2668 1708 2697 Pro—

114 2793 136 2808 "
150 2791 232 2817 ,Ιοςιιι⁸
248 2798 287 2823 Is,
302 2789 346 2817 59.
369 2789 390 2806 ⁸⁸
406 2789 489 2816 Amos
505 2796 551 2817 ιιι.
568 2787 609 2819 1'2,
626 2788 664 2814 i3.
686 2786 772 2823 1“nisa.
788 2795 807 2819 ι,
825 2787 847 2813 l.
881 2787 904 2823 ἐξ
915 2787 1091 2823 Psat._e\'jut.
1110 2784 1150 2811 l8.
1163 2784 1201 2823 _°_‘
1217 2781 1312 2823 ἱξξεεὶι.
1326 2788 1384 2812 xui,
1397 2781 1423 2823 Αἱ
1452 2779 1567 2823 intulit.
1585 2778 1705 2823 sum};

81 2828 103 2844 “
120 2814 340 2856 ἶ.
378 2814 590 2858 θξῖίῖιιίιιτιίιχ.
602 2814 628 2849 ές.
665 2823 689 2838 ⁹⁸
705 2822 776 2849 i’sal.
792 2814 864 2858 tim.

933 2822 960 2858 ἢ.
993 2820 1017 2837 9“
1029 2814 1106 2846 Deut.
1123 2827 1148 2850 v,
1163 2819 1206 2846 51.
1229 2818 1250 2833 ’⁷
1267 2816 1344 2844 Rom.
1358 2823 1395 2847 vt,
1410 2815 1436 2842 4.
1452 2814 1510 2831 ’Μ’
1529 2814 1627 2840 Eximit.
1644 2820 1706 2847 aut,

80 2863 107 2894 5,
123 2862 151 2888 σ.
182 2861 190 2876 ¹
208 2859 290 2887 Num.
309 2867 388 2892 iisutI
409 2859 452 2886 ‘25.
481 2859 490 2874 ⁸
505 2858 601 2885 Ιιιεειι,
619 2865 679 2891 xui,
693 2860 718 2884 ti.
755 2857 854 2888 ³11ι1ι1.,

943 2857 969 2883 8.
