1882 3052
139 123 190 150 667

140 188 226 216 usque
244 181 372 216 perducta
387 180 422 208 sit
445 189 452 208 :
470 179 549 215 pauci
567 184 656 207 tamen
672 179 738 213 justi
751 178 798 213 qtti
809 181 886 204 erant
901 176 927 202 in
943 176 965 204 Α

139 228 251 263 populo,
265 236 318 254 non
336 228 372 254 ob
386 228 494 262 culpam
506 235 583 254 suam
605 226 795 253 sustinuerunt
814 223 928 258 captivi-

140 278 245 305 tatem,
263 273 309 300 sed
328 273 364 300 ob
386 273 411 300 id
435 281 468 300 ne
487 277 643 307 peccatores
663 271 709 305 qui
731 270 838 297 t‘uerant
861 270 927 303 jugo

140 318 304 353 captivitatis
320 318 452 352 oppressi,
475 318 586 344 omnino
605 316 757 344 subsidium
776 323 828 341 non
846 315 928 341 habe-

141 370 210 392 rent.
225 364 371 399 Fingamus
385 365 483 399 quippe
499 363 686 399 peccatoribus
709 362 734 388 in
751 361 926 397 Babyloniam

142 410 277 441 abductis,
289 410 379 443 justos
395 410 421 437 in
439 409 558 444 antiquis
575 409 674 435 liuibtts
691 407 836 439 resedisse;
849 406 929 433 liehat

143 459 172 481 ut
190 462 326 489 nunquam
341 458 497 488 peccatores
518 453 666 480 remedium
682 455 927 486 consequerentur.

144 499 281 534 Disposuit
297 499 377 533 igitur
393 499 512 525 clemens
528 503 556 525 et
575 497 718 533 benignus,
740 501 768 524 et
786 495 930 523 hominum

142 550 248 571 amator
262 544 332 571 Dens
345 544 415 570 inter
430 543 561 578 supplicia
576 543 678 578 quibus
697 546 854 577 peccatores
880 548 931 575 pur

142 590 191 621 nit,
207 590 286 617 ctiatn
308 589 470 617 visitationis
493 597 551 616 sua:
573 589 688 616 miscere
708 589 848 623 pietatem,
883 593 934 612 nec

141 633 318 659 immoderata
336 640 414 667 pecua
437 633 551 660 miseros
571 640 704 668 premere.
727 633 840 667 Semper
869 631 933 658 talis

140 682 181 704 cst
194 677 264 704 Dctts
282 683 382 710 noster,
398 679 538 706 excruciat
552 683 692 711 n0ccntes,
706 679 752 705 sed
768 677 850 713 quasi
871 677 933 711 pius

141 728 216 758 pater
241 724 383 751 tormentis
405 725 578 751 clementiam
603 724 699 751 sociat.
727 723 755 750 Si
783 728 873 749 autem
891 723 933 749 vis

140 776 289 804 agnoscere
300 778 360 797 vera
375 777 436 796 esse
451 778 512 803 qua:
525 770 652 802 dicimus,
668 769 732 796 vide
745 769 810 803 quid
825 768 934 795 adcide-

141 812 176 838 tit
190 812 216 838 in
234 812 350 848 Egypto
364 821 378 839 a
394 812 475 840 fame.
491 814 519 839 Si
545 814 674 840 voluisset
697 813 852 840 interﬁcere
872 817 932 839 tan-

143 861 200 883 tutn
227 857 380 892 Egyptios,
404 863 431 885 ct
454 859 552 893 punire
574 859 713 886 cruciatos
733 858 759 884 iit
782 857 934 892 scptcnnaii

143 902 226 936 fame,
241 902 350 930 fecisset
362 903 454 937 utique
468 904 539 938 quod
555 904 680 930 voluerat
699 913 705 930 :
729 909 755 930 et
778 911 867 938 neque
885 902 931 929 Jo-

143 948 208 982 scph
223 948 249 974 in
267 947 412 983 [Egyptunt
425 949 619 981 descendisset,
634 957 686 976 nec
699 949 806 976 Pharao
822 948 935 976 vidisset

144 995 280 1021 somnium
294 994 327 1021 de
341 995 384 1022 Itis
398 1003 458 1030 qua:
472 995 590 1030 .Egypto
607 995 718 1022 fuerant
729 999 871 1028 eventura,
885 1002 935 1022 nec

144 1040 199 1072 regi
216 1040 311 1066 fuissot
328 1046 467 1068 ostensum
483 1048 497 1067 a
517 1041 639 1075 principe
661 1041 831 1068 vinariorum
844 1061 851 1073 ,
873 1049 935 1069 esse

145 1086 288 1120 quemdam
313 1086 360 1121 qui
388 1087 474 1121 possit
501 1088 557 1122 regi
582 1088 722 1115 somnium
750 1088 932 1123 interpretari.

145 1131 222 1158 Nunc
238 1139 312 1165 vero,
334 1136 363 1159 ut
381 1133 486 1166 cernis,
510 1132 582 1161 Deus
605 1133 725 1168 ﬂagellat
742 1135 821 1169 quasi
847 1139 934 1170 pater,

145 1177 234 1211 parcit
247 1183 337 1204 autem
352 1186 406 1204 non
420 1178 509 1205 solum
524 1179 617 1210 Israel,
630 1187 726 1206 verum
743 1185 771 1206 et
787 1179 934 1216 lEgyptiis,

144 1231 206 1251 cum
222 1224 302 1250 alieni
317 1225 372 1252 sint
388 1225 422 1252 ab
437 1233 480 1257 eo,
497 1230 607 1260 propter
619 1227 758 1261 propriam
774 1231 934 1254 mansuetu-

143 1269 246 1297 dinem.
264 1270 298 1297 Et
317 1271 492 1299 manifestum
512 1276 564 1304 est,
581 1272 648 1307 quia
668 1272 730 1299 boui
745 1272 792 1300 Dei
808 1281 877 1307 opus
889 1281 936 1300 su—

145 1323 193 1350 per
209 1323 256 1343 eos
273 1322 444 1350 exerceatur,
457 1318 522 1345 dum
535 1317 639 1352 Joseplt
655 1318 800 1352 descendit
810 1319 836 1346 in
852 1319 936 1354 .‘Egy-

145 1367 233 1396 ptum,
246 1362 311 1390 dum
327 1363 432 1391 Pharao
452 1364 567 1392 somniis
583 1365 760 1396 admonetur,
775 1365 840 1393 dum
862 1367 936 1401 prin-

145 1414 209 1441 (seps
226 1408 281 1434 vini
296 1408 470 1442 interpretem
483 1410 595 1442 iudicat,
611 1410 678 1437 dum
695 1411 828 1445 interpres
847 1411 937 1438 disse-

146 1453 182 1480 rit
196 1461 269 1485 vasa,
286 1458 367 1488 atque
382 1455 418 1481 ita
437 1455 569 1483 ubettatis
585 1460 708 1490 tetttpore
727 1457 851 1491 frugibus
870 1465 935 1484 conv

147 1501 265 1535 gregatis
281 1502 440 1535 posterioris
451 1502 530 1530 fatuis
545 1503 659 1537 penuria
669 1503 796 1530 vincitur.
808 1504 936 1538 Equibus
950 1512 970 1539 (ζ

146 1545 274 1574 omnibus
295 1547 469 1581 perspicuum
486 1551 546 1579 est,
571 1555 626 1574 non
643 1555 704 1575 esse
729 1549 935 1576 immoderath

147 1592 228 1624 irattt,
245 1600 306 1627 quae
326 1593 361 1620 ab
379 1593 511 1621 lnereticis
523 1594 550 1620 iu
569 1593 699 1622 Creatore
718 1597 935 1630 reprehenditur.

149 1637 308 1666 l‘oteramus
319 1639 428 1671 quidem
443 1639 542 1666 multas
554 1639 685 1668 historias
699 1645 820 1668 retexere
834 1642 868 1669 ad
881 1642 939 1669 htcc

150 1682 289 1716 probanda
304 1691 365 1717 qua:
381 1683 436 1710 dixi
458 1693 463 1711 :
481 1685 527 1711 sed
545 1692 579 1711 tte
593 1685 687 1713 videar
704 1694 718 1713 a
735 1687 877 1721 proposito
896 1695 938 1714 re-

149 1731 262 1760 cedere,
287 1730 478 1764 compendium
506 1730 576 1758 facio
597 1733 742 1759 scrutonis.
766 1732 936 1768 Propositum

150 1775 249 1810 quippe
265 1776 330 1802 mihi
345 1781 386 1802 cst
397 1777 541 1811 explanare
554 1778 586 1804 de
601 1786 646 1811 eo,
662 1779 733 1813 quod
752 1784 862 1813 propter
875 1788 938 1814 pec-

149 1827 209 1850 cata
228 1831 276 1849 stta
293 1823 416 1857 captivus
429 1823 562 1851 adductus
577 1824 612 1851 sit
628 1825 743 1859 populus
760 1825 850 1852 Israel.

186 1869 211 1895 2.
234 1868 266 1895 Et
278 1877 310 1896 ne
325 1869 393 1896 forte
408 1870 508 1904 aliquis
521 1870 665 1898 arbitretur
684 1876 840 1905 peccatores
856 1879 871 1898 a
884 1871 939 1898 Ι)ρο

150 1915 262 1942 traditos
277 1915 311 1942 ab
326 1923 359 1942 co
374 1915 487 1942 ulterius
505 1923 559 1942 non
578 1916 744 1950 gubernari,
768 1921 795 1943 et
812 1917 895 1943 semel
911 1917 937 1943 iu

149 1961 331 1995 captivitatem
350 1962 474 1989 redactos
492 1961 563 1989 ultra
577 1960 812 1996 dispensationem
831 1962 890 1997 ejus
913 1968 940 1990 et

149 2007 363 2034 misericordiam
385 2015 438 2034 neti
460 2006 568 2038 mereri,
593 2011 752 2041 praesentem
771 2008 861 2034 locum
877 2008 940 2035 dili—

150 2054 256 2089 gentius
278 2054 494 2081 consideremus.
515 2052 610 2079 Daniel
632 2060 686 2080 non
713 2053 845 2088 peccavit,
865 2054 934 2080 Ana-

150 2100 222 2131 nias,
236 2100 359 2132 Azarias.
383 2100 476 2128 Misael
491 2109 506 2126 a
522 2105 631 2134 peccato
655 2100 791 2126 immunes
817 2098 938 2130 fuerunt,

149 2151 176 2174 ct
191 2151 279 2174 tamen
296 2147 394 2180 captivi
409 2147 495 2174 etl‘rcti
511 2152 584 2179 sunt,
608 2151 637 2174 ut
652 2147 687 2173 ibi
704 2146 784 2180 positi
802 2146 939 2180 captivum

151 2193 279 2227 populum
294 2193 510 2224 consolarentur,
526 2197 553 2220 ct
570 2201 618 2228 per
630 2192 845 2220 exhortationem
864 2192 940 2219 vocis

150 2243 207 2262 sua:
224 2236 385 2269 pceniteutes
399 2233 425 2262 in
441 2235 592 2263 Jerusa'em
606 2236 780 2264 restituerent
794 2236 940 2270 castigatos

151 2288 201 2315 pro
223 2284 354 2315 tempore.
383 2280 557 2315 Septuaginta
578 2281 676 2315 quippe
698 2280 778 2307 annis
801 2280 941 2307 servitutis

151 2327 283 2361 supplicia
302 2327 497 2362 pependerunt,
518 2334 550 2354 ac
567 2327 607 2354 sic
622 2327 717 2353 deinde
731 2324 756 2352 in
779 2326 858 2353 sedes
878 2333 941 2359 pro-

151 2373 225 2407 prias
241 2371 340 2399 reversi
357 2377 429 2404 sunt,
447 2372 510 2407 quia
522 2377 632 2399 sanctus
643 2371 835 2405 prophetarum
850 2377 942 2397 sermo

150 2420 269 2454 dejectos
287 2419 394 2446 animos
407 2419 604 2446 sublevaverat.
622 2417 723 2445 Verum
739 2425 794 2444 non
813 2417 902 2444 soluat
924 2417 942 2444 ii

149 2469 269 2500 quatuor
282 2463 308 2490 in
328 2464 483 2499 captivitate
506 2464 644 2498 prophetat
661 2463 837 2493 exstiterunt,
851 2461 898 2489 sed
917 2465 945 2488 et

186 2536 209 2552 '°
225 2535 296 2562 Psal.
309 2543 402 2565 usu.
416 2534 442 2561 6.

152 2579 228 2603 uri,
239 2571 284 2604 ‘27,
299 2570 344 2598 28.

151 2638 193 2657 mo
205 2629 418 2663 «(Jac/turias,
428 2630 541 2665 Aggwus
555 2633 579 2656 et
593 2628 703 2656 similes.
717 2626 839 2662 Etpaulo
854 2631 916 2665 post
929 2635 936 2653 :

151 2665 220 2692 Deus
239 2674 297 2692 cum
314 2665 394 2692 bonus
416 2663 492 2696 sit,ét
517 2665 620 2699 quando
637 2668 784 2698 peccatores
804 2663 891 2697 punit,
916 2667 941 2688 et

151 2702 256 2735 quando
270 2700 351 2727 tradit
367 2701 394 2728 in
405 2700 584 2734 captivitatem
597 2707 639 2726 eos
654 2699 698 2733 qui
713 2703 820 2735 propter
831 2702 939 2735 peccatu

152 2731 178 2761 in
192 2740 260 2761 terra
274 2740 365 2762 sancta
376 2744 430 2763 esse
438 2731 491 2761 non
502 2740 609 2769 possunt
622 2731 768 2769 (contraria
780 2731 847 2759 enim
860 2731 940 2759 simul

152 2772 293 2796 consistere
307 2770 446 2804 nequeunt)
461 2770 599 2804 prophetas
615 2777 666 2796 una
682 2769 761 2794 mittit
775 2790 782 2800 ,
799 2777 828 2794 ne
848 2775 940 2804 pecca-

152 2810 223 2830 tores
244 2805 269 2830 ἱιι
287 2801 466 2838 captivitatem
489 2801 597 2831 abducti
614 2805 686 2830 omni
709 2811 816 2837 prorsus
837 2801 939 2828 auxilio

153 2839 343 2867 destituuntur.
360 2841 426 2867 Cum
437 2840 504 2866 enim
516 2839 614 2866 idcirco
628 2839 700 2866 ducti
713 2839 740 2865 in
759 2838 940 2873 captivitatem

731 115 892 146 ORIGENIS
913 113 946 141 ΙΝ
965 109 1182 140 ΕΖειῖιιιΕιΕΜ

482 2534 502 2550 ³¹
518 2533 599 2560 Prov.
614 2541 656 2566 Ill,
679 2533 722 2563 ll,
745 2536 772 2558 et
792 2529 874 2558 Hebr.
894 2538 944 2564 xu,
962 2530 990 2563 2,
1003 2530 1030 2562 5,
1046 2529 1072 2556 6.

1721 105 1775 134 653

981 173 1103 201 Ezechiel
1120 179 1190 199 unus
1203 178 1237 197 ex
1252 169 1292 197 eis
1307 168 1367 201 fuit,
1386 171 1413 195 et
1430 165 1579 194 Zacharias
1594 164 1668 192 ﬁlius
1686 164 1774 192 Bara-

979 220 1048 247 chia'
1067 217 1231 252 captivitatis
1251 220 1374 250 tetnpore
1398 214 1449 242 sub
1473 213 1554 238 Dario
1579 219 1642 246 rege
1663 211 1772 237 cecinit.

979 264 1153 291 Inveniemus
1176 261 1256 289 etiam
1280 260 1426 296 Aggzeum.
1447 257 1602 291 multosque
1624 256 1693 283 alios
1711 263 1776 290 proo

979 310 1119 345 pltctarum
1146 307 1243 334 iisdem
1264 305 1443 340 prophetasse
1467 302 1646 336 temporibus,
1663 308 1696 328 ex
1713 300 1776 335 qui-

979 355 1030 382 bus
1053 353 1191 379 indicatur
1211 352 1294 378 Deum
1317 357 1371 376 non
1392 347 1582 375 tantummodo
1599 346 1698 381 punire
1713 353 1776 380 pec-

979 404 1088 432 cantes,
1105 406 1199 426 verum
1218 403 1246 426 et
1261 396 1476 424 misericordiam
1495 395 1609 422 miscere
1622 393 1773 427 suppliciis.

982 445 1060 478 Quod
1075 444 1097 472 si
1114 444 1235 473 dubitas.
1255 442 1319 470 audi
1334 449 1426 473 voca.
1446 445 1581 468 tormenta
1599 439 1776 474 patientium,

982 491 1121 527 quotnodo
1136 490 1263 518 sacratim
1275 493 1300 516 et
1318 489 1343 515 in
1357 487 1521 517 cruciatibus
1535 486 1590 513 suis
1602 485 1776 512 clementiam

983 538 1030 565 Dei
1047 537 1212 571 eloquamur
1223 536 1245 551 '°
1259 544 1267 562 :
1281 534 1387 562 Cibabia
1403 542 1450 562 nos
1464 541 1530 568 pune
1543 532 1735 567 lacrymarum,
1750 535 1776 557 et

982 584 1085 618 potabis
1102 591 1149 609 nos
1163 583 1191 609 in
1207 582 1332 616 lucrymis
1345 585 1369 608 et
1384 581 1411 607 in
1428 587 1560 606 mensura.
1575 577 1633 604 Non
1647 578 1687 604 ait
1699 576 1779 604 indif-

983 631 1100 657 ferenter
1114 629 1140 654 in
1153 628 1291 662 lucri/mis.
1309 626 1356 653 sed
1372 627 1400 652 in
1414 625 1540 659 lacrymir
1553 627 1578 651 et
1593 624 1621 650 in
1642 630 1778 650 mensura.

983 674 1169 702 Misericordia
1187 674 1287 708 quippe
1305 671 1350 699 Dei
1372 671 1399 698 in
1420 671 1549 705 pondere.
1577 669 1605 696 Si
1625 677 1680 696 not:
1703 671 1777 695 esset

984 721 1048 747 tttile
1078 719 1252 746 conversioni
1281 717 1452 751 peccantium
1481 715 1610 742 adhibere
1640 718 1777 740 tormenta

984 766 1171 800 peccantibus,
1190 771 1331 799 nunquam
1347 763 1505 790 misrricors
1519 767 1546 789 et
1560 762 1696 796 benignus
1710 760 1781 787 Deus

985 812 1073 847 pomis
1092 812 1194 839 scelera
1217 811 1345 845 puniret:
1361 809 1408 837 sed
1423 808 1501 844 quasi
1523 807 1781 842 indulgentissimus

986 862 1064 893 pater
1077 857 1112 884 ob
1128 858 1181 884 hoc
1194 856 1307 890 corripit
1320 855 1422 887 lilium,
1434 857 1464 880 ut
1475 852 1597 885 erudiat;
1620 850 1701 886 quasi
1718 857 1781 885 pro-

985 903 1191 931 videntissimus
1208 904 1336 938 magister
1354 902 1391 929 ita
1415 900 1560 928 severitate
1581 898 1683 925 frontis
1699 897 1782 924 lasci-

984 959 1048 978 vum
1061 950 1225 984 discipulum
1238 949 1362 984 castigat,
1385 955 1418 975 ne
1433 945 1519 973 antari
1539 953 1567 972 se
1579 944 1703 973 sentiens
1718 951 1781 978 per-

985 1001 1038 1024 eat.
1066 995 1134 1023 Vide
1160 995 1333 1022 Salomonem
1374 991 1606 1029 sapientissimum
1636 990 1780 1020 omnium,

985 1043 1049 1079 qttid
1074 1043 1108 1070 de
1131 1041 1177 1069 Dei
1198 1041 1419 1076 correptionibus
1443 1038 1608 1074 suspicetur.
1633 1035 1700 1067 Fili.
1726 1034 1781 1062 noli

984 1098 1040 1117 esse
1064 1089 1245 1124 pusillunimis
1271 1087 1297 1114 in
1323 1087 1466 1121 disciplina
1491 1085 1549 1116 Dei,
1570 1090 1652 1118 neque
1669 1082 1781 1116 deﬁcias

986 1140 1121 1169 correptus
1136 1134 1168 1160 ub
1184 1142 1223 1160 eo.
1243 1133 1326 1165 Quem
1344 1133 1412 1158 enim
1427 1130 1516 1165 diligit
1538 1129 1679 1159 Dominus,
1696 1126 1780 1153 corri-

986 1182 1034 1217 pit,
1062 1179 1181 1215 ﬂagellat
1203 1184 1290 1206 autent
1311 1185 1414 1204 omnem
1437 1176 1522 1211 filium
1542 1182 1620 1209 quem
1639 1172 1781 1203 recipit".

986 1228 1081 1256 Nullus
1097 1231 1140 1253 est
1154 1225 1244 1256 enim,
1263 1224 1352 1258 inquit
1374 1222 1532 1257 Apostolus.
1546 1221 1631 1251 tilius,
1652 1219 1700 1254 qui
1717 1226 1782 1246 eum

986 1271 1138 1308 peccaverit
1154 1278 1208 1297 non
1225 1269 1375 1304 ﬂagelletur
1389 1275 1404 1294 a
1422 1271 1507 1302 patre.
1525 1265 1557 1292 Et
1575 1265 1608 1292 ad
1629 1265 1682 1292 ltoc
1701 1265 1784 1291 mira-

986 1319 1076 1346 biliter
1091 1316 1202 1345 addidit.
1219 1316 1314 1343 dicens
1327 1315 1348 1330 ³¹
1362 1324 1368 1341 :
1386 1313 1420 1340 In
1444 1312 1589 1347 disciplina
1609 1317 1781 1346 perseverare.

988 1364 1125 1398 Tanquam
1141 1362 1205 1397 [iliis
1224 1361 1295 1388 vobis
1311 1360 1386 1394 oﬂ'ert
1404 1368 1431 1386 se
1447 1360 1526 1385 Deus.
1543 1358 1608 1390 Quis
1622 1357 1693 1384 enim
1708 1356 1784 1391 [ilius

986 1418 1063 1446 quem
1080 1417 1130 1435 non
1146 1407 1256 1442 corripit
1272 1406 1368 1441 pater?
1391 1404 1467 1438 Quod
1482 1404 1504 1430 si
1518 1408 1595 1430 extra
1610 1402 1784 1436 disciplinam

986 1456 1061 1487 estis,
1082 1454 1157 1488 cujus
1174 1452 1316 1487 participes
1337 1450 1401 1485 facti
1423 1454 1484 1476 sunt
1509 1456 1608 1480 omnes,
1626 1447 1745 1473 adulteri
1760 1450 1785 1472 et

987 1508 1039 1526 non
1052 1499 1104 1533 ﬁlii
1118 1498 1192 1525 estis.
1208 1496 1261 1524 Sed
1279 1496 1314 1524 sit
1329 1495 1442 1522 forsitan
1462 1493 1571 1528 aliquis,
1594 1492 1641 1527 qui
1658 1492 1718 1526 ipso
1737 1499 1785 1517 no-

989 1544 1062 1571 mine
1087 1543 1134 1570 ira:
1161 1541 1282 1569 ollensus
1310 1539 1471 1566 criminetur
1497 1546 1558 1565 cattt
1587 1537 1613 1563 in
1641 1535 1708 1563 Deo.
1733 1535 1786 1562 Cui

988 1588 1223 1624 respondebimus,
1242 1594 1295 1613 non
1312 1590 1366 1612 tant
1383 1585 1450 1611 iram
1465 1591 1527 1611 esse
1541 1583 1609 1610 iram
1632 1580 1679 1609 Dei
1701 1589 1785 1616 quant

989 1634 1172 1662 necessariam
1191 1631 1433 1667 dispensationem.
1461 1629 1532 1656 Audi
1559 1629 1631 1664 quod
1654 1628 1690 1655 sit
1716 1635 1787 1662 opus

989 1681 1036 1708 ira:
1062 1680 1108 1707 Dei
1133 1689 1139 1706 ε
1161 1683 1191 1706 ut
1216 1682 1323 1714 arguat,
1341 1682 1370 1704 ut
1393 1676 1522 1711 corrigat,
1546 1680 1576 1702 ut
1596 1674 1724 1702 emendet
1742 1674 1786 1700 "z

989 1727 1110 1757 Domine,
1134 1734 1165 1752 ne
1185 1726 1212 1751 in
1233 1725 1273 1751 ira
1291 1729 1337 1750 tua
1355 1731 1453 1757 arguas
1470 1730 1519 1754 me,
1543 1729 1623 1755 neque
1644 1721 1672 1746 in
1696 1720 1788 1754 furore

990 1778 1034 1799 tuo
1043 1772 1170 1806 corripias
1183 1779 1231 1796 me.
1240 1769 1320 1804 355
1331 1768 1382 1801 Qui
1394 1769 1450 1795 itazc
1460 1767 1588 1802 loquitur,
1598 1766 1651 1794 scit
1666 1766 1786 1793 furorem

990 1818 1036 1845 Dei
1062 1826 1115 1844 non
1139 1825 1199 1844 esse
1225 1815 1347 1842 inutilem
1372 1814 1406 1840 ad
1430 1813 1593 1840 sanitatem:
1610 1811 1656 1839 scd
1681 1812 1714 1838 ad
1735 1812 1790 1838 hoc

990 1863 1123 1893 adhiberi,
1140 1866 1170 1889 ut
1191 1865 1268 1888 curet
1286 1864 1460 1895 aegrotantes,
1478 1862 1507 1885 ut
1528 1857 1654 1884 emendet
1671 1865 1720 1884 eos
1738 1857 1787 1891 qui

991 1916 1144 1937 sermonem
1165 1908 1224 1942 ejus
1248 1907 1343 1934 audire
1366 1908 1597 1939 contempserunt.
1617 1902 1720 1930 Idcirco
1738 1910 1789 1929 nec

989 1955 1151 1989 deprecatur
1166 1961 1200 1980 nc
1221 1953 1321 1979 talibus
1339 1950 1466 1978 remediis
1485 1950 1655 1980 emendetur,
1673 1956 1707 1975 tte
1722 1956 1787 1974 cuttt

990 2000 1090 2035 ptenali
1110 1999 1212 2026 medela
1228 1998 1340 2032 recipiat
1359 1997 1502 2032 pristinam
1526 1995 1690 2027 sanitatem;
1705 1993 1788 2028 quasi

991 2047 1013 2075 si
1030 2054 1124 2073 servus
1140 2045 1196 2079 jam
1219 2044 1290 2071 inter
1306 2043 1411 2077 ﬂagella
1431 2041 1547 2077 positus,
1567 2040 1708 2067 dominutn
1724 2048 1790 2074 pre-

991 2095 1078 2122 cetur,
1106 2090 1298 2124 repromittens
1324 2089 1348 2115 ei
1375 2095 1404 2115 se
1429 2087 1560 2121 imperata
1588 2085 1736 2117 facturum.
1763 2091 1790 2113 et

991 2136 1083 2164 dicat:
1102 2135 1220 2165 Domine,
1243 2142 1273 2160 ne
1292 2134 1320 2160 in
1337 2134 1377 2159 ira
1398 2137 1444 2159 tua
1467 2140 1563 2166 arguas
1585 2139 1635 2164 me,
1657 2139 1738 2166 neque
1761 2132 1790 2158 in

957 2180 1035 2209 Dim
1053 2187 1097 2208 tua
1114 2181 1242 2215 corripias
1263 2189 1314 2207 nte.
1337 2179 1434 2207 Omnia
1458 2187 1519 2214 qua:
1545 2177 1591 2204 Dei
1617 2183 1692 2208 sttnt,
1714 2178 1789 2204 bona

995 2231 1069 2258 sunt,
1082 2232 1109 2253 et
1124 2234 1262 2253 tuerentur
1277 2225 1389 2260 corripi.
1406 2224 1537 2252 Ausculta
1559 2223 1606 2258 qui
1626 2223 1701 2250 dicat
1717 2232 1724 2249 :
1739 2223 1791 2249 Ar.

993 2281 1072 2308 guunt
1086 2280 1129 2299 eos
1141 2272 1170 2298 in
1185 2271 1280 2297 auditu
1292 2270 1423 2306 angustia:
1437 2277 1537 2297 eorum.
1554 2268 1615 2296 Ideo
1629 2268 1790 2296 audivimus

994 2327 1024 2347 ea
1051 2327 1112 2354 quae
1135 2318 1168 2345 de
1196 2317 1370 2344 tribulatione
1393 2321 1474 2349 sunt,
1499 2321 1528 2342 ut
1544 2315 1732 2342 emendentur.
1759 2316 1788 2343 ltt

994 2364 1146 2392 maledictis
1162 2371 1272 2398 quoque
1286 2363 1398 2390 Levitici
1416 2363 1548 2396 scriptum
1563 2366 1604 2389 est
1615 2362 1637 2377 ³⁵
1651 2371 1658 2388 :
1677 2360 1707 2388 Si
1725 2366 1787 2396 post

992 2411 1045 2438 ista
1065 2418 1117 2436 non
1135 2409 1290 2442 obedierint,
1307 2416 1388 2443 neque
1410 2408 1528 2434 conversi
1549 2408 1650 2442 fuerint
1677 2407 1712 2434 ad
1735 2415 1787 2440 me,

995 2464 1125 2491 apponant
1139 2456 1176 2482 eis
1196 2454 1290 2490 plagas
1308 2458 1406 2488 septem
1419 2462 1496 2488 super
1508 2458 1617 2487 peccata
1638 2461 1739 2480 eorum.
1757 2452 1787 2479 Si

1112 2527 1134 2543 ³¹
1149 2527 1231 2554 llebr.
1248 2534 1296 2558 xu,
1313 2525 1339 2558 7,
1352 2524 1378 2553 8.
1418 2525 1441 2541 ³³
1453 2523 1524 2552 Psal.
1541 2532 1578 2555 γι,
1591 2523 1619 2550 9.
1660 2523 1682 2539 ³⁸
1698 2522 1785 2550 Levit.

992 2625 1113 2660 fuissent,
1130 2624 1199 2659 quod
1215 2627 1322 2660 peccatu
1336 2620 1540 2660 lcnetpntngai
1557 2619 1628 2653 justi
1652 2619 1726 2660 apud
1740 2625 1786 2660 eo}

993 2653 1044 2687 itan
1058 2653 1178 2694 fuissent,
1192 2653 1266 2684 nulla
1277 2657 1459 2694 peccatoribus
1473 2656 1566 2690 fuisset
1580 2655 1695 2694 curatio.
1713 2653 1784 2694 [nef—

993 2689 1082 2730 fabilis
1098 2701 1159 2729 ergo
1175 2689 1315 2730 charitu'tis
1329 2691 1402 2718 istud
1414 2695 1452 2718 est
1473 2689 1485 2730 .'_
1501 2698 1551 2730 non
1570 2689 1639 2730 enim
1657 2689 1787 2715 absoluta

992 2725 1155 2756 iicreliclioiti
1168 2728 1249 2754 trudit
1264 2731 1423 2761 peccatores,
1440 2727 1485 2752 sed
1496 2725 1589 2761 eisilut
1601 2731 1645 2750 eo:
1660 2731 1707 2757 per
1722 2731 1784 2761 sun—

992 2771 1046 2791 ttas
1058 2773 1129 2796 suos,
1143 2764 1175 2790 de
1185 2759 1278 2798 quibus
1292 2763 1361 2788 dixit
1375 2770 1384 2788 :
1396 2772 1410 2798 rt
1436 2761 1484 2787 Vos
1494 2761 1563 2798 estis
1580 2759 1628 2798 (ita:
1649 2759 1741 2785 mundi
1759 2762 1785 2784 ιι

991 2800 1033 2826 sal
1052 2794 1146 2830 terrai;
1171 2794 1270 2833 {quod
1290 2805 1340 2833 non
1360 2797 1445 2833 solum
1465 2796 1499 2822 ad
1519 2794 1653 2830 apostolos
1673 2798 1781 2829 spectat,

991 2835 1036 2862 sed
1055 2839 1079 2861 et
1098 2834 1132 2860 ad
1151 2842 1193 2860 eos
1207 2831 1258 2868 qui
1277 2832 1330 2859 illis
1349 2831 1448 2859 similes
1467 2835 1536 2858 sunt.
