  <div class='ocr_page' id='page_1' title='image "/cluster/home/n/w/nwhite01/storage/ocr_20150623/13/njp.32101077772430/424.png"; bbox 0 0 1882 3052; ppageno 0'>
   <div class='ocr_carea' id='block_1_1' title="bbox 95 149 148 179">
    <p class='ocr_par' dir='ltr' id='par_1_1' title="bbox 95 149 148 179">
     <span class='ocr_line' id='line_1_1' title="bbox 95 149 148 179; baseline -0.019 0"><span class='ocrx_word' id='word_1_1' title='bbox 95 149 148 179; x_wconf 69' lang='lat'><strong>659</strong></span> 
     </span>
    </p>
   </div>
   <div class='ocr_carea' id='block_1_2' title="bbox 823 148 1003 177">
    <p class='ocr_par' dir='ltr' id='par_1_2' title="bbox 823 148 1003 177">
     <span class='ocr_line' id='line_1_2' title="bbox 823 148 1003 177; baseline 0.006 -2"><span class='ocrx_word' id='word_1_2' title='bbox 823 148 966 176; x_wconf 72' lang='lat' dir='ltr'><strong>IIOMILIA</strong></span> <span class='ocrx_word' id='word_1_3' title='bbox 984 148 1003 177; x_wconf 87' lang='grc'><strong>1.</strong></span> 
     </span>
    </p>
   </div>
   <div class='ocr_carea' id='block_1_3' title="bbox 1681 153 1734 181">
    <p class='ocr_par' dir='ltr' id='par_1_3' title="bbox 1681 153 1734 181">
     <span class='ocr_line' id='line_1_3' title="bbox 1681 153 1734 181; baseline 0.019 -1"><span class='ocrx_word' id='word_1_4' title='bbox 1681 153 1734 181; x_wconf 82' lang='lat'><strong>670</strong></span> 
     </span>
    </p>
   </div>
   <div class='ocr_carea' id='block_1_4' title="bbox 96 209 1731 245">
    <p class='ocr_par' dir='ltr' id='par_1_4' title="bbox 96 209 1731 245">
     <span class='ocr_line' id='line_1_4' title="bbox 96 209 1731 245; baseline 0.001 -8"><span class='ocrx_word' id='word_1_5' title='bbox 96 215 184 237; x_wconf 74' lang='lat' dir='ltr'><strong>autem</strong></span> <span class='ocrx_word' id='word_1_6' title='bbox 200 214 261 245; x_wconf 87' lang='lat' dir='ltr'><strong>post</strong></span> <span class='ocrx_word' id='word_1_7' title='bbox 282 209 337 236; x_wconf 73' lang='lat' dir='ltr'><strong>Iure</strong></span> <span class='ocrx_word' id='word_1_8' title='bbox 353 210 468 237; x_wconf 78' lang='lat' dir='ltr'><strong>conversi</strong></span> <span class='ocrx_word' id='word_1_9' title='bbox 483 218 533 236; x_wconf 87' lang='lat' dir='ltr'><strong>non</strong></span> <span class='ocrx_word' id='word_1_10' title='bbox 550 210 658 244; x_wconf 72' lang='lat' dir='ltr'><strong>fuerint,</strong></span> <span class='ocrx_word' id='word_1_11' title='bbox 680 210 822 237; x_wconf 83' lang='lat' dir='ltr'><strong>emcnduba</strong></span> <span class='ocrx_word' id='word_1_12' title='bbox 837 218 890 237; x_wconf 73' lang='lat' dir='ltr'><strong>eos.</strong></span> <span class='ocrx_word' id='word_1_13' title='bbox 908 219 929 245; x_wconf 74' lang='grc' dir='ltr'>Α</span> <span class='ocrx_word' id='word_1_14' title='bbox 946 219 1039 237; x_wconf 79' lang='lat' dir='ltr'><strong>nteant.</strong></span> <span class='ocrx_word' id='word_1_15' title='bbox 1055 210 1151 245; x_wconf 74' lang='lat' dir='ltr'><strong>lgneus</strong></span> <span class='ocrx_word' id='word_1_16' title='bbox 1165 215 1206 238; x_wconf 90' lang='lat' dir='ltr'><strong>est</strong></span> <span class='ocrx_word' id='word_1_17' title='bbox 1221 219 1238 237; x_wconf 69' lang='grc' dir='ltr'>ει</span> <span class='ocrx_word' id='word_1_18' title='bbox 1251 211 1362 238; x_wconf 82' lang='lat' dir='ltr'><strong>renibus</strong></span> <span class='ocrx_word' id='word_1_19' title='bbox 1377 219 1463 245; x_wconf 89' lang='lat' dir='ltr'><strong>usque</strong></span> <span class='ocrx_word' id='word_1_20' title='bbox 1480 211 1513 238; x_wconf 87' lang='lat' dir='ltr'><strong>ad</strong></span> <span class='ocrx_word' id='word_1_21' title='bbox 1528 212 1656 238; x_wconf 79' lang='lat' dir='ltr'><strong>deorsum</strong></span> <span class='ocrx_word' id='word_1_22' title='bbox 1677 211 1731 238; x_wconf 86' lang='lat' dir='ltr'><strong>Do-</strong></span> 
     </span>
    </p>
   </div>
   <div class='ocr_carea' id='block_1_5' title="bbox 97 254 891 289">
    <p class='ocr_par' dir='ltr' id='par_1_5' title="bbox 97 254 891 289">
     <span class='ocr_line' id='line_1_5' title="bbox 97 254 891 289; baseline -0.001 -6"><span class='ocrx_word' id='word_1_23' title='bbox 97 255 196 283; x_wconf 83' lang='lat' dir='ltr'><strong>Umnia</strong></span> <span class='ocrx_word' id='word_1_24' title='bbox 206 254 254 281; x_wconf 88' lang='lat' dir='ltr'><strong>Dei</strong></span> <span class='ocrx_word' id='word_1_25' title='bbox 267 262 328 289; x_wconf 74' lang='lat' dir='ltr'><strong>quae</strong></span> <span class='ocrx_word' id='word_1_26' title='bbox 344 255 468 282; x_wconf 83' lang='lat' dir='ltr'><strong>videntur</strong></span> <span class='ocrx_word' id='word_1_27' title='bbox 480 263 573 281; x_wconf 85' lang='lat' dir='ltr'><strong>amara</strong></span> <span class='ocrx_word' id='word_1_28' title='bbox 587 263 659 286; x_wconf 84' lang='lat' dir='ltr'><strong>esse,</strong></span> <span class='ocrx_word' id='word_1_29' title='bbox 673 255 699 281; x_wconf 95' lang='lat' dir='ltr'><strong>in</strong></span> <span class='ocrx_word' id='word_1_30' title='bbox 712 256 891 282; x_wconf 91' lang='lat' dir='ltr'><strong>eruditionem</strong></span> 
     </span>
    </p>
   </div>
   <div class='ocr_carea' id='block_1_6' title="bbox 96 300 895 335">
    <p class='ocr_par' dir='ltr' id='par_1_6' title="bbox 96 300 895 335">
     <span class='ocr_line' id='line_1_6' title="bbox 96 300 895 335; baseline -0.004 -6"><span class='ocrx_word' id='word_1_31' title='bbox 96 306 124 329; x_wconf 87' lang='lat' dir='ltr'><strong>et</strong></span> <span class='ocrx_word' id='word_1_32' title='bbox 139 300 261 332; x_wconf 84' lang='lat' dir='ltr'><strong>remedia</strong></span> <span class='ocrx_word' id='word_1_33' title='bbox 279 300 434 335; x_wconf 83' lang='lat' dir='ltr'><strong>proﬁciunt.</strong></span> <span class='ocrx_word' id='word_1_34' title='bbox 457 300 577 327; x_wconf 85' lang='lat' dir='ltr'><strong>Medicus</strong></span> <span class='ocrx_word' id='word_1_35' title='bbox 598 305 638 328; x_wconf 87' lang='lat' dir='ltr'><strong>est</strong></span> <span class='ocrx_word' id='word_1_36' title='bbox 659 300 740 333; x_wconf 84' lang='lat' dir='ltr'><strong>Deus,</strong></span> <span class='ocrx_word' id='word_1_37' title='bbox 757 306 833 335; x_wconf 88' lang='lat' dir='ltr'><strong>pater</strong></span> <span class='ocrx_word' id='word_1_38' title='bbox 853 306 895 328; x_wconf 86' lang='lat' dir='ltr'><strong>est</strong></span> 
     </span>
    </p>
   </div>
   <div class='ocr_carea' id='block_1_7' title="bbox 98 345 894 380">
    <p class='ocr_par' dir='ltr' id='par_1_7' title="bbox 98 345 894 380">
     <span class='ocr_line' id='line_1_7' title="bbox 98 345 894 380; baseline -0.001 -7"><span class='ocrx_word' id='word_1_39' title='bbox 98 345 180 377; x_wconf 84' lang='lat' dir='ltr'><strong>Deus,</strong></span> <span class='ocrx_word' id='word_1_40' title='bbox 195 345 325 373; x_wconf 88' lang='lat' dir='ltr'><strong>dominus</strong></span> <span class='ocrx_word' id='word_1_41' title='bbox 343 351 385 372; x_wconf 88' lang='lat' dir='ltr'><strong>est</strong></span> <span class='ocrx_word' id='word_1_42' title='bbox 406 354 458 373; x_wconf 89' lang='lat' dir='ltr'><strong>non</strong></span> <span class='ocrx_word' id='word_1_43' title='bbox 474 354 563 380; x_wconf 82' lang='lat' dir='ltr'><strong>asper,</strong></span> <span class='ocrx_word' id='word_1_44' title='bbox 582 347 628 373; x_wconf 85' lang='lat' dir='ltr'><strong>sed</strong></span> <span class='ocrx_word' id='word_1_45' title='bbox 652 346 719 373; x_wconf 75' lang='lat' dir='ltr'><strong>iPlliS</strong></span> <span class='ocrx_word' id='word_1_46' title='bbox 739 351 780 373; x_wconf 83' lang='lat' dir='ltr'><strong>est</strong></span> <span class='ocrx_word' id='word_1_47' title='bbox 803 346 894 372; x_wconf 88' lang='lat' dir='ltr'><strong>domi-</strong></span> 
     </span>
    </p>
   </div>
   <div class='ocr_carea' id='block_1_8' title="bbox 98 391 893 426">
    <p class='ocr_par' dir='ltr' id='par_1_8' title="bbox 98 391 893 426">
     <span class='ocr_line' id='line_1_8' title="bbox 98 391 893 426; baseline 0 -8"><span class='ocrx_word' id='word_1_48' title='bbox 98 400 160 418; x_wconf 83' lang='lat' dir='ltr'><strong>nus.</strong></span> <span class='ocrx_word' id='word_1_49' title='bbox 176 391 206 418; x_wconf 90' lang='lat' dir='ltr'><strong>Si</strong></span> <span class='ocrx_word' id='word_1_50' title='bbox 223 392 334 419; x_wconf 82' lang='lat' dir='ltr'><strong>veneris</strong></span> <span class='ocrx_word' id='word_1_51' title='bbox 354 392 388 419; x_wconf 92' lang='lat' dir='ltr'><strong>ad</strong></span> <span class='ocrx_word' id='word_1_52' title='bbox 412 400 459 419; x_wconf 87' lang='lat' dir='ltr'><strong>eos</strong></span> <span class='ocrx_word' id='word_1_53' title='bbox 479 392 525 426; x_wconf 85' lang='lat' dir='ltr'><strong>qui</strong></span> <span class='ocrx_word' id='word_1_54' title='bbox 551 392 635 426; x_wconf 91' lang='lat' dir='ltr'><strong>puniti</strong></span> <span class='ocrx_word' id='word_1_55' title='bbox 657 397 721 419; x_wconf 89' lang='lat' dir='ltr'><strong>sunt</strong></span> <span class='ocrx_word' id='word_1_56' title='bbox 744 392 893 419; x_wconf 80' lang='lat' dir='ltr'><strong>secundum</strong></span> 
     </span>
    </p>
   </div>
   <div class='ocr_carea' id='block_1_9' title="bbox 98 437 898 473">
    <p class='ocr_par' dir='ltr' id='par_1_9' title="bbox 98 437 898 473">
     <span class='ocr_line' id='line_1_9' title="bbox 98 437 898 473; baseline 0.001 -9"><span class='ocrx_word' id='word_1_57' title='bbox 98 438 208 473; x_wconf 82' lang='lat' dir='ltr'><strong>eloquia</strong></span> <span class='ocrx_word' id='word_1_58' title='bbox 223 437 440 473; x_wconf 87' lang='lat' dir='ltr'><strong>Scripturarum,</strong></span> <span class='ocrx_word' id='word_1_59' title='bbox 456 445 590 473; x_wconf 91' lang='lat' dir='ltr'><strong>compone</strong></span> <span class='ocrx_word' id='word_1_60' title='bbox 605 437 761 472; x_wconf 72' lang='lat' dir='ltr'><strong>Scriptores</strong></span> <span class='ocrx_word' id='word_1_61' title='bbox 776 437 898 472; x_wconf 87' lang='lat' dir='ltr'><strong>Scriptu-</strong></span> 
     </span>
    </p>
   </div>
   <div class='ocr_carea' id='block_1_10' title="bbox 98 483 895 518">
    <p class='ocr_par' dir='ltr' id='par_1_10' title="bbox 98 483 895 518">
     <span class='ocr_line' id='line_1_10' title="bbox 98 483 895 518; baseline 0 -9"><span class='ocrx_word' id='word_1_62' title='bbox 98 483 147 514; x_wconf 90' lang='lat' dir='ltr'><strong>ris,</strong></span> <span class='ocrx_word' id='word_1_63' title='bbox 162 487 193 509; x_wconf 94' lang='lat' dir='ltr'><strong>ut</strong></span> <span class='ocrx_word' id='word_1_64' title='bbox 208 488 236 510; x_wconf 90' lang='lat' dir='ltr'><strong>et</strong></span> <span class='ocrx_word' id='word_1_65' title='bbox 247 488 274 510; x_wconf 89' lang='lat' dir='ltr'><strong>te</strong></span> <span class='ocrx_word' id='word_1_66' title='bbox 281 483 428 518; x_wconf 77' lang='lat' dir='ltr'><strong>Apostolus</strong></span> <span class='ocrx_word' id='word_1_67' title='bbox 441 483 722 514; x_wconf 83' lang='lat' dir='ltr'><strong>doeet,etvidebisibi</strong></span> <span class='ocrx_word' id='word_1_68' title='bbox 736 483 895 510; x_wconf 83' lang='lat' dir='ltr'><strong>dulcissima</strong></span> 
     </span>
    </p>
   </div>
   <div class='ocr_carea' id='block_1_11' title="bbox 98 528 895 563">
    <p class='ocr_par' dir='ltr' id='par_1_11' title="bbox 98 528 895 563">
     <span class='ocr_line' id='line_1_11' title="bbox 98 528 895 563; baseline 0 -8"><span class='ocrx_word' id='word_1_69' title='bbox 98 535 169 560; x_wconf 88' lang='lat' dir='ltr'><strong>esse,</strong></span> <span class='ocrx_word' id='word_1_70' title='bbox 189 529 237 555; x_wconf 87' lang='lat' dir='ltr'><strong>ubi</strong></span> <span class='ocrx_word' id='word_1_71' title='bbox 254 529 427 556; x_wconf 88' lang='lat' dir='ltr'><strong>amarissima</strong></span> <span class='ocrx_word' id='word_1_72' title='bbox 445 529 649 556; x_wconf 75' lang='lat' dir='ltr'><strong>existimantur.</strong></span> <span class='ocrx_word' id='word_1_73' title='bbox 662 528 799 563; x_wconf 75' lang='lat' dir='ltr'><strong>Scriptum</strong></span> <span class='ocrx_word' id='word_1_74' title='bbox 813 534 855 555; x_wconf 87' lang='lat' dir='ltr'><strong>est</strong></span> <span class='ocrx_word' id='word_1_75' title='bbox 869 530 895 555; x_wconf 94' lang='lat' dir='ltr'><strong>in</strong></span> 
     </span>
    </p>
   </div>
   <div class='ocr_carea' id='block_1_12' title="bbox 100 574 896 609">
    <p class='ocr_par' dir='ltr' id='par_1_12' title="bbox 100 574 896 609">
     <span class='ocr_line' id='line_1_12' title="bbox 100 574 896 609; baseline 0 -9"><span class='ocrx_word' id='word_1_76' title='bbox 100 575 254 609; x_wconf 73' lang='lat' dir='ltr'><strong>propheta:</strong></span> <span class='ocrx_word' id='word_1_77' title='bbox 276 575 337 601; x_wconf 85' lang='lat' dir='ltr'><strong>Non</strong></span> <span class='ocrx_word' id='word_1_78' title='bbox 362 576 480 602; x_wconf 77' lang='lat' dir='ltr'><strong>vindicat</strong></span> <span class='ocrx_word' id='word_1_79' title='bbox 503 575 541 601; x_wconf 77' lang='lat' dir='ltr'><strong>bis</strong></span> <span class='ocrx_word' id='word_1_80' title='bbox 561 575 588 601; x_wconf 82' lang='lat' dir='ltr'><strong>in</strong></span> <span class='ocrx_word' id='word_1_81' title='bbox 606 575 720 609; x_wconf 74' lang='lat' dir='ltr'><strong>idipsum</strong></span> <span class='ocrx_word' id='word_1_82' title='bbox 741 575 768 601; x_wconf 89' lang='lat' dir='ltr'><strong>in</strong></span> <span class='ocrx_word' id='word_1_83' title='bbox 781 574 896 608; x_wconf 81' lang='lat' dir='ltr'><strong>judicio.</strong></span> 
     </span>
    </p>
   </div>
   <div class='ocr_carea' id='block_1_13' title="bbox 101 619 898 656">
    <p class='ocr_par' dir='ltr' id='par_1_13' title="bbox 101 619 898 656">
     <span class='ocr_line' id='line_1_13' title="bbox 101 619 898 656; baseline 0 -9"><span class='ocrx_word' id='word_1_84' title='bbox 101 619 257 648; x_wconf 62' lang='lat' dir='ltr'><strong>vindicavit</strong></span> <span class='ocrx_word' id='word_1_85' title='bbox 273 622 357 648; x_wconf 82' lang='lat' dir='ltr'><strong>semel</strong></span> <span class='ocrx_word' id='word_1_86' title='bbox 374 622 399 648; x_wconf 93' lang='lat' dir='ltr'><strong>in</strong></span> <span class='ocrx_word' id='word_1_87' title='bbox 412 621 516 656; x_wconf 86' lang='lat' dir='ltr'><strong>judicio</strong></span> <span class='ocrx_word' id='word_1_88' title='bbox 530 629 576 656; x_wconf 84' lang='lat' dir='ltr'><strong>per</strong></span> <span class='ocrx_word' id='word_1_89' title='bbox 591 621 735 653; x_wconf 82' lang='lat' dir='ltr'><strong>diluvium,</strong></span> <span class='ocrx_word' id='word_1_90' title='bbox 749 621 898 648; x_wconf 72' lang='lat' dir='ltr'><strong>vindicavit</strong></span> 
     </span>
    </p>
   </div>
   <div class='ocr_carea' id='block_1_14' title="bbox 100 666 896 702">
    <p class='ocr_par' dir='ltr' id='par_1_14' title="bbox 100 666 896 702">
     <span class='ocr_line' id='line_1_14' title="bbox 100 666 896 702; baseline 0.003 -10"><span class='ocrx_word' id='word_1_91' title='bbox 100 667 184 693; x_wconf 83' lang='lat' dir='ltr'><strong>semel</strong></span> <span class='ocrx_word' id='word_1_92' title='bbox 210 667 236 693; x_wconf 92' lang='lat' dir='ltr'><strong>in</strong></span> <span class='ocrx_word' id='word_1_93' title='bbox 260 667 364 702; x_wconf 86' lang='lat' dir='ltr'><strong>judicio</strong></span> <span class='ocrx_word' id='word_1_94' title='bbox 387 674 470 701; x_wconf 86' lang='lat' dir='ltr'><strong>super</strong></span> <span class='ocrx_word' id='word_1_95' title='bbox 497 666 643 694; x_wconf 83' lang='lat' dir='ltr'><strong>Sodomam</strong></span> <span class='ocrx_word' id='word_1_96' title='bbox 657 673 682 695; x_wconf 88' lang='lat' dir='ltr'><strong>et</strong></span> <span class='ocrx_word' id='word_1_97' title='bbox 697 667 896 698; x_wconf 80' lang='lat' dir='ltr'><strong>Gomorrham,</strong></span> 
     </span>
    </p>
   </div>
   <div class='ocr_carea' id='block_1_15' title="bbox 100 712 898 748">
    <p class='ocr_par' dir='ltr' id='par_1_15' title="bbox 100 712 898 748">
     <span class='ocr_line' id='line_1_15' title="bbox 100 712 898 748; baseline -0.001 -8"><span class='ocrx_word' id='word_1_98' title='bbox 100 712 250 740; x_wconf 76' lang='lat' dir='ltr'><strong>vindicavit</strong></span> <span class='ocrx_word' id='word_1_99' title='bbox 276 713 359 740; x_wconf 88' lang='lat' dir='ltr'><strong>semel</strong></span> <span class='ocrx_word' id='word_1_100' title='bbox 387 713 412 739; x_wconf 93' lang='lat' dir='ltr'><strong>in</strong></span> <span class='ocrx_word' id='word_1_101' title='bbox 439 713 544 747; x_wconf 89' lang='lat' dir='ltr'><strong>judicio</strong></span> <span class='ocrx_word' id='word_1_102' title='bbox 573 721 656 747; x_wconf 88' lang='lat' dir='ltr'><strong>super</strong></span> <span class='ocrx_word' id='word_1_103' title='bbox 682 713 841 748; x_wconf 61' lang='lat' dir='ltr'><strong>Egyptum,</strong></span> <span class='ocrx_word' id='word_1_104' title='bbox 871 717 898 739; x_wconf 83' lang='lat' dir='ltr'><strong>et</strong></span> 
     </span>
    </p>
   </div>
   <div class='ocr_carea' id='block_1_16' title="bbox 101 758 897 793">
    <p class='ocr_par' dir='ltr' id='par_1_16' title="bbox 101 758 897 793">
     <span class='ocr_line' id='line_1_16' title="bbox 101 758 897 793; baseline -0.001 -7"><span class='ocrx_word' id='word_1_105' title='bbox 101 764 229 786; x_wconf 76' lang='lat' dir='ltr'><strong>sexcenta</strong></span> <span class='ocrx_word' id='word_1_106' title='bbox 256 758 342 786; x_wconf 83' lang='lat' dir='ltr'><strong>millia</strong></span> <span class='ocrx_word' id='word_1_107' title='bbox 360 759 554 786; x_wconf 87' lang='lat' dir='ltr'><strong>lsraelitarutu.</strong></span> <span class='ocrx_word' id='word_1_108' title='bbox 574 758 632 786; x_wconf 83' lang='lat' dir='ltr'><strong>Noli</strong></span> <span class='ocrx_word' id='word_1_109' title='bbox 650 759 809 786; x_wconf 75' lang='lat' dir='ltr'><strong>existimare</strong></span> <span class='ocrx_word' id='word_1_110' title='bbox 824 758 897 793; x_wconf 88' lang='lat' dir='ltr'><strong>quod</strong></span> 
     </span>
    </p>
   </div>
   <div class='ocr_carea' id='block_1_17' title="bbox 102 804 898 839">
    <p class='ocr_par' dir='ltr' id='par_1_17' title="bbox 102 804 898 839">
     <span class='ocr_line' id='line_1_17' title="bbox 102 804 898 839; baseline 0 -8"><span class='ocrx_word' id='word_1_111' title='bbox 102 805 158 831; x_wconf 73' lang='lat' dir='ltr'><strong>luce</strong></span> <span class='ocrx_word' id='word_1_112' title='bbox 178 804 248 831; x_wconf 88' lang='lat' dir='ltr'><strong>ttltio</strong></span> <span class='ocrx_word' id='word_1_113' title='bbox 268 812 349 838; x_wconf 69' lang='lat' dir='ltr'><strong>pmna</strong></span> <span class='ocrx_word' id='word_1_114' title='bbox 369 810 472 831; x_wconf 83' lang='lat' dir='ltr'><strong>tantum</strong></span> <span class='ocrx_word' id='word_1_115' title='bbox 493 804 574 831; x_wconf 84' lang='lat' dir='ltr'><strong>fuerit</strong></span> <span class='ocrx_word' id='word_1_116' title='bbox 597 804 796 838; x_wconf 69' lang='lat' dir='ltr'><strong>peccatoribus,</strong></span> <span class='ocrx_word' id='word_1_117' title='bbox 819 804 898 839; x_wconf 85' lang='lat' dir='ltr'><strong>quasi</strong></span> 
     </span>
    </p>
   </div>
   <div class='ocr_carea' id='block_1_18' title="bbox 101 849 898 884">
    <p class='ocr_par' dir='ltr' id='par_1_18' title="bbox 101 849 898 884">
     <span class='ocr_line' id='line_1_18' title="bbox 101 849 898 884; baseline 0 -8"><span class='ocrx_word' id='word_1_118' title='bbox 101 855 161 884; x_wconf 83' lang='lat' dir='ltr'><strong>post</strong></span> <span class='ocrx_word' id='word_1_119' title='bbox 176 854 294 876; x_wconf 86' lang='lat' dir='ltr'><strong>mortem</strong></span> <span class='ocrx_word' id='word_1_120' title='bbox 309 855 336 877; x_wconf 88' lang='lat' dir='ltr'><strong>et</strong></span> <span class='ocrx_word' id='word_1_121' title='bbox 352 849 484 884; x_wconf 84' lang='lat' dir='ltr'><strong>supplicia</strong></span> <span class='ocrx_word' id='word_1_122' title='bbox 508 850 609 877; x_wconf 80' lang='lat' dir='ltr'><strong>iterum</strong></span> <span class='ocrx_word' id='word_1_123' title='bbox 630 857 645 876; x_wconf 91' lang='lat' dir='ltr'><strong>a</strong></span> <span class='ocrx_word' id='word_1_124' title='bbox 669 850 802 884; x_wconf 90' lang='lat' dir='ltr'><strong>supplicio</strong></span> <span class='ocrx_word' id='word_1_125' title='bbox 822 850 898 877; x_wconf 71' lang='lat' dir='ltr'><strong>exci—</strong></span> 
     </span>
    </p>
   </div>
   <div class='ocr_carea' id='block_1_19' title="bbox 945 256 1730 291">
    <p class='ocr_par' dir='ltr' id='par_1_19' title="bbox 945 256 1730 291">
     <span class='ocr_line' id='line_1_19' title="bbox 945 256 1730 291; baseline 0.003 -9"><span class='ocrx_word' id='word_1_126' title='bbox 945 256 1044 283; x_wconf 88' lang='lat' dir='ltr'><strong>minus.</strong></span> <span class='ocrx_word' id='word_1_127' title='bbox 1066 256 1254 284; x_wconf 85' lang='lat' dir='ltr'><strong>Generationis</strong></span> <span class='ocrx_word' id='word_1_128' title='bbox 1268 257 1339 283; x_wconf 85' lang='lat' dir='ltr'><strong>enim</strong></span> <span class='ocrx_word' id='word_1_129' title='bbox 1353 261 1381 284; x_wconf 89' lang='lat' dir='ltr'><strong>et</strong></span> <span class='ocrx_word' id='word_1_130' title='bbox 1395 256 1516 284; x_wconf 81' lang='lat' dir='ltr'><strong>libidinis</strong></span> <span class='ocrx_word' id='word_1_131' title='bbox 1529 264 1610 291; x_wconf 85' lang='lat' dir='ltr'><strong>opera</strong></span> <span class='ocrx_word' id='word_1_132' title='bbox 1629 257 1730 289; x_wconf 68' lang='lat' dir='ltr'><strong>gehen-</strong></span> 
     </span>
    </p>
   </div>
   <div class='ocr_carea' id='block_1_20' title="bbox 945 302 1730 337">
    <p class='ocr_par' dir='ltr' id='par_1_20' title="bbox 945 302 1730 337">
     <span class='ocr_line' id='line_1_20' title="bbox 945 302 1730 337; baseline 0 -9"><span class='ocrx_word' id='word_1_133' title='bbox 945 310 986 329; x_wconf 74' lang='lat' dir='ltr'><strong>na:</strong></span> <span class='ocrx_word' id='word_1_134' title='bbox 1009 302 1149 337; x_wconf 78' lang='lat' dir='ltr'><strong>suppliciis</strong></span> <span class='ocrx_word' id='word_1_135' title='bbox 1174 303 1369 337; x_wconf 87' lang='lat' dir='ltr'><strong>corripiuntttr.</strong></span> <span class='ocrx_word' id='word_1_136' title='bbox 1395 302 1492 337; x_wconf 85' lang='lat' dir='ltr'><strong>lgneus</strong></span> <span class='ocrx_word' id='word_1_137' title='bbox 1516 307 1558 330; x_wconf 81' lang='lat' dir='ltr'><strong>est</strong></span> <span class='ocrx_word' id='word_1_138' title='bbox 1579 302 1661 333; x_wconf 88' lang='lat' dir='ltr'><strong>Deus,</strong></span> <span class='ocrx_word' id='word_1_139' title='bbox 1684 302 1730 329; x_wconf 88' lang='lat' dir='ltr'><strong>sed</strong></span> 
     </span>
    </p>
   </div>
   <div class='ocr_carea' id='block_1_21' title="bbox 946 349 1734 383">
    <p class='ocr_par' dir='ltr' id='par_1_21' title="bbox 946 349 1734 383">
     <span class='ocr_line' id='line_1_21' title="bbox 946 349 1734 383; baseline 0.001 -9"><span class='ocrx_word' id='word_1_140' title='bbox 946 356 999 374; x_wconf 87' lang='lat' dir='ltr'><strong>non</strong></span> <span class='ocrx_word' id='word_1_141' title='bbox 1014 353 1088 375; x_wconf 84' lang='lat' dir='ltr'><strong>totus</strong></span> <span class='ocrx_word' id='word_1_142' title='bbox 1099 352 1141 376; x_wconf 87' lang='lat' dir='ltr'><strong>est</strong></span> <span class='ocrx_word' id='word_1_143' title='bbox 1158 349 1265 383; x_wconf 82' lang='lat' dir='ltr'><strong>igneus.</strong></span> <span class='ocrx_word' id='word_1_144' title='bbox 1281 349 1427 383; x_wconf 82' lang='lat' dir='ltr'><strong>Superiora</strong></span> <span class='ocrx_word' id='word_1_145' title='bbox 1442 349 1503 383; x_wconf 76' lang='lat' dir='ltr'><strong>ejus</strong></span> <span class='ocrx_word' id='word_1_146' title='bbox 1514 349 1644 376; x_wconf 84' lang='lat' dir='ltr'><strong>electrum</strong></span> <span class='ocrx_word' id='word_1_147' title='bbox 1660 353 1734 375; x_wconf 84' lang='lat' dir='ltr'><strong>sunt.</strong></span> 
     </span>
    </p>
   </div>
   <div class='ocr_carea' id='block_1_22' title="bbox 946 394 1734 430">
    <p class='ocr_par' dir='ltr' id='par_1_22' title="bbox 946 394 1734 430">
     <span class='ocr_line' id='line_1_22' title="bbox 946 394 1734 430; baseline 0 -10"><span class='ocrx_word' id='word_1_148' title='bbox 946 394 1081 422; x_wconf 80' lang='lat' dir='ltr'><strong>Electrum</strong></span> <span class='ocrx_word' id='word_1_149' title='bbox 1100 403 1153 422; x_wconf 90' lang='lat' dir='ltr'><strong>non</strong></span> <span class='ocrx_word' id='word_1_150' title='bbox 1173 395 1260 422; x_wconf 89' lang='lat' dir='ltr'><strong>solum</strong></span> <span class='ocrx_word' id='word_1_151' title='bbox 1281 400 1404 430; x_wconf 79' lang='lat' dir='ltr'><strong>argento,</strong></span> <span class='ocrx_word' id='word_1_152' title='bbox 1423 403 1517 422; x_wconf 87' lang='lat' dir='ltr'><strong>rerum</strong></span> <span class='ocrx_word' id='word_1_153' title='bbox 1539 400 1566 422; x_wconf 87' lang='lat' dir='ltr'><strong>et</strong></span> <span class='ocrx_word' id='word_1_154' title='bbox 1583 402 1650 422; x_wconf 87' lang='lat' dir='ltr'><strong>auro</strong></span> <span class='ocrx_word' id='word_1_155' title='bbox 1674 401 1734 428; x_wconf 83' lang='lat' dir='ltr'><strong>pre—</strong></span> 
     </span>
    </p>
   </div>
   <div class='ocr_carea' id='block_1_23' title="bbox 946 439 1737 475">
    <p class='ocr_par' dir='ltr' id='par_1_23' title="bbox 946 439 1737 475">
     <span class='ocr_line' id='line_1_23' title="bbox 946 439 1737 475; baseline -0.001 -8"><span class='ocrx_word' id='word_1_156' title='bbox 946 441 1043 468; x_wconf 83' lang='lat' dir='ltr'><strong>tiosius</strong></span> <span class='ocrx_word' id='word_1_157' title='bbox 1062 446 1112 468; x_wconf 88' lang='lat' dir='ltr'><strong>est.</strong></span> <span class='ocrx_word' id='word_1_158' title='bbox 1132 440 1268 468; x_wconf 85' lang='lat' dir='ltr'><strong>Electrum</strong></span> <span class='ocrx_word' id='word_1_159' title='bbox 1292 446 1383 468; x_wconf 84' lang='lat' dir='ltr'><strong>autent</strong></span> <span class='ocrx_word' id='word_1_160' title='bbox 1408 448 1458 475; x_wconf 89' lang='lat' dir='ltr'><strong>pro</strong></span> <span class='ocrx_word' id='word_1_161' title='bbox 1480 440 1603 474; x_wconf 83' lang='lat' dir='ltr'><strong>exemplo</strong></span> <span class='ocrx_word' id='word_1_162' title='bbox 1624 439 1737 473; x_wconf 76' lang='lat' dir='ltr'><strong>fulgoris</strong></span> 
     </span>
    </p>
   </div>
   <div class='ocr_carea' id='block_1_24' title="bbox 947 484 1736 520">
    <p class='ocr_par' dir='ltr' id='par_1_24' title="bbox 947 484 1736 520">
     <span class='ocr_line' id='line_1_24' title="bbox 947 484 1736 520; baseline -0.001 -8"><span class='ocrx_word' id='word_1_163' title='bbox 947 484 1086 520; x_wconf 85' lang='lat' dir='ltr'><strong>Scriptura</strong></span> <span class='ocrx_word' id='word_1_164' title='bbox 1101 486 1200 520; x_wconf 86' lang='lat' dir='ltr'><strong>posuit,</strong></span> <span class='ocrx_word' id='word_1_165' title='bbox 1217 493 1270 512; x_wconf 90' lang='lat' dir='ltr'><strong>non</strong></span> <span class='ocrx_word' id='word_1_166' title='bbox 1288 485 1360 520; x_wconf 91' lang='lat' dir='ltr'><strong>quod</strong></span> <span class='ocrx_word' id='word_1_167' title='bbox 1379 486 1449 513; x_wconf 79' lang='lat' dir='ltr'><strong>Deus</strong></span> <span class='ocrx_word' id='word_1_168' title='bbox 1467 493 1528 513; x_wconf 86' lang='lat' dir='ltr'><strong>vere</strong></span> <span class='ocrx_word' id='word_1_169' title='bbox 1543 486 1672 512; x_wconf 81' lang='lat' dir='ltr'><strong>electrum</strong></span> <span class='ocrx_word' id='word_1_170' title='bbox 1690 485 1736 511; x_wconf 88' lang='lat' dir='ltr'><strong>sit.</strong></span> 
     </span>
    </p>
   </div>
   <div class='ocr_carea' id='block_1_25' title="bbox 946 531 1737 566">
    <p class='ocr_par' dir='ltr' id='par_1_25' title="bbox 946 531 1737 566">
     <span class='ocr_line' id='line_1_25' title="bbox 946 531 1737 566; baseline 0 -9"><span class='ocrx_word' id='word_1_171' title='bbox 946 531 979 558; x_wconf 85' lang='lat' dir='ltr'><strong>Et</strong></span> <span class='ocrx_word' id='word_1_172' title='bbox 991 532 1130 566; x_wconf 88' lang='lat' dir='ltr'><strong>qttomodo</strong></span> <span class='ocrx_word' id='word_1_173' title='bbox 1144 539 1198 558; x_wconf 90' lang='lat' dir='ltr'><strong>non</strong></span> <span class='ocrx_word' id='word_1_174' title='bbox 1214 536 1255 559; x_wconf 89' lang='lat' dir='ltr'><strong>est</strong></span> <span class='ocrx_word' id='word_1_175' title='bbox 1271 532 1324 559; x_wconf 87' lang='lat' dir='ltr'><strong>tale</strong></span> <span class='ocrx_word' id='word_1_176' title='bbox 1339 532 1470 559; x_wconf 88' lang='lat' dir='ltr'><strong>electrum</strong></span> <span class='ocrx_word' id='word_1_177' title='bbox 1488 531 1560 559; x_wconf 86' lang='lat' dir='ltr'><strong>Deus</strong></span> <span class='ocrx_word' id='word_1_178' title='bbox 1574 531 1655 566; x_wconf 84' lang='lat' dir='ltr'><strong>quale</strong></span> <span class='ocrx_word' id='word_1_179' title='bbox 1668 531 1737 557; x_wconf 82' lang='lat' dir='ltr'><strong>ride-</strong></span> 
     </span>
    </p>
   </div>
   <div class='ocr_carea' id='block_1_26' title="bbox 947 577 1737 612">
    <p class='ocr_par' dir='ltr' id='par_1_26' title="bbox 947 577 1737 612">
     <span class='ocr_line' id='line_1_26' title="bbox 947 577 1737 612; baseline -0.001 -8"><span class='ocrx_word' id='word_1_180' title='bbox 947 577 1027 604; x_wconf 88' lang='lat' dir='ltr'><strong>batttr</strong></span> <span class='ocrx_word' id='word_1_181' title='bbox 1042 586 1048 604; x_wconf 88' lang='lat'><strong>:</strong></span> <span class='ocrx_word' id='word_1_182' title='bbox 1063 577 1102 604; x_wconf 89' lang='lat' dir='ltr'><strong>sic</strong></span> <span class='ocrx_word' id='word_1_183' title='bbox 1116 585 1169 604; x_wconf 92' lang='lat' dir='ltr'><strong>non</strong></span> <span class='ocrx_word' id='word_1_184' title='bbox 1183 583 1226 605; x_wconf 87' lang='lat' dir='ltr'><strong>est</strong></span> <span class='ocrx_word' id='word_1_185' title='bbox 1241 577 1303 604; x_wconf 78' lang='lat' dir='ltr'><strong>talis</strong></span> <span class='ocrx_word' id='word_1_186' title='bbox 1314 578 1384 612; x_wconf 90' lang='lat' dir='ltr'><strong>ignis</strong></span> <span class='ocrx_word' id='word_1_187' title='bbox 1398 578 1487 612; x_wconf 77' lang='lat' dir='ltr'><strong>qualis</strong></span> <span class='ocrx_word' id='word_1_188' title='bbox 1500 585 1514 604; x_wconf 89' lang='lat' dir='ltr'><strong>a</strong></span> <span class='ocrx_word' id='word_1_189' title='bbox 1527 577 1639 605; x_wconf 77' lang='lat' dir='ltr'><strong>renibus</strong></span> <span class='ocrx_word' id='word_1_190' title='bbox 1651 583 1737 611; x_wconf 84' lang='lat' dir='ltr'><strong>usque</strong></span> 
     </span>
    </p>
   </div>
   <div class='ocr_carea' id='block_1_27' title="bbox 947 622 1738 659">
    <p class='ocr_par' dir='ltr' id='par_1_27' title="bbox 947 622 1738 659">
     <span class='ocr_line' id='line_1_27' title="bbox 947 622 1738 659; baseline -0.003 -8"><span class='ocrx_word' id='word_1_191' title='bbox 947 624 981 651; x_wconf 89' lang='lat' dir='ltr'><strong>ad</strong></span> <span class='ocrx_word' id='word_1_192' title='bbox 999 624 1098 659; x_wconf 92' lang='lat' dir='ltr'><strong>pedum</strong></span> <span class='ocrx_word' id='word_1_193' title='bbox 1113 624 1194 651; x_wconf 86' lang='lat' dir='ltr'><strong>liuent</strong></span> <span class='ocrx_word' id='word_1_194' title='bbox 1220 625 1355 659; x_wconf 80' lang='lat' dir='ltr'><strong>apparuit.</strong></span> <span class='ocrx_word' id='word_1_195' title='bbox 1382 624 1454 659; x_wconf 73' lang='lat' dir='ltr'><strong>Ignis</strong></span> <span class='ocrx_word' id='word_1_196' title='bbox 1475 624 1527 650; x_wconf 88' lang='lat' dir='ltr'><strong>iste</strong></span> <span class='ocrx_word' id='word_1_197' title='bbox 1547 622 1693 653; x_wconf 82' lang='lat' dir='ltr'><strong>consumit,</strong></span> <span class='ocrx_word' id='word_1_198' title='bbox 1711 627 1738 649; x_wconf 84' lang='lat' dir='ltr'><strong>et</strong></span> 
     </span>
    </p>
   </div>
   <div class='ocr_carea' id='block_1_28' title="bbox 949 670 1738 704">
    <p class='ocr_par' dir='ltr' id='par_1_28' title="bbox 949 670 1738 704">
     <span class='ocr_line' id='line_1_28' title="bbox 949 670 1738 704; baseline -0.003 -8"><span class='ocrx_word' id='word_1_199' title='bbox 949 677 1002 696; x_wconf 91' lang='lat' dir='ltr'><strong>non</strong></span> <span class='ocrx_word' id='word_1_200' title='bbox 1020 674 1062 696; x_wconf 87' lang='lat' dir='ltr'><strong>est</strong></span> <span class='ocrx_word' id='word_1_201' title='bbox 1073 671 1230 704; x_wconf 85' lang='lat' dir='ltr'><strong>appositum</strong></span> <span class='ocrx_word' id='word_1_202' title='bbox 1246 670 1311 704; x_wconf 87' lang='lat' dir='ltr'><strong>qttid</strong></span> <span class='ocrx_word' id='word_1_203' title='bbox 1336 674 1490 699; x_wconf 78' lang='lat' dir='ltr'><strong>consumat.</strong></span> <span class='ocrx_word' id='word_1_204' title='bbox 1516 673 1592 695; x_wconf 51' lang='grc' dir='ltr'>ιιιλιιιι</span> <span class='ocrx_word' id='word_1_205' title='bbox 1613 674 1738 702; x_wconf 77' lang='lat' dir='ltr'><strong>qutcrens</strong></span> 
     </span>
    </p>
   </div>
   <div class='ocr_carea' id='block_1_29' title="bbox 949 712 1735 749">
    <p class='ocr_par' dir='ltr' id='par_1_29' title="bbox 949 712 1735 749">
     <span class='ocr_line' id='line_1_29' title="bbox 949 712 1735 749; baseline -0.004 -8"><span class='ocrx_word' id='word_1_206' title='bbox 949 715 1069 749; x_wconf 89' lang='lat' dir='ltr'><strong>reperias</strong></span> <span class='ocrx_word' id='word_1_207' title='bbox 1081 715 1146 749; x_wconf 93' lang='lat' dir='ltr'><strong>quid</strong></span> <span class='ocrx_word' id='word_1_208' title='bbox 1163 714 1198 742; x_wconf 89' lang='lat' dir='ltr'><strong>sit</strong></span> <span class='ocrx_word' id='word_1_209' title='bbox 1211 714 1276 741; x_wconf 82' lang='lat' dir='ltr'><strong>illud</strong></span> <span class='ocrx_word' id='word_1_210' title='bbox 1292 714 1363 749; x_wconf 89' lang='lat' dir='ltr'><strong>quod</strong></span> <span class='ocrx_word' id='word_1_211' title='bbox 1379 722 1394 740; x_wconf 88' lang='lat' dir='ltr'><strong>a</strong></span> <span class='ocrx_word' id='word_1_212' title='bbox 1411 713 1457 739; x_wconf 82' lang='lat' dir='ltr'><strong>Dei</strong></span> <span class='ocrx_word' id='word_1_213' title='bbox 1473 713 1533 748; x_wconf 81' lang='lat' dir='ltr'><strong>igne</strong></span> <span class='ocrx_word' id='word_1_214' title='bbox 1556 712 1735 740; x_wconf 81' lang='lat' dir='ltr'><strong>consumitur.</strong></span> 
     </span>
    </p>
   </div>
   <div class='ocr_carea' id='block_1_30' title="bbox 950 757 1739 794">
    <p class='ocr_par' dir='ltr' id='par_1_30' title="bbox 950 757 1739 794">
     <span class='ocr_line' id='line_1_30' title="bbox 950 757 1739 794; baseline -0.003 -8"><span class='ocrx_word' id='word_1_215' title='bbox 950 759 1020 786; x_wconf 71' lang='lat' dir='ltr'><strong>Deus</strong></span> <span class='ocrx_word' id='word_1_216' title='bbox 1035 765 1125 786; x_wconf 78' lang='lat' dir='ltr'><strong>noster</strong></span> <span class='ocrx_word' id='word_1_217' title='bbox 1137 760 1204 794; x_wconf 67' lang='lat' dir='ltr'><strong>ignis</strong></span> <span class='ocrx_word' id='word_1_218' title='bbox 1222 767 1376 786; x_wconf 74' lang='lat' dir='ltr'><strong>consumens</strong></span> <span class='ocrx_word' id='word_1_219' title='bbox 1398 764 1436 785; x_wconf 75' lang='lat' dir='ltr'><strong>est</strong></span> <span class='ocrx_word' id='word_1_220' title='bbox 1452 760 1484 785; x_wconf 73' lang='lat'><strong>‘°.</strong></span> <span class='ocrx_word' id='word_1_221' title='bbox 1509 759 1578 791; x_wconf 76' lang='lat' dir='ltr'><strong>Quid</strong></span> <span class='ocrx_word' id='word_1_222' title='bbox 1601 757 1739 785; x_wconf 78' lang='lat' dir='ltr'><strong>ct-nsumit</strong></span> 
     </span>
    </p>
   </div>
   <div class='ocr_carea' id='block_1_31' title="bbox 950 802 1739 840">
    <p class='ocr_par' dir='ltr' id='par_1_31' title="bbox 950 802 1739 840">
     <span class='ocr_line' id='line_1_31' title="bbox 950 802 1739 840; baseline -0.003 -9"><span class='ocrx_word' id='word_1_223' title='bbox 950 805 1021 840; x_wconf 87' lang='lat' dir='ltr'><strong>ignis</strong></span> <span class='ocrx_word' id='word_1_224' title='bbox 1037 805 1105 831; x_wconf 88' lang='lat' dir='ltr'><strong>iste?</strong></span> <span class='ocrx_word' id='word_1_225' title='bbox 1123 804 1182 831; x_wconf 83' lang='lat' dir='ltr'><strong>Non</strong></span> <span class='ocrx_word' id='word_1_226' title='bbox 1199 805 1270 839; x_wconf 84' lang='lat' dir='ltr'><strong>ligna</strong></span> <span class='ocrx_word' id='word_1_227' title='bbox 1290 811 1351 838; x_wconf 73' lang='lat' dir='ltr'><strong>quae</strong></span> <span class='ocrx_word' id='word_1_228' title='bbox 1368 805 1517 836; x_wconf 88' lang='lat' dir='ltr'><strong>cernitnus,</strong></span> <span class='ocrx_word' id='word_1_229' title='bbox 1535 811 1588 830; x_wconf 88' lang='lat' dir='ltr'><strong>non</strong></span> <span class='ocrx_word' id='word_1_230' title='bbox 1610 802 1739 830; x_wconf 80' lang='lat' dir='ltr'><strong>sensibile</strong></span> 
     </span>
    </p>
   </div>
   <div class='ocr_carea' id='block_1_32' title="bbox 951 847 1741 884">
    <p class='ocr_par' dir='ltr' id='par_1_32' title="bbox 951 847 1741 884">
     <span class='ocr_line' id='line_1_32' title="bbox 951 847 1741 884; baseline -0.005 -7"><span class='ocrx_word' id='word_1_231' title='bbox 951 850 1056 883; x_wconf 78' lang='lat' dir='ltr'><strong>fenum,</strong></span> <span class='ocrx_word' id='word_1_232' title='bbox 1078 858 1131 877; x_wconf 91' lang='lat' dir='ltr'><strong>non</strong></span> <span class='ocrx_word' id='word_1_233' title='bbox 1159 850 1286 884; x_wconf 78' lang='lat' dir='ltr'><strong>stipulam</strong></span> <span class='ocrx_word' id='word_1_234' title='bbox 1303 856 1364 884; x_wconf 70' lang='lat' dir='ltr'><strong>qua:</strong></span> <span class='ocrx_word' id='word_1_235' title='bbox 1388 849 1506 879; x_wconf 81' lang='lat' dir='ltr'><strong>videtur,</strong></span> <span class='ocrx_word' id='word_1_236' title='bbox 1527 847 1575 875; x_wconf 74' lang='lat' dir='ltr'><strong>sed</strong></span> <span class='ocrx_word' id='word_1_237' title='bbox 1597 848 1619 874; x_wconf 84' lang='lat' dir='ltr'><strong>si</strong></span> <span class='ocrx_word' id='word_1_238' title='bbox 1644 854 1741 881; x_wconf 83' lang='lat' dir='ltr'><strong>supcr-</strong></span> 
     </span>
    </p>
   </div>
   <div class='ocr_carea' id='block_1_33' title="bbox 103 892 1739 930">
    <p class='ocr_par' dir='ltr' id='par_1_33' title="bbox 103 892 1739 930">
     <span class='ocr_line' id='line_1_33' title="bbox 103 892 1739 930; baseline -0.001 -10"><span class='ocrx_word' id='word_1_239' title='bbox 103 895 193 929; x_wconf 82' lang='lat' dir='ltr'><strong>piendi</strong></span> <span class='ocrx_word' id='word_1_240' title='bbox 212 895 280 923; x_wconf 89' lang='lat' dir='ltr'><strong>sint.</strong></span> <span class='ocrx_word' id='word_1_241' title='bbox 303 894 395 922; x_wconf 91' lang='lat' dir='ltr'><strong>Puniti</strong></span> <span class='ocrx_word' id='word_1_242' title='bbox 408 900 473 922; x_wconf 88' lang='lat' dir='ltr'><strong>sunt</strong></span> <span class='ocrx_word' id='word_1_243' title='bbox 498 895 525 922; x_wconf 91' lang='lat' dir='ltr'><strong>in</strong></span> <span class='ocrx_word' id='word_1_244' title='bbox 552 896 678 930; x_wconf 66' lang='lat' dir='ltr'><strong>praesenti</strong></span> <span class='ocrx_word' id='word_1_245' title='bbox 702 904 735 923; x_wconf 85' lang='lat' dir='ltr'><strong>ne</strong></span> <span class='ocrx_word' id='word_1_246' title='bbox 759 897 787 923; x_wconf 88' lang='lat' dir='ltr'><strong>in</strong></span> <span class='ocrx_word' id='word_1_247' title='bbox 809 897 899 924; x_wconf 78' lang='lat' dir='ltr'><strong>futuro</strong></span> <span class='ocrx_word' id='word_1_248' title='bbox 917 893 1128 925; x_wconf 75' lang='lat' dir='ltr'><strong>Btedilieaveris</strong></span> <span class='ocrx_word' id='word_1_249' title='bbox 1143 896 1322 923; x_wconf 69' lang='lat' dir='ltr'><strong>ﬁtntlamento</strong></span> <span class='ocrx_word' id='word_1_250' title='bbox 1339 894 1403 922; x_wconf 82' lang='lat' dir='ltr'><strong>Jesu</strong></span> <span class='ocrx_word' id='word_1_251' title='bbox 1427 894 1527 921; x_wconf 75' lang='lat' dir='ltr'><strong>Christi</strong></span> <span class='ocrx_word' id='word_1_252' title='bbox 1539 901 1622 928; x_wconf 86' lang='lat' dir='ltr'><strong>opera</strong></span> <span class='ocrx_word' id='word_1_253' title='bbox 1637 892 1739 927; x_wconf 82' lang='lat' dir='ltr'><strong>peccati</strong></span> 
     </span>
    </p>
   </div>
   <div class='ocr_carea' id='block_1_34' title="bbox 99 941 893 978">
    <p class='ocr_par' dir='ltr' id='par_1_34' title="bbox 99 941 893 978">
     <span class='ocr_line' id='line_1_34' title="bbox 99 941 893 978; baseline 0.005 -13"><span class='ocrx_word' id='word_1_254' title='bbox 99 941 200 975; x_wconf 81' lang='lat' dir='ltr'><strong>jngiter</strong></span> <span class='ocrx_word' id='word_1_255' title='bbox 222 942 396 976; x_wconf 88' lang='lat' dir='ltr'><strong>punirentur.</strong></span> <span class='ocrx_word' id='word_1_256' title='bbox 417 941 502 969; x_wconf 88' lang='lat' dir='ltr'><strong>Cerne</strong></span> <span class='ocrx_word' id='word_1_257' title='bbox 520 948 665 977; x_wconf 74' lang='lat' dir='ltr'><strong>pauperem</strong></span> <span class='ocrx_word' id='word_1_258' title='bbox 687 943 714 969; x_wconf 93' lang='lat' dir='ltr'><strong>in</strong></span> <span class='ocrx_word' id='word_1_259' title='bbox 737 942 893 978; x_wconf 80' lang='lat' dir='ltr'><strong>Evangelio,</strong></span> 
     </span>
    </p>
   </div>
   <div class='ocr_carea' id='block_1_35' title="bbox 102 989 896 1024">
    <p class='ocr_par' dir='ltr' id='par_1_35' title="bbox 102 989 896 1024">
     <span class='ocr_line' id='line_1_35' title="bbox 102 989 896 1024; baseline 0 -8"><span class='ocrx_word' id='word_1_260' title='bbox 102 989 232 1024; x_wconf 83' lang='lat' dir='ltr'><strong>squalore</strong></span> <span class='ocrx_word' id='word_1_261' title='bbox 245 993 272 1016; x_wconf 89' lang='lat' dir='ltr'><strong>et</strong></span> <span class='ocrx_word' id='word_1_262' title='bbox 285 989 398 1023; x_wconf 86' lang='lat' dir='ltr'><strong>penuria</strong></span> <span class='ocrx_word' id='word_1_263' title='bbox 414 989 557 1023; x_wconf 80' lang='lat' dir='ltr'><strong>premitur,</strong></span> <span class='ocrx_word' id='word_1_264' title='bbox 575 993 602 1015; x_wconf 93' lang='lat' dir='ltr'><strong>et</strong></span> <span class='ocrx_word' id='word_1_265' title='bbox 617 993 709 1024; x_wconf 77' lang='lat' dir='ltr'><strong>postea</strong></span> <span class='ocrx_word' id='word_1_266' title='bbox 732 989 758 1016; x_wconf 86' lang='lat' dir='ltr'><strong>in</strong></span> <span class='ocrx_word' id='word_1_267' title='bbox 778 990 896 1016; x_wconf 52' lang='lat' dir='ltr'><strong>Abrahae</strong></span> 
     </span>
    </p>
   </div>
   <div class='ocr_carea' id='block_1_36' title="bbox 102 1033 896 1069">
    <p class='ocr_par' dir='ltr' id='par_1_36' title="bbox 102 1033 896 1069">
     <span class='ocr_line' id='line_1_36' title="bbox 102 1033 896 1069; baseline -0.001 -7"><span class='ocrx_word' id='word_1_268' title='bbox 102 1035 165 1062; x_wconf 92' lang='lat' dir='ltr'><strong>sinu</strong></span> <span class='ocrx_word' id='word_1_269' title='bbox 184 1034 344 1069; x_wconf 85' lang='lat' dir='ltr'><strong>requiescit.</strong></span> <span class='ocrx_word' id='word_1_270' title='bbox 361 1034 472 1069; x_wconf 78' lang='lat' dir='ltr'><strong>Recepit</strong></span> <span class='ocrx_word' id='word_1_271' title='bbox 484 1035 554 1061; x_wconf 82' lang='lat' dir='ltr'><strong>mala</strong></span> <span class='ocrx_word' id='word_1_272' title='bbox 571 1042 620 1061; x_wconf 85' lang='lat' dir='ltr'><strong>sua</strong></span> <span class='ocrx_word' id='word_1_273' title='bbox 637 1035 662 1061; x_wconf 90' lang='lat' dir='ltr'><strong>in</strong></span> <span class='ocrx_word' id='word_1_274' title='bbox 679 1035 732 1061; x_wconf 85' lang='lat' dir='ltr'><strong>vita</strong></span> <span class='ocrx_word' id='word_1_275' title='bbox 745 1042 805 1062; x_wconf 85' lang='lat' dir='ltr'><strong>sua.</strong></span> <span class='ocrx_word' id='word_1_276' title='bbox 820 1033 896 1062; x_wconf 79' lang='lat' dir='ltr'><strong>Unde</strong></span> 
     </span>
    </p>
   </div>
   <div class='ocr_carea' id='block_1_37' title="bbox 103 1080 896 1115">
    <p class='ocr_par' dir='ltr' id='par_1_37' title="bbox 103 1080 896 1115">
     <span class='ocr_line' id='line_1_37' title="bbox 103 1080 896 1115; baseline 0 -7"><span class='ocrx_word' id='word_1_277' title='bbox 103 1082 158 1109; x_wconf 88' lang='lat' dir='ltr'><strong>scis</strong></span> <span class='ocrx_word' id='word_1_278' title='bbox 176 1089 210 1107; x_wconf 92' lang='lat' dir='ltr'><strong>an</strong></span> <span class='ocrx_word' id='word_1_279' title='bbox 227 1080 379 1114; x_wconf 79' lang='lat' dir='ltr'><strong>receperint</strong></span> <span class='ocrx_word' id='word_1_280' title='bbox 392 1080 460 1115; x_wconf 87' lang='lat' dir='ltr'><strong>qttin</strong></span> <span class='ocrx_word' id='word_1_281' title='bbox 473 1081 500 1107; x_wconf 90' lang='lat' dir='ltr'><strong>in</strong></span> <span class='ocrx_word' id='word_1_282' title='bbox 515 1080 618 1108; x_wconf 81' lang='lat' dir='ltr'><strong>diluvio</strong></span> <span class='ocrx_word' id='word_1_283' title='bbox 633 1085 697 1108; x_wconf 88' lang='lat' dir='ltr'><strong>sunt</strong></span> <span class='ocrx_word' id='word_1_284' title='bbox 710 1081 808 1112; x_wconf 85' lang='lat' dir='ltr'><strong>necati,</strong></span> <span class='ocrx_word' id='word_1_285' title='bbox 824 1080 896 1108; x_wconf 85' lang='lat' dir='ltr'><strong>mala</strong></span> 
     </span>
    </p>
   </div>
   <div class='ocr_carea' id='block_1_38' title="bbox 103 1126 898 1155">
    <p class='ocr_par' dir='ltr' id='par_1_38' title="bbox 103 1126 898 1155">
     <span class='ocr_line' id='line_1_38' title="bbox 103 1126 898 1155; baseline -0.001 -1"><span class='ocrx_word' id='word_1_286' title='bbox 103 1135 153 1155; x_wconf 84' lang='lat' dir='ltr'><strong>sua</strong></span> <span class='ocrx_word' id='word_1_287' title='bbox 170 1128 197 1154; x_wconf 92' lang='lat' dir='ltr'><strong>in</strong></span> <span class='ocrx_word' id='word_1_288' title='bbox 213 1127 287 1154; x_wconf 88' lang='lat' dir='ltr'><strong>vita?</strong></span> <span class='ocrx_word' id='word_1_289' title='bbox 303 1126 380 1154; x_wconf 84' lang='lat' dir='ltr'><strong>Unde</strong></span> <span class='ocrx_word' id='word_1_290' title='bbox 395 1128 465 1154; x_wconf 88' lang='lat' dir='ltr'><strong>nosti</strong></span> <span class='ocrx_word' id='word_1_291' title='bbox 488 1133 619 1154; x_wconf 78' lang='lat' dir='ltr'><strong>utrumne</strong></span> <span class='ocrx_word' id='word_1_292' title='bbox 633 1127 756 1154; x_wconf 82' lang='lat' dir='ltr'><strong>restituta</strong></span> <span class='ocrx_word' id='word_1_293' title='bbox 775 1127 830 1154; x_wconf 86' lang='lat' dir='ltr'><strong>sint</strong></span> <span class='ocrx_word' id='word_1_294' title='bbox 847 1127 898 1153; x_wconf 88' lang='lat' dir='ltr'><strong>So-</strong></span> 
     </span>
    </p>
   </div>
   <div class='ocr_carea' id='block_1_39' title="bbox 103 1172 897 1201">
    <p class='ocr_par' dir='ltr' id='par_1_39' title="bbox 103 1172 897 1201">
     <span class='ocr_line' id='line_1_39' title="bbox 103 1172 897 1201; baseline -0.001 -1"><span class='ocrx_word' id='word_1_295' title='bbox 103 1174 192 1200; x_wconf 70' lang='lat' dir='ltr'><strong>doma:</strong></span> <span class='ocrx_word' id='word_1_296' title='bbox 219 1178 246 1200; x_wconf 72' lang='lat' dir='ltr'><strong>et</strong></span> <span class='ocrx_word' id='word_1_297' title='bbox 271 1173 432 1200; x_wconf 71' lang='lat' dir='ltr'><strong>Gomorrha:</strong></span> <span class='ocrx_word' id='word_1_298' title='bbox 456 1173 526 1200; x_wconf 81' lang='lat' dir='ltr'><strong>mala</strong></span> <span class='ocrx_word' id='word_1_299' title='bbox 550 1181 600 1200; x_wconf 88' lang='lat' dir='ltr'><strong>sua</strong></span> <span class='ocrx_word' id='word_1_300' title='bbox 621 1173 648 1200; x_wconf 92' lang='lat' dir='ltr'><strong>in</strong></span> <span class='ocrx_word' id='word_1_301' title='bbox 670 1173 724 1200; x_wconf 88' lang='lat' dir='ltr'><strong>vita</strong></span> <span class='ocrx_word' id='word_1_302' title='bbox 745 1173 814 1201; x_wconf 65' lang='lat' dir='ltr'><strong>sua?</strong></span> <span class='ocrx_word' id='word_1_303' title='bbox 827 1172 897 1200; x_wconf 78' lang='lat' dir='ltr'><strong>Audi</strong></span> 
     </span>
    </p>
   </div>
   <div class='ocr_carea' id='block_1_40' title="bbox 104 1217 899 1254">
    <p class='ocr_par' dir='ltr' id='par_1_40' title="bbox 104 1217 899 1254">
     <span class='ocr_line' id='line_1_40' title="bbox 104 1217 899 1254; baseline 0 -8"><span class='ocrx_word' id='word_1_304' title='bbox 104 1220 294 1247; x_wconf 82' lang='lat' dir='ltr'><strong>testimonium</strong></span> <span class='ocrx_word' id='word_1_305' title='bbox 313 1219 528 1254; x_wconf 83' lang='lat' dir='ltr'><strong>Scripturarnm.</strong></span> <span class='ocrx_word' id='word_1_306' title='bbox 547 1219 588 1246; x_wconf 84' lang='lat' dir='ltr'><strong>vis</strong></span> <span class='ocrx_word' id='word_1_307' title='bbox 605 1218 773 1246; x_wconf 85' lang='lat' dir='ltr'><strong>Testamenti</strong></span> <span class='ocrx_word' id='word_1_308' title='bbox 795 1217 899 1246; x_wconf 83' lang='lat' dir='ltr'><strong>Veteris</strong></span> 
     </span>
    </p>
   </div>
   <div class='ocr_carea' id='block_1_41' title="bbox 103 1263 900 1292">
    <p class='ocr_par' dir='ltr' id='par_1_41' title="bbox 103 1263 900 1292">
     <span class='ocr_line' id='line_1_41' title="bbox 103 1263 900 1292; baseline -0.001 0"><span class='ocrx_word' id='word_1_309' title='bbox 103 1266 292 1292; x_wconf 80' lang='lat' dir='ltr'><strong>testimonium</strong></span> <span class='ocrx_word' id='word_1_310' title='bbox 305 1265 431 1292; x_wconf 79' lang='lat' dir='ltr'><strong>discere?</strong></span> <span class='ocrx_word' id='word_1_311' title='bbox 447 1264 494 1292; x_wconf 81' lang='lat' dir='ltr'><strong>Vis</strong></span> <span class='ocrx_word' id='word_1_312' title='bbox 509 1263 574 1292; x_wconf 86' lang='lat' dir='ltr'><strong>Novi</strong></span> <span class='ocrx_word' id='word_1_313' title='bbox 594 1264 722 1291; x_wconf 80' lang='lat' dir='ltr'><strong>edoceri?</strong></span> <span class='ocrx_word' id='word_1_314' title='bbox 739 1264 900 1292; x_wconf 75' lang='lat' dir='ltr'><strong>Ileatituetur</strong></span> 
     </span>
    </p>
   </div>
   <div class='ocr_carea' id='block_1_42' title="bbox 104 1311 900 1347">
    <p class='ocr_par' dir='ltr' id='par_1_42' title="bbox 104 1311 900 1347">
     <span class='ocr_line' id='line_1_42' title="bbox 104 1311 900 1347; baseline -0.001 -8"><span class='ocrx_word' id='word_1_315' title='bbox 104 1313 221 1340; x_wconf 68' lang='lat' dir='ltr'><strong>Sodoma</strong></span> <span class='ocrx_word' id='word_1_316' title='bbox 242 1313 269 1338; x_wconf 85' lang='lat' dir='ltr'><strong>in</strong></span> <span class='ocrx_word' id='word_1_317' title='bbox 293 1313 452 1347; x_wconf 81' lang='lat' dir='ltr'><strong>antiquum;</strong></span> <span class='ocrx_word' id='word_1_318' title='bbox 474 1320 501 1338; x_wconf 82' lang='lat' dir='ltr'><strong>et</strong></span> <span class='ocrx_word' id='word_1_319' title='bbox 518 1311 607 1339; x_wconf 88' lang='lat' dir='ltr'><strong>adhuc</strong></span> <span class='ocrx_word' id='word_1_320' title='bbox 620 1311 729 1339; x_wconf 83' lang='lat' dir='ltr'><strong>dubitas</strong></span> <span class='ocrx_word' id='word_1_321' title='bbox 753 1319 787 1338; x_wconf 81' lang='lat' dir='ltr'><strong>an</strong></span> <span class='ocrx_word' id='word_1_322' title='bbox 811 1311 900 1339; x_wconf 84' lang='lat' dir='ltr'><strong>bonus</strong></span> 
     </span>
    </p>
   </div>
   <div class='ocr_carea' id='block_1_43' title="bbox 104 1357 900 1393">
    <p class='ocr_par' dir='ltr' id='par_1_43' title="bbox 104 1357 900 1393">
     <span class='ocr_line' id='line_1_43' title="bbox 104 1357 900 1393; baseline -0.003 -7"><span class='ocrx_word' id='word_1_323' title='bbox 104 1359 140 1386; x_wconf 88' lang='lat' dir='ltr'><strong>sit</strong></span> <span class='ocrx_word' id='word_1_324' title='bbox 167 1358 300 1385; x_wconf 87' lang='lat' dir='ltr'><strong>Dominus</strong></span> <span class='ocrx_word' id='word_1_325' title='bbox 323 1359 439 1393; x_wconf 76' lang='lat' dir='ltr'><strong>puniens</strong></span> <span class='ocrx_word' id='word_1_326' title='bbox 463 1357 636 1386; x_wconf 78' lang='lat' dir='ltr'><strong>Sodomitas?</strong></span> <span class='ocrx_word' id='word_1_327' title='bbox 661 1357 836 1384; x_wconf 77' lang='lat' dir='ltr'><strong>Tolerabilius</strong></span> <span class='ocrx_word' id='word_1_328' title='bbox 850 1358 900 1384; x_wconf 86' lang='lat' dir='ltr'><strong>erit</strong></span> 
     </span>
    </p>
   </div>
   <div class='ocr_carea' id='block_1_44' title="bbox 105 1403 900 1437">
    <p class='ocr_par' dir='ltr' id='par_1_44' title="bbox 105 1403 900 1437">
     <span class='ocr_line' id='line_1_44' title="bbox 105 1403 900 1437; baseline -0.001 -6"><span class='ocrx_word' id='word_1_329' title='bbox 105 1410 184 1431; x_wconf 71' lang='grc' dir='ltr'><strong>ιρι-τα-</strong></span> <span class='ocrx_word' id='word_1_330' title='bbox 198 1403 376 1430; x_wconf 77' lang='lat' dir='ltr'><strong>Sodomorum</strong></span> <span class='ocrx_word' id='word_1_331' title='bbox 389 1407 413 1430; x_wconf 84' lang='lat' dir='ltr'><strong>et</strong></span> <span class='ocrx_word' id='word_1_332' title='bbox 426 1403 658 1431; x_wconf 75' lang='lat' dir='ltr'><strong>Gomorrhworum</strong></span> <span class='ocrx_word' id='word_1_333' title='bbox 673 1404 701 1430; x_wconf 81' lang='lat' dir='ltr'><strong>in</strong></span> <span class='ocrx_word' id='word_1_334' title='bbox 712 1404 755 1430; x_wconf 80' lang='lat' dir='ltr'><strong>die</strong></span> <span class='ocrx_word' id='word_1_335' title='bbox 764 1403 900 1437; x_wconf 82' lang='lat' dir='ltr'><strong>judicii&quot;,</strong></span> 
     </span>
    </p>
   </div>
   <div class='ocr_carea' id='block_1_45' title="bbox 103 1440 902 1484">
    <p class='ocr_par' dir='ltr' id='par_1_45' title="bbox 103 1440 902 1484">
     <span class='ocr_line' id='line_1_45' title="bbox 103 1440 902 1484; baseline 0.001 -9"><span class='ocrx_word' id='word_1_336' title='bbox 103 1449 170 1476; x_wconf 86' lang='lat' dir='ltr'><strong>dicit</strong></span> <span class='ocrx_word' id='word_1_337' title='bbox 187 1449 321 1476; x_wconf 82' lang='lat' dir='ltr'><strong>Dominus</strong></span> <span class='ocrx_word' id='word_1_338' title='bbox 337 1440 471 1476; x_wconf 73' lang='lat' dir='ltr'><strong>miserans</strong></span> <span class='ocrx_word' id='word_1_339' title='bbox 486 1449 654 1476; x_wconf 80' lang='lat' dir='ltr'><strong>Sodomitas.</strong></span> <span class='ocrx_word' id='word_1_340' title='bbox 681 1448 817 1484; x_wconf 82' lang='lat' dir='ltr'><strong>Benignus</strong></span> <span class='ocrx_word' id='word_1_341' title='bbox 836 1457 902 1484; x_wconf 80' lang='lat' dir='ltr'><strong>ergo</strong></span> 
     </span>
    </p>
   </div>
   <div class='ocr_carea' id='block_1_46' title="bbox 105 1495 901 1529">
    <p class='ocr_par' dir='ltr' id='par_1_46' title="bbox 105 1495 901 1529">
     <span class='ocr_line' id='line_1_46' title="bbox 105 1495 901 1529; baseline -0.001 -5"><span class='ocrx_word' id='word_1_342' title='bbox 105 1502 146 1524; x_wconf 87' lang='lat' dir='ltr'><strong>cst</strong></span> <span class='ocrx_word' id='word_1_343' title='bbox 162 1497 245 1529; x_wconf 87' lang='lat' dir='ltr'><strong>Deus,</strong></span> <span class='ocrx_word' id='word_1_344' title='bbox 262 1497 381 1524; x_wconf 87' lang='lat' dir='ltr'><strong>clemens</strong></span> <span class='ocrx_word' id='word_1_345' title='bbox 397 1501 438 1524; x_wconf 85' lang='lat' dir='ltr'><strong>est</strong></span> <span class='ocrx_word' id='word_1_346' title='bbox 454 1495 534 1524; x_wconf 87' lang='lat' dir='ltr'><strong>Dens.</strong></span> <span class='ocrx_word' id='word_1_347' title='bbox 557 1495 645 1523; x_wconf 67' lang='lat' dir='ltr'><strong>Solem</strong></span> <span class='ocrx_word' id='word_1_348' title='bbox 660 1504 736 1523; x_wconf 77' lang='lat' dir='ltr'><strong>suum</strong></span> <span class='ocrx_word' id='word_1_349' title='bbox 751 1504 814 1524; x_wconf 86' lang='lat' dir='ltr'><strong>vere</strong></span> <span class='ocrx_word' id='word_1_350' title='bbox 835 1497 901 1523; x_wconf 84' lang='lat' dir='ltr'><strong>oriri</strong></span> 
     </span>
    </p>
   </div>
   <div class='ocr_carea' id='block_1_47' title="bbox 106 1542 900 1578">
    <p class='ocr_par' dir='ltr' id='par_1_47' title="bbox 106 1542 900 1578">
     <span class='ocr_line' id='line_1_47' title="bbox 106 1542 900 1578; baseline 0 -9"><span class='ocrx_word' id='word_1_351' title='bbox 106 1544 170 1578; x_wconf 64' lang='lat' dir='ltr'><strong>iacit</strong></span> <span class='ocrx_word' id='word_1_352' title='bbox 178 1550 256 1577; x_wconf 80' lang='lat' dir='ltr'><strong>super</strong></span> <span class='ocrx_word' id='word_1_353' title='bbox 264 1542 344 1569; x_wconf 70' lang='lat' dir='ltr'><strong>bono:</strong></span> <span class='ocrx_word' id='word_1_354' title='bbox 352 1548 376 1569; x_wconf 76' lang='lat' dir='ltr'><strong>et</strong></span> <span class='ocrx_word' id='word_1_355' title='bbox 389 1543 472 1569; x_wconf 76' lang='lat' dir='ltr'><strong>mulos</strong></span> <span class='ocrx_word' id='word_1_356' title='bbox 489 1551 497 1569; x_wconf 96' lang='lat'><em>:</em></span> <span class='ocrx_word' id='word_1_357' title='bbox 509 1542 608 1577; x_wconf 82' lang='lat' dir='ltr'><strong>etpluit</strong></span> <span class='ocrx_word' id='word_1_358' title='bbox 619 1550 682 1569; x_wconf 83' lang='lat' dir='ltr'><strong>vere</strong></span> <span class='ocrx_word' id='word_1_359' title='bbox 690 1551 769 1576; x_wconf 78' lang='lat' dir='ltr'><strong>super</strong></span> <span class='ocrx_word' id='word_1_360' title='bbox 775 1542 862 1577; x_wconf 81' lang='lat' dir='ltr'><strong>justas</strong></span> <span class='ocrx_word' id='word_1_361' title='bbox 877 1548 900 1569; x_wconf 83' lang='lat' dir='ltr'><strong>et</strong></span> 
     </span>
    </p>
   </div>
   <div class='ocr_carea' id='block_1_48' title="bbox 105 1588 902 1624">
    <p class='ocr_par' dir='ltr' id='par_1_48' title="bbox 105 1588 902 1624">
     <span class='ocr_line' id='line_1_48' title="bbox 105 1588 902 1624; baseline 0 -9"><span class='ocrx_word' id='word_1_362' title='bbox 105 1590 220 1624; x_wconf 76' lang='lat' dir='ltr'><strong>injustas</strong></span> <span class='ocrx_word' id='word_1_363' title='bbox 235 1589 267 1619; x_wconf 74' lang='grc'><strong>³⁵,</strong></span> <span class='ocrx_word' id='word_1_364' title='bbox 287 1598 340 1615; x_wconf 89' lang='lat' dir='ltr'><strong>non</strong></span> <span class='ocrx_word' id='word_1_365' title='bbox 361 1589 447 1616; x_wconf 86' lang='lat' dir='ltr'><strong>solum</strong></span> <span class='ocrx_word' id='word_1_366' title='bbox 470 1589 542 1616; x_wconf 90' lang='lat' dir='ltr'><strong>httnc</strong></span> <span class='ocrx_word' id='word_1_367' title='bbox 565 1596 644 1622; x_wconf 88' lang='lat' dir='ltr'><strong>quem</strong></span> <span class='ocrx_word' id='word_1_368' title='bbox 661 1588 748 1616; x_wconf 90' lang='lat' dir='ltr'><strong>oculis</strong></span> <span class='ocrx_word' id='word_1_369' title='bbox 763 1589 902 1616; x_wconf 87' lang='lat' dir='ltr'><strong>cernimus</strong></span> 
     </span>
    </p>
   </div>
   <div class='ocr_carea' id='block_1_49' title="bbox 106 1634 901 1669">
    <p class='ocr_par' dir='ltr' id='par_1_49' title="bbox 106 1634 901 1669">
     <span class='ocr_line' id='line_1_49' title="bbox 106 1634 901 1669; baseline -0.001 -7"><span class='ocrx_word' id='word_1_370' title='bbox 106 1637 203 1667; x_wconf 74' lang='lat' dir='ltr'><strong>solem,</strong></span> <span class='ocrx_word' id='word_1_371' title='bbox 216 1636 262 1662; x_wconf 88' lang='lat' dir='ltr'><strong>sed</strong></span> <span class='ocrx_word' id='word_1_372' title='bbox 272 1640 299 1662; x_wconf 86' lang='lat' dir='ltr'><strong>et</strong></span> <span class='ocrx_word' id='word_1_373' title='bbox 311 1635 387 1662; x_wconf 90' lang='lat' dir='ltr'><strong>illtun</strong></span> <span class='ocrx_word' id='word_1_374' title='bbox 405 1635 542 1669; x_wconf 87' lang='lat' dir='ltr'><strong>soletnqtti</strong></span> <span class='ocrx_word' id='word_1_375' title='bbox 553 1635 640 1662; x_wconf 85' lang='lat' dir='ltr'><strong>oculis</strong></span> <span class='ocrx_word' id='word_1_376' title='bbox 650 1634 748 1661; x_wconf 87' lang='lat' dir='ltr'><strong>mentis</strong></span> <span class='ocrx_word' id='word_1_377' title='bbox 760 1635 901 1668; x_wconf 84' lang='lat' dir='ltr'><strong>aspicitur.</strong></span> 
     </span>
    </p>
   </div>
   <div class='ocr_carea' id='block_1_50' title="bbox 107 1679 903 1716">
    <p class='ocr_par' dir='ltr' id='par_1_50' title="bbox 107 1679 903 1716">
     <span class='ocr_line' id='line_1_50' title="bbox 107 1679 903 1716; baseline -0.001 -9"><span class='ocrx_word' id='word_1_378' title='bbox 107 1682 162 1716; x_wconf 78' lang='lat' dir='ltr'><strong>l-‘go</strong></span> <span class='ocrx_word' id='word_1_379' title='bbox 179 1681 269 1707; x_wconf 85' lang='lat' dir='ltr'><strong>malus</strong></span> <span class='ocrx_word' id='word_1_380' title='bbox 288 1688 373 1712; x_wconf 78' lang='lat' dir='ltr'><strong>eram,</strong></span> <span class='ocrx_word' id='word_1_381' title='bbox 387 1685 414 1707; x_wconf 90' lang='lat' dir='ltr'><strong>et</strong></span> <span class='ocrx_word' id='word_1_382' title='bbox 427 1685 502 1707; x_wconf 91' lang='lat' dir='ltr'><strong>ortus</strong></span> <span class='ocrx_word' id='word_1_383' title='bbox 516 1684 558 1707; x_wconf 87' lang='lat' dir='ltr'><strong>est</strong></span> <span class='ocrx_word' id='word_1_384' title='bbox 579 1680 645 1706; x_wconf 91' lang='lat' dir='ltr'><strong>mihi</strong></span> <span class='ocrx_word' id='word_1_385' title='bbox 659 1680 700 1706; x_wconf 87' lang='lat' dir='ltr'><strong>sol</strong></span> <span class='ocrx_word' id='word_1_386' title='bbox 712 1679 832 1714; x_wconf 67' lang='lat' dir='ltr'><strong>justitiae.</strong></span> <span class='ocrx_word' id='word_1_387' title='bbox 847 1679 903 1714; x_wconf 80' lang='lat' dir='ltr'><strong>Ego</strong></span> 
     </span>
    </p>
   </div>
   <div class='ocr_carea' id='block_1_51' title="bbox 107 1726 903 1760">
    <p class='ocr_par' dir='ltr' id='par_1_51' title="bbox 107 1726 903 1760">
     <span class='ocr_line' id='line_1_51' title="bbox 107 1726 903 1760; baseline 0 -7"><span class='ocrx_word' id='word_1_388' title='bbox 107 1726 288 1757; x_wconf 87' lang='lat' dir='ltr'><strong>tnalnseram,</strong></span> <span class='ocrx_word' id='word_1_389' title='bbox 302 1726 409 1753; x_wconf 80' lang='lat' dir='ltr'><strong>etvenit</strong></span> <span class='ocrx_word' id='word_1_390' title='bbox 418 1734 500 1760; x_wconf 82' lang='lat' dir='ltr'><strong>super</strong></span> <span class='ocrx_word' id='word_1_391' title='bbox 508 1733 551 1752; x_wconf 89' lang='lat' dir='ltr'><strong>me</strong></span> <span class='ocrx_word' id='word_1_392' title='bbox 559 1726 650 1760; x_wconf 82' lang='lat' dir='ltr'><strong>pluvia</strong></span> <span class='ocrx_word' id='word_1_393' title='bbox 659 1726 781 1760; x_wconf 72' lang='lat' dir='ltr'><strong>justitize.</strong></span> <span class='ocrx_word' id='word_1_394' title='bbox 794 1726 903 1754; x_wconf 79' lang='lat' dir='ltr'><strong>Bonitas</strong></span> 
     </span>
    </p>
   </div>
   <div class='ocr_carea' id='block_1_52' title="bbox 107 1771 821 1806">
    <p class='ocr_par' dir='ltr' id='par_1_52' title="bbox 107 1771 821 1806">
     <span class='ocr_line' id='line_1_52' title="bbox 107 1771 821 1806; baseline 0.001 -9"><span class='ocrx_word' id='word_1_395' title='bbox 107 1771 154 1799; x_wconf 83' lang='lat' dir='ltr'><strong>Dei</strong></span> <span class='ocrx_word' id='word_1_396' title='bbox 176 1776 219 1798; x_wconf 84' lang='lat' dir='ltr'><strong>cst</strong></span> <span class='ocrx_word' id='word_1_397' title='bbox 234 1772 316 1798; x_wconf 78' lang='lat' dir='ltr'><strong>etiam</strong></span> <span class='ocrx_word' id='word_1_398' title='bbox 335 1772 361 1798; x_wconf 91' lang='lat' dir='ltr'><strong>in</strong></span> <span class='ocrx_word' id='word_1_399' title='bbox 381 1771 423 1798; x_wconf 89' lang='lat' dir='ltr'><strong>his</strong></span> <span class='ocrx_word' id='word_1_400' title='bbox 438 1779 498 1806; x_wconf 66' lang='lat' dir='ltr'><strong>quae</strong></span> <span class='ocrx_word' id='word_1_401' title='bbox 513 1779 604 1798; x_wconf 83' lang='lat' dir='ltr'><strong>amara</strong></span> <span class='ocrx_word' id='word_1_402' title='bbox 620 1772 821 1799; x_wconf 83' lang='lat' dir='ltr'><strong>existimantur.</strong></span> 
     </span>
    </p>
   </div>
   <div class='ocr_carea' id='block_1_53' title="bbox 141 1818 904 1853">
    <p class='ocr_par' dir='ltr' id='par_1_53' title="bbox 141 1818 904 1853">
     <span class='ocr_line' id='line_1_53' title="bbox 141 1818 904 1853; baseline 0 -8"><span class='ocrx_word' id='word_1_403' title='bbox 141 1819 168 1845; x_wconf 78' lang='grc'><strong>5.</strong></span> <span class='ocrx_word' id='word_1_404' title='bbox 192 1818 277 1852; x_wconf 76' lang='lat' dir='ltr'><strong>Igitur</strong></span> <span class='ocrx_word' id='word_1_405' title='bbox 295 1818 320 1844; x_wconf 92' lang='lat' dir='ltr'><strong>in</strong></span> <span class='ocrx_word' id='word_1_406' title='bbox 338 1818 447 1845; x_wconf 85' lang='lat' dir='ltr'><strong>civitate</strong></span> <span class='ocrx_word' id='word_1_407' title='bbox 465 1818 631 1845; x_wconf 87' lang='lat' dir='ltr'><strong>constitutus</strong></span> <span class='ocrx_word' id='word_1_408' title='bbox 653 1823 694 1845; x_wconf 87' lang='lat' dir='ltr'><strong>est</strong></span> <span class='ocrx_word' id='word_1_409' title='bbox 719 1818 861 1853; x_wconf 87' lang='lat' dir='ltr'><strong>propheta,</strong></span> <span class='ocrx_word' id='word_1_410' title='bbox 877 1822 904 1846; x_wconf 81' lang='lat' dir='ltr'><strong>et</strong></span> 
     </span>
    </p>
   </div>
   <div class='ocr_carea' id='block_1_54' title="bbox 107 1864 902 1899">
    <p class='ocr_par' dir='ltr' id='par_1_54' title="bbox 107 1864 902 1899">
     <span class='ocr_line' id='line_1_54' title="bbox 107 1864 902 1899; baseline -0.003 -6"><span class='ocrx_word' id='word_1_411' title='bbox 107 1873 190 1893; x_wconf 84' lang='lat' dir='ltr'><strong>cerne</strong></span> <span class='ocrx_word' id='word_1_412' title='bbox 208 1872 270 1899; x_wconf 71' lang='lat' dir='ltr'><strong>qua:</strong></span> <span class='ocrx_word' id='word_1_413' title='bbox 292 1864 393 1895; x_wconf 81' lang='lat' dir='ltr'><strong>videat.</strong></span> <span class='ocrx_word' id='word_1_414' title='bbox 419 1871 452 1891; x_wconf 92' lang='lat' dir='ltr'><strong>ne</strong></span> <span class='ocrx_word' id='word_1_415' title='bbox 473 1864 581 1891; x_wconf 87' lang='lat' dir='ltr'><strong>dolores</strong></span> <span class='ocrx_word' id='word_1_416' title='bbox 605 1864 704 1891; x_wconf 86' lang='lat' dir='ltr'><strong>sentiat</strong></span> <span class='ocrx_word' id='word_1_417' title='bbox 727 1865 902 1898; x_wconf 78' lang='lat' dir='ltr'><strong>captivitatis,</strong></span> 
     </span>
    </p>
   </div>
   <div class='ocr_carea' id='block_1_55' title="bbox 107 1909 903 1942">
    <p class='ocr_par' dir='ltr' id='par_1_55' title="bbox 107 1909 903 1942">
     <span class='ocr_line' id='line_1_55' title="bbox 107 1909 903 1942; baseline -0.003 -4"><span class='ocrx_word' id='word_1_418' title='bbox 107 1911 238 1938; x_wconf 87' lang='lat' dir='ltr'><strong>deorsum</strong></span> <span class='ocrx_word' id='word_1_419' title='bbox 253 1910 326 1937; x_wconf 88' lang='lat' dir='ltr'><strong>videt</strong></span> <span class='ocrx_word' id='word_1_420' title='bbox 344 1909 462 1941; x_wconf 86' lang='lat' dir='ltr'><strong>labores,</strong></span> <span class='ocrx_word' id='word_1_421' title='bbox 479 1909 526 1937; x_wconf 85' lang='lat' dir='ltr'><strong>sed</strong></span> <span class='ocrx_word' id='word_1_422' title='bbox 542 1917 652 1937; x_wconf 82' lang='lat' dir='ltr'><strong>sursum</strong></span> <span class='ocrx_word' id='word_1_423' title='bbox 668 1910 778 1936; x_wconf 83' lang='lat' dir='ltr'><strong>elevans</strong></span> <span class='ocrx_word' id='word_1_424' title='bbox 797 1910 903 1942; x_wconf 84' lang='lat' dir='ltr'><strong>oculos,</strong></span> 
     </span>
    </p>
   </div>
   <div class='ocr_carea' id='block_1_56' title="bbox 108 1956 903 1993">
    <p class='ocr_par' dir='ltr' id='par_1_56' title="bbox 108 1956 903 1993">
     <span class='ocr_line' id='line_1_56' title="bbox 108 1956 903 1993; baseline -0.003 -8"><span class='ocrx_word' id='word_1_425' title='bbox 108 1963 218 1993; x_wconf 79' lang='lat' dir='ltr'><strong>apertos</strong></span> <span class='ocrx_word' id='word_1_426' title='bbox 231 1957 347 1991; x_wconf 86' lang='lat' dir='ltr'><strong>suspicit</strong></span> <span class='ocrx_word' id='word_1_427' title='bbox 360 1957 455 1988; x_wconf 74' lang='lat' dir='ltr'><strong>emlos,</strong></span> <span class='ocrx_word' id='word_1_428' title='bbox 469 1957 556 1984; x_wconf 88' lang='lat' dir='ltr'><strong>cernit</strong></span> <span class='ocrx_word' id='word_1_429' title='bbox 570 1956 620 1983; x_wconf 86' lang='lat' dir='ltr'><strong>sibi</strong></span> <span class='ocrx_word' id='word_1_430' title='bbox 637 1961 756 1984; x_wconf 84' lang='lat' dir='ltr'><strong>reserata</strong></span> <span class='ocrx_word' id='word_1_431' title='bbox 772 1956 903 1990; x_wconf 68' lang='lat' dir='ltr'><strong>emicstia,</strong></span> 
     </span>
    </p>
   </div>
   <div class='ocr_carea' id='block_1_57' title="bbox 108 2002 903 2037">
    <p class='ocr_par' dir='ltr' id='par_1_57' title="bbox 108 2002 903 2037">
     <span class='ocr_line' id='line_1_57' title="bbox 108 2002 903 2037; baseline -0.003 -7"><span class='ocrx_word' id='word_1_432' title='bbox 108 2005 181 2031; x_wconf 78' lang='lat' dir='ltr'><strong>videt</strong></span> <span class='ocrx_word' id='word_1_433' title='bbox 196 2003 404 2030; x_wconf 87' lang='lat' dir='ltr'><strong>similitudinem</strong></span> <span class='ocrx_word' id='word_1_434' title='bbox 425 2003 518 2037; x_wconf 68' lang='lat' dir='ltr'><strong>glorize</strong></span> <span class='ocrx_word' id='word_1_435' title='bbox 543 2002 600 2034; x_wconf 87' lang='lat' dir='ltr'><strong>Dei,</strong></span> <span class='ocrx_word' id='word_1_436' title='bbox 617 2003 690 2030; x_wconf 88' lang='lat' dir='ltr'><strong>videt</strong></span> <span class='ocrx_word' id='word_1_437' title='bbox 709 2007 828 2037; x_wconf 79' lang='lat' dir='ltr'><strong>quatuor</strong></span> <span class='ocrx_word' id='word_1_438' title='bbox 843 2002 903 2029; x_wconf 86' lang='lat' dir='ltr'><strong>ani-</strong></span> 
     </span>
    </p>
   </div>
   <div class='ocr_carea' id='block_1_58' title="bbox 109 2048 905 2083">
    <p class='ocr_par' dir='ltr' id='par_1_58' title="bbox 109 2048 905 2083">
     <span class='ocr_line' id='line_1_58' title="bbox 109 2048 905 2083; baseline -0.004 -6"><span class='ocrx_word' id='word_1_439' title='bbox 109 2050 202 2079; x_wconf 78' lang='lat' dir='ltr'><strong>malia,</strong></span> <span class='ocrx_word' id='word_1_440' title='bbox 227 2049 261 2076; x_wconf 88' lang='lat' dir='ltr'><strong>tle</strong></span> <span class='ocrx_word' id='word_1_441' title='bbox 283 2049 383 2083; x_wconf 86' lang='lat' dir='ltr'><strong>quibus</strong></span> <span class='ocrx_word' id='word_1_442' title='bbox 400 2048 505 2075; x_wconf 90' lang='lat' dir='ltr'><strong>multus</strong></span> <span class='ocrx_word' id='word_1_443' title='bbox 518 2055 609 2075; x_wconf 89' lang='lat' dir='ltr'><strong>sermo</strong></span> <span class='ocrx_word' id='word_1_444' title='bbox 633 2052 660 2075; x_wconf 89' lang='lat' dir='ltr'><strong>et</strong></span> <span class='ocrx_word' id='word_1_445' title='bbox 680 2048 796 2075; x_wconf 80' lang='lat' dir='ltr'><strong>dillicilis</strong></span> <span class='ocrx_word' id='word_1_446' title='bbox 821 2048 905 2075; x_wconf 87' lang='lat' dir='ltr'><strong>inter-</strong></span> 
     </span>
    </p>
   </div>
   <div class='ocr_carea' id='block_1_59' title="bbox 109 2092 903 2131">
    <p class='ocr_par' dir='ltr' id='par_1_59' title="bbox 109 2092 903 2131">
     <span class='ocr_line' id='line_1_59' title="bbox 109 2092 903 2131; baseline -0.003 -9"><span class='ocrx_word' id='word_1_447' title='bbox 109 2095 227 2131; x_wconf 86' lang='lat' dir='ltr'><strong>pretatio</strong></span> <span class='ocrx_word' id='word_1_448' title='bbox 242 2099 284 2121; x_wconf 82' lang='lat' dir='ltr'><strong>est</strong></span> <span class='ocrx_word' id='word_1_449' title='bbox 295 2094 327 2120; x_wconf 86' lang='grc'><strong>³⁷.</strong></span> <span class='ocrx_word' id='word_1_450' title='bbox 346 2093 440 2120; x_wconf 86' lang='lat' dir='ltr'><strong>Cernit</strong></span> <span class='ocrx_word' id='word_1_451' title='bbox 455 2093 578 2128; x_wconf 78' lang='lat' dir='ltr'><strong>aurigam</strong></span> <span class='ocrx_word' id='word_1_452' title='bbox 600 2098 719 2128; x_wconf 86' lang='lat' dir='ltr'><strong>quatuor</strong></span> <span class='ocrx_word' id='word_1_453' title='bbox 733 2092 903 2120; x_wconf 84' lang='lat' dir='ltr'><strong>animalium.</strong></span> 
     </span>
    </p>
   </div>
   <div class='ocr_carea' id='block_1_60' title="bbox 107 2139 905 2175">
    <p class='ocr_par' dir='ltr' id='par_1_60' title="bbox 107 2139 905 2175">
     <span class='ocr_line' id='line_1_60' title="bbox 107 2139 905 2175; baseline -0.005 -6"><span class='ocrx_word' id='word_1_454' title='bbox 107 2142 203 2169; x_wconf 81' lang='lat' dir='ltr'><strong>Cernit</strong></span> <span class='ocrx_word' id='word_1_455' title='bbox 217 2145 291 2167; x_wconf 84' lang='lat' dir='ltr'><strong>rotas</strong></span> <span class='ocrx_word' id='word_1_456' title='bbox 305 2147 334 2166; x_wconf 87' lang='lat' dir='ltr'><strong>se</strong></span> <span class='ocrx_word' id='word_1_457' title='bbox 348 2139 463 2175; x_wconf 79' lang='lat' dir='ltr'><strong>invicem</strong></span> <span class='ocrx_word' id='word_1_458' title='bbox 479 2139 662 2166; x_wconf 84' lang='lat' dir='ltr'><strong>continentes.</strong></span> <span class='ocrx_word' id='word_1_459' title='bbox 674 2139 775 2173; x_wconf 76' lang='lat' dir='ltr'><strong>Auriga</strong></span> <span class='ocrx_word' id='word_1_460' title='bbox 787 2142 905 2173; x_wconf 88' lang='lat' dir='ltr'><strong>quatuor</strong></span> 
     </span>
    </p>
   </div>
   <div class='ocr_carea' id='block_1_61' title="bbox 110 2185 905 2221">
    <p class='ocr_par' dir='ltr' id='par_1_61' title="bbox 110 2185 905 2221">
     <span class='ocr_line' id='line_1_61' title="bbox 110 2185 905 2221; baseline -0.005 -6"><span class='ocrx_word' id='word_1_461' title='bbox 110 2187 272 2215; x_wconf 83' lang='lat' dir='ltr'><strong>animalium</strong></span> <span class='ocrx_word' id='word_1_462' title='bbox 296 2194 350 2214; x_wconf 90' lang='lat' dir='ltr'><strong>non</strong></span> <span class='ocrx_word' id='word_1_463' title='bbox 369 2189 441 2214; x_wconf 88' lang='lat' dir='ltr'><strong>totus</strong></span> <span class='ocrx_word' id='word_1_464' title='bbox 457 2191 498 2213; x_wconf 90' lang='lat' dir='ltr'><strong>est</strong></span> <span class='ocrx_word' id='word_1_465' title='bbox 520 2186 626 2221; x_wconf 81' lang='lat' dir='ltr'><strong>igneus,</strong></span> <span class='ocrx_word' id='word_1_466' title='bbox 651 2185 697 2212; x_wconf 82' lang='lat' dir='ltr'><strong>sed</strong></span> <span class='ocrx_word' id='word_1_467' title='bbox 721 2185 873 2220; x_wconf 89' lang='lat' dir='ltr'><strong>pubetenus</strong></span> <span class='ocrx_word' id='word_1_468' title='bbox 889 2190 905 2211; x_wconf 88' lang='lat' dir='ltr'><strong>a</strong></span> 
     </span>
    </p>
   </div>
   <div class='ocr_carea' id='block_1_62' title="bbox 945 938 1743 978">
    <p class='ocr_par' dir='ltr' id='par_1_62' title="bbox 945 938 1743 978">
     <span class='ocr_line' id='line_1_62' title="bbox 945 938 1743 978; baseline -0.009 -7"><span class='ocrx_word' id='word_1_469' title='bbox 945 944 1029 978; x_wconf 79' lang='lat' dir='ltr'><strong>ligna,</strong></span> <span class='ocrx_word' id='word_1_470' title='bbox 1038 950 1120 978; x_wconf 80' lang='lat' dir='ltr'><strong>opera</strong></span> <span class='ocrx_word' id='word_1_471' title='bbox 1130 942 1232 974; x_wconf 83' lang='lat' dir='ltr'><strong>peccati</strong></span> <span class='ocrx_word' id='word_1_472' title='bbox 1243 942 1346 973; x_wconf 81' lang='lat' dir='ltr'><strong>fenum,</strong></span> <span class='ocrx_word' id='word_1_473' title='bbox 1356 949 1437 975; x_wconf 87' lang='lat' dir='ltr'><strong>opera</strong></span> <span class='ocrx_word' id='word_1_474' title='bbox 1447 939 1549 975; x_wconf 78' lang='lat' dir='ltr'><strong>peccati</strong></span> <span class='ocrx_word' id='word_1_475' title='bbox 1557 939 1686 966; x_wconf 80' lang='lat' dir='ltr'><strong>inferiora</strong></span> <span class='ocrx_word' id='word_1_476' title='bbox 1695 938 1743 965; x_wconf 85' lang='lat' dir='ltr'><strong>sti-</strong></span> 
     </span>
    </p>
   </div>
   <div class='ocr_carea' id='block_1_63' title="bbox 946 985 1741 1025">
    <p class='ocr_par' dir='ltr' id='par_1_63' title="bbox 946 985 1741 1025">
     <span class='ocr_line' id='line_1_63' title="bbox 946 985 1741 1025; baseline -0.008 -8"><span class='ocrx_word' id='word_1_477' title='bbox 946 990 1050 1025; x_wconf 78' lang='lat' dir='ltr'><strong>pulam,</strong></span> <span class='ocrx_word' id='word_1_478' title='bbox 1059 989 1133 1017; x_wconf 81' lang='lat' dir='ltr'><strong>venit</strong></span> <span class='ocrx_word' id='word_1_479' title='bbox 1141 988 1222 1023; x_wconf 86' lang='lat' dir='ltr'><strong>ignis,</strong></span> <span class='ocrx_word' id='word_1_480' title='bbox 1231 994 1258 1015; x_wconf 85' lang='lat' dir='ltr'><strong>et</strong></span> <span class='ocrx_word' id='word_1_481' title='bbox 1265 987 1391 1015; x_wconf 85' lang='lat' dir='ltr'><strong>universa</strong></span> <span class='ocrx_word' id='word_1_482' title='bbox 1401 988 1451 1014; x_wconf 85' lang='lat' dir='ltr'><strong>ista</strong></span> <span class='ocrx_word' id='word_1_483' title='bbox 1463 987 1611 1013; x_wconf 65' lang='lat' dir='ltr'><strong>examinat.</strong></span> <span class='ocrx_word' id='word_1_484' title='bbox 1621 985 1689 1019; x_wconf 82' lang='lat' dir='ltr'><strong>Quis</strong></span> <span class='ocrx_word' id='word_1_485' title='bbox 1699 989 1741 1012; x_wconf 86' lang='lat' dir='ltr'><strong>est</strong></span> 
     </span>
    </p>
   </div>
   <div class='ocr_carea' id='block_1_64' title="bbox 946 1030 1737 1071">
    <p class='ocr_par' dir='ltr' id='par_1_64' title="bbox 946 1030 1737 1071">
     <span class='ocr_line' id='line_1_64' title="bbox 946 1030 1737 1071; baseline -0.005 -9"><span class='ocrx_word' id='word_1_486' title='bbox 946 1036 998 1063; x_wconf 89' lang='lat' dir='ltr'><strong>iste</strong></span> <span class='ocrx_word' id='word_1_487' title='bbox 1006 1034 1212 1071; x_wconf 82' lang='lat' dir='ltr'><strong>ignisqucmlex</strong></span> <span class='ocrx_word' id='word_1_488' title='bbox 1221 1034 1359 1068; x_wconf 69' lang='lat' dir='ltr'><strong>praedicat,</strong></span> <span class='ocrx_word' id='word_1_489' title='bbox 1370 1038 1396 1060; x_wconf 89' lang='lat' dir='ltr'><strong>et</strong></span> <span class='ocrx_word' id='word_1_490' title='bbox 1409 1033 1578 1068; x_wconf 72' lang='lat' dir='ltr'><strong>evangelium</strong></span> <span class='ocrx_word' id='word_1_491' title='bbox 1589 1039 1643 1059; x_wconf 71' lang='lat' dir='ltr'><strong>non</strong></span> <span class='ocrx_word' id='word_1_492' title='bbox 1655 1030 1737 1058; x_wconf 76' lang='lat' dir='ltr'><strong>tacet?</strong></span> 
     </span>
    </p>
   </div>
   <div class='ocr_carea' id='block_1_65' title="bbox 950 1078 1739 1117">
    <p class='ocr_par' dir='ltr' id='par_1_65' title="bbox 950 1078 1739 1117">
     <span class='ocr_line' id='line_1_65' title="bbox 950 1078 1739 1117; baseline -0.006 -8"><span class='ocrx_word' id='word_1_493' title='bbox 950 1082 1160 1117; x_wconf 71' lang='lat' dir='ltr'><strong>Uniuscujusque</strong></span> <span class='ocrx_word' id='word_1_494' title='bbox 1174 1089 1238 1117; x_wconf 70' lang='lat' dir='ltr'><strong>opus</strong></span> <span class='ocrx_word' id='word_1_495' title='bbox 1255 1081 1331 1116; x_wconf 68' lang='lat' dir='ltr'><strong>quale</strong></span> <span class='ocrx_word' id='word_1_496' title='bbox 1346 1082 1391 1114; x_wconf 76' lang='lat' dir='ltr'><strong>sit,</strong></span> <span class='ocrx_word' id='word_1_497' title='bbox 1402 1081 1469 1115; x_wconf 69' lang='lat' dir='ltr'><strong>ignis</strong></span> <span class='ocrx_word' id='word_1_498' title='bbox 1487 1079 1651 1115; x_wconf 74' lang='lat' dir='ltr'><strong>probabit&quot;.</strong></span> <span class='ocrx_word' id='word_1_499' title='bbox 1668 1078 1739 1111; x_wconf 70' lang='lat' dir='ltr'><strong>Quis</strong></span> 
     </span>
    </p>
   </div>
   <div class='ocr_carea' id='block_1_66' title="bbox 948 1123 1743 1164">
    <p class='ocr_par' dir='ltr' id='par_1_66' title="bbox 948 1123 1743 1164">
     <span class='ocr_line' id='line_1_66' title="bbox 948 1123 1743 1164; baseline -0.01 -8"><span class='ocrx_word' id='word_1_500' title='bbox 948 1133 1001 1162; x_wconf 86' lang='lat' dir='ltr'><strong>est,</strong></span> <span class='ocrx_word' id='word_1_501' title='bbox 1009 1129 1147 1164; x_wconf 81' lang='lat' dir='ltr'><strong>Apostole,</strong></span> <span class='ocrx_word' id='word_1_502' title='bbox 1163 1128 1234 1163; x_wconf 77' lang='lat' dir='ltr'><strong>ignis</strong></span> <span class='ocrx_word' id='word_1_503' title='bbox 1243 1127 1292 1154; x_wconf 86' lang='lat' dir='ltr'><strong>iste</strong></span> <span class='ocrx_word' id='word_1_504' title='bbox 1300 1127 1345 1162; x_wconf 87' lang='lat' dir='ltr'><strong>qui</strong></span> <span class='ocrx_word' id='word_1_505' title='bbox 1354 1127 1451 1162; x_wconf 81' lang='lat' dir='ltr'><strong>probat</strong></span> <span class='ocrx_word' id='word_1_506' title='bbox 1458 1133 1540 1160; x_wconf 90' lang='lat' dir='ltr'><strong>opera</strong></span> <span class='ocrx_word' id='word_1_507' title='bbox 1552 1129 1645 1152; x_wconf 88' lang='lat' dir='ltr'><strong>nostra</strong></span> <span class='ocrx_word' id='word_1_508' title='bbox 1654 1123 1743 1156; x_wconf 64' lang='lat' dir='ltr'><strong>YQnis</strong></span> 
     </span>
    </p>
   </div>
   <div class='ocr_carea' id='block_1_67' title="bbox 949 1171 1741 1209">
    <p class='ocr_par' dir='ltr' id='par_1_67' title="bbox 949 1171 1741 1209">
     <span class='ocr_line' id='line_1_67' title="bbox 949 1171 1741 1209; baseline -0.01 -7"><span class='ocrx_word' id='word_1_509' title='bbox 949 1179 992 1202; x_wconf 80' lang='lat' dir='ltr'><strong>est</strong></span> <span class='ocrx_word' id='word_1_510' title='bbox 1002 1175 1073 1209; x_wconf 83' lang='lat' dir='ltr'><strong>ignis</strong></span> <span class='ocrx_word' id='word_1_511' title='bbox 1086 1174 1141 1201; x_wconf 80' lang='lat' dir='ltr'><strong>iste</strong></span> <span class='ocrx_word' id='word_1_512' title='bbox 1154 1174 1194 1201; x_wconf 79' lang='lat' dir='ltr'><strong>sic</strong></span> <span class='ocrx_word' id='word_1_513' title='bbox 1209 1174 1328 1207; x_wconf 78' lang='lat' dir='ltr'><strong>sapiens,</strong></span> <span class='ocrx_word' id='word_1_514' title='bbox 1342 1177 1371 1199; x_wconf 86' lang='grc' dir='ltr'><strong>ιιι</strong></span> <span class='ocrx_word' id='word_1_515' title='bbox 1382 1171 1519 1199; x_wconf 82' lang='lat' dir='ltr'><strong>custodiat</strong></span> <span class='ocrx_word' id='word_1_516' title='bbox 1529 1177 1626 1197; x_wconf 90' lang='lat' dir='ltr'><strong>aurum</strong></span> <span class='ocrx_word' id='word_1_517' title='bbox 1638 1176 1741 1200; x_wconf 86' lang='lat' dir='ltr'><strong>meum,</strong></span> 
     </span>
    </p>
   </div>
   <div class='ocr_carea' id='block_1_68' title="bbox 950 1215 1742 1256">
    <p class='ocr_par' dir='ltr' id='par_1_68' title="bbox 950 1215 1742 1256">
     <span class='ocr_line' id='line_1_68' title="bbox 950 1215 1742 1256; baseline -0.01 -8"><span class='ocrx_word' id='word_1_518' title='bbox 950 1225 980 1248; x_wconf 83' lang='lat' dir='ltr'><strong>ut</strong></span> <span class='ocrx_word' id='word_1_519' title='bbox 990 1225 1133 1256; x_wconf 78' lang='lat' dir='ltr'><strong>argentum</strong></span> <span class='ocrx_word' id='word_1_520' title='bbox 1146 1227 1237 1247; x_wconf 86' lang='lat' dir='ltr'><strong>meum</strong></span> <span class='ocrx_word' id='word_1_521' title='bbox 1249 1219 1421 1254; x_wconf 82' lang='lat' dir='ltr'><strong>splendidius</strong></span> <span class='ocrx_word' id='word_1_522' title='bbox 1434 1216 1570 1248; x_wconf 84' lang='lat' dir='ltr'><strong>ostendat,</strong></span> <span class='ocrx_word' id='word_1_523' title='bbox 1585 1220 1615 1242; x_wconf 90' lang='lat' dir='ltr'><strong>nt</strong></span> <span class='ocrx_word' id='word_1_524' title='bbox 1627 1215 1742 1242; x_wconf 59' lang='lat' dir='ltr'><strong>illaesum</strong></span> 
     </span>
    </p>
   </div>
   <div class='ocr_carea' id='block_1_69' title="bbox 951 1260 1743 1301">
    <p class='ocr_par' dir='ltr' id='par_1_69' title="bbox 951 1260 1743 1301">
     <span class='ocr_line' id='line_1_69' title="bbox 951 1260 1743 1301; baseline -0.01 -8"><span class='ocrx_word' id='word_1_525' title='bbox 951 1267 1087 1301; x_wconf 86' lang='lat' dir='ltr'><strong>relinquat</strong></span> <span class='ocrx_word' id='word_1_526' title='bbox 1098 1273 1160 1293; x_wconf 84' lang='lat' dir='ltr'><strong>eum</strong></span> <span class='ocrx_word' id='word_1_527' title='bbox 1177 1265 1224 1300; x_wconf 92' lang='lat' dir='ltr'><strong>qui</strong></span> <span class='ocrx_word' id='word_1_528' title='bbox 1240 1265 1266 1292; x_wconf 92' lang='lat' dir='ltr'><strong>in</strong></span> <span class='ocrx_word' id='word_1_529' title='bbox 1281 1273 1325 1292; x_wconf 82' lang='lat' dir='ltr'><strong>me</strong></span> <span class='ocrx_word' id='word_1_530' title='bbox 1338 1269 1380 1292; x_wconf 90' lang='lat' dir='ltr'><strong>est</strong></span> <span class='ocrx_word' id='word_1_531' title='bbox 1397 1264 1512 1298; x_wconf 80' lang='lat' dir='ltr'><strong>lapidem</strong></span> <span class='ocrx_word' id='word_1_532' title='bbox 1538 1260 1699 1297; x_wconf 86' lang='lat' dir='ltr'><strong>pretiosum,</strong></span> <span class='ocrx_word' id='word_1_533' title='bbox 1714 1263 1743 1286; x_wconf 82' lang='grc' dir='ltr'><strong>ιιι</strong></span> 
     </span>
    </p>
   </div>
   <div class='ocr_carea' id='block_1_70' title="bbox 951 1305 1742 1344">
    <p class='ocr_par' dir='ltr' id='par_1_70' title="bbox 951 1305 1742 1344">
     <span class='ocr_line' id='line_1_70' title="bbox 951 1305 1742 1344; baseline -0.01 -6"><span class='ocrx_word' id='word_1_534' title='bbox 951 1312 1022 1339; x_wconf 83' lang='lat' dir='ltr'><strong>mala</strong></span> <span class='ocrx_word' id='word_1_535' title='bbox 1045 1316 1150 1338; x_wconf 86' lang='lat' dir='ltr'><strong>tantum</strong></span> <span class='ocrx_word' id='word_1_536' title='bbox 1175 1315 1322 1338; x_wconf 86' lang='lat' dir='ltr'><strong>consumat</strong></span> <span class='ocrx_word' id='word_1_537' title='bbox 1343 1318 1403 1344; x_wconf 57' lang='lat' dir='ltr'><strong>quae</strong></span> <span class='ocrx_word' id='word_1_538' title='bbox 1420 1308 1482 1339; x_wconf 85' lang='lat' dir='ltr'><strong>t&#39;eci,</strong></span> <span class='ocrx_word' id='word_1_539' title='bbox 1499 1315 1559 1342; x_wconf 65' lang='lat' dir='ltr'><strong>qua:</strong></span> <span class='ocrx_word' id='word_1_540' title='bbox 1575 1305 1742 1340; x_wconf 65' lang='lat' dir='ltr'><strong>superadm-</strong></span> 
     </span>
    </p>
   </div>
   <div class='ocr_carea' id='block_1_71' title="bbox 951 1349 1743 1392">
    <p class='ocr_par' dir='ltr' id='par_1_71' title="bbox 951 1349 1743 1392">
     <span class='ocr_line' id='line_1_71' title="bbox 951 1349 1743 1392; baseline -0.013 -7"><span class='ocrx_word' id='word_1_541' title='bbox 951 1358 1009 1385; x_wconf 83' lang='lat' dir='ltr'><strong>cavi</strong></span> <span class='ocrx_word' id='word_1_542' title='bbox 1027 1358 1110 1392; x_wconf 78' lang='lat' dir='ltr'><strong>ligna,</strong></span> <span class='ocrx_word' id='word_1_543' title='bbox 1131 1357 1235 1388; x_wconf 76' lang='lat' dir='ltr'><strong>fenum,</strong></span> <span class='ocrx_word' id='word_1_544' title='bbox 1252 1355 1402 1391; x_wconf 82' lang='lat' dir='ltr'><strong>stipulam?</strong></span> <span class='ocrx_word' id='word_1_545' title='bbox 1427 1354 1495 1387; x_wconf 84' lang='lat' dir='ltr'><strong>Quis</strong></span> <span class='ocrx_word' id='word_1_546' title='bbox 1519 1357 1561 1380; x_wconf 87' lang='lat' dir='ltr'><strong>est</strong></span> <span class='ocrx_word' id='word_1_547' title='bbox 1583 1352 1634 1379; x_wconf 84' lang='lat' dir='ltr'><strong>iste</strong></span> <span class='ocrx_word' id='word_1_548' title='bbox 1656 1349 1743 1385; x_wconf 78' lang='lat' dir='ltr'><strong>ignis?</strong></span> 
     </span>
    </p>
   </div>
   <div class='ocr_carea' id='block_1_72' title="bbox 953 1396 1742 1440">
    <p class='ocr_par' dir='ltr' id='par_1_72' title="bbox 953 1396 1742 1440">
     <span class='ocr_line' id='line_1_72' title="bbox 953 1396 1742 1440; baseline -0.014 -8"><span class='ocrx_word' id='word_1_549' title='bbox 953 1404 1044 1440; x_wconf 83' lang='lat' dir='ltr'><strong>Ignem</strong></span> <span class='ocrx_word' id='word_1_550' title='bbox 1065 1405 1122 1432; x_wconf 80' lang='lat' dir='ltr'><strong>veni</strong></span> <span class='ocrx_word' id='word_1_551' title='bbox 1144 1404 1248 1430; x_wconf 78' lang='lat' dir='ltr'><strong>mittere</strong></span> <span class='ocrx_word' id='word_1_552' title='bbox 1271 1397 1349 1434; x_wconf 69' lang='lat' dir='ltr'><strong>super</strong></span> <span class='ocrx_word' id='word_1_553' title='bbox 1369 1406 1477 1433; x_wconf 75' lang='lat' dir='ltr'><strong>terrain,</strong></span> <span class='ocrx_word' id='word_1_554' title='bbox 1494 1405 1518 1427; x_wconf 80' lang='lat' dir='ltr'><strong>et</strong></span> <span class='ocrx_word' id='word_1_555' title='bbox 1536 1406 1615 1434; x_wconf 81' lang='lat' dir='ltr'><strong>quam</strong></span> <span class='ocrx_word' id='word_1_556' title='bbox 1635 1396 1693 1424; x_wconf 78' lang='lat' dir='ltr'><strong>uolo</strong></span> <span class='ocrx_word' id='word_1_557' title='bbox 1714 1399 1742 1421; x_wconf 84' lang='lat' dir='ltr'><strong>ut</strong></span> 
     </span>
    </p>
   </div>
   <div class='ocr_carea' id='block_1_73' title="bbox 953 1443 1744 1491">
    <p class='ocr_par' dir='ltr' id='par_1_73' title="bbox 953 1443 1744 1491">
     <span class='ocr_line' id='line_1_73' title="bbox 953 1443 1744 1491; baseline -0.014 -12"><span class='ocrx_word' id='word_1_558' title='bbox 953 1452 1113 1479; x_wconf 81' lang='lat' dir='ltr'><strong>accendatur</strong></span> <span class='ocrx_word' id='word_1_559' title='bbox 1131 1452 1164 1477; x_wconf 71' lang='grc' dir='ltr'><strong>δ’.</strong></span> <span class='ocrx_word' id='word_1_560' title='bbox 1180 1450 1260 1491; x_wconf 62' lang='lat' dir='ltr'><strong>{esus</strong></span> <span class='ocrx_word' id='word_1_561' title='bbox 1283 1449 1410 1476; x_wconf 83' lang='lat' dir='ltr'><strong>Christus</strong></span> <span class='ocrx_word' id='word_1_562' title='bbox 1437 1447 1512 1479; x_wconf 83' lang='lat' dir='ltr'><strong>dicit,</strong></span> <span class='ocrx_word' id='word_1_563' title='bbox 1529 1452 1609 1481; x_wconf 83' lang='lat' dir='ltr'><strong>quam</strong></span> <span class='ocrx_word' id='word_1_564' title='bbox 1632 1443 1689 1470; x_wconf 82' lang='lat' dir='ltr'><strong>volo</strong></span> <span class='ocrx_word' id='word_1_565' title='bbox 1714 1445 1744 1468; x_wconf 85' lang='lat' dir='ltr'><strong>ut</strong></span> 
     </span>
    </p>
   </div>
   <div class='ocr_carea' id='block_1_74' title="bbox 948 1488 1745 1532">
    <p class='ocr_par' dir='ltr' id='par_1_74' title="bbox 948 1488 1745 1532">
     <span class='ocr_line' id='line_1_74' title="bbox 948 1488 1745 1532; baseline -0.014 -7"><span class='ocrx_word' id='word_1_566' title='bbox 948 1498 1006 1532; x_wconf 87' lang='lat' dir='ltr'><strong>jam</strong></span> <span class='ocrx_word' id='word_1_567' title='bbox 1015 1497 1185 1524; x_wconf 78' lang='lat' dir='ltr'><strong>accendatur.</strong></span> <span class='ocrx_word' id='word_1_568' title='bbox 1194 1488 1292 1522; x_wconf 27' lang='lat' dir='ltr'><strong>‘Bonus</strong></span> <span class='ocrx_word' id='word_1_569' title='bbox 1302 1494 1375 1522; x_wconf 87' lang='lat' dir='ltr'><strong>enim</strong></span> <span class='ocrx_word' id='word_1_570' title='bbox 1390 1499 1441 1525; x_wconf 86' lang='lat' dir='ltr'><strong>est,</strong></span> <span class='ocrx_word' id='word_1_571' title='bbox 1449 1497 1475 1519; x_wconf 88' lang='lat' dir='ltr'><strong>et</strong></span> <span class='ocrx_word' id='word_1_572' title='bbox 1483 1492 1558 1518; x_wconf 87' lang='lat' dir='ltr'><strong>novit</strong></span> <span class='ocrx_word' id='word_1_573' title='bbox 1565 1497 1628 1525; x_wconf 82' lang='lat' dir='ltr'><strong>quia</strong></span> <span class='ocrx_word' id='word_1_574' title='bbox 1640 1489 1663 1516; x_wconf 89' lang='lat' dir='ltr'><strong>si</strong></span> <span class='ocrx_word' id='word_1_575' title='bbox 1675 1488 1745 1523; x_wconf 73' lang='lat' dir='ltr'><strong>ignis</strong></span> 
     </span>
    </p>
   </div>
   <div class='ocr_carea' id='block_1_75' title="bbox 953 1535 1744 1572">
    <p class='ocr_par' dir='ltr' id='par_1_75' title="bbox 953 1535 1744 1572">
     <span class='ocr_line' id='line_1_75' title="bbox 953 1535 1744 1572; baseline -0.015 -1"><span class='ocrx_word' id='word_1_576' title='bbox 953 1543 1005 1570; x_wconf 83' lang='lat' dir='ltr'><strong>iste</strong></span> <span class='ocrx_word' id='word_1_577' title='bbox 1022 1542 1103 1570; x_wconf 79' lang='lat' dir='ltr'><strong>fuerit</strong></span> <span class='ocrx_word' id='word_1_578' title='bbox 1119 1549 1261 1572; x_wconf 84' lang='lat' dir='ltr'><strong>accensus.</strong></span> <span class='ocrx_word' id='word_1_579' title='bbox 1279 1539 1382 1566; x_wconf 90' lang='lat' dir='ltr'><strong>malitia</strong></span> <span class='ocrx_word' id='word_1_580' title='bbox 1398 1541 1586 1565; x_wconf 76' lang='lat' dir='ltr'><strong>consumatur.</strong></span> <span class='ocrx_word' id='word_1_581' title='bbox 1607 1535 1744 1568; x_wconf 89' lang='lat' dir='ltr'><strong>Scriptum</strong></span> 
     </span>
    </p>
   </div>
   <div class='ocr_carea' id='block_1_76' title="bbox 954 1580 1745 1624">
    <p class='ocr_par' dir='ltr' id='par_1_76' title="bbox 954 1580 1745 1624">
     <span class='ocr_line' id='line_1_76' title="bbox 954 1580 1745 1624; baseline -0.015 -7"><span class='ocrx_word' id='word_1_582' title='bbox 954 1594 996 1617; x_wconf 87' lang='lat' dir='ltr'><strong>est</strong></span> <span class='ocrx_word' id='word_1_583' title='bbox 1011 1590 1036 1616; x_wconf 89' lang='lat' dir='ltr'><strong>in</strong></span> <span class='ocrx_word' id='word_1_584' title='bbox 1049 1588 1188 1624; x_wconf 89' lang='lat' dir='ltr'><strong>prophetis</strong></span> <span class='ocrx_word' id='word_1_585' title='bbox 1201 1597 1207 1614; x_wconf 91' lang='lat'>:</span> <span class='ocrx_word' id='word_1_586' title='bbox 1223 1586 1406 1621; x_wconf 81' lang='lat' dir='ltr'><strong>Sanctiﬁcaot&#39;t</strong></span> <span class='ocrx_word' id='word_1_587' title='bbox 1430 1592 1488 1611; x_wconf 82' lang='lat' dir='ltr'><strong>eum</strong></span> <span class='ocrx_word' id='word_1_588' title='bbox 1504 1583 1531 1609; x_wconf 84' lang='lat' dir='ltr'><strong>in</strong></span> <span class='ocrx_word' id='word_1_589' title='bbox 1553 1582 1607 1618; x_wconf 79' lang='lat' dir='ltr'><strong>igni</strong></span> <span class='ocrx_word' id='word_1_590' title='bbox 1629 1580 1745 1612; x_wconf 82' lang='lat' dir='ltr'><strong>ardenti,</strong></span> 
     </span>
    </p>
   </div>
   <div class='ocr_carea' id='block_1_77' title="bbox 953 1625 1747 1669">
    <p class='ocr_par' dir='ltr' id='par_1_77' title="bbox 953 1625 1747 1669">
     <span class='ocr_line' id='line_1_77' title="bbox 953 1625 1747 1669; baseline -0.014 -6"><span class='ocrx_word' id='word_1_591' title='bbox 953 1641 978 1663; x_wconf 80' lang='lat' dir='ltr'><strong>et</strong></span> <span class='ocrx_word' id='word_1_592' title='bbox 991 1636 1091 1663; x_wconf 80' lang='lat' dir='ltr'><strong>voravit</strong></span> <span class='ocrx_word' id='word_1_593' title='bbox 1103 1641 1230 1669; x_wconf 72' lang='lat' dir='ltr'><strong>umquam</strong></span> <span class='ocrx_word' id='word_1_594' title='bbox 1244 1634 1334 1669; x_wconf 76' lang='lat' dir='ltr'><strong>fenum</strong></span> <span class='ocrx_word' id='word_1_595' title='bbox 1346 1632 1452 1659; x_wconf 69' lang='lat' dir='ltr'><strong>siluam.</strong></span> <span class='ocrx_word' id='word_1_596' title='bbox 1464 1629 1498 1657; x_wconf 79' lang='lat' dir='ltr'><strong>Et</strong></span> <span class='ocrx_word' id='word_1_597' title='bbox 1520 1635 1628 1656; x_wconf 82' lang='lat' dir='ltr'><strong>rursum</strong></span> <span class='ocrx_word' id='word_1_598' title='bbox 1641 1636 1648 1654; x_wconf 89' lang='lat'><strong>:</strong></span> <span class='ocrx_word' id='word_1_599' title='bbox 1663 1625 1747 1653; x_wconf 83' lang='lat' dir='ltr'><strong>Emit-</strong></span> 
     </span>
    </p>
   </div>
   <div class='ocr_carea' id='block_1_78' title="bbox 955 1673 1746 1710">
    <p class='ocr_par' dir='ltr' id='par_1_78' title="bbox 955 1673 1746 1710">
     <span class='ocr_line' id='line_1_78' title="bbox 955 1673 1746 1710; baseline -0.013 -2"><span class='ocrx_word' id='word_1_600' title='bbox 955 1682 987 1709; x_wconf 85' lang='lat' dir='ltr'><strong>tit</strong></span> <span class='ocrx_word' id='word_1_601' title='bbox 1001 1681 1128 1708; x_wconf 77' lang='lat' dir='ltr'><strong>Dominus</strong></span> <span class='ocrx_word' id='word_1_602' title='bbox 1145 1680 1260 1710; x_wconf 82' lang='lat' dir='ltr'><strong>Snbaoth</strong></span> <span class='ocrx_word' id='word_1_603' title='bbox 1274 1680 1299 1706; x_wconf 74' lang='lat' dir='ltr'><strong>in</strong></span> <span class='ocrx_word' id='word_1_604' title='bbox 1313 1684 1386 1705; x_wconf 79' lang='lat' dir='ltr'><strong>tuum</strong></span> <span class='ocrx_word' id='word_1_605' title='bbox 1407 1678 1531 1703; x_wconf 75' lang='lat' dir='ltr'><strong>honorem</strong></span> <span class='ocrx_word' id='word_1_606' title='bbox 1548 1673 1746 1704; x_wconf 72' lang='lat' dir='ltr'><strong>contumeliam,</strong></span> 
     </span>
    </p>
   </div>
   <div class='ocr_carea' id='block_1_79' title="bbox 953 1719 1746 1761">
    <p class='ocr_par' dir='ltr' id='par_1_79' title="bbox 953 1719 1746 1761">
     <span class='ocr_line' id='line_1_79' title="bbox 953 1719 1746 1761; baseline -0.009 -8"><span class='ocrx_word' id='word_1_607' title='bbox 953 1732 978 1754; x_wconf 84' lang='lat' dir='ltr'><strong>et</strong></span> <span class='ocrx_word' id='word_1_608' title='bbox 995 1727 1021 1753; x_wconf 86' lang='lat' dir='ltr'><strong>in</strong></span> <span class='ocrx_word' id='word_1_609' title='bbox 1045 1732 1117 1753; x_wconf 82' lang='lat' dir='ltr'><strong>tuom</strong></span> <span class='ocrx_word' id='word_1_610' title='bbox 1132 1727 1244 1761; x_wconf 83' lang='lat' dir='ltr'><strong>gloriam</strong></span> <span class='ocrx_word' id='word_1_611' title='bbox 1267 1725 1335 1760; x_wconf 76' lang='lat' dir='ltr'><strong>ignis</strong></span> <span class='ocrx_word' id='word_1_612' title='bbox 1353 1724 1449 1751; x_wconf 77' lang='lat' dir='ltr'><strong>ardens</strong></span> <span class='ocrx_word' id='word_1_613' title='bbox 1471 1721 1634 1754; x_wconf 78' lang='lat' dir='ltr'><strong>accenditur,</strong></span> <span class='ocrx_word' id='word_1_614' title='bbox 1651 1719 1676 1748; x_wconf 86' lang='lat' dir='ltr'><strong>id</strong></span> <span class='ocrx_word' id='word_1_615' title='bbox 1695 1721 1746 1753; x_wconf 80' lang='lat' dir='ltr'><strong>est,</strong></span> 
     </span>
    </p>
   </div>
   <div class='ocr_carea' id='block_1_80' title="bbox 955 1769 1747 1807">
    <p class='ocr_par' dir='ltr' id='par_1_80' title="bbox 955 1769 1747 1807">
     <span class='ocr_line' id='line_1_80' title="bbox 955 1769 1747 1807; baseline -0.01 -7"><span class='ocrx_word' id='word_1_616' title='bbox 955 1778 983 1800; x_wconf 88' lang='lat' dir='ltr'><strong>ut</strong></span> <span class='ocrx_word' id='word_1_617' title='bbox 1003 1777 1029 1800; x_wconf 88' lang='lat' dir='ltr'><strong>tu</strong></span> <span class='ocrx_word' id='word_1_618' title='bbox 1051 1772 1224 1807; x_wconf 76' lang='lat' dir='ltr'><strong>gloriﬁceris,</strong></span> <span class='ocrx_word' id='word_1_619' title='bbox 1238 1771 1373 1798; x_wconf 85' lang='lat' dir='ltr'><strong>emittitur</strong></span> <span class='ocrx_word' id='word_1_620' title='bbox 1386 1769 1456 1804; x_wconf 81' lang='lat' dir='ltr'><strong>ignis</strong></span> <span class='ocrx_word' id='word_1_621' title='bbox 1474 1769 1501 1796; x_wconf 89' lang='lat' dir='ltr'><strong>in</strong></span> <span class='ocrx_word' id='word_1_622' title='bbox 1521 1776 1603 1803; x_wconf 85' lang='lat' dir='ltr'><strong>opera</strong></span> <span class='ocrx_word' id='word_1_623' title='bbox 1624 1771 1747 1802; x_wconf 84' lang='lat' dir='ltr'><strong>peccato-</strong></span> 
     </span>
    </p>
   </div>
   <div class='ocr_carea' id='block_1_81' title="bbox 955 1811 1745 1850">
    <p class='ocr_par' dir='ltr' id='par_1_81' title="bbox 955 1811 1745 1850">
     <span class='ocr_line' id='line_1_81' title="bbox 955 1811 1745 1850; baseline -0.009 -5"><span class='ocrx_word' id='word_1_624' title='bbox 955 1826 1016 1846; x_wconf 88' lang='lat' dir='ltr'><strong>rum</strong></span> <span class='ocrx_word' id='word_1_625' title='bbox 1037 1823 1157 1845; x_wconf 85' lang='lat' dir='ltr'><strong>tnornm.</strong></span> <span class='ocrx_word' id='word_1_626' title='bbox 1176 1816 1222 1844; x_wconf 81' lang='lat' dir='ltr'><strong>Vis</strong></span> <span class='ocrx_word' id='word_1_627' title='bbox 1242 1816 1332 1843; x_wconf 78' lang='lat' dir='ltr'><strong>adhuc</strong></span> <span class='ocrx_word' id='word_1_628' title='bbox 1356 1823 1370 1842; x_wconf 90' lang='lat' dir='ltr'><strong>a</strong></span> <span class='ocrx_word' id='word_1_629' title='bbox 1393 1815 1524 1850; x_wconf 76' lang='lat' dir='ltr'><strong>propheta</strong></span> <span class='ocrx_word' id='word_1_630' title='bbox 1545 1814 1662 1846; x_wconf 83' lang='lat' dir='ltr'><strong>discere,</strong></span> <span class='ocrx_word' id='word_1_631' title='bbox 1682 1811 1745 1846; x_wconf 86' lang='lat' dir='ltr'><strong>quia</strong></span> 
     </span>
    </p>
   </div>
   <div class='ocr_carea' id='block_1_82' title="bbox 956 1857 1747 1892">
    <p class='ocr_par' dir='ltr' id='par_1_82' title="bbox 956 1857 1747 1892">
     <span class='ocr_line' id='line_1_82' title="bbox 956 1857 1747 1892; baseline -0.01 -1"><span class='ocrx_word' id='word_1_632' title='bbox 956 1867 1090 1891; x_wconf 80' lang='lat' dir='ltr'><strong>tormenta</strong></span> <span class='ocrx_word' id='word_1_633' title='bbox 1111 1862 1174 1889; x_wconf 89' lang='lat' dir='ltr'><strong>boni</strong></span> <span class='ocrx_word' id='word_1_634' title='bbox 1190 1861 1237 1890; x_wconf 85' lang='lat' dir='ltr'><strong>Dei</strong></span> <span class='ocrx_word' id='word_1_635' title='bbox 1256 1861 1312 1888; x_wconf 81' lang='lat' dir='ltr'><strong>sint</strong></span> <span class='ocrx_word' id='word_1_636' title='bbox 1330 1861 1362 1887; x_wconf 91' lang='lat' dir='ltr'><strong>ad</strong></span> <span class='ocrx_word' id='word_1_637' title='bbox 1381 1860 1524 1887; x_wconf 83' lang='lat' dir='ltr'><strong>utilitatem</strong></span> <span class='ocrx_word' id='word_1_638' title='bbox 1537 1865 1632 1886; x_wconf 87' lang='lat' dir='ltr'><strong>eorum</strong></span> <span class='ocrx_word' id='word_1_639' title='bbox 1653 1857 1700 1892; x_wconf 87' lang='lat' dir='ltr'><strong>qui</strong></span> <span class='ocrx_word' id='word_1_640' title='bbox 1714 1865 1747 1883; x_wconf 91' lang='lat' dir='ltr'><strong>ea</strong></span> 
     </span>
    </p>
   </div>
   <div class='ocr_carea' id='block_1_83' title="bbox 955 1904 1746 1938">
    <p class='ocr_par' dir='ltr' id='par_1_83' title="bbox 955 1904 1746 1938">
     <span class='ocr_line' id='line_1_83' title="bbox 955 1904 1746 1938; baseline -0.011 -1"><span class='ocrx_word' id='word_1_641' title='bbox 955 1911 1092 1938; x_wconf 86' lang='lat' dir='ltr'><strong>sustinent</strong></span> <span class='ocrx_word' id='word_1_642' title='bbox 1108 1907 1277 1936; x_wconf 87' lang='lat' dir='ltr'><strong>constituta?</strong></span> <span class='ocrx_word' id='word_1_643' title='bbox 1292 1906 1422 1934; x_wconf 84' lang='lat' dir='ltr'><strong>Ausculta</strong></span> <span class='ocrx_word' id='word_1_644' title='bbox 1442 1905 1567 1932; x_wconf 87' lang='lat' dir='ltr'><strong>eumdem</strong></span> <span class='ocrx_word' id='word_1_645' title='bbox 1586 1904 1746 1938; x_wconf 82' lang='lat' dir='ltr'><strong>prophetam</strong></span> 
     </span>
    </p>
   </div>
   <div class='ocr_carea' id='block_1_84' title="bbox 955 1950 1745 1986">
    <p class='ocr_par' dir='ltr' id='par_1_84' title="bbox 955 1950 1745 1986">
     <span class='ocr_line' id='line_1_84' title="bbox 955 1950 1745 1986; baseline -0.011 -3"><span class='ocrx_word' id='word_1_646' title='bbox 955 1957 1089 1983; x_wconf 84' lang='lat' dir='ltr'><strong>dicentem</strong></span> <span class='ocrx_word' id='word_1_647' title='bbox 1103 1955 1126 1971; x_wconf 72' lang='lat'><strong>“</strong></span> <span class='ocrx_word' id='word_1_648' title='bbox 1139 1962 1147 1981; x_wconf 86' lang='lat'><strong>:</strong></span> <span class='ocrx_word' id='word_1_649' title='bbox 1163 1953 1251 1980; x_wconf 70' lang='lat' dir='ltr'><strong>Habes</strong></span> <span class='ocrx_word' id='word_1_650' title='bbox 1265 1954 1389 1980; x_wconf 74' lang='lat' dir='ltr'><strong>carbones</strong></span> <span class='ocrx_word' id='word_1_651' title='bbox 1399 1951 1478 1986; x_wconf 80' lang='lat' dir='ltr'><strong>ignis,</strong></span> <span class='ocrx_word' id='word_1_652' title='bbox 1490 1950 1590 1976; x_wconf 67' lang='lat' dir='ltr'><strong>audebis</strong></span> <span class='ocrx_word' id='word_1_653' title='bbox 1605 1956 1682 1983; x_wconf 76' lang='lat' dir='ltr'><strong>super</strong></span> <span class='ocrx_word' id='word_1_654' title='bbox 1692 1956 1745 1980; x_wconf 78' lang='lat' dir='ltr'><strong>eos,</strong></span> 
     </span>
    </p>
   </div>
   <div class='ocr_carea' id='block_1_85' title="bbox 955 1994 1746 2035">
    <p class='ocr_par' dir='ltr' id='par_1_85' title="bbox 955 1994 1746 2035">
     <span class='ocr_line' id='line_1_85' title="bbox 955 1994 1746 2035; baseline -0.014 -4"><span class='ocrx_word' id='word_1_655' title='bbox 955 2005 976 2030; x_wconf 81' lang='lat' dir='ltr'><strong>ii</strong></span> <span class='ocrx_word' id='word_1_656' title='bbox 991 2007 1067 2031; x_wconf 83' lang='lat' dir='ltr'><strong>erunt</strong></span> <span class='ocrx_word' id='word_1_657' title='bbox 1086 2002 1133 2029; x_wconf 77' lang='lat' dir='ltr'><strong>tibi</strong></span> <span class='ocrx_word' id='word_1_658' title='bbox 1154 2000 1298 2035; x_wconf 80' lang='lat' dir='ltr'><strong>adjutorio.</strong></span> <span class='ocrx_word' id='word_1_659' title='bbox 1320 1998 1382 2025; x_wconf 62' lang='lat' dir='ltr'><strong>llaec</strong></span> <span class='ocrx_word' id='word_1_660' title='bbox 1405 1996 1549 2032; x_wconf 86' lang='lat' dir='ltr'><strong>oportebat</strong></span> <span class='ocrx_word' id='word_1_661' title='bbox 1569 1994 1746 2026; x_wconf 87' lang='lat' dir='ltr'><strong>abscondere,</strong></span> 
     </span>
    </p>
   </div>
   <div class='ocr_carea' id='block_1_86' title="bbox 955 2041 1747 2081">
    <p class='ocr_par' dir='ltr' id='par_1_86' title="bbox 955 2041 1747 2081">
     <span class='ocr_line' id='line_1_86' title="bbox 955 2041 1747 2081; baseline -0.014 -3"><span class='ocrx_word' id='word_1_662' title='bbox 955 2056 981 2077; x_wconf 87' lang='lat' dir='ltr'><strong>et</strong></span> <span class='ocrx_word' id='word_1_663' title='bbox 999 2051 1026 2077; x_wconf 92' lang='lat' dir='ltr'><strong>in</strong></span> <span class='ocrx_word' id='word_1_664' title='bbox 1043 2049 1162 2077; x_wconf 82' lang='lat' dir='ltr'><strong>medium</strong></span> <span class='ocrx_word' id='word_1_665' title='bbox 1179 2055 1233 2074; x_wconf 89' lang='lat' dir='ltr'><strong>non</strong></span> <span class='ocrx_word' id='word_1_666' title='bbox 1254 2045 1386 2081; x_wconf 76' lang='lat' dir='ltr'><strong>proferre,</strong></span> <span class='ocrx_word' id='word_1_667' title='bbox 1410 2044 1457 2071; x_wconf 83' lang='lat' dir='ltr'><strong>sed</strong></span> <span class='ocrx_word' id='word_1_668' title='bbox 1485 2042 1603 2070; x_wconf 64' lang='lat' dir='ltr'><strong>haeretici</strong></span> <span class='ocrx_word' id='word_1_669' title='bbox 1624 2049 1674 2068; x_wconf 87' lang='lat' dir='ltr'><strong>nos</strong></span> <span class='ocrx_word' id='word_1_670' title='bbox 1695 2041 1747 2067; x_wconf 87' lang='lat' dir='ltr'><strong>im-</strong></span> 
     </span>
    </p>
   </div>
   <div class='ocr_carea' id='block_1_87' title="bbox 955 2087 1745 2131">
    <p class='ocr_par' dir='ltr' id='par_1_87' title="bbox 955 2087 1745 2131">
     <span class='ocr_line' id='line_1_87' title="bbox 955 2087 1745 2131; baseline -0.013 -7"><span class='ocrx_word' id='word_1_671' title='bbox 955 2097 1070 2131; x_wconf 88' lang='lat' dir='ltr'><strong>pellunt,</strong></span> <span class='ocrx_word' id='word_1_672' title='bbox 1095 2099 1125 2122; x_wconf 84' lang='lat' dir='ltr'><strong>nt</strong></span> <span class='ocrx_word' id='word_1_673' title='bbox 1148 2093 1259 2122; x_wconf 86' lang='lat' dir='ltr'><strong>celanda</strong></span> <span class='ocrx_word' id='word_1_674' title='bbox 1285 2092 1431 2119; x_wconf 69' lang='lat' dir='ltr'><strong>efferamus</strong></span> <span class='ocrx_word' id='word_1_675' title='bbox 1453 2090 1480 2116; x_wconf 89' lang='lat' dir='ltr'><strong>in</strong></span> <span class='ocrx_word' id='word_1_676' title='bbox 1501 2089 1662 2124; x_wconf 83' lang='lat' dir='ltr'><strong>publicum:</strong></span> <span class='ocrx_word' id='word_1_677' title='bbox 1682 2087 1745 2122; x_wconf 83' lang='lat' dir='ltr'><strong>quia</strong></span> 
     </span>
    </p>
   </div>
   <div class='ocr_carea' id='block_1_88' title="bbox 955 2133 1747 2174">
    <p class='ocr_par' dir='ltr' id='par_1_88' title="bbox 955 2133 1747 2174">
     <span class='ocr_line' id='line_1_88' title="bbox 955 2133 1747 2174; baseline -0.014 -4"><span class='ocrx_word' id='word_1_678' title='bbox 955 2147 1026 2170; x_wconf 86' lang='lat' dir='ltr'><strong>tecta</strong></span> <span class='ocrx_word' id='word_1_679' title='bbox 1042 2145 1106 2169; x_wconf 87' lang='lat' dir='ltr'><strong>sunt</strong></span> <span class='ocrx_word' id='word_1_680' title='bbox 1116 2140 1216 2168; x_wconf 86' lang='lat' dir='ltr'><strong>utiliter</strong></span> <span class='ocrx_word' id='word_1_681' title='bbox 1226 2138 1297 2174; x_wconf 90' lang='lat' dir='ltr'><strong>apud</strong></span> <span class='ocrx_word' id='word_1_682' title='bbox 1312 2145 1371 2168; x_wconf 83' lang='lat' dir='ltr'><strong>eos,</strong></span> <span class='ocrx_word' id='word_1_683' title='bbox 1387 2137 1434 2171; x_wconf 90' lang='lat' dir='ltr'><strong>qui</strong></span> <span class='ocrx_word' id='word_1_684' title='bbox 1446 2135 1537 2162; x_wconf 84' lang='lat' dir='ltr'><strong>adhuc</strong></span> <span class='ocrx_word' id='word_1_685' title='bbox 1552 2134 1655 2169; x_wconf 82' lang='lat' dir='ltr'><strong>parvuli</strong></span> <span class='ocrx_word' id='word_1_686' title='bbox 1669 2133 1747 2168; x_wconf 79' lang='lat' dir='ltr'><strong>juxta</strong></span> 
     </span>
    </p>
   </div>
   <div class='ocr_carea' id='block_1_89' title="bbox 956 2181 1749 2218">
    <p class='ocr_par' dir='ltr' id='par_1_89' title="bbox 956 2181 1749 2218">
     <span class='ocr_line' id='line_1_89' title="bbox 956 2181 1749 2218; baseline -0.015 -1"><span class='ocrx_word' id='word_1_687' title='bbox 956 2189 1055 2216; x_wconf 71' lang='lat' dir='ltr'><strong>anima:</strong></span> <span class='ocrx_word' id='word_1_688' title='bbox 1077 2191 1184 2215; x_wconf 67' lang='lat' dir='ltr'><strong>aetatem</strong></span> <span class='ocrx_word' id='word_1_689' title='bbox 1208 2188 1283 2216; x_wconf 87' lang='lat' dir='ltr'><strong>sunt,</strong></span> <span class='ocrx_word' id='word_1_690' title='bbox 1298 2183 1345 2218; x_wconf 91' lang='lat' dir='ltr'><strong>qui</strong></span> <span class='ocrx_word' id='word_1_691' title='bbox 1369 2187 1441 2210; x_wconf 91' lang='lat' dir='ltr'><strong>metu</strong></span> <span class='ocrx_word' id='word_1_692' title='bbox 1468 2181 1589 2216; x_wconf 77' lang='lat' dir='ltr'><strong>indigent</strong></span> <span class='ocrx_word' id='word_1_693' title='bbox 1604 2181 1749 2215; x_wconf 84' lang='lat' dir='ltr'><strong>magistro-</strong></span> 
     </span>
    </p>
   </div>
   <div class='ocr_carea' id='block_1_90' title="bbox 109 2227 1749 2269">
    <p class='ocr_par' dir='ltr' id='par_1_90' title="bbox 109 2227 1749 2269">
     <span class='ocr_line' id='line_1_90' title="bbox 109 2227 1749 2269; baseline -0.004 -9"><span class='ocrx_word' id='word_1_694' title='bbox 109 2234 235 2269; x_wconf 81' lang='lat' dir='ltr'><strong>pedibus,</strong></span> <span class='ocrx_word' id='word_1_695' title='bbox 253 2238 280 2260; x_wconf 89' lang='lat' dir='ltr'><strong>et</strong></span> <span class='ocrx_word' id='word_1_696' title='bbox 299 2233 397 2260; x_wconf 86' lang='lat' dir='ltr'><strong>exinde</strong></span> <span class='ocrx_word' id='word_1_697' title='bbox 413 2238 502 2266; x_wconf 89' lang='lat' dir='ltr'><strong>usque</strong></span> <span class='ocrx_word' id='word_1_698' title='bbox 525 2232 558 2258; x_wconf 92' lang='lat' dir='ltr'><strong>ad</strong></span> <span class='ocrx_word' id='word_1_699' title='bbox 582 2239 720 2258; x_wconf 89' lang='lat' dir='ltr'><strong>summum</strong></span> <span class='ocrx_word' id='word_1_700' title='bbox 739 2231 832 2258; x_wconf 90' lang='lat' dir='ltr'><strong>electri</strong></span> <span class='ocrx_word' id='word_1_701' title='bbox 852 2231 904 2258; x_wconf 78' lang='lat' dir='ltr'><strong>ful-</strong></span> <span class='ocrx_word' id='word_1_702' title='bbox 920 2238 942 2265; x_wconf 76' lang='grc' dir='ltr'>ι)</span> <span class='ocrx_word' id='word_1_703' title='bbox 957 2243 1029 2266; x_wconf 65' lang='lat' dir='ltr'><strong>rum,</strong></span> <span class='ocrx_word' id='word_1_704' title='bbox 1048 2233 1130 2261; x_wconf 74' lang='lat' dir='ltr'><strong>minis</strong></span> <span class='ocrx_word' id='word_1_705' title='bbox 1144 2236 1173 2260; x_wconf 78' lang='lat' dir='ltr'><strong>et</strong></span> <span class='ocrx_word' id='word_1_706' title='bbox 1189 2230 1340 2259; x_wconf 78' lang='lat' dir='ltr'><strong>terroribus</strong></span> <span class='ocrx_word' id='word_1_707' title='bbox 1353 2227 1519 2262; x_wconf 87' lang='lat' dir='ltr'><strong>corripiendi</strong></span> <span class='ocrx_word' id='word_1_708' title='bbox 1534 2232 1613 2260; x_wconf 88' lang='lat' dir='ltr'><strong>sunt,</strong></span> <span class='ocrx_word' id='word_1_709' title='bbox 1637 2232 1667 2254; x_wconf 86' lang='grc' dir='ltr'><strong>ιιι</strong></span> <span class='ocrx_word' id='word_1_710' title='bbox 1685 2233 1749 2260; x_wconf 57' lang='lat' dir='ltr'><strong>pos.</strong></span> 
     </span>
    </p>
   </div>
   <div class='ocr_carea' id='block_1_91' title="bbox 111 2277 903 2315">
    <p class='ocr_par' dir='ltr' id='par_1_91' title="bbox 111 2277 903 2315">
     <span class='ocr_line' id='line_1_91' title="bbox 111 2277 903 2315; baseline 0 -11"><span class='ocrx_word' id='word_1_711' title='bbox 111 2290 176 2315; x_wconf 58' lang='lat' dir='ltr'><strong>gare</strong></span> <span class='ocrx_word' id='word_1_712' title='bbox 191 2280 294 2307; x_wconf 88' lang='lat' dir='ltr'><strong>rutilat.</strong></span> <span class='ocrx_word' id='word_1_713' title='bbox 311 2278 369 2306; x_wconf 87' lang='lat' dir='ltr'><strong>Non</strong></span> <span class='ocrx_word' id='word_1_714' title='bbox 385 2279 458 2306; x_wconf 82' lang='lat' dir='ltr'><strong>enini</strong></span> <span class='ocrx_word' id='word_1_715' title='bbox 472 2278 560 2305; x_wconf 87' lang='lat' dir='ltr'><strong>solttnt</strong></span> <span class='ocrx_word' id='word_1_716' title='bbox 574 2281 709 2304; x_wconf 86' lang='lat' dir='ltr'><strong>tormenta</strong></span> <span class='ocrx_word' id='word_1_717' title='bbox 722 2277 802 2304; x_wconf 86' lang='lat' dir='ltr'><strong>habet</strong></span> <span class='ocrx_word' id='word_1_718' title='bbox 813 2277 884 2305; x_wconf 86' lang='lat' dir='ltr'><strong>Deus</strong></span> <span class='ocrx_word' id='word_1_719' title='bbox 896 2285 903 2304; x_wconf 90' lang='lat'><strong>:</strong></span> 
     </span>
    </p>
   </div>
   <div class='ocr_carea' id='block_1_92' title="bbox 111 2323 905 2359">
    <p class='ocr_par' dir='ltr' id='par_1_92' title="bbox 111 2323 905 2359">
     <span class='ocr_line' id='line_1_92' title="bbox 111 2323 905 2359; baseline -0.006 -5"><span class='ocrx_word' id='word_1_720' title='bbox 111 2331 177 2354; x_wconf 87' lang='lat' dir='ltr'><strong>sunt</strong></span> <span class='ocrx_word' id='word_1_721' title='bbox 194 2327 220 2353; x_wconf 93' lang='lat' dir='ltr'><strong>in</strong></span> <span class='ocrx_word' id='word_1_722' title='bbox 238 2333 271 2353; x_wconf 90' lang='lat' dir='ltr'><strong>eo</strong></span> <span class='ocrx_word' id='word_1_723' title='bbox 292 2325 373 2352; x_wconf 84' lang='lat' dir='ltr'><strong>etiam</strong></span> <span class='ocrx_word' id='word_1_724' title='bbox 396 2324 546 2359; x_wconf 81' lang='lat' dir='ltr'><strong>refrigeria.</strong></span> <span class='ocrx_word' id='word_1_725' title='bbox 567 2323 647 2350; x_wconf 84' lang='lat' dir='ltr'><strong>l’unit</strong></span> <span class='ocrx_word' id='word_1_726' title='bbox 672 2327 839 2358; x_wconf 84' lang='lat' dir='ltr'><strong>peceatores,</strong></span> <span class='ocrx_word' id='word_1_727' title='bbox 858 2323 905 2350; x_wconf 84' lang='lat' dir='ltr'><strong>sed</strong></span> 
     </span>
    </p>
   </div>
   <div class='ocr_carea' id='block_1_93' title="bbox 111 2368 904 2408">
    <p class='ocr_par' dir='ltr' id='par_1_93' title="bbox 111 2368 904 2408">
     <span class='ocr_line' id='line_1_93' title="bbox 111 2368 904 2408; baseline -0.004 -9"><span class='ocrx_word' id='word_1_728' title='bbox 111 2381 159 2408; x_wconf 86' lang='lat' dir='ltr'><strong>per</strong></span> <span class='ocrx_word' id='word_1_729' title='bbox 166 2381 198 2399; x_wconf 77' lang='lat' dir='ltr'><strong>ca</strong></span> <span class='ocrx_word' id='word_1_730' title='bbox 208 2371 357 2399; x_wconf 86' lang='lat' dir='ltr'><strong>ministeria</strong></span> <span class='ocrx_word' id='word_1_731' title='bbox 365 2371 446 2406; x_wconf 78' lang='lat'><strong>356</strong></span> <span class='ocrx_word' id='word_1_732' title='bbox 453 2378 512 2405; x_wconf 75' lang='lat' dir='ltr'><strong>quae</strong></span> <span class='ocrx_word' id='word_1_733' title='bbox 519 2369 645 2397; x_wconf 84' lang='lat' dir='ltr'><strong>deersum</strong></span> <span class='ocrx_word' id='word_1_734' title='bbox 654 2374 727 2397; x_wconf 88' lang='lat' dir='ltr'><strong>sunt.</strong></span> <span class='ocrx_word' id='word_1_735' title='bbox 736 2368 827 2404; x_wconf 84' lang='lat' dir='ltr'><strong>Neque</strong></span> <span class='ocrx_word' id='word_1_736' title='bbox 833 2369 904 2396; x_wconf 88' lang='lat' dir='ltr'><strong>enim</strong></span> 
     </span>
    </p>
   </div>
   <div class='ocr_carea' id='block_1_94' title="bbox 113 2416 904 2454">
    <p class='ocr_par' dir='ltr' id='par_1_94' title="bbox 113 2416 904 2454">
     <span class='ocr_line' id='line_1_94' title="bbox 113 2416 904 2454; baseline -0.003 -9"><span class='ocrx_word' id='word_1_737' title='bbox 113 2419 244 2454; x_wconf 84' lang='lat' dir='ltr'><strong>propheta</strong></span> <span class='ocrx_word' id='word_1_738' title='bbox 263 2419 352 2452; x_wconf 81' lang='lat' dir='ltr'><strong>ignem</strong></span> <span class='ocrx_word' id='word_1_739' title='bbox 370 2417 437 2444; x_wconf 88' lang='lat' dir='ltr'><strong>vidit</strong></span> <span class='ocrx_word' id='word_1_740' title='bbox 451 2417 479 2443; x_wconf 89' lang='lat' dir='ltr'><strong>in</strong></span> <span class='ocrx_word' id='word_1_741' title='bbox 497 2417 596 2451; x_wconf 80' lang='lat' dir='ltr'><strong>capite,</strong></span> <span class='ocrx_word' id='word_1_742' title='bbox 612 2420 659 2442; x_wconf 92' lang='lat' dir='ltr'><strong>aut</strong></span> <span class='ocrx_word' id='word_1_743' title='bbox 673 2416 699 2442; x_wconf 92' lang='lat' dir='ltr'><strong>in</strong></span> <span class='ocrx_word' id='word_1_744' title='bbox 716 2416 758 2443; x_wconf 87' lang='lat' dir='ltr'><strong>his</strong></span> <span class='ocrx_word' id='word_1_745' title='bbox 774 2416 904 2443; x_wconf 85' lang='lat' dir='ltr'><strong>membris</strong></span> 
     </span>
    </p>
   </div>
   <div class='ocr_carea' id='block_1_95' title="bbox 114 2461 903 2498">
    <p class='ocr_par' dir='ltr' id='par_1_95' title="bbox 114 2461 903 2498">
     <span class='ocr_line' id='line_1_95' title="bbox 114 2461 903 2498; baseline -0.004 -8"><span class='ocrx_word' id='word_1_746' title='bbox 114 2472 173 2498; x_wconf 68' lang='lat' dir='ltr'><strong>qua:</strong></span> <span class='ocrx_word' id='word_1_747' title='bbox 187 2471 202 2490; x_wconf 91' lang='lat' dir='ltr'><strong>a</strong></span> <span class='ocrx_word' id='word_1_748' title='bbox 228 2462 382 2490; x_wconf 87' lang='lat' dir='ltr'><strong>lumborum</strong></span> <span class='ocrx_word' id='word_1_749' title='bbox 402 2462 520 2489; x_wconf 87' lang='lat' dir='ltr'><strong>conlinio</strong></span> <span class='ocrx_word' id='word_1_750' title='bbox 543 2461 575 2488; x_wconf 89' lang='lat' dir='ltr'><strong>ad</strong></span> <span class='ocrx_word' id='word_1_751' title='bbox 597 2469 704 2488; x_wconf 89' lang='lat' dir='ltr'><strong>summa</strong></span> <span class='ocrx_word' id='word_1_752' title='bbox 724 2466 903 2495; x_wconf 81' lang='lat' dir='ltr'><strong>consurgunt.</strong></span> 
     </span>
    </p>
   </div>
   <div class='ocr_carea' id='block_1_96' title="bbox 113 2506 903 2545">
    <p class='ocr_par' dir='ltr' id='par_1_96' title="bbox 113 2506 903 2545">
     <span class='ocr_line' id='line_1_96' title="bbox 113 2506 903 2545; baseline -0.005 -8"><span class='ocrx_word' id='word_1_753' title='bbox 113 2510 212 2545; x_wconf 81' lang='lat' dir='ltr'><strong>lgneus</strong></span> <span class='ocrx_word' id='word_1_754' title='bbox 227 2513 269 2536; x_wconf 90' lang='lat' dir='ltr'><strong>est</strong></span> <span class='ocrx_word' id='word_1_755' title='bbox 285 2508 426 2539; x_wconf 85' lang='lat' dir='ltr'><strong>Dominus,</strong></span> <span class='ocrx_word' id='word_1_756' title='bbox 441 2507 488 2534; x_wconf 90' lang='lat' dir='ltr'><strong>sed</strong></span> <span class='ocrx_word' id='word_1_757' title='bbox 503 2515 519 2534; x_wconf 85' lang='lat' dir='ltr'><strong>a</strong></span> <span class='ocrx_word' id='word_1_758' title='bbox 535 2507 646 2533; x_wconf 73' lang='lat' dir='ltr'><strong>renibus</strong></span> <span class='ocrx_word' id='word_1_759' title='bbox 666 2514 752 2540; x_wconf 86' lang='lat' dir='ltr'><strong>usque</strong></span> <span class='ocrx_word' id='word_1_760' title='bbox 764 2506 797 2533; x_wconf 87' lang='lat' dir='ltr'><strong>ad</strong></span> <span class='ocrx_word' id='word_1_761' title='bbox 813 2506 903 2540; x_wconf 87' lang='lat' dir='ltr'><strong>pedes,</strong></span> 
     </span>
    </p>
   </div>
   <div class='ocr_carea' id='block_1_97' title="bbox 115 2553 906 2588">
    <p class='ocr_par' dir='ltr' id='par_1_97' title="bbox 115 2553 906 2588">
     <span class='ocr_line' id='line_1_97' title="bbox 115 2553 906 2588; baseline -0.005 -5"><span class='ocrx_word' id='word_1_762' title='bbox 115 2560 144 2583; x_wconf 91' lang='lat' dir='ltr'><strong>ut</strong></span> <span class='ocrx_word' id='word_1_763' title='bbox 167 2555 337 2582; x_wconf 88' lang='lat' dir='ltr'><strong>demonstret</strong></span> <span class='ocrx_word' id='word_1_764' title='bbox 362 2561 409 2580; x_wconf 84' lang='lat' dir='ltr'><strong>eos</strong></span> <span class='ocrx_word' id='word_1_765' title='bbox 434 2553 482 2588; x_wconf 79' lang='lat' dir='ltr'><strong>qui</strong></span> <span class='ocrx_word' id='word_1_766' title='bbox 512 2553 538 2579; x_wconf 92' lang='lat' dir='ltr'><strong>in</strong></span> <span class='ocrx_word' id='word_1_767' title='bbox 568 2553 743 2587; x_wconf 78' lang='lat' dir='ltr'><strong>generatione</strong></span> <span class='ocrx_word' id='word_1_768' title='bbox 761 2556 906 2580; x_wconf 80' lang='lat' dir='ltr'><strong>versantur</strong></span> 
     </span>
    </p>
   </div>
   <div class='ocr_carea' id='block_1_98' title="bbox 115 2597 904 2636">
    <p class='ocr_par' dir='ltr' id='par_1_98' title="bbox 115 2597 904 2636">
     <span class='ocr_line' id='line_1_98' title="bbox 115 2597 904 2636; baseline -0.005 -8"><span class='ocrx_word' id='word_1_769' title='bbox 115 2601 177 2636; x_wconf 81' lang='lat' dir='ltr'><strong>igne</strong></span> <span class='ocrx_word' id='word_1_770' title='bbox 193 2599 327 2634; x_wconf 76' lang='lat' dir='ltr'><strong>indigere.</strong></span> <span class='ocrx_word' id='word_1_771' title='bbox 346 2598 429 2626; x_wconf 82' lang='lat' dir='ltr'><strong>Renis</strong></span> <span class='ocrx_word' id='word_1_772' title='bbox 449 2598 550 2633; x_wconf 80' lang='lat' dir='ltr'><strong>quippe</strong></span> <span class='ocrx_word' id='word_1_773' title='bbox 567 2597 655 2626; x_wconf 83' lang='lat' dir='ltr'><strong>eoitns</strong></span> <span class='ocrx_word' id='word_1_774' title='bbox 675 2597 839 2632; x_wconf 74' lang='lat' dir='ltr'><strong>signiﬁcatio</strong></span> <span class='ocrx_word' id='word_1_775' title='bbox 852 2602 904 2625; x_wconf 85' lang='lat' dir='ltr'><strong>est.</strong></span> 
     </span>
    </p>
   </div>
   <div class='ocr_carea' id='block_1_99' title="bbox 113 2643 905 2678">
    <p class='ocr_par' dir='ltr' id='par_1_99' title="bbox 113 2643 905 2678">
     <span class='ocr_line' id='line_1_99' title="bbox 113 2643 905 2678; baseline -0.005 -4"><span class='ocrx_word' id='word_1_776' title='bbox 113 2647 212 2674; x_wconf 84' lang='lat' dir='ltr'><strong>Adhuc</strong></span> <span class='ocrx_word' id='word_1_777' title='bbox 240 2646 267 2672; x_wconf 91' lang='lat' dir='ltr'><strong>iu</strong></span> <span class='ocrx_word' id='word_1_778' title='bbox 293 2645 393 2672; x_wconf 87' lang='lat' dir='ltr'><strong>lumbis</strong></span> <span class='ocrx_word' id='word_1_779' title='bbox 420 2644 558 2672; x_wconf 78' lang='lat' dir='ltr'><strong>Abraham</strong></span> <span class='ocrx_word' id='word_1_780' title='bbox 588 2643 674 2678; x_wconf 85' lang='lat' dir='ltr'><strong>patris</strong></span> <span class='ocrx_word' id='word_1_781' title='bbox 699 2648 758 2671; x_wconf 82' lang='lat' dir='ltr'><strong>erat</strong></span> <span class='ocrx_word' id='word_1_782' title='bbox 784 2644 848 2671; x_wconf 88' lang='lat' dir='ltr'><strong>Levi</strong></span> <span class='ocrx_word' id='word_1_783' title='bbox 871 2644 905 2677; x_wconf 75' lang='grc'><strong>³⁸,</strong></span> 
     </span>
    </p>
   </div>
   <div class='ocr_carea' id='block_1_100' title="bbox 113 2689 906 2728">
    <p class='ocr_par' dir='ltr' id='par_1_100' title="bbox 113 2689 906 2728">
     <span class='ocr_line' id='line_1_100' title="bbox 113 2689 906 2728; baseline -0.004 -9"><span class='ocrx_word' id='word_1_784' title='bbox 113 2692 226 2728; x_wconf 88' lang='lat' dir='ltr'><strong>quando</strong></span> <span class='ocrx_word' id='word_1_785' title='bbox 242 2691 268 2718; x_wconf 88' lang='lat' dir='ltr'><strong>ei</strong></span> <span class='ocrx_word' id='word_1_786' title='bbox 285 2691 405 2719; x_wconf 87' lang='lat' dir='ltr'><strong>occurrit</strong></span> <span class='ocrx_word' id='word_1_787' title='bbox 422 2690 630 2718; x_wconf 81' lang='lat' dir='ltr'><strong>Melchisedech.</strong></span> <span class='ocrx_word' id='word_1_788' title='bbox 649 2689 681 2716; x_wconf 76' lang='lat' dir='ltr'><strong>Et</strong></span> <span class='ocrx_word' id='word_1_789' title='bbox 700 2690 725 2716; x_wconf 96' lang='lat' dir='ltr'><strong>in</strong></span> <span class='ocrx_word' id='word_1_790' title='bbox 745 2690 851 2724; x_wconf 87' lang='lat' dir='ltr'><strong>psalmo</strong></span> <span class='ocrx_word' id='word_1_791' title='bbox 865 2690 906 2716; x_wconf 85' lang='lat' dir='ltr'><strong>di-</strong></span> 
     </span>
    </p>
   </div>
   <div class='ocr_carea' id='block_1_101' title="bbox 114 2736 905 2772">
    <p class='ocr_par' dir='ltr' id='par_1_101' title="bbox 114 2736 905 2772">
     <span class='ocr_line' id='line_1_101' title="bbox 114 2736 905 2772; baseline -0.005 -6"><span class='ocrx_word' id='word_1_792' title='bbox 114 2743 185 2766; x_wconf 71' lang='lat' dir='ltr'><strong>eitur</strong></span> <span class='ocrx_word' id='word_1_793' title='bbox 198 2738 240 2766; x_wconf 77' lang='lat' dir='ltr'><strong>&quot;z</strong></span> <span class='ocrx_word' id='word_1_794' title='bbox 259 2738 295 2765; x_wconf 83' lang='lat' dir='ltr'><strong>De</strong></span> <span class='ocrx_word' id='word_1_795' title='bbox 323 2737 411 2772; x_wconf 75' lang='lat' dir='ltr'><strong>fructu</strong></span> <span class='ocrx_word' id='word_1_796' title='bbox 432 2736 515 2764; x_wconf 73' lang='lat' dir='ltr'><strong>lumbi</strong></span> <span class='ocrx_word' id='word_1_797' title='bbox 537 2738 575 2764; x_wconf 85' lang='lat' dir='ltr'><strong>tui</strong></span> <span class='ocrx_word' id='word_1_798' title='bbox 598 2743 694 2772; x_wconf 86' lang='lat' dir='ltr'><strong>ponam</strong></span> <span class='ocrx_word' id='word_1_799' title='bbox 715 2743 792 2770; x_wconf 74' lang='lat' dir='ltr'><strong>super</strong></span> <span class='ocrx_word' id='word_1_800' title='bbox 819 2737 905 2763; x_wconf 71' lang='lat' dir='ltr'><strong>sedem</strong></span> 
     </span>
    </p>
   </div>
   <div class='ocr_carea' id='block_1_102' title="bbox 152 2832 392 2864">
    <p class='ocr_par' dir='ltr' id='par_1_102' title="bbox 152 2832 392 2864">
     <span class='ocr_line' id='line_1_102' title="bbox 152 2832 392 2864; baseline -0.004 -4"><span class='ocrx_word' id='word_1_801' title='bbox 152 2833 176 2848; x_wconf 81' lang='grc'><strong>³⁵</strong></span> <span class='ocrx_word' id='word_1_802' title='bbox 192 2832 286 2860; x_wconf 69' lang='lat' dir='ltr'><strong>Matth.</strong></span> <span class='ocrx_word' id='word_1_803' title='bbox 305 2841 332 2864; x_wconf 68' lang='grc' dir='ltr'>ιι,</span> <span class='ocrx_word' id='word_1_804' title='bbox 350 2833 392 2859; x_wconf 75' lang='grc'><strong>15.</strong></span> 
     </span>
    </p>
   </div>
   <div class='ocr_carea' id='block_1_103' title="bbox 118 2865 362 2901">
    <p class='ocr_par' dir='ltr' id='par_1_103' title="bbox 118 2865 362 2901">
     <span class='ocr_line' id='line_1_103' title="bbox 118 2865 362 2901; baseline -0.008 -5"><span class='ocrx_word' id='word_1_805' title='bbox 118 2870 138 2885; x_wconf 78' lang='grc'><strong>⁵¹</strong></span> <span class='ocrx_word' id='word_1_806' title='bbox 158 2868 244 2896; x_wconf 79' lang='lat' dir='ltr'><strong>lCor.</strong></span> <span class='ocrx_word' id='word_1_807' title='bbox 258 2876 300 2901; x_wconf 88' lang='lat' dir='ltr'><strong>ut,</strong></span> <span class='ocrx_word' id='word_1_808' title='bbox 320 2865 362 2895; x_wconf 80' lang='lat' dir='ltr'><strong>l3.</strong></span> 
     </span>
    </p>
   </div>
   <div class='ocr_carea' id='block_1_104' title="bbox 439 2831 679 2862">
    <p class='ocr_par' dir='ltr' id='par_1_104' title="bbox 439 2831 679 2862">
     <span class='ocr_line' id='line_1_104' title="bbox 439 2831 679 2862; baseline 0 -4"><span class='ocrx_word' id='word_1_809' title='bbox 439 2832 461 2847; x_wconf 66' lang='grc'><strong>³⁸</strong></span> <span class='ocrx_word' id='word_1_810' title='bbox 478 2831 572 2859; x_wconf 85' lang='lat' dir='ltr'><strong>Matth.</strong></span> <span class='ocrx_word' id='word_1_811' title='bbox 590 2839 617 2862; x_wconf 75' lang='grc' dir='ltr'><strong>ν,</strong></span> <span class='ocrx_word' id='word_1_812' title='bbox 635 2831 679 2860; x_wconf 71' lang='grc'><strong>45.</strong></span> 
     </span>
    </p>
   </div>
   <div class='ocr_carea' id='block_1_105' title="bbox 401 2865 638 2901">
    <p class='ocr_par' dir='ltr' id='par_1_105' title="bbox 401 2865 638 2901">
     <span class='ocr_line' id='line_1_105' title="bbox 401 2865 638 2901; baseline 0 -7"><span class='ocrx_word' id='word_1_813' title='bbox 401 2868 423 2883; x_wconf 77' lang='grc'><strong>’¹</strong></span> <span class='ocrx_word' id='word_1_814' title='bbox 439 2865 504 2894; x_wconf 88' lang='lat' dir='ltr'><strong>Luc.</strong></span> <span class='ocrx_word' id='word_1_815' title='bbox 519 2875 568 2901; x_wconf 75' lang='lat' dir='ltr'><strong>xu,</strong></span> <span class='ocrx_word' id='word_1_816' title='bbox 596 2868 638 2896; x_wconf 65' lang='grc'><strong>49.</strong></span> 
     </span>
    </p>
   </div>
   <div class='ocr_carea' id='block_1_106' title="bbox 725 2831 892 2859">
    <p class='ocr_par' dir='ltr' id='par_1_106' title="bbox 725 2831 892 2859">
     <span class='ocr_line' id='line_1_106' title="bbox 725 2831 892 2859; baseline 0.006 -2"><span class='ocrx_word' id='word_1_817' title='bbox 725 2831 746 2847; x_wconf 88' lang='grc'><strong>³⁷</strong></span> <span class='ocrx_word' id='word_1_818' title='bbox 762 2831 859 2859; x_wconf 82' lang='lat' dir='ltr'><strong>Ezech.</strong></span> <span class='ocrx_word' id='word_1_819' title='bbox 875 2840 892 2858; x_wconf 91' lang='grc' dir='ltr'>ι.</span> 
     </span>
    </p>
   </div>
   <div class='ocr_carea' id='block_1_107' title="bbox 716 2866 1029 2901">
    <p class='ocr_par' dir='ltr' id='par_1_107' title="bbox 716 2866 1029 2901">
     <span class='ocr_line' id='line_1_107' title="bbox 716 2866 1029 2901; baseline -0.003 -7"><span class='ocrx_word' id='word_1_820' title='bbox 716 2867 738 2882; x_wconf 71' lang='grc'><strong>⁸³</strong></span> <span class='ocrx_word' id='word_1_821' title='bbox 752 2866 804 2894; x_wconf 83' lang='lat' dir='ltr'><strong>lsa.</strong></span> <span class='ocrx_word' id='word_1_822' title='bbox 824 2875 906 2901; x_wconf 76' lang='lat' dir='ltr'><strong>xtvu,</strong></span> <span class='ocrx_word' id='word_1_823' title='bbox 928 2866 970 2901; x_wconf 77' lang='lat' dir='ltr'><strong>ll,</strong></span> <span class='ocrx_word' id='word_1_824' title='bbox 987 2867 1029 2893; x_wconf 79' lang='lat' dir='ltr'><strong>l5.</strong></span> 
     </span>
    </p>
   </div>
   <div class='ocr_carea' id='block_1_108' title="bbox 958 2272 1748 2314">
    <p class='ocr_par' dir='ltr' id='par_1_108' title="bbox 958 2272 1748 2314">
     <span class='ocr_line' id='line_1_108' title="bbox 958 2272 1748 2314; baseline -0.013 -6"><span class='ocrx_word' id='word_1_825' title='bbox 958 2281 1014 2308; x_wconf 89' lang='lat' dir='ltr'><strong>sint</strong></span> <span class='ocrx_word' id='word_1_826' title='bbox 1028 2278 1158 2314; x_wconf 81' lang='lat' dir='ltr'><strong>consequi</strong></span> <span class='ocrx_word' id='word_1_827' title='bbox 1180 2277 1347 2308; x_wconf 82' lang='lat' dir='ltr'><strong>bonitatem,</strong></span> <span class='ocrx_word' id='word_1_828' title='bbox 1362 2279 1392 2302; x_wconf 90' lang='lat' dir='ltr'><strong>ut</strong></span> <span class='ocrx_word' id='word_1_829' title='bbox 1412 2282 1460 2309; x_wconf 89' lang='lat' dir='ltr'><strong>per</strong></span> <span class='ocrx_word' id='word_1_830' title='bbox 1482 2281 1574 2301; x_wconf 87' lang='lat' dir='ltr'><strong>amara</strong></span> <span class='ocrx_word' id='word_1_831' title='bbox 1594 2272 1713 2300; x_wconf 89' lang='lat' dir='ltr'><strong>remedia</strong></span> <span class='ocrx_word' id='word_1_832' title='bbox 1733 2279 1748 2298; x_wconf 86' lang='lat' dir='ltr'><strong>a</strong></span> 
     </span>
    </p>
   </div>
   <div class='ocr_carea' id='block_1_109' title="bbox 958 2318 1749 2360">
    <p class='ocr_par' dir='ltr' id='par_1_109' title="bbox 958 2318 1749 2360">
     <span class='ocr_line' id='line_1_109' title="bbox 958 2318 1749 2360; baseline -0.014 -5"><span class='ocrx_word' id='word_1_833' title='bbox 958 2327 1116 2355; x_wconf 86' lang='lat' dir='ltr'><strong>vulneribus</strong></span> <span class='ocrx_word' id='word_1_834' title='bbox 1130 2329 1302 2360; x_wconf 83' lang='lat' dir='ltr'><strong>peccatorum</strong></span> <span class='ocrx_word' id='word_1_835' title='bbox 1318 2321 1466 2356; x_wconf 89' lang='lat' dir='ltr'><strong>aliquando</strong></span> <span class='ocrx_word' id='word_1_836' title='bbox 1480 2319 1622 2347; x_wconf 82' lang='lat' dir='ltr'><strong>desistant.</strong></span> <span class='ocrx_word' id='word_1_837' title='bbox 1636 2318 1749 2352; x_wconf 84' lang='lat' dir='ltr'><strong>Semper</strong></span> 
     </span>
    </p>
   </div>
   <div class='ocr_carea' id='block_1_110' title="bbox 958 2363 1748 2402">
    <p class='ocr_par' dir='ltr' id='par_1_110' title="bbox 958 2363 1748 2402">
     <span class='ocr_line' id='line_1_110' title="bbox 958 2363 1748 2402; baseline -0.015 -1"><span class='ocrx_word' id='word_1_838' title='bbox 958 2373 1031 2402; x_wconf 84' lang='lat' dir='ltr'><strong>enim</strong></span> <span class='ocrx_word' id='word_1_839' title='bbox 1054 2373 1225 2399; x_wconf 81' lang='lat' dir='ltr'><strong>sacramenta</strong></span> <span class='ocrx_word' id='word_1_840' title='bbox 1250 2368 1296 2395; x_wconf 86' lang='lat' dir='ltr'><strong>Dei</strong></span> <span class='ocrx_word' id='word_1_841' title='bbox 1324 2371 1434 2402; x_wconf 80' lang='lat' dir='ltr'><strong>propter</strong></span> <span class='ocrx_word' id='word_1_842' title='bbox 1458 2365 1586 2400; x_wconf 83' lang='lat' dir='ltr'><strong>parvulos</strong></span> <span class='ocrx_word' id='word_1_843' title='bbox 1610 2363 1748 2391; x_wconf 83' lang='lat' dir='ltr'><strong>auditores</strong></span> 
     </span>
    </p>
   </div>
   <div class='ocr_carea' id='block_1_111' title="bbox 959 2410 1749 2450">
    <p class='ocr_par' dir='ltr' id='par_1_111' title="bbox 959 2410 1749 2450">
     <span class='ocr_line' id='line_1_111' title="bbox 959 2410 1749 2450; baseline -0.014 -4"><span class='ocrx_word' id='word_1_844' title='bbox 959 2417 1139 2446; x_wconf 83' lang='lat' dir='ltr'><strong>velaminibus</strong></span> <span class='ocrx_word' id='word_1_845' title='bbox 1163 2415 1327 2450; x_wconf 85' lang='lat' dir='ltr'><strong>quibusdam</strong></span> <span class='ocrx_word' id='word_1_846' title='bbox 1350 2412 1520 2447; x_wconf 74' lang='lat' dir='ltr'><strong>operiuntur.</strong></span> <span class='ocrx_word' id='word_1_847' title='bbox 1546 2410 1632 2442; x_wconf 79' lang='lat' dir='ltr'><strong>Quam</strong></span> <span class='ocrx_word' id='word_1_848' title='bbox 1653 2418 1749 2444; x_wconf 82' lang='lat' dir='ltr'><strong>magna</strong></span> 
     </span>
    </p>
   </div>
   <div class='ocr_carea' id='block_1_112' title="bbox 959 2455 1748 2492">
    <p class='ocr_par' dir='ltr' id='par_1_112' title="bbox 959 2455 1748 2492">
     <span class='ocr_line' id='line_1_112' title="bbox 959 2455 1748 2492; baseline -0.011 -2"><span class='ocrx_word' id='word_1_849' title='bbox 959 2462 1102 2491; x_wconf 85' lang='lat' dir='ltr'><strong>multitudo</strong></span> <span class='ocrx_word' id='word_1_850' title='bbox 1117 2461 1264 2488; x_wconf 74' lang='lat' dir='ltr'><strong>dulcedinis</strong></span> <span class='ocrx_word' id='word_1_851' title='bbox 1285 2464 1346 2492; x_wconf 80' lang='lat' dir='ltr'><strong>tuw,</strong></span> <span class='ocrx_word' id='word_1_852' title='bbox 1358 2458 1478 2491; x_wconf 80' lang='lat' dir='ltr'><strong>Domine,</strong></span> <span class='ocrx_word' id='word_1_853' title='bbox 1491 2464 1571 2492; x_wconf 81' lang='lat' dir='ltr'><strong>quam</strong></span> <span class='ocrx_word' id='word_1_854' title='bbox 1587 2455 1748 2483; x_wconf 66' lang='lat' dir='ltr'><strong>(incendisti</strong></span> 
     </span>
    </p>
   </div>
   <div class='ocr_carea' id='block_1_113' title="bbox 959 2502 1736 2540">
    <p class='ocr_par' dir='ltr' id='par_1_113' title="bbox 959 2502 1736 2540">
     <span class='ocr_line' id='line_1_113' title="bbox 959 2502 1736 2540; baseline -0.012 -3"><span class='ocrx_word' id='word_1_855' title='bbox 959 2508 1110 2537; x_wconf 75' lang='lat' dir='ltr'><strong>timentibus</strong></span> <span class='ocrx_word' id='word_1_856' title='bbox 1126 2513 1150 2534; x_wconf 88' lang='lat' dir='ltr'><strong>te</strong></span> <span class='ocrx_word' id='word_1_857' title='bbox 1161 2507 1193 2535; x_wconf 75' lang='lat'><strong>“‘.</strong></span> <span class='ocrx_word' id='word_1_858' title='bbox 1211 2506 1289 2540; x_wconf 79' lang='lat' dir='ltr'><strong>chis</strong></span> <span class='ocrx_word' id='word_1_859' title='bbox 1301 2511 1329 2532; x_wconf 89' lang='lat' dir='ltr'><strong>ct</strong></span> <span class='ocrx_word' id='word_1_860' title='bbox 1342 2505 1536 2540; x_wconf 81' lang='lat' dir='ltr'><strong>prophetarum</strong></span> <span class='ocrx_word' id='word_1_861' title='bbox 1549 2503 1620 2529; x_wconf 79' lang='lat' dir='ltr'><strong>Deus</strong></span> <span class='ocrx_word' id='word_1_862' title='bbox 1635 2502 1736 2529; x_wconf 84' lang='lat' dir='ltr'><strong>abscon</strong></span> 
     </span>
    </p>
   </div>
   <div class='ocr_carea' id='block_1_114' title="bbox 959 2546 1748 2583">
    <p class='ocr_par' dir='ltr' id='par_1_114' title="bbox 959 2546 1748 2583">
     <span class='ocr_line' id='line_1_114' title="bbox 959 2546 1748 2583; baseline -0.014 0"><span class='ocrx_word' id='word_1_863' title='bbox 959 2556 1000 2583; x_wconf 90' lang='lat' dir='ltr'><strong>dit</strong></span> <span class='ocrx_word' id='word_1_864' title='bbox 1023 2553 1223 2582; x_wconf 84' lang='lat' dir='ltr'><strong>multitudinem</strong></span> <span class='ocrx_word' id='word_1_865' title='bbox 1249 2551 1378 2578; x_wconf 80' lang='lat' dir='ltr'><strong>bonitatis</strong></span> <span class='ocrx_word' id='word_1_866' title='bbox 1403 2558 1460 2577; x_wconf 72' lang='lat' dir='ltr'><strong>suae</strong></span> <span class='ocrx_word' id='word_1_867' title='bbox 1483 2555 1537 2575; x_wconf 86' lang='lat' dir='ltr'><strong>non</strong></span> <span class='ocrx_word' id='word_1_868' title='bbox 1562 2546 1748 2582; x_wconf 73' lang='lat' dir='ltr'><strong>diligentibus,</strong></span> 
     </span>
    </p>
   </div>
   <div class='ocr_carea' id='block_1_115' title="bbox 959 2596 1749 2631">
    <p class='ocr_par' dir='ltr' id='par_1_115' title="bbox 959 2596 1749 2631">
     <span class='ocr_line' id='line_1_115' title="bbox 959 2596 1749 2631; baseline -0.013 -2"><span class='ocrx_word' id='word_1_869' title='bbox 959 2601 1006 2629; x_wconf 86' lang='lat' dir='ltr'><strong>sed</strong></span> <span class='ocrx_word' id='word_1_870' title='bbox 1020 2599 1178 2628; x_wconf 82' lang='lat' dir='ltr'><strong>timentibus</strong></span> <span class='ocrx_word' id='word_1_871' title='bbox 1192 2605 1232 2625; x_wconf 79' lang='lat' dir='ltr'><strong>se.</strong></span> <span class='ocrx_word' id='word_1_872' title='bbox 1247 2596 1355 2624; x_wconf 76' lang='lat' dir='ltr'><strong>Parvuli</strong></span> <span class='ocrx_word' id='word_1_873' title='bbox 1373 2596 1475 2631; x_wconf 86' lang='lat' dir='ltr'><strong>quippe</strong></span> <span class='ocrx_word' id='word_1_874' title='bbox 1487 2600 1550 2622; x_wconf 87' lang='lat' dir='ltr'><strong>sunt</strong></span> <span class='ocrx_word' id='word_1_875' title='bbox 1569 2601 1618 2620; x_wconf 86' lang='lat' dir='ltr'><strong>nec</strong></span> <span class='ocrx_word' id='word_1_876' title='bbox 1635 2597 1749 2628; x_wconf 88' lang='lat' dir='ltr'><strong>possunt</strong></span> 
     </span>
    </p>
   </div>
   <div class='ocr_carea' id='block_1_116' title="bbox 958 2634 1748 2676">
    <p class='ocr_par' dir='ltr' id='par_1_116' title="bbox 958 2634 1748 2676">
     <span class='ocr_line' id='line_1_116' title="bbox 958 2634 1748 2676; baseline -0.013 -2"><span class='ocrx_word' id='word_1_877' title='bbox 958 2654 1021 2674; x_wconf 84' lang='lat' dir='ltr'><strong>cum</strong></span> <span class='ocrx_word' id='word_1_878' title='bbox 1036 2645 1223 2673; x_wconf 75' lang='lat' dir='ltr'><strong>emolumento</strong></span> <span class='ocrx_word' id='word_1_879' title='bbox 1238 2651 1289 2670; x_wconf 84' lang='lat' dir='ltr'><strong>suo</strong></span> <span class='ocrx_word' id='word_1_880' title='bbox 1308 2634 1414 2670; x_wconf 79' lang='lat' dir='ltr'><strong>discere</strong></span> <span class='ocrx_word' id='word_1_881' title='bbox 1430 2641 1503 2676; x_wconf 86' lang='lat' dir='ltr'><strong>quod</strong></span> <span class='ocrx_word' id='word_1_882' title='bbox 1520 2643 1646 2667; x_wconf 83' lang='lat' dir='ltr'><strong>amentur</strong></span> <span class='ocrx_word' id='word_1_883' title='bbox 1666 2647 1682 2665; x_wconf 68' lang='grc' dir='ltr'>ί</span> <span class='ocrx_word' id='word_1_884' title='bbox 1702 2646 1748 2672; x_wconf 76' lang='lat' dir='ltr'><strong>pa-</strong></span> 
     </span>
    </p>
   </div>
   <div class='ocr_carea' id='block_1_117' title="bbox 959 2685 1748 2723">
    <p class='ocr_par' dir='ltr' id='par_1_117' title="bbox 959 2685 1748 2723">
     <span class='ocr_line' id='line_1_117' title="bbox 959 2685 1748 2723; baseline -0.009 -4"><span class='ocrx_word' id='word_1_885' title='bbox 959 2696 1011 2723; x_wconf 87' lang='lat' dir='ltr'><strong>tre,</strong></span> <span class='ocrx_word' id='word_1_886' title='bbox 1032 2700 1067 2719; x_wconf 80' lang='lat' dir='ltr'><strong>no</strong></span> <span class='ocrx_word' id='word_1_887' title='bbox 1085 2691 1281 2721; x_wconf 85' lang='lat' dir='ltr'><strong>dissolvantur,</strong></span> <span class='ocrx_word' id='word_1_888' title='bbox 1306 2696 1339 2716; x_wconf 87' lang='lat' dir='ltr'><strong>ne</strong></span> <span class='ocrx_word' id='word_1_889' title='bbox 1360 2688 1511 2722; x_wconf 86' lang='lat' dir='ltr'><strong>despiciant</strong></span> <span class='ocrx_word' id='word_1_890' title='bbox 1527 2686 1674 2714; x_wconf 72' lang='lat' dir='ltr'><strong>bonitatem</strong></span> <span class='ocrx_word' id='word_1_891' title='bbox 1689 2685 1748 2712; x_wconf 87' lang='lat' dir='ltr'><strong>Dei.</strong></span> 
     </span>
    </p>
   </div>
   <div class='ocr_carea' id='block_1_118' title="bbox 959 2731 1749 2773">
    <p class='ocr_par' dir='ltr' id='par_1_118' title="bbox 959 2731 1749 2773">
     <span class='ocr_line' id='line_1_118' title="bbox 959 2731 1749 2773; baseline -0.01 -7"><span class='ocrx_word' id='word_1_892' title='bbox 959 2739 1129 2773; x_wconf 82' lang='lat' dir='ltr'><strong>Quapropter</strong></span> <span class='ocrx_word' id='word_1_893' title='bbox 1160 2745 1223 2764; x_wconf 82' lang='lat' dir='ltr'><strong>cum</strong></span> <span class='ocrx_word' id='word_1_894' title='bbox 1249 2735 1368 2764; x_wconf 85' lang='lat' dir='ltr'><strong>audieris</strong></span> <span class='ocrx_word' id='word_1_895' title='bbox 1397 2734 1432 2762; x_wconf 85' lang='lat' dir='ltr'><strong>de</strong></span> <span class='ocrx_word' id='word_1_896' title='bbox 1456 2733 1547 2769; x_wconf 82' lang='lat' dir='ltr'><strong>populi</strong></span> <span class='ocrx_word' id='word_1_897' title='bbox 1574 2731 1749 2768; x_wconf 80' lang='lat' dir='ltr'><strong>captivitate,</strong></span> 
     </span>
    </p>
   </div>
   <div class='ocr_carea' id='block_1_119' title="bbox 948 2828 1458 2864">
    <p class='ocr_par' dir='ltr' id='par_1_119' title="bbox 948 2828 1458 2864">
     <span class='ocr_line' id='line_1_119' title="bbox 948 2828 1458 2864; baseline 0 -7"><span class='ocrx_word' id='word_1_898' title='bbox 948 2831 970 2847; x_wconf 79' lang='grc'><strong>⁸⁸</strong></span> <span class='ocrx_word' id='word_1_899' title='bbox 983 2830 1062 2858; x_wconf 79' lang='lat' dir='ltr'><strong>llebr.</strong></span> <span class='ocrx_word' id='word_1_900' title='bbox 1077 2838 1124 2857; x_wconf 88' lang='lat' dir='ltr'><strong>vn.</strong></span> <span class='ocrx_word' id='word_1_901' title='bbox 1175 2829 1196 2845; x_wconf 74' lang='grc'><strong>³³</strong></span> <span class='ocrx_word' id='word_1_902' title='bbox 1213 2829 1284 2864; x_wconf 68' lang='lat' dir='ltr'><strong>Dsal.</strong></span> <span class='ocrx_word' id='word_1_903' title='bbox 1300 2837 1391 2863; x_wconf 68' lang='lat' dir='ltr'><strong>cum,</strong></span> <span class='ocrx_word' id='word_1_904' title='bbox 1415 2828 1458 2857; x_wconf 80' lang='lat' dir='ltr'><strong>‘ll.</strong></span> 
     </span>
    </p>
   </div>
   <div class='ocr_carea' id='block_1_120' title="bbox 1069 2865 1320 2898">
    <p class='ocr_par' dir='ltr' id='par_1_120' title="bbox 1069 2865 1320 2898">
     <span class='ocr_line' id='line_1_120' title="bbox 1069 2865 1320 2898; baseline -0.004 -6"><span class='ocrx_word' id='word_1_905' title='bbox 1069 2866 1091 2882; x_wconf 64' lang='grc' dir='ltr'><strong>’δ</strong></span> <span class='ocrx_word' id='word_1_906' title='bbox 1107 2865 1179 2894; x_wconf 79' lang='lat' dir='ltr'><strong>Psal.</strong></span> <span class='ocrx_word' id='word_1_907' title='bbox 1196 2872 1259 2898; x_wconf 75' lang='lat' dir='ltr'><strong>xxx,</strong></span> <span class='ocrx_word' id='word_1_908' title='bbox 1275 2865 1320 2892; x_wconf 74' lang='lat' dir='ltr'><strong>2t).</strong></span> 
     </span>
    </p>
   </div>
   <div class='ocr_carea' id='block_1_121' title="bbox 1513 2826 1748 2859">
    <p class='ocr_par' dir='ltr' id='par_1_121' title="bbox 1513 2826 1748 2859">
     <span class='ocr_line' id='line_1_121' title="bbox 1513 2826 1748 2859; baseline -0.009 -3"><span class='ocrx_word' id='word_1_909' title='bbox 1513 2827 1536 2844; x_wconf 68' lang='lat'><strong>‘°</strong></span> <span class='ocrx_word' id='word_1_910' title='bbox 1548 2826 1628 2856; x_wconf 82' lang='lat' dir='ltr'><strong>Hebr.</strong></span> <span class='ocrx_word' id='word_1_911' title='bbox 1643 2834 1690 2859; x_wconf 80' lang='lat' dir='ltr'><strong>xtl,</strong></span> <span class='ocrx_word' id='word_1_912' title='bbox 1703 2827 1748 2855; x_wconf 77' lang='lat'><strong>‘29.</strong></span> 
     </span>
    </p>
   </div>
  </div>
