1882 3052
157 152 204 179 671

749 151 913 180 ORIGENIS
929 150 965 178 ιΝ
984 149 1204 178 E'LECHIELEM

1737 147 1794 174 672

156 208 237 236 crede
253 209 362 243 quidem
389 217 453 237 vere
480 211 612 238 accidisse
640 218 700 238 eam
721 210 800 245 juxta
826 209 947 236 historiae
960 211 983 238 Α
999 208 1154 241 titudiueru,
1175 207 1297 241 aliasque
1313 205 1446 233 virtutes?
1460 203 1543 239 Igitur
1564 203 1590 230 in
1604 203 1791 238 captivitatem

156 250 249 284 ﬁdem,
268 253 313 280 sed
334 254 360 280 in
386 254 494 289 signum
517 256 554 282 rei
580 255 691 282 alterius
717 254 899 290 praecessisse,
919 257 947 280 et

158 299 328 333 subsequens
343 301 510 335 signiﬁcasse
531 302 700 337 mysterium.
717 300 784 328 Nam
805 306 832 327 et
849 305 877 327 tu
898 300 944 334 qui

157 345 265 372 vocaris
280 345 431 380 ﬁdelis,qui
446 346 582 381 conspicis
595 346 834 381 paccm,Christus
846 347 946 381 quippe

157 396 209 422 pax
226 393 317 416 nostra
334 395 386 421 est,
402 390 428 417 in
441 390 591 418 Jerusalem
605 392 796 418 commoraris.
813 391 840 418 Si
853 396 945 418 autem

158 434 325 467 peccaveris.
341 435 510 469 derelinquat
525 440 552 463 te
568 436 685 463 visitatio
708 437 765 469 Dei,
786 442 813 464 et
829 436 946 464 traderis

155 479 279 513 captivus
300 479 560 511 Nabuchodonosor.
589 486 614 508 et
642 482 757 509 traditus
782 483 892 510 duceris
918 483 944 510 in

155 522 329 559 Babylonem.
346 525 413 553 Cum
428 526 500 552 enim
516 526 630 553 confusa
650 527 731 554 l'uerit
745 528 835 555 anima
863 533 908 556 tua
930 537 945 556 a

156 568 228 596 vitiis
242 575 267 596 et
283 570 545 604 perturliationilms,
560 573 705 600 abduceris
720 573 746 600 in
766 573 945 609 Babylonem,

153 615 282 649 quoniam
301 615 417 651 Babylon
435 617 556 652 confusio
573 619 776 654 interpretatur.
794 620 827 647 Et
847 622 868 648 si
884 629 946 648 rur-

153 668 213 687 sum
231 661 416 694 pteniteutiam
434 664 533 698 egeris,
552 670 579 691 et
595 673 642 698 per
662 666 867 693 conversionem
888 668 945 694 veri

152 705 243 733 cordis
260 707 476 735 misericordiam
493 709 539 736 Dei
556 709 755 745 impetraveris,
770 712 886 739 mittitur
897 713 944 740 tibi

155 750 253 779 Esdras
269 753 314 787 qui
330 759 355 780 te
371 754 500 788 reducat,
523 760 550 782 ct
571 755 707 784 azdilicare
730 756 812 784 iaciat
836 757 946 786 Jerusa-

152 797 216 824 lem.
235 797 337 826 Esdras
350 799 450 834 quippe
464 800 661 835 interpretatur
679 802 799 836 adjutor,
817 808 843 830 et
862 805 946 832 mitti-

153 846 197 868 tur
221 843 269 869 tibi
294 844 408 870 verbum
431 845 531 879 juvans
557 851 586 874 ut
610 848 755 875 revertaris
779 849 805 875 in
829 850 945 884 patriam

153 893 239 914 tuam.
256 888 465 918 Sacramentum
479 895 520 918 est
534 896 561 919 et
583 892 608 919 id
628 893 701 927 quod
718 893 746 921 in
766 895 908 930 aenigmate
917 902 944 924 ct

153 941 168 960 a
187 933 295 962 Danielc
308 936 420 968 dicitur,
438 943 464 963 et
478 938 512 964 ab
529 937 660 973 Apostolo
677 940 859 969 abscondente
871 944 944 977 pari-

152 982 193 1005 ter
206 983 233 1006 et
250 980 385 1007 revelantc
399 987 535 1009 narratur.
550 982 577 1010 ln
593 984 678 1012 Adam
692 993 786 1013 omnes
799 988 943 1022 morimur,

151 1030 178 1052 et
202 1026 228 1052 in
252 1026 361 1054 Christo
385 1036 480 1056 omnes
504 1030 673 1059 vivilicamur
698 1032 731 1059 “.
761 1033 823 1061 Fuit
843 1035 944 1070 quippe

151 1069 236 1097 Alam
264 1071 291 1098 in
316 1073 453 1107 paradiso,
480 1075 526 1102 sed
552 1084 665 1111 serpens
692 1079 857 1113 captivitatis
882 1069 943 1115 ejus

150 1126 233 1145 causa
246 1120 359 1152 exstitit,
375 1126 401 1148 et
419 1122 481 1150 fecit
496 1130 525 1151 ut
539 1125 686 1160 ejiceretur
702 1127 758 1155 sive
780 1129 813 1156 de
831 1129 943 1158 Jerusa-

151 1164 214 1197 lem,
235 1165 292 1192 sive
314 1167 348 1194 dc
371 1169 507 1202 paradiso,
527 1176 553 1198 et
575 1173 679 1200 veniret
703 1175 730 1200 in
756 1176 845 1203 locum
870 1177 943 1206 lntnc

149 1208 342 1245 lacrymarum.
359 1213 476 1248 Serpens
493 1216 579 1244 hostis
597 1222 639 1245 est
655 1220 809 1248 contrarius
824 1222 940 1250 veritati.

150 1253 310 1282 Contrarius
328 1263 418 1285 autem
437 1267 490 1287 non
506 1268 520 1287 a
538 1262 673 1297 principio
689 1270 798 1293 creatus
819 1272 871 1298 est,
893 1276 942 1295 ne-

149 1307 202 1334 que
215 1302 307 1328 statim
323 1311 405 1338 super
420 1309 515 1338 pectus
536 1312 563 1334 et
579 1313 699 1335 ventrem
718 1318 797 1338 suum
817 1313 941 1340 ambula—

148 1344 197 1378 vit,
211 1354 298 1382 neque
312 1348 363 1374 l'uit
378 1349 412 1376 ab
428 1350 506 1378 initio
524 1353 695 1381 maledictus.
715 1355 800 1383 Sicuti
816 1357 902 1385 Adam
916 1363 943 1386 et

148 1389 203 1418 Eva
220 1400 273 1418 non
296 1394 388 1420 statim
407 1401 435 1422 ut
456 1395 524 1424 facti
544 1403 608 1425 sunt
629 1407 811 1433 peccaverunt
831 1412 837 1430 :
858 1404 894 1430 ita
915 1409 941 1431 et

148 1441 258 1466 serpens
278 1434 329 1463 fuit
349 1437 496 1472 aliquando
517 1448 572 1468 non
590 1449 714 1476 serpens,
731 1452 792 1472 cum
817 1446 844 1473 in
866 1455 942 1481 para-

147 1479 208 1506 diso
229 1481 389 1510 deliciartnn
414 1491 577 1514 moraretur.
596 1487 672 1515 Unde
693 1484 786 1524 postea
808 1479 941 1520 corruens

148 1527 183 1551 ob
200 1531 308 1560 peccata
325 1530 424 1557 meruit
440 1531 533 1558 audire
545 1532 585 1559 5":
606 1533 644 1559 Tu
660 1535 827 1569 signacut’um
848 1539 941 1565 simili-

148 1571 259 1606 tudinis,
272 1582 369 1602 corona
381 1576 483 1603 decoris
498 1578 525 1604 in
538 1580 664 1613 paradiso
681 1581 727 1609 Dei
748 1589 826 1610 natus
843 1593 880 1616 es,
893 1586 940 1611 do-

147 1625 193 1643 nec
210 1619 313 1646 iiwenta
328 1626 366 1648 est
383 1622 512 1658 iniquitas
536 1625 564 1652 in
585 1630 619 1658 te,
646 1628 791 1656 antbulasti
811 1631 941 1658 immacu-

147 1662 218 1690 latus
232 1664 259 1691 in
282 1666 403 1695 omnibus
426 1669 474 1696 viis
494 1670 556 1698 tuis.
577 1670 616 1699 De
641 1680 694 1707 quo
713 1674 794 1701 etiam
811 1675 861 1703 Job
881 1684 939 1704 rne-

147 1713 246 1742 morat,
266 1711 331 1745 quia
353 1713 380 1739 in
397 1719 544 1749 conspectu
563 1717 758 1752 omnipotentis
773 1719 821 1747 Dei
843 1730 940 1756 super~

147 1755 238 1783 hierit.
252 1756 353 1785 Cecidit
367 1759 466 1794 quippe
479 1761 511 1788 de
524 1763 587 1790 calo
599 1762 707 1798 Lucifer
720 1766 766 1800 qui
779 1775 854 1793 mune
871 1755 941 1795 oric-

146 1801 234 1835 batur,
248 1805 376 1831 contritus
390 1811 429 1832 est
443 1816 522 1842 super
536 1814 634 1836 terram
646 1810 678 1836 ⁸⁷.
699 1811 767 1839 Vide
781 1821 938 1842 consonan-

146 1847 210 1874 tiam
227 1849 375 1884 prophetici
395 1854 600 1889 cvangelicique
619 1858 766 1885 sermonis.
790 1858 938 1894 Prophetas

145 1893 231 1921 dicit:
245 1895 343 1923 Cecidit
362 1897 394 1924 de
413 1899 476 1926 1:on
498 1899 606 1936 Lurifer
625 1903 670 1937 qui
696 1912 771 1932 mane
792 1893 936 1940 oriebatur,

144 1942 272 1969 contritus
287 1949 326 1970 est
340 1953 418 1980 super
436 1951 544 1974 terram.
562 1948 642 1976 Jesus
662 1951 783 1985 loquitur
796 1952 818 1968 "'
831 1962 838 1979 :
862 1953 938 1980 Vide-

145 1988 204 2014 bam
219 1987 349 2018 Satanam
362 1993 439 2026 quasi
454 1992 586 2028 fulgurde
600 1996 664 2023 uelo
678 1998 825 2026 cadentem.
840 1999 868 2025 lu
882 2007 938 2034 quo

143 2035 231 2063 ditl‘ert
245 2037 334 2064 dicere
348 2038 448 2074 fulgur,
459 2041 667 2070 autLucil‘crum
677 2043 710 2071 de
717 2045 787 2071 coelo
795 2047 938 2073 ruentem?

143 2081 220 2114 Quod
241 2084 273 2110 ad
287 2085 367 2119 357
382 2093 438 2113 rem
455 2089 581 2121 pertinet,
599 2090 689 2117 omnis
710 2093 889 2120 consonantia
903 2094 937 2122 de

143 2127 256 2155 cadente
275 2134 326 2156 est.
353 2130 424 2158 Deus
446 2133 545 2167 quippe
567 2139 681 2162 mortem
704 2144 759 2163 non
782 2137 862 2170 fecit,
886 2147 936 2167 nec

144 2173 274 2200 malitiam
299 2182 427 2210 operatus
450 2183 502 2206 est.
523 2179 649 2208 Liberum
675 2182 818 2210 arbitriqu
843 2189 869 2211 et
886 2185 936 2212 ho-

962 884 981 910 Β

956 1561 977 1588 C

128 2219 209 2245 ‘Inini
222 2225 249 2246 et
264 2222 360 2255 angelo
373 2223 407 2250 ad
422 2224 548 2252 universa
564 2227 697 2260 permisit.
717 2227 766 2255 llic
780 2229 837 2263 jam
854 2230 934 2258 intel-
949 2239 972 2267 υ

142 2265 279 2301 ligeudum
310 2273 351 2295 est
381 2271 518 2303 quomodo
551 2280 599 2306 per
628 2274 732 2301 arbitrii
754 2275 907 2303 libertatem
924 2297 932 2310 ,

141 2312 187 2340 alii
212 2313 244 2340 ad
277 2313 411 2342 bonorum
435 2318 644 2346 coriscenderiut
670 2322 867 2355 summitatem,
886 2324 933 2351 alii

141 2359 295 2386 corruerint
310 2361 335 2387 in
355 2362 465 2390 malitiae
483 2363 658 2398 profundum.
677 2366 716 2393 Tu
740 2376 815 2399 vero,
837 2368 932 2402 homo,

139 2412 226 2438 quare
248 2413 301 2432 non
327 2406 368 2434 vis
390 2407 505 2436 arbitrio
528 2413 554 2437 te
579 2415 625 2437 tuo
650 2411 827 2440 derelictum?
842 2414 932 2447 Quare

139 2457 211 2483 aegre
226 2451 281 2478 l'cls
303 2452 369 2486 niti,
393 2453 527 2487 laborare,
550 2458 724 2492 contendere,
744 2464 769 2486 et
793 2467 840 2493 per
861 2461 931 2489 bona

139 2503 222 2530 opera
239 2502 263 2525 te
278 2497 366 2532 ipsum
386 2508 497 2528 causam
516 2506 569 2529 tua:
586 2503 643 2530 ﬁeri
659 2505 775 2532 salutis?
790 2506 831 2532 An
844 2508 931 2542 magis

140 2547 166 2570 te
187 2543 332 2573 delectabit
351 2546 547 2580 dormientem,
568 2553 596 2576 et
618 2549 645 2576 in
672 2551 728 2578 otio
751 2553 929 2581 constitutum

139 2594 239 2617 aeterna
257 2592 436 2626 prosperitate
449 2595 638 2628 requiescere?
651 2595 734 2622 Pater
747 2605 830 2629 meus,
842 2598 932 2634 inquit

139 2633 272 2663 Dominus
281 2636 361 2666 Ju-sus
375 2638 504 2666 Christus
519 2639 551 2672 ",
569 2648 650 2675 usque
665 2642 741 2668 modo
757 2633 892 2676 operatur,
905 2651 929 2672 et

138 2687 185 2714 ego
201 2689 303 2715 operor,
319 2688 346 2710 et
367 2684 413 2711 tibi
432 2685 556 2720 displicet
577 2687 683 2721 operari
702 2688 766 2722 quid
791 2688 825 2716 ad
847 2697 930 2725 opera

140 2731 222 2754 natus
242 2729 290 2755 es?
313 2729 372 2757 Non
392 2731 433 2759 vis
453 2740 522 2767 opus
545 2738 620 2761 tuum
645 2734 702 2761 ﬁeri
719 2735 865 2770 justitiam,
886 2745 931 2765 sa-

142 2772 280 2806 pientiam,
296 2776 468 2805 castitatem?
483 2777 540 2806 Non
558 2780 599 2807 vis
616 2784 691 2807 tuum
712 2788 780 2815 opus
794 2789 855 2809 esse
875 2782 930 2810 l'or-

998 253 1146 284 ducuntur,
1169 252 1216 287 qui
1237 256 1349 286 propter
1372 256 1480 285 peccata
1498 257 1547 276 sua
1570 249 1711 276 servitutis
1734 257 1790 276 ute-

998 305 1077 324 ruere
1093 296 1235 331 supplicia.
1251 294 1283 321 Et
1302 294 1374 321 venit
1392 293 1470 320 Jesus
1493 292 1619 319 Christus
1642 292 1790 326 praedicare

997 343 1112 377 captivis
1128 341 1328 371 remissionem,
1341 344 1368 366 et
1382 339 1461 366 caecis
1474 338 1562 365 visum
1573 338 1608 365 ‘°.
1621 337 1676 364 Iste
1692 338 1791 364 clamat

997 390 1036 416 eis
1052 389 1097 423 qui
1114 393 1178 416 sunt
1192 389 1219 415 in
1234 387 1360 418 vinculis,
1377 385 1549 420 egredimini;
1565 390 1591 412 et
1611 384 1645 411 iis
1663 384 1710 419 qui
1729 391 1791 411 vcr-

997 441 1094 463 santur
1111 437 1138 461 iu
1155 433 1284 464 tenebris.
1301 433 1393 460 ridete.
1414 431 1447 458 Et
1465 439 1515 458 nos
1535 431 1637 458 fuimus
1652 430 1679 457 in
1698 430 1791 457 vincu-

997 482 1030 508 lis
1055 485 1239 516 peccatorum,
1261 483 1289 506 ct
1313 486 1363 506 nos
1387 478 1534 512 aliquando
1560 477 1738 504 versabamur
1762 476 1790 502 in

998 527 1132 558 tenebris,
1159 527 1304 554 adversum
1337 530 1456 552 rectores
1489 523 1662 551 tenebrarum
1696 521 1791 549 mundi

998 573 1078 600 istius
1092 577 1280 600 concertautes
1296 581 1302 599 :
1320 571 1393 598 venit
1412 571 1491 598 Jcsus
1509 570 1630 597 omniurn
1647 569 1791 604 propheta-

997 627 1058 646 rum
1086 619 1200 645 vocibus
1218 617 1393 652 praedicatus,
1413 617 1508 644 dicens
1534 615 1640 651 ligatis,
1664 615 1745 647 exite,
1764 618 1790 640 et

996 664 1154 692 constitutis
1166 664 1193 690 in
1210 664 1337 695 tenebris,
1354 662 1473 696 aspicite.

1032 754 1058 780 4.
1076 753 1103 780 Si
1120 757 1210 780 autem
1235 753 1276 779 vis
1297 751 1391 778 audire
1408 749 1577 777 Ezechielem
1596 748 1683 775 ﬁlium
1703 746 1791 774 homi-

996 802 1039 828 nis
1057 801 1083 827 in
1101 800 1257 834 captivitate
1280 798 1472 833 praedicantem
1485 817 1492 830 ,
1509 801 1537 823 et
1559 796 1611 823 iste
1631 800 1713 830 typus
1733 797 1792 821 erat

997 848 1109 875 Christi.
1127 846 1190 873 Ideo
1209 846 1309 880 factum
1322 850 1360 872 est
1374 864 1381 876 ,
1406 843 1443 871 ait
1457 843 1491 874 ⁵⁵,
1507 843 1535 869 in
1550 842 1684 869 tricesimo
1709 846 1789 867 anno.

997 894 1023 920 in
1036 898 1130 928 quarto
1145 900 1239 923 mense,
1253 892 1279 918 in
1290 891 1383 926 quinta
1395 890 1502 921 mensis,
1514 895 1538 917 el
1553 897 1598 924 ego
1610 897 1685 915 eram
1696 889 1725 914 in
1738 896 1792 915 ms-

997 941 1042 966 dio
1054 939 1215 974 captiuitatis
1231 946 1304 965 secus
1319 937 1417 972 [lunten
1438 936 1543 963 Cltobar
1555 957 1562 969 ,
1585 941 1609 962 et
1631 935 1718 970 aperti
1730 940 1790 962 sunt

997 987 1064 1014 cwli.
1079 985 1164 1012 Sectis
1183 984 1294 1012 ﬂuvium
1312 991 1377 1018 ergo
1389 982 1499 1009 Chobar
1514 981 1639 1008 Ezechiel
1658 988 1722 1007 cum
1744 980 1792 1006 tri-

997 1033 1071 1068 ginta
1090 1036 1163 1059 esset
1175 1033 1438 1063 annorum,apertos
1451 1028 1517 1055 vidit
1529 1028 1624 1055 caelos.
1640 1026 1674 1053 Et
1698 1026 1792 1053 Domi-

998 1086 1049 1105 nus
1063 1076 1144 1104 Jesns
1159 1075 1286 1103 Christus
1304 1074 1436 1109 incipiens
1452 1078 1511 1101 erat
1520 1073 1598 1109 quasi
1612 1072 1726 1108 triginta
1740 1079 1791 1099 an-

998 1132 1095 1150 norum
1108 1130 1187 1150 secus
1196 1122 1308 1149 ﬂuvium
1321 1120 1480 1152 Iordanem,
1495 1125 1522 1147 et
1538 1119 1623 1154 aperti
1638 1125 1705 1146 sunt
1717 1118 1789 1146 cmli.

997 1170 1030 1197 Et
1045 1177 1093 1204 per
1110 1177 1220 1196 omnem
1238 1167 1406 1203 prophetiam
1422 1166 1556 1194 Ezechieli
1573 1166 1675 1193 dicitur
1699 1175 1706 1192 :
1736 1164 1791 1192 Fili

997 1216 1119 1242 Iiomt'nis.
1145 1215 1213 1248 Quis
1231 1218 1322 1241 autem
1348 1213 1420 1240 ﬁlius
1442 1212 1576 1243 hominis,
1601 1217 1630 1239 ut
1654 1211 1791 1238 Dominus

997 1269 1075 1289 meus
1095 1260 1175 1288 .Icsus
1201 1259 1343 1287 Christus?
1364 1258 1556 1293 Respondeaut
1577 1258 1644 1284 mihi
1669 1257 1790 1284 hteretici

996 1307 1043 1343 qui
1062 1307 1228 1334 nativitatem
1246 1306 1318 1332 illius
1334 1310 1364 1332 ut
1374 1305 1538 1340 phantasma
1551 1304 1666 1330 eludunt
1683 1313 1690 1330 :
1704 1311 1791 1338 quare

996 1354 1124 1381 Christus
1142 1353 1213 1380 ﬁlius
1229 1352 1349 1379 hominis
1362 1351 1532 1386 appellatur?
1552 1349 1608 1385 Ego
1630 1350 1736 1376 allirnm
1757 1350 1790 1376 ti-

996 1399 1061 1426 liqu
1078 1398 1198 1426 hominis
1217 1405 1279 1425 eum
1297 1396 1392 1424 fuisse.
1419 1395 1486 1423 Nam
1508 1396 1555 1431 qui
1577 1395 1722 1430 passiones
1745 1403 1790 1422 as-

996 1445 1114 1480 sumpsit
1132 1445 1284 1475 humanas,
1302 1450 1414 1471 necesse
1434 1447 1476 1470 est
1498 1446 1526 1469 ut
1545 1446 1607 1468 ante
1630 1441 1789 1476 passionem

996 1491 1149 1525 susceperit
1160 1490 1340 1517 nativitatem.
1359 1487 1451 1523 Neque
1463 1487 1536 1515 enim
1551 1487 1638 1521 potuit
1651 1486 1789 1514 humanos

996 1537 1119 1569 allectus,
1135 1536 1226 1567 verba,
1240 1534 1462 1566 consuetudines,
1480 1540 1599 1562 crucem.
1616 1537 1733 1559 mortem
1747 1540 1791 1559 re-

995 1583 1095 1617 cipere,
1108 1582 1131 1608 si
1149 1589 1203 1608 non
1225 1580 1358 1615 reciperet
1381 1579 1559 1606 humanitatis
1580 1577 1737 1604 exordium.
1758 1577 1788 1604 Et

994 1636 1166 1662 consequens
1174 1626 1409 1654 eratuativitatem
1420 1625 1480 1659 ejus
1492 1624 1660 1655 auferentes,
1677 1622 1790 1650 auferre

993 1675 1075 1702 etiam
1093 1673 1258 1708 passionem,
1274 1677 1301 1699 et
1316 1671 1475 1706 simpliciter
1487 1670 1587 1701 dicere,
1600 1678 1655 1697 non
1668 1673 1711 1697 est
1725 1677 1790 1696 cru-

993 1720 1090 1748 ciﬁxus
1102 1718 1192 1746 Jesus.
1211 1718 1290 1745 Nune
1299 1726 1363 1745 vero
1382 1725 1491 1745 crucem
1513 1716 1664 1747 conﬁteris,
1683 1721 1710 1743 et
1731 1724 1788 1742 non

993 1766 1133 1794 erubescis
1144 1765 1247 1793 «Iudicis
1264 1764 1424 1792 scandalum
1439 1763 1592 1799 praedicans
1609 1764 1788 1794 cruciﬁxum,

993 1817 1019 1839 ct
1034 1811 1160 1847 gentibus
1174 1810 1318 1838 stultitiam
1335 1810 1368 1842 “;
1383 1814 1409 1836 et
1421 1809 1512 1836 minus
1532 1808 1694 1836 scandalum
1721 1816 1789 1842 pas-

993 1858 1071 1885 sione
1084 1857 1126 1883 vel
1146 1861 1243 1888 morte,
1262 1855 1403 1882 erubescis
1423 1854 1592 1881 nativitatem
1616 1853 1677 1887 ejus
1697 1854 1788 1880 conli-

993 1902 1054 1930 teri.
1074 1901 1210 1929 Nimirum
1240 1901 1331 1927 ritilius
1351 1899 1471 1926 scandali
1498 1903 1538 1926 est
1566 1897 1661 1925 Jesunt
1690 1903 1789 1925 natum

992 1948 1087 1981 fuisse,
1099 1955 1182 1982 quam
1195 1951 1344 1975 mortuum.
1354 1950 1402 1973 aut
1417 1945 1439 1971 si
1451 1944 1611 1972 scandalum
1626 1943 1787 1971 Christiana

991 1995 1058 2022 tldes
1067 2002 1120 2021 non
1127 1998 1246 2026 veretur,
1254 2001 1302 2020 cur
1310 1993 1390 2019 times
1398 1992 1488 2018 dicere
1497 1991 1613 2023 minora,
1624 1990 1671 2025 qui
1680 1990 1787 2024 majora

991 2048 1076 2068 ausus
1091 2048 1122 2067 es
1140 2039 1275 2066 conﬁteri?
1295 2037 1448 2065 Praesertim
1471 2045 1532 2064 cum
1557 2037 1686 2063 nativitas
1712 2036 1788 2063 illius

991 2095 1046 2114 non
1058 2095 1090 2114 ex
1107 2086 1211 2113 semine
1225 2085 1275 2112 viri
1289 2089 1317 2111 et
1333 2084 1456 2111 mulieris
1475 2091 1573 2110 somno
1593 2083 1788 2111 conventiculis

989 2140 1051 2160 esse
1062 2132 1199 2164 credatur,
1217 2131 1263 2158 sed
1276 2130 1355 2164 juxta
1371 2130 1509 2164 prophetae
1525 2130 1665 2164 eloquium
1686 2130 1786 2157 dicen-

990 2180 1026 2207 tis
1043 2180 1065 2195 "
1082 2188 1089 2206 :
1106 2178 1171 2206 Ecce
1183 2178 1255 2212 virga
1271 2178 1296 2204 iu
1309 2182 1381 2204 utero
1397 2171 1535 2211 concipiei,
1547 2181 1572 2203 et
1586 2177 1672 2211 pariet
1683 2176 1786 2211 ﬁlium,

988 2230 1013 2253 et
1029 2225 1164 2252 vocabitur
1181 2232 1274 2251 nomen
1287 2224 1344 2258 ejus
1358 2223 1524 2251 lt‘nunanuel.
1550 2222 1608 2249 Hoc
1622 2223 1697 2257 quod
1712 2223 1786 2250 dici-

988 2277 1031 2298 tur
1043 2269 1215 2301 Emmanuel,
1232 2276 1286 2295 nnn
1305 2276 1389 2295 unum
1408 2276 1505 2295 nomen
1533 2272 1630 2300 sntiat,
1652 2268 1700 2295 sed
1722 2275 1782 2294 rem

987 2316 1132 2351 signiﬁcat.
1149 2315 1317 2342 Adveniente
1331 2314 1432 2349 quippe
1452 2313 1516 2341 Jesn
1535 2314 1670 2347 dicimus,
1688 2314 1785 2341 nobis-

986 2371 1049 2390 cutn
1076 2361 1218 2389 Dominus.
1244 2360 1302 2388 Non
1320 2361 1420 2387 [rustra
1433 2368 1498 2396 ergo
1516 2360 1541 2386 in
1555 2360 1697 2387 tricesimo
1709 2368 1784 2387 anno

987 2409 1130 2444 prophetat
1158 2407 1292 2435 Ezechiel.
1321 2405 1388 2433 Nam
1415 2411 1443 2434 et
1474 2413 1574 2433 nomen
1607 2405 1669 2439 ejus
1694 2407 1782 2441 ﬁgura

986 2455 1087 2483 Christi
1101 2459 1152 2482 est.
1170 2454 1364 2488 Interpretatur
1376 2453 1478 2487 quippe
1493 2452 1620 2479 Ezechiel
1637 2452 1782 2486 imperium

986 2502 1046 2534 Dei;
1062 2501 1207 2535 imperium
1220 2505 1312 2528 autem
1328 2500 1374 2527 Dei
1388 2499 1479 2527 nullus
1499 2504 1551 2532 est,
1576 2498 1629 2525 nisi
1651 2498 1781 2526 Christus

984 2549 1074 2577 Jesus.
1089 2548 1174 2575 Filius
1187 2555 1296 2582 quoque
1309 2546 1374 2573 Buri
1386 2545 1526 2578 scribitur,
1547 2546 1623 2579 quod
1644 2545 1779 2580 interpre-

986 2600 1058 2623 tatur
1070 2598 1245 2628 contemptus.
1262 2593 1290 2620 Si
1306 2593 1399 2620 venias
1414 2592 1447 2619 ad
1465 2591 1618 2623 hatreticos,
1635 2595 1664 2618 et
1684 2591 1780 2619 audias

984 2649 1033 2668 eos
1047 2644 1207 2675 spernentes
1240 2643 1267 2666 et
1283 2645 1332 2673 pro
1356 2637 1442 2664 nihilo
1458 2637 1590 2664 ducentes
1606 2637 1777 2668 Creatorem,

983 2692 1010 2714 ct
1034 2687 1146 2720 insuper
1170 2686 1253 2713 etiam
1273 2684 1469 2716 criminantes,
1491 2683 1596 2710 videbis
1617 2683 1698 2718 juxta
1718 2683 1777 2710 illos

983 2731 1209 2767 contemptissimi
1221 2731 1360 2759 Creatoris
1371 2730 1470 2757 Filium
1484 2729 1630 2757 Dominum
1650 2737 1775 2758 nostrum

983 2780 1077 2808 Jesum
1091 2778 1242 2805 Christum.
1259 2776 1337 2809 Quod
1360 2776 1382 2803 si
1400 2776 1462 2811 quis
1479 2776 1646 2809 reluctatur,
1669 2781 1698 2803 et
1722 2783 1773 2803 non

196 2841 242 2883 "'__l
256 2843 385 2883 Cet'._xv,
400 2847 445 2883 (ἐξ.
485 2847 507 2865 ⁸⁸
520 2847 618 2879 Bacch,
635 2857 730 2880 xxviii,
746 2850 777 2876 l2
788 2855 813 2877 ct
832 2851 872 2877 lii.

1034 2858 1070 2883 iv,
1089 2849 1128 2876 l2.
1170 2849 1190 2865 ‘"
1203 2848 1267 2877 Luc.
1282 2855 1309 2882 x,
1326 2847 1366 2875 l8.
1406 2846 1427 2863 ⁸³
1443 2846 1520 2874 Joan.
1537 2853 1564 2878 ν,
1582 2845 1624 2873 l7.
1663 2846 1687 2862 "
1706 2845 1769 2873 Luc.

143 2885 179 2905 tv.
219 2878 239 2894 "
259 2878 358 2907 Ezceh.
384 2889 402 2915 ι,
424 2881 446 2908 l.
487 2883 508 2899 "
526 2882 609 2910 lCor.
623 2892 641 2910 ι.
678 2885 699 2899 ⁵⁵
714 2878 764 2912 lsa.
781 2893 827 2918 vn,
845 2886 884 2914 li.
