1882 3052
87 107 140 136 673

807 105 950 134 HOMILIA
969 106 990 133 l.

1667 109 1722 137 6H

90 165 144 193 vult
157 172 216 200 quae
229 165 426 200 exposuimus,
449 164 526 199 quasi
553 164 723 200 prophetiam
744 166 876 199 recipere,
892 167 914 194 Α
928 163 1029 189 mimum
1041 171 1117 191 suum
1137 165 1260 192 tribulat.
1278 164 1340 192 Haec
1353 164 1455 193 idcirco
1475 171 1624 194 memorata
1646 173 1720 199 sunt,

90 218 204 246 qua-ram
218 210 254 238 ab
265 219 296 237 eo
312 219 360 238 cur
377 211 508 246 scriptntn
524 214 566 238 est
592 211 618 237 itt
645 211 785 238 tricesimo
804 217 875 236 anno

91 257 146 284 vita:
158 257 305 284 Ezechielis
318 262 426 292 apertos
440 257 526 284 fuisse
539 257 635 289 caelos,
651 261 677 283 et
694 257 794 283 vidisse
812 264 874 282 eum

91 311 132 330 eas
152 303 272 330 visiones
289 311 349 337 qum
369 304 396 330 in
416 304 484 330 libro
509 304 568 338 ejus
594 303 778 330 continentur.
805 302 874 335 Quid

91 348 150 374 mihi
166 349 277 382 prodest
288 356 421 375 annorum
436 356 577 379 numerus,
588 348 639 375 nisi
653 348 714 380 hoc,
732 347 874 374 utdiscum

89 394 221 421 tricesimo
237 402 311 421 anno
324 400 349 422 et
359 395 491 422 Salvatori
504 400 530 422 et
544 396 682 430 prophetat
692 395 776 422 emlos
789 396 875 423 fuisse

88 445 227 473 reseratos,
246 445 274 467 et
295 441 462 475 spiritalibus
482 442 611 475 spiritalia
629 450 810 476 comparans,
829 450 874 469 co-

91 492 209 518 gnoscam
227 486 353 512 universa
370 494 430 520 qua:
447 487 547 521 scripta
568 488 648 517 sunt',
667 487 789 520 ejusdem
813 495 874 514 esse

91 530 131 557 Dei
147 532 308 559 sermones?
321 531 425 566 Quippe
444 532 520 558 verba
533 533 692 566 sapientium
711 537 738 558 ut
759 533 872 564 stimuli,

88 581 109 602 et
124 577 197 610 quasi
213 577 282 604 clavi
292 578 320 603 in
336 578 420 604 altum
434 578 543 612 conﬁxi,
559 579 621 613 quia
639 578 873 613 compunguntibus

88 623 140 650 dati
151 628 209 649 stmt
222 632 237 649 ιε
253 630 360 658 pastore
372 631 423 650 uno
442 624 475 649 ³⁸.
497 624 552 659 Εεο
567 629 594 652 et
610 625 661 652 hoc
677 625 749 659 quod
775 624 874 651 dicitur

88 669 112 695 in
126 675 217 704 quarto
230 677 318 696 mense
334 670 426 704 quinta
439 670 544 702 mensis,
567 670 643 705 juxta
667 670 872 705 possibilitatem

88 723 177 742 sensus
191 716 242 742 mei
266 715 450 750 investigans,
470 723 565 750 precor
583 724 599 743 a
623 716 678 743 Deo
702 722 731 743 ut
754 717 871 751 itlipsntn

88 760 180 794 possim
199 760 350 795 intelligere
367 760 437 795 quod
453 760 655 796 Scripturarum
672 762 733 797 ejus
748 763 873 797 congruit

87 806 221 833 voluntati.
251 805 345 834 Novus
371 814 460 833 annus
486 807 610 834 imminet
629 808 685 842 jatn
709 808 827 840 Judzcis,
846 814 873 836 ct

88 851 184 887 primus
208 852 315 880 mensis
338 853 408 888 apud
431 861 482 879 eos
502 861 516 880 a
538 854 600 880 novi
621 855 684 881 attni
712 860 872 882 numeratur

88 898 201 925 exordio.
218 899 318 934 Agitur
333 904 423 926 autem
437 898 541 926 Pascha
556 899 589 926 de
601 901 784 928 numeronovi
796 902 871 929 anni.

90 942 247 977 Prinripium
265 945 394 970 mensium
407 945 456 970 iste
471 944 541 971 vobis
561 946 610 971 erit
626 947 652 972 in
678 946 808 973 mensibus
825 955 873 974 an-

87 987 111 1013 ni
123 987 154 1014 ⁸³.
168 989 209 1015 Ab
229 989 283 1016 ltoc
300 996 372 1015 anno
390 997 501 1016 numera
521 990 586 1016 tnihi
598 995 724 1025 qttartttm
738 999 870 1025 mensem,

86 1033 234 1069 etintellige
250 1034 418 1068 baptizatum
434 1033 526 1061 Jesum
542 1036 568 1062 itt
585 1041 683 1070 quarto
700 1045 793 1064 mense
807 1039 871 1066 novi

87 1080 153 1106 anni.
170 1079 208 1106 Eo
221 1080 297 1106 enim
316 1088 409 1107 mense
421 1081 466 1115 qui
484 1082 554 1115 apud
571 1080 708 1109 Romanos
724 1082 871 1111 Ianuarius

86 1130 262 1161 nuncupatur,
278 1126 445 1161 baptismum
459 1127 566 1155 Domini
582 1128 682 1156 factum
697 1136 758 1156 esse
770 1138 871 1165 cogno-

85 1172 189 1205 scimus,
206 1173 252 1207 qui
268 1177 313 1200 est
330 1175 431 1201 mensis
441 1179 556 1208 quartus
572 1175 606 1201 ab
622 1183 694 1202 anno
712 1176 870 1210 novojttxta

85 1220 300 1253 supputationem
316 1217 502 1246 Hebraeorum.
518 1219 550 1246 Et
562 1220 625 1255 quia
637 1221 670 1247 de
683 1225 801 1255 quatuor
815 1222 870 1248 ele-

86 1264 176 1291 mentis
188 1264 286 1292 mundi
302 1265 456 1292 subsistens
474 1272 574 1300 corpus
589 1271 787 1300 assumpserat,
801 1266 871 1293 reci-

84 1311 155 1345 piens
174 1311 255 1338 etiam
274 1319 373 1338 sensus
394 1311 548 1342 humanos,
575 1312 635 1339 ideo
658 1311 771 1340 forsitan
792 1319 819 1340 et
842 1316 869 1340 in

85 1362 173 1391 quarto
187 1364 293 1389 mense,
307 1362 333 1384 et
357 1358 384 1384 itt
405 1358 502 1392 quinto
523 1358 566 1385 die
582 1358 684 1386 mensis
697 1363 739 1385 est
754 1359 869 1387 intuitus

85 1403 223 1430 visionem.

114 1449 139 1476 5.
157 1449 188 1475 Et
202 1458 248 1484 ego
263 1457 336 1476 erant
349 1450 375 1475 in
391 1449 476 1476 medio
488 1450 661 1484 captivitatis.
676 1449 790 1477 Videtur
802 1449 867 1476 mihi

84 1494 202 1528 ironich
213 1496 317 1523 dictum
333 1505 339 1522 :
358 1495 392 1522 Et
405 1504 450 1530 ego
465 1504 537 1522 erant
551 1495 578 1522 in
592 1495 677 1522 medio
692 1496 864 1530 captivitatis.
881 1506 903 1534 ρ

84 1541 113 1569 Et
125 1550 172 1577 ego
186 1552 193 1569 :
208 1543 289 1578 quasi
303 1542 325 1569 si
339 1541 410 1569 dicat
421 1542 498 1576 juxta
515 1542 658 1569 historiam
675 1542 783 1577 quidem
803 1550 867 1577 pro-

84 1587 166 1622 pheta,
179 1593 204 1615 et
220 1597 272 1624 ego
293 1588 340 1623 qui
365 1595 417 1614 non
439 1588 552 1615 tenebar
573 1587 599 1614 in
620 1588 739 1622 peccatis
763 1588 867 1623 populi,

83 1642 149 1661 cram
167 1636 192 1661 in
207 1635 298 1662 medio
314 1634 478 1669 captivitatis
498 1634 593 1669 :juxta
607 1634 761 1669 allegoriam
777 1639 866 1661 autem

83 1679 208 1713 Christus,
227 1685 254 1708 et
271 1689 323 1715 ego
335 1680 395 1707 veui
413 1680 439 1706 in
456 1680 544 1707 locqu
560 1680 735 1714 captivitatis.
753 1681 815 1707 veni
833 1681 867 1707 ad

84 1734 125 1752 t-os
140 1727 215 1758 lines,
231 1727 277 1754 uhi
294 1726 376 1759 servi,
392 1725 436 1752 ubi
450 1725 548 1760 captivi
559 1726 761 1753 detinebantur.
779 1725 868 1753 Habes

84 1772 228 1800 istiusmodi
245 1772 397 1799 Salvatoris
411 1773 501 1799 nostri
513 1780 595 1799 voces
612 1773 639 1799 in
656 1773 804 1807 prophetis,
823 1772 867 1800 in-

83 1819 210 1854 dignantis
227 1820 292 1855 quia
311 1827 363 1846 non
388 1819 521 1846 faciamus
540 1818 623 1854 358
643 1819 768 1846 homines
786 1819 866 1854 digna

82 1864 277 1899 dispensatione
291 1865 361 1899 ejus,
377 1869 404 1891 et
415 1865 532 1891 maxime
547 1872 596 1891 nos
610 1865 656 1899 qtti
671 1864 696 1891 in
711 1872 773 1890 ettm
788 1869 865 1899 puta-

83 1918 138 1937 mur
149 1912 268 1938 credere.
283 1910 353 1938 l)ieit
364 1911 464 1945 quippe
478 1910 511 1937 ad
521 1910 628 1937 Patrem
643 1918 723 1937 suttm
739 1911 762 1926 "
778 1920 783 1937 :
801 1910 867 1942 Qure

83 1957 178 1984 lui/itas
195 1959 221 1984 in
237 1958 367 1991 sanguine
381 1965 446 1989 meo,
458 1957 522 1983 dum
536 1957 664 1983 descendo
676 1957 703 1983 in
717 1957 866 1989 corruptio-

83 2005 149 2032 nem.’
165 2003 295 2040 Nunquid
309 2003 478 2039 conﬁtebitur
495 2003 543 2030 tibi
557 2004 654 2038 pulvis,
666 2008 713 2030 aut
727 2004 867 2030 annuntia-

82 2049 115 2076 l't't
131 2052 265 2078 veritate»:
279 2050 367 2077 tuam?
383 2051 496 2077 Invenio
509 2058 618 2085 quoque
632 2055 658 2077 et
672 2050 753 2077 aliam
773 2049 866 2077 istius-

83 2095 149 2122 modi
165 2103 270 2128 vocam,
284 2103 345 2130 quae
359 2103 391 2122 ex
405 2095 554 2122 Salvatoris
567 2096 652 2122 nostri
669 2103 783 2130 persona
798 2095 866 2122 dici-

83 2145 122 2167 tur
133 2149 179 2176 per
194 2143 356 2178 prophetam
372 2147 538 2177 qumrentetn
555 2142 662 2169 animas
678 2142 771 2176 plenas
783 2142 864 2176 justi.

83 2185 129 2218 lim,
143 2187 234 2221 plenas
248 2195 380 2214 sensuum
400 2187 567 2220 divinorum,
590 2187 684 2222 plenas
705 2191 862 2214 sanctorum

82 2229 222 2265 fructuum,
236 2238 264 2261 et
279 2237 433 2268 quaerentes
452 2233 573 2260 veritatis
590 2239 670 2259 veros
690 2232 794 2264 botros,
817 2233 863 2259 sed

83 2276 253 2306 imenientem
268 2279 401 2314 plurimos
418 2283 574 2313 peccatores
587 2283 614 2305 et
625 2277 759 2305 inl'eraccs
779 2278 864 2304 bono-

82 2329 146 2353 rutn,
158 2324 299 2351 etitleirco
312 2324 446 2350 dicentem
459 2324 482 2339 ’"
503 2332 508 2350 :
527 2323 585 2350 Heu
607 2323 670 2349 mihi
688 2324 751 2358 quia
776 2323 864 2357 factus

82 2372 132 2391 sum
143 2367 207 2393 sicut
223 2368 268 2402 qui
282 2367 383 2402 colligit
402 2367 528 2402 stipulam
541 2368 568 2394 in
587 2376 679 2399 messe,
695 2373 720 2394 ιιι
732 2368 800 2394 sicut
820 2376 864 2395 ra-

82 2418 157 2439 cemos
171 2413 197 2439 in
212 2414 355 2447 vindemia,
368 2413 402 2440 ad
414 2422 493 2449 quant
508 2423 559 2440 nun
580 2416 694 2446 supersit
715 2416 805 2442 bolrus
829 2416 863 2441 ad

82 2459 288 2486 manducandum
299 2460 444 2494 primitiva.
459 2459 514 2487 Heu
529 2461 605 2487 tnihi.
618 2460 695 2493 Quod
707 2461 808 2488 dicitur
816 2462 865 2488 .‘u'u

83 2504 148 2537 mihi,
169 2513 222 2533 non
242 2511 285 2533 est
299 2506 472 2541 pt'imogeniti
487 2506 571 2533 totius
588 2512 729 2538 creaturte,
745 2515 800 2533 non
823 2512 865 2534 est

82 2549 223 2580 divinitatis
235 2560 299 2585 νος,
315 2553 362 2579 sed
378 2553 504 2579 humanae
517 2553 616 2579 anima:
626 2561 706 2587 quatn
725 2554 863 2588 suscepit:

81 2597 237 2625 undeittiert
253 2599 275 2615 ⁸³
291 2608 297 2626 :
322 2598 381 2625 Heu
398 2599 461 2624 mihi
475 2619 482 2630 ,
504 2599 594 2624 anima
617 2607 683 2630 mea,
702 2599 765 2633 quia
787 2601 864 2633 periit

81 2648 202 2671 reuertens
214 2654 230 2671 ιι
251 2650 332 2676 terra,
351 2650 373 2671 at
390 2645 435 2679 qui
456 2645 572 2679 corrigat
590 2645 658 2672 inter
678 2645 793 2671 homines
812 2654 864 2672 non

81 2692 124 2714 est.
143 2688 237 2717 Omnes
253 2691 278 2717 in
291 2690 418 2724 sanguine
429 2690 599 2724 judicantur,
614 2690 790 2724 unusquisque
803 2699 865 2724 pro—

397 2794 422 2810 ⁸³
435 2793 522 2821 Exod.
543 2801 591 2821 κν.
610 2793 637 2820 2.

364 2830 385 2846 ⁶¹
401 2829 501 2865 Epttes.
516 2837 552 2861 tv,
570 2829 595 2856 8.

111 2792 132 2808 "
145 2793 234 2821 Eccle.
253 2803 302 2827 xu,
316 2795 359 2822 11.

83 2826 103 2843 ’θ
114 2827 162 2855 lsa.
186 2837 259 2864 xuv,
281 2826 308 2857 4.

677 2793 700 2808 ⁸6
713 2792 786 2820 l’sal.
805 2801 879 2825 xxix,
896 2794 939 2820 10.

637 2829 658 2844 θ’
674 2827 768 2856 Matth.
788 2837 864 2862 xvttt,
885 2829 927 2856 lU.

926 210 990 244 quia
1004 210 1040 236 ait
1059 211 1202 245 prophetes
1213 214 1226 239 ':
1247 211 1280 238 Et
1293 220 1339 247 ego
1352 220 1424 238 eram
1439 212 1466 238 in
1482 213 1566 239 medio
1579 215 1722 247 captiuita-

927 256 960 282 tis
968 256 1048 290 juxta
1060 257 1158 290 ﬂumen
1173 257 1288 290 Cltobar,
1305 258 1378 292 qttod
1397 257 1590 292 interpretatur
1602 260 1722 293 gravitu-

926 301 970 327 do.
987 301 1084 328 Gravis
1099 307 1190 329 autent
1205 308 1246 330 est
1262 304 1343 338 hujus
1359 304 1451 331 saeculi
1466 303 1579 336 ﬂuvius,
1605 304 1677 331 sicut
1694 308 1723 332 et

926 347 990 374 alibi
1008 353 1114 375 sacrate
1123 349 1233 376 dicitttr.
1251 349 1283 376 Et
1293 350 1371 384 juxta
1389 350 1527 384 Simplices
1541 358 1652 385 quoque
1682 351 1723 377 Iti-

926 392 1038 419 storiam
1067 393 1292 429 explicatzjuxta
1319 404 1366 422 eos
1404 403 1468 422 vero
1490 396 1537 430 qui
1564 397 1723 431 spiritaliter

927 437 1084 473 Scripturas
1095 440 1220 470 audiunt,
1235 441 1268 467 de
1278 442 1368 468 auitna
1385 441 1531 476 signiﬁcat,
1546 450 1606 477 qua:
1622 442 1647 469 iu
1661 443 1723 470 vitas

927 485 1007 512 istius
1024 486 1150 513 inciderit
1173 487 1307 514 turbines.
1331 486 1417 522 Super
1435 488 1549 522 [Iuntina
1574 488 1721 523 Babylonis

926 531 963 556 ibi
976 531 1090 558 sedimus
1110 537 1135 557 et
1156 532 1276 566 [let-imus
1294 532 1357 558 dum
1380 534 1579 559 recordaremur
1602 533 1677 565 Sion,
1693 533 1720 560 in

925 575 1053 603 salicibus
1073 577 1099 602 in
1117 578 1201 604 medio
1218 578 1274 612 ejus
1292 578 1476 612 suspendium;
1496 587 1595 612 organa
1616 584 1719 612 nostra,

924 622 987 656 quia
1005 622 1061 649 illic
1078 623 1307 657 interrogaverunt
1330 632 1376 650 nos
1392 625 1436 658 qui
1455 625 1572 659 captiuos
1586 626 1720 653 duxerunt

925 676 983 699 nos,
997 668 1074 694 verba
1088 670 1252 696 canticorum
1265 670 1299 696 ⁵⁹.
1312 671 1348 697 lla
1361 675 1424 697 sunt
1437 670 1547 698 ﬂumina
1562 671 1718 707 Babylonis,

922 714 999 747 juxta
1017 722 1078 748 qua:
1100 715 1225 742 sedentes
1245 720 1272 742 et
1298 716 1504 743 reminiscentes
1521 717 1614 751 patria:
1636 719 1720 745 etule-

925 761 985 793 stis,
1003 760 1095 796 lugent
1111 766 1192 796 atque
1204 762 1357 796 deplorant,
1373 763 1417 788 ubi
1432 763 1603 797 suspendunt
1615 771 1716 799 organa

925 813 984 836 sua.
1013 806 1039 832 itt
1057 806 1188 833 salicibus
1216 807 1283 842 legis
1304 812 1330 834 et
1351 809 1542 842 mysteriorum
1565 808 1621 835 Dei.
1644 810 1719 837 Serio

925 856 1000 886 ptum
1017 857 1058 879 est
1079 853 1105 880 in
1130 853 1249 888 quodam
1268 854 1352 885 libro,
1375 854 1439 888 quia
1465 855 1597 889 salignam
1622 863 1718 883 omnes

924 898 1066 925 credentes
1079 899 1215 934 accipiant
1232 907 1372 925 coronam.
1389 898 1421 925 Et
1436 899 1462 926 in
1477 898 1544 926 Isaia
1560 899 1661 927 dicitur
1672 901 1695 917 ⁶⁰
1708 909 1717 929 ε

925 942 1032 970 Orietur
1043 944 1118 978 quasi
1133 945 1160 969 in
1175 944 1260 970 modio
1278 952 1353 979 aqua:
1377 944 1485 978 fenum,
1506 949 1531 971 et
1548 945 1619 971 salix
1640 953 1721 980 super

923 997 1021 1024 aquam
1035 990 1172 1023 ﬂuentem.
1189 989 1220 1016 Et
1238 991 1264 1016 in
1280 990 1452 1017 solemnitate
1470 989 1527 1023 Dei,
1546 991 1657 1024 quando
1672 995 1716 1018 ta-

923 1034 1068 1061 bcrnacula
1083 1035 1143 1069 ejus
1161 1042 1373 1069 componuntur,
1388 1035 1509 1069 salignos
1521 1043 1613 1063 ramos
1629 1036 1656 1063 in
1676 1041 1720 1064 ta-

923 1079 1133 1106 bcrrtaculotunt
1151 1081 1250 1107 lixione
1265 1081 1447 1107 constituunt.

957 1125 984 1152 6.
1003 1125 1082 1152 Secus
1095 1126 1206 1160 [luvium
1219 1125 1333 1153 Chobar.
1352 1125 1437 1153 Sectts
1451 1126 1551 1154 ﬂumen
1568 1127 1639 1154 istud
1655 1135 1718 1162 gra-

923 1171 1066 1198 vissimum
1082 1172 1186 1199 saeculi.
1206 1171 1241 1198 Et
1254 1172 1340 1210 aperti
1357 1177 1418 1199 sunt
1440 1173 1509 1199 mli.
1531 1173 1623 1200 Clausi
1637 1177 1717 1201 erant

922 1218 994 1251 eteli,
1007 1222 1034 1244 et
1047 1218 1080 1244 ad
1098 1220 1246 1246 adventum
1260 1218 1360 1245 Christi
1374 1219 1460 1253 apt-ni
1472 1223 1546 1250 sunt,
1561 1223 1590 1245 ut
1609 1227 1716 1246 resera-

922 1264 956 1290 tis
970 1263 1024 1290 illis
1037 1263 1141 1290 veniret
1159 1271 1241 1298 super
1256 1271 1318 1290 eum
1336 1263 1456 1298 Spiritus
1474 1269 1586 1292 sanctus
1601 1265 1627 1292 in
1651 1273 1715 1300 spc-

921 1310 962 1336 cie
985 1309 1129 1337 columbae.
1140 1308 1233 1344 Neque
1249 1310 1322 1337 enim
1340 1315 1446 1344 poterat
1456 1311 1489 1338 ad
1508 1318 1558 1338 nos
1573 1318 1714 1338 commeao

920 1362 950 1382 re
974 1354 1026 1382 nisi
1047 1355 1164 1389 printum
1177 1355 1210 1381 ad
1235 1363 1292 1382 sure
1309 1359 1414 1382 natura:
1427 1360 1581 1382 consortem
1598 1357 1715 1384 descen-

920 1401 1014 1428 disset.
1031 1401 1154 1428 Ascendit
1170 1401 1250 1429 Jcsus
1267 1402 1294 1428 in
1315 1401 1410 1434 altum,
1424 1402 1555 1436 captivam
1570 1403 1646 1429 (lusi:
1666 1411 1715 1430 ca-

919 1447 1079 1481 ptivitatem,
1093 1448 1192 1481 accepit
1205 1449 1275 1474 dona
1287 1448 1315 1474 in
1327 1448 1488 1475 hominibus.
1505 1448 1558 1479 Qui
1570 1449 1714 1483 descendit,

919 1493 975 1527 ipse
989 1497 1026 1520 est
1041 1493 1087 1528 qui
1111 1493 1228 1519 ascendit
1245 1501 1323 1527 super
1340 1500 1429 1519 omnes
1448 1493 1524 1519 ctclos
1542 1500 1570 1520 ut
1595 1494 1715 1529 imp/cru

920 1540 1017 1566 omnia.
1036 1539 1070 1565 Et
1084 1540 1138 1574 ipse
1151 1539 1223 1566 dedit
1241 1540 1308 1566 alios
1321 1540 1465 1574 apostolos,
1479 1539 1547 1566 alios
1559 1541 1713 1575 prop/tetas,

919 1586 986 1612 alios
997 1586 1181 1620 evangelium,
1198 1585 1267 1612 alios
1283 1590 1403 1620 pastores
1416 1591 1440 1612 et
1457 1586 1598 1620 magistros
1616 1587 1642 1613 in
1654 1595 1716 1622 per-

919 1632 1057 1666 fectionem
1071 1637 1224 1659 sanctorum
1244 1632 1276 1659 ".

956 1678 981 1705 7.
1003 1679 1094 1713 Aperti
1117 1682 1178 1705 sunt
1197 1678 1266 1704 caeli.
1286 1677 1345 1705 Non
1372 1678 1471 1706 suliieit
1496 1686 1580 1705 unum
1613 1684 1714 1706 emtum

919 1724 1018 1758 aperiri
1036 1733 1042 1751 :
1062 1724 1222 1759 aperiuntur
1239 1724 1361 1758 plurimi,
1379 1730 1407 1751 ut
1424 1725 1592 1752 tit-scutulam
1605 1732 1659 1751 non
1677 1724 1713 1752 ab

920 1777 984 1802 uno,
1002 1770 1047 1797 sed
1065 1771 1099 1797 ab
1119 1770 1248 1796 omnibus
1264 1770 1340 1797 cmlis
1360 1771 1449 1805 angeli
1466 1771 1499 1798 ad
1520 1778 1568 1797 eos
1588 1771 1634 1805 qui
1656 1771 1712 1798 sal-

919 1816 1000 1843 vandi
1015 1820 1089 1843 sunt.
1108 1815 1201 1850 Angeli
1220 1816 1266 1850 qui
1281 1816 1464 1843 ascendebant
1476 1821 1503 1844 et
1514 1817 1714 1844 descendebant

919 1870 1001 1896 super
1016 1861 1114 1888 Filium
1130 1861 1264 1894 hominis,
1283 1866 1309 1888 et
1329 1867 1504 1889 accesserunt
1525 1862 1557 1888 ad
1579 1870 1640 1888 eum
1653 1881 1661 1894 ,
1685 1867 1713 1889 et

918 1907 1111 1935 ministrabant
1126 1907 1161 1934 ei.
1179 1907 1383 1934 Descenderunt
1404 1912 1495 1934 autem
1513 1908 1600 1942 angeli
1615 1927 1620 1936 .
1648 1908 1713 1942 quia

918 1955 994 1990 prior
1019 1954 1196 1981 descenderat
1224 1953 1351 1981 Christus
1375 1958 1526 1980 tnctuent's
1545 1954 1713 1982 destentlere

917 2000 1076 2035 priusquam
1102 1999 1236 2026 Dominus
1256 1999 1386 2026 virtutum
1411 1999 1534 2026 otnniutn
1565 2005 1713 2034 rerumque

917 2047 1086 2081 prteciperet.
1103 2045 1219 2078 Quando
1236 2049 1326 2072 autem
1345 2045 1469 2072 viderunt
1488 2045 1636 2079 principem
1659 2046 1712 2072 nti-

917 2092 982 2119 lititc
996 2092 1116 2119 cmlestis
1133 2091 1158 2118 in
1176 2091 1351 2119 terrestribus
1363 2091 1431 2118 locis
1447 2091 1624 2122 commorari,
1648 2096 1713 2118 tunc

917 2146 964 2174 per
979 2143 1099 2173 apertam
1116 2138 1187 2165 viam
1203 2138 1318 2173 ingressi
1335 2142 1398 2165 sunt
1410 2141 1554 2172 sequentes
1570 2137 1711 2164 dominum

921 2192 1013 2217 suum,
1028 2188 1055 2211 et
1073 2189 1198 2218 parentes
1215 2184 1344 2211 voluntati
1364 2185 1424 2218 ejus
1443 2184 1488 2218 qui
1512 2183 1651 2211 distribuit
1664 2190 1713 2210 eos

920 2231 1047 2258 custodes
1061 2231 1228 2258 credentium
1246 2231 1349 2257 nomini
1368 2238 1428 2257 suo.
1447 2230 1486 2257 Tu
1512 2231 1568 2257 lteri
1587 2231 1638 2258 sub
1652 2231 1709 2258 dce--

920 2276 1013 2303 ntottio
1027 2283 1099 2308 eras,
1116 2276 1197 2302 hodie
1215 2275 1266 2302 sub
1279 2275 1384 2310 angelo.
1404 2275 1503 2306 Nolite,
1520 2275 1606 2310 inquit
1621 2275 1713 2302 Domi-

919 2331 971 2350 nus
987 2324 1186 2355 “,contemnere
1199 2330 1280 2348 unum
1295 2322 1327 2348 de
1344 2322 1459 2348 minimis
1473 2322 1533 2348 istis
1545 2321 1591 2356 qui
1605 2326 1669 2349 sunt
1683 2322 1710 2348 in

917 2369 1049 2396 Ecclesia.
1065 2368 1148 2395 Amen
1165 2368 1234 2394 enim
1248 2368 1306 2394 (lico
1322 2368 1409 2401 vobis,
1431 2368 1493 2403 quia
1511 2367 1598 2403 angeli
1620 2375 1711 2394 eorum

916 2415 1057 2449 peromnia
1070 2415 1155 2441 vident
1170 2414 1265 2448 facient
1280 2413 1370 2440 Patris
1384 2414 1428 2449 qui
1441 2418 1480 2440 est
1492 2413 1520 2440 in
1533 2413 1614 2440 oculis.
1626 2412 1713 2440 Obsc-

916 2465 1037 2496 quuntur
1055 2461 1134 2488 saluti
1154 2464 1206 2486 tute
1219 2459 1318 2494 angeli,
1338 2459 1461 2487 concessi
1479 2464 1543 2486 sunt
1568 2459 1600 2486 ad
1625 2458 1710 2485 mini-

916 2507 1030 2534 sterium
1047 2506 1107 2533 Filii
1125 2505 1182 2539 Dei,
1201 2510 1228 2532 et
1241 2505 1336 2532 dicunt
1349 2506 1420 2532 inter
1437 2513 1466 2532 se
1483 2515 1488 2532 :
1504 2505 1525 2532 si
1541 2505 1585 2531 ille
1598 2505 1711 2531 dest-rn-

917 2552 970 2584 dit,
985 2555 1012 2578 et
1027 2551 1168 2578 descendit
1188 2551 1214 2578 in
1229 2559 1346 2585 corpus,
1369 2551 1390 2577 si
1409 2550 1518 2577 mortali
1543 2549 1654 2577 indutus
1668 2553 1710 2575 est

918 2605 1011 2629 cartte,
1027 2601 1053 2624 et
1067 2597 1197 2624 sustinuit
1214 2604 1334 2628 crttcettt,
1351 2600 1378 2623 et
1394 2603 1442 2631 pro
1457 2595 1613 2622 hominibus
1636 2602 1711 2621 mor-

918 2649 983 2670 tttus
997 2647 1048 2674 est,
1063 2643 1127 2676 quid
1144 2651 1194 2669 nos
1211 2642 1398 2677 quiescimus?
1421 2642 1485 2676 quid
1503 2641 1639 2676 parcimus
1657 2647 1708 2667 Ito-

917 2690 972 2717 his?
988 2689 1035 2715 Eia
1052 2697 1148 2716 omnes
1163 2689 1252 2724 angeli
1269 2689 1466 2716 descendamus
1480 2696 1494 2715 c
1509 2688 1590 2716 cmlo.
1607 2686 1668 2713 ldt-o
1682 2689 1710 2714 ct

975 2794 997 2809 ³⁷
1014 2792 1095 2820 Mich.
1114 2800 1162 2825 vn,
1176 2793 1202 2820 ‘l.
1241 2793 1263 2809 ⁸⁸
1282 2793 1347 2820 ibid.
1360 2793 1386 2820 2.
1426 2794 1449 2809 ⁵9
1468 2792 1538 2820 i’sul.
1558 2792 1707 2826 cunni.
