1882 3052
148 132 151 136 .
170 111 224 138 615

770 112 850 140 ORIG
856 111 932 139 ΕΝιὸ
951 110 984 138 ΙΝ
1004 110 1220 138 EZECHIELEM

1737 110 1786 138 676

170 168 315 195 multitudo
331 168 433 196 militiae
451 168 570 196 cmiestis
580 173 638 196 erat
650 168 819 196 laudantium
835 174 860 196 et
873 169 956 204 glori-
972 173 991 199 Λ
1007 168 1116 202 quidam
1132 168 1168 194 dii
1187 167 1262 198 estis,
1281 167 1426 202 et‘quidam
1441 175 1493 194 non
1507 167 1592 200 estis;
1611 175 1718 200 verum,
1731 176 1788 195 orn-

169 213 310 241 lieantium
327 213 545 249 Detun,.quando
562 219 641 242 natus
655 215 840 242 estChristus.
854 215 952 242 Omnia

169 258 273 292 angelis
288 258 365 293 plena
378 264 452 291 sunt;
471 260 544 291 veni,
564 259 673 293 angelo,
701 260 809 293 suscipe
826 267 952 286 sermone

168 312 331 332 camversutn
345 305 379 332 ah
392 313 485 332 errore
500 305 624 340 pristino,
639 313 654 331 a
669 305 791 332 doctrina
804 305 953 332 dwmonio‘

168 358 240 383 rum,
256 351 289 377 ab
304 351 446 385 iniquitate
461 351 486 378 in
504 352 587 378 altum
600 352 727 385 loquente
742 360 748 378 :
761 355 787 378 et
801 351 952 385 suscipiens

168 403 230 422 eum
249 396 326 429 quasi
344 396 465 423 medicus
487 396 574 423 bonus
595 396 710 423 eonfove
731 401 812 430 atque
829 397 954 424 institue:

169 442 298 476 parvulus
313 447 364 471 est.
381 441 460 468 hodie
482 442 602 468 nascitur
618 449 701 468 senex
727 449 923 475 repuerascens
943 451 950 470 :

166 493 193 514 et
208 487 316 522 suscipe
331 487 452 514 tribuens
467 486 489 513 ei
506 487 669 520 baptismum
690 486 817 514 secundae
839 494 950 522 regene-

166 533 290 562 rationis.
309 537 335 559 οι
356 533 457 559 advoca
473 532 520 558 tibi
534 533 602 558 alios
620 532 711 559 socios
732 531 874 559 ministerii
901 533 950 564 tui,

167 582 197 605 ut
219 577 307 604 cuncti
333 578 433 612 pariter
449 585 496 604 eos
521 577 566 611 qui
589 578 737 612 aliquando
755 578 858 612 decepti
876 582 949 609 sunt,

164 623 293 650 erudiatis
305 624 337 650 ad
350 623 438 650 ﬁdem.
454 623 586 650 Catulino:
597 625 665 650 enim
677 629 716 651 est
733 624 820 658 majus
833 625 860 650 iu
877 625 948 652 caelis

163 677 239 702 super
254 676 334 694 unum
349 673 509 702 peccatorem
526 669 704 703 paenitentiam
719 673 854 704 agentem.
871 676 950 703 quam

163 722 243 746 supra
267 714 410 747 nonaginta
429 722 518 740 novem
532 714 620 748 justas
640 714 734 749 quibus
756 722 807 742 non
825 719 863 741 est
885 722 949 748 opus

162 760 315 793 pauitantia
328 760 360 787 “.
380 760 502 787 Exsultat
521 761 609 786 omnis
630 765 754 787 creatura
768 782 775 793 ,
800 761 950 788 collmtatur

161 811 189 832 et
202 805 341 839 applaudit
352 806 394 832 his
411 805 459 840 qui
474 805 597 832 saivandi
612 810 685 832 sunt.
703 804 769 833 Nam
789 806 950 840 exspectatio

161 857 290 878 creatum
309 851 491 878 reuelationem
509 852 624 879 ﬁliorum
649 852 695 878 Dei
714 857 844 885 exspectat
865 853 898 878 θ’.
917 851 948 878 Ει

163 898 226 925 licet
238 898 324 925 nolint
335 898 353 925 ii
365 898 411 932 qui
425 897 580 932 Scripturas
592 899 756 933 apostolicus
769 899 948 932 interpolave—

163 949 224 971 runt
242 945 394 972 istiusmodi
415 952 554 972 sermones
571 945 659 972 inesse
683 945 759 972 libris
772 952 866 972 eorum
887 945 948 979 qui-

163 990 214 1017 bus
226 990 312 1024 possit
325 994 430 1017 creator
443 990 568 1017 (Zbristus
581 990 736 1024 approbari.
750 994 889 1023 exspectat
907 994 947 1017 ta-

164 1044 225 1063 men
240 1036 330 1064 omnis
340 1041 462 1063 creatura
483 1037 551 1064 lilios
568 1036 624 1066 Dei.
642 1036 752 1071 quando
769 1037 916 1063 liberentur
932 1044 946 1063 a

161 1082 271 1114 delicto,
288 1083 396 1117 quando
408 1082 566 1109 auferantur
579 1083 612 1109 de
624 1081 717 1108 Zabuli
732 1089 825 1112 manu.
837 1082 947 1116 quando

163 1134 356 1163 regenereutur
367 1137 382 1156 a
395 1129 517 1156 Christo.
538 1128 636 1155 Verum
651 1128 708 1163 jam
725 1132 834 1162 tempus
849 1132 900 1160 est,
917 1132 947 1154 ut

160 1175 193 1201 de
206 1174 329 1209 ιιι-περιιιί
346 1174 405 1201 loco
431 1175 520 1209 aliqua
547 1179 700 1209 tangamus.
720 1173 791 1201 Vidit
817 1173 945 1208 propheta

161 1226 213 1244 non
228 1218 376 1250 visionem,
400 1219 446 1246 sed
470 1219 588 1246 visiones
612 1217 668 1245 Dei.
690 1218 782 1251 Quare
804 1226 858 1245 non
880 1218 946 1245 vidit

162 1269 242 1288 unam
259 1281 267 1292 ,
295 1262 342 1288 sed
373 1262 504 1296 plurimas
534 1263 674 1290 visiones?
699 1262 768 1290 Audi
801 1262 945 1290 Dominum

160 1308 329 1342 pollicentem
343 1313 425 1343 atque
436 1310 568 1338 dicentem
587 1318 594 1336 :
611 1309 665 1344 Ego
677 1310 791 1338 risiones
814 1310 945 1345 multipli-

159 1354 216 1381 caui
233 1355 265 1380 ⁸⁵.

194 1400 220 1426 8.
243 1400 342 1432 Quinta
364 1401 468 1427 mensis.
486 1400 534 1428 Iiic
551 1409 640 1429 annus
648 1402 763 1436 quintus
779 1403 946 1438 captivitatis

160 1446 232 1480 regis
248 1445 381 1473 .loacliim.
396 1445 546 1474 Tricesi‘mo
565 1454 638 1475 anno
652 1448 740 1476 natalis
755 1446 904 1476 Ezechielis
919 1453 946 1476 et

1005 221 1052 240 nes
1067 213 1103 240 dii
1122 213 1200 240 estis.
1217 213 1245 239 Si
1260 210 1349 239 autem
1378 213 1562 246 peccaveritis,
1583 214 1706 240 ausculta
1724 213 1788 248 quid

1003 260 1144 294 Sequitur:
1168 259 1216 285 Vos
1232 267 1290 285 vero
1311 264 1338 285 ut
1364 260 1480 286 Itmnines
1498 260 1655 286 moriemini.
1672 259 1731 286 Non
1750 264 1788 287 est

1004 305 1061 331 inec
1073 305 1151 340 culpa
1179 305 1302 332 vocantis
1326 305 1358 332 ad
1387 306 1514 337 salutent,
1548 313 1601 331 non
1634 306 1787 339 ipsecausa

1004 351 1101 377 mortis
1114 350 1161 384 qui
1179 350 1273 377 invitat
1291 350 1323 376 ad
1351 350 1530 382 divinitatem,
1558 354 1585 377 et
1607 350 1641 376 ad
1671 351 1789 378 celestis

1004 400 1108 422 naturze
1125 396 1308 430 adoptionem,
1327 396 1373 422 sed
1392 396 1419 422 in
1437 400 1530 422 nostro
1555 401 1676 430 peccato,
1705 401 1733 423 ct
1762 396 1788 423 in

1002 446 1097 468 nostro
1113 442 1214 468 scelere
1235 441 1358 468 consistit
1385 441 1456 475 quod
1480 441 1600 468 dicitur:
1623 441 1673 467 Vos
1702 446 1788 468 autem

1002 491 1029 512 ut
1044 487 1160 513 homines
1175 486 1332 518 moriemini,
1359 491 1383 512 et
1405 486 1481 520 quasi
1496 494 1562 512 unus
1576 486 1608 512 tle
1627 487 1788 520 principibus

1002 531 1112 558 cadetis.
1128 531 1204 558 Multi
1219 531 1356 566 principes
1374 537 1462 562 erant,
1487 536 1514 558 et
1532 539 1602 558 unus
1617 540 1649 558 ex
1671 532 1713 558 eis
1727 540 1786 558 ror-

1002 578 1067 609 ruit,
1082 578 1115 605 de
1126 586 1181 612 quo
1192 582 1219 604 ct
1234 578 1259 604 iu
1279 577 1378 605 Genesi
1398 578 1528 604 scribitur
1542 578 1563 592 ⁸⁷
1585 587 1591 604 ;
1615 577 1682 604 Ecce
1703 579 1786 604 Adam

1001 625 1088 658 factus
1106 629 1155 655 est,
1175 632 1227 650 nou
1241 623 1317 658 quasi
1332 631 1392 654 nos,
1405 623 1451 650 sed
1470 624 1546 658 quasi
1572 632 1639 650 unus
1655 631 1688 650 ea:
1703 625 1785 650 nobis.

1001 669 1071 704 Ergo
1084 670 1193 704 quando
1207 669 1328 704 peccavit
1343 669 1439 696 Adam.
1455 674 1519 697 tunc
1540 671 1629 696 laetus
1646 674 1690 697 est
1708 670 1785 705 quasi

1001 723 1082 743 llliliS.

1037 763 1080 788 l0.
1097 762 1131 789 Et
1145 762 1232 796 factus
1246 767 1284 789 est
1296 769 1380 788 sermo
1393 761 1499 788 Domini
1520 762 1554 788 ad
1571 761 1736 789 Ezechiele»:
1752 762 1784 796 ﬁ-

1001 808 1064 834 lium
1084 808 1160 835 Buzi.
1187 808 1297 835 Etiamsi
1313 809 1346 836 de
1360 808 1499 836 Salvatore
1515 808 1571 835 Ita'c.
1582 808 1654 836 dicta
1669 808 1785 834 volueris

1001 853 1161 887 intelligere,
1178 862 1211 880 ne
1225 855 1331 886 timeas,
1350 854 1430 881 habet
1444 859 1470 880 et
1493 853 1532 880 sic
1559 853 1687 886 allegoria
1710 852 1784 878 ῙιιινΙ-

999 898 1098 926 lectum
1111 906 1190 926 suum
1205 908 1212 926 :
1231 900 1304 926 venit
1317 906 1406 926 sermo
1423 898 1530 925 Domini
1557 899 1589 924 ad
1612 906 1675 925 cum
1692 897 1737 931 qui
1753 897 1786 923 de

998 944 1101 978 virgine
1117 944 1288 976 nascebatur,
1305 945 1330 971 id
1347 949 1388 972 est
1401 944 1548 976 hominem,
1561 951 1651 971 sermo
1678 950 1786 977 semper

998 987 1025 1014 in
1037 987 1116 1015 Patre
1131 996 1244 1016 manens
1259 999 1264 1016 :
1286 993 1315 1015 ut
1331 989 1425 1016 tierent
1439 993 1553 1023 utraque
1570 996 1667 1018 unum.
1681 994 1710 1015 et
1723 996 1787 1014 cun-

998 1034 1149 1061 sociaretur
1166 1035 1257 1066 homo,
1271 1043 1351 1069 quem
1369 1035 1404 1061 ob
1434 1040 1635 1062 sacramentum
1664 1040 1692 1060 et
1709 1034 1783 1061 salu-

998 1083 1051 1106 tem
1071 1079 1204 1107 univcrsaa
1219 1081 1396 1108 humanitatis
1420 1080 1554 1112 indueret,
1568 1079 1703 1106 divinitati
1726 1080 1784 1113 ejus

997 1129 1024 1151 et
1043 1130 1146 1154 natura:
1160 1126 1291 1162 unigeniti
1318 1127 1376 1154 Dei.
1397 1126 1497 1154 Factus
1520 1132 1558 1153 est
1575 1134 1661 1152 sermo
1680 1126 1784 1152 [lentim

997 1171 1032 1198 ad
1060 1171 1223 1199 Ezecltielem
1249 1172 1336 1207 ﬁlium
1368 1172 1450 1205 Buzi,
1475 1171 1636 1198 sttccrtlotcm
1665 1172 1691 1198 in
1715 1179 1784 1198 tcrru

997 1217 1194 1246 Cltalda'orum.
1216 1218 1334 1246 Chaldaei
1359 1219 1393 1246 de
1427 1219 1585 1246 cmlestibus
1621 1219 1784 1252 disputant;

996 1263 1114 1291 Chaldaei
1129 1265 1282 1292 nativitates
1295 1265 1434 1293 hominum
1447 1264 1656 1291 ratiocinantur.
1668 1263 1698 1290 In
1714 1270 1784 1290 Ierra

997 1309 1195 1337 Chaldteorum.
1215 1310 1298 1343 Quasi
1324 1311 1347 1338 si
1373 1310 1456 1343 dicat,
1473 1317 1567 1337 eorum
1594 1310 1641 1344 qui
1657 1313 1786 1346 asserunt

997 1356 1204 1388 fatum.eorum
1235 1357 1282 1391 qui
1310 1364 1408 1384 causas
1428 1356 1613 1384 univcrsitatis
1643 1360 1782 1382 astrorum

996 1402 1113 1430 circuitu
1129 1402 1277 1429 vindicant.
1313 1401 1365 1429 Istc
1395 1409 1459 1436 ergo
1489 1409 1562 1428 nunc
1584 1409 1674 1432 error.
1691 1406 1719 1427 et
1734 1401 1784 1428 ista

997 1449 1096 1476 utentis
1111 1449 1274 1483 perversitas
1286 1447 1435 1482 ﬁguraliter
1453 1448 1479 1474 in
1496 1447 1687 1474 Chaldzeorum
1713 1451 1784 1474 terra

160 1493 254 1526 quinto
264 1491 427 1526 captivitatis
439 1491 572 1524 .Ioaebim,
584 1493 714 1528 propheta
726 1494 841 1521 mittitur
853 1494 887 1522 ad
897 1493 945 1522 Ju-
958 1501 979 1528 ς
997 1494 1174 1530 signiﬁcatur.
1204 1494 1238 1521 In
1274 1498 1345 1520 terra
1369 1493 1554 1520 Citaldtcorum
1583 1501 1658 1520 secus
1687 1494 1785 1527 [lumen

160 1535 242 1564 dzeos.
256 1536 313 1563 Non
326 1537 449 1572 despexit
458 1537 687 1566 clementissimus
702 1544 787 1573 pater,
799 1547 849 1567 nec
864 1540 945 1575 longo

159 1587 282 1617 tciopore
297 1583 521 1611 incommonitum
537 1584 665 1618 populum
681 1584 834 1620 dereliquit.
859 1585 943 1618 Quiu-

158 1632 203 1654 tus
216 1632 257 1654 cst
270 1635 369 1654 annus.
379 1627 515 1660 Quantum
534 1628 663 1662 temporis
679 1628 845 1656 intercessit?
856 1629 940 1662 Quin-

160 1679 213 1708 que
237 1672 301 1699 anui
330 1672 535 1700 interliuxerunt
557 1681 590 1700 cx
612 1681 666 1708 quo
686 1675 783 1709 captivi
810 1676 943 1702 serviunt.

163 1717 261 1746 Statim
275 1717 414 1745 descendit
438 1719 556 1753 Spiritus
577 1723 710 1751 sanctus,
733 1719 815 1756 359
837 1721 945 1756 aperuit

159 1765 254 1796 celos.
271 1769 300 1792 ut
311 1764 338 1792 hi
355 1765 401 1800 qui
419 1766 587 1800 captivitatis
600 1766 666 1801 iugo
679 1768 881 1801 premebantur,
904 1768 944 1795 vi-

158 1809 256 1838 derent
277 1817 310 1837 ea
335 1818 396 1845 quae
420 1811 581 1838 videbantur
611 1819 626 1838 a
659 1815 800 1847 propheta.
835 1813 943 1840 Dicente

159 1856 258 1890 quippe
272 1864 305 1883 eo
324 1865 331 1883 :
359 1856 391 1883 Et
407 1857 492 1891 aperti
507 1863 566 1884 sunt
583 1858 656 1889 caeli,
680 1859 796 1892 quodam
815 1859 896 1886 mtido
916 1864 944 1886 et

158 1901 210 1936 ipsi
229 1902 402 1929 intuebantur
416 1903 503 1930 oculis
519 1903 608 1933 cordis
623 1911 683 1939 qua:
699 1904 743 1932 ille
761 1905 842 1932 etiam
855 1905 944 1933 oculis

157 1947 249 1975 carinis
259 1954 412 1982 aspexerat.

192 1992 220 2020 9.
239 1992 272 2019 Et
290 1993 377 2027 factus
387 1998 425 2020 est
436 2001 522 2021 sermo
541 1993 648 2021 Domini
669 1994 704 2021 ad
731 1994 891 2022 Ezecltielem
910 1995 944 2029 ﬁ-

157 2039 224 2065 lium
246 2038 313 2065 Buzi
331 2039 503 2065 sacerdotem.
527 2039 621 2066 Sermo
647 2040 752 2067 Domini
767 2040 813 2074 qui
828 2040 853 2066 in
870 2041 944 2074 prin-

157 2085 228 2118 cipio
245 2089 302 2111 erat
313 2085 384 2118 apud
399 2084 483 2111 Deum
501 2084 607 2112 Patrem
625 2086 695 2113 Deus
713 2085 942 2116 Verbum,sermo

157 2128 203 2162 qui
218 2128 359 2154 credentes
372 2128 453 2155 elIieit
473 2128 548 2155 deos.
575 2129 603 2155 Si
629 2129 701 2157 cuitu
721 2130 789 2157 dixit
803 2130 863 2157 illos
877 2130 943 2157 deos

997 1539 1111 1568 Cltobar.
1129 1539 1162 1567 Et
1174 1540 1246 1574 facta
1256 1544 1294 1566 est
1320 1539 1375 1566 illic
1386 1547 1463 1573 super
1485 1547 1523 1566 me
1545 1547 1638 1565 manus
1668 1540 1784 1566 Domini.

997 1586 1028 1614 Et
1048 1594 1138 1614 sermo
1154 1586 1260 1613 Domini
1277 1585 1366 1613 factus
1379 1591 1420 1612 est
1447 1585 1479 1612 ad
1502 1585 1673 1619 prophetam,
1687 1589 1712 1611 et
1730 1592 1787 1611 ma-

995 1640 1048 1660 nus
1060 1637 1089 1659 ut
1100 1637 1126 1659 et
1140 1631 1218 1659 factis
1235 1635 1379 1658 ornaretur
1389 1635 1418 1658 et
1433 1630 1532 1658 verbis.
1551 1630 1584 1656 Et
1597 1631 1650 1657 vidi
1661 1632 1784 1657 visiones.

995 1678 1093 1713 Aliqua
1107 1677 1300 1713 perstringam,
1317 1681 1345 1703 et
1355 1676 1418 1704 licet
1442 1683 1491 1711 pro
1505 1677 1631 1710 angustia
1651 1678 1786 1711 temporis

994 1731 1025 1750 ea
1061 1731 1122 1757 qua:
1157 1723 1235 1754 dixi,
1268 1722 1374 1756 possint
1411 1722 1549 1754 sulliccre,
1579 1727 1670 1749 tamen
1703 1724 1784 1750 etiam

993 1769 1027 1796 de
1047 1773 1102 1795 toto
1122 1774 1235 1802 corpore
1249 1766 1361 1793 visionis
1373 1773 1480 1793 summa
1497 1774 1612 1800 quaeque
1627 1766 1733 1794 libabo.

1030 1814 1072 1840 ll.
1092 1813 1124 1840 Et
1141 1813 1204 1844 ridi,
1228 1817 1252 1839 et
1269 1820 1326 1838 ecce
1337 1812 1445 1846 spiritus
1475 1820 1582 1846 surgens
1607 1813 1727 1838 venit-bat
1753 1813 1785 1838 ab

997 1859 1136 1894 Aquilone.
1163 1858 1309 1892 Diligenter
1341 1857 1483 1884 considera
1515 1865 1605 1884 rerum
1636 1865 1784 1885 munerant

995 1913 1056 1940 quae
1065 1905 1214 1932 dicuntur:
1238 1904 1351 1938 spiritus
1367 1911 1481 1938 surgens
1503 1911 1561 1930 stve
1593 1903 1724 1931 auferens
1742 1912 1786 1930 ve-

995 1949 1085 1977 niebat
1102 1949 1135 1976 ab
1155 1949 1299 1983 Aquilone,
1315 1956 1378 1976 ecce
1391 1956 1443 1975 una
1465 1956 1517 1975 res.
1544 1947 1577 1974 Et
1592 1949 1672 1975 nubes
1688 1958 1785 1984 magno

993 1999 1050 2021 erat
1066 1994 1092 2020 in
1103 2002 1142 2026 eo,
1165 2002 1228 2021 cecc
1244 1994 1313 2020 dum.
1337 1993 1369 2020 Et
1382 1993 1504 2027 splendor
1527 1994 1553 2019 in
1574 1994 1689 2020 rirt‘uilu
1707 1995 1784 2028 ejus,

993 2048 1057 2068 cecc
1081 2046 1145 2067 tres.
1163 2039 1197 2067 Et
1213 2039 1280 2074 ignis
1297 2038 1439 2073 refulgens,
1463 2046 1527 2065 ecce
1551 2043 1680 2072 quatuor.
1703 2039 1740 2066 Et
1759 2040 1786 2066 in

994 2086 1080 2113 medio
1095 2085 1150 2120 ejus
1166 2086 1234 2112 sicut
1256 2085 1321 2112 visio
1345 2085 1434 2111 electri
1454 2085 1482 2111 in
1509 2085 1594 2111 mctlio
1615 2085 1695 2119 ignis,
1722 2093 1786 2112 ecce

994 2130 1126 2164 quinque.
1145 2129 1176 2155 Et
1194 2129 1281 2155 lumen
1294 2129 1320 2155 in
1333 2137 1374 2162 eo,
1388 2135 1451 2156 ecce
1466 2136 1523 2155 sex.
1541 2128 1606 2155 Post
1630 2129 1687 2155 lucc
1708 2130 1786 2157 simi-

158 2173 191 2199 ad
208 2179 278 2206 quos
289 2179 379 2199 sermo
396 2172 443 2199 Dei
474 2172 563 2200 factus
585 2178 637 2206 est,
651 2179 678 2200 et
705 2182 758 2201 non
771 2179 859 2209 potest
875 2175 941 2202 solvi
958 2178 980 2205 Ι)
994 2174 1079 2200 litudo
1101 2179 1215 2208 quatuor
1240 2173 1406 2205 animalium,
1425 2179 1449 2199 et
1478 2174 1542 2199 visio
1564 2182 1664 2205 eorum,
1681 2179 1706 2200 et
1722 2183 1785 2201 nar-

159 2216 309 2250 Scriptura,
325 2215 359 2243 ad
374 2224 554 2252 quoscunque
566 2225 656 2244 sermo
671 2218 716 2245 Dei
734 2218 820 2246 [actus
831 2224 882 2251 cst,
903 2219 942 2246 la-

158 2262 194 2288 cti
208 2266 273 2288 sunt
288 2261 336 2288 dii.
354 2261 478 2289 Ezechiel
495 2270 605 2297 quoquc
629 2263 695 2290 deus
708 2263 767 2297 fuit,
780 2264 842 2299 quia
855 2264 942 2292 lactus

158 2311 200 2334 est
211 2314 300 2334 sermo
316 2306 362 2334 Dei
377 2307 410 2335 ad
421 2314 494 2334 eum.
522 2307 578 2342 Ego
606 2308 663 2334 dixi
678 2316 687 2334 :
705 2308 748 2335 Dii
763 2309 836 2341 estis,
853 2314 877 2336 et
891 2310 943 2344 ﬁlii

157 2351 291 2379 Altissimi
304 2360 402 2379 onmes.
422 2351 472 2378 Vos
484 2360 542 2379 vero
555 2357 583 2378 ut
599 2353 715 2379 homines
734 2354 892 2387 moriemini,
917 2360 942 2381 et

158 2399 234 2432 quasi
247 2406 314 2425 unus
327 2407 360 2425 ex
376 2398 537 2432 principibus
551 2399 651 2426 cadetis
679 2400 710 2425 δε.
731 2399 779 2427 Ubi
794 2400 898 2427 habetis
915 2401 941 2427 in

157 2441 233 2468 Novo
245 2441 417 2468 Testamento
440 2442 592 2469 istiusmodi
624 2444 882 2477 repromissiouem?
913 2444 941 2471 Si

157 2491 264 2522 oportet
278 2488 455 2515 instrmueuta
473 2488 648 2523 distinguere,
675 2494 701 2516 ct
715 2490 805 2517 dicere
822 2490 891 2517 inter
913 2499 943 2518 se

157 2533 321 2562 dissidentes
347 2534 423 2566 deos,
448 2535 519 2569 quod
549 2535 658 2569 quidem
687 2536 762 2563 nefas
787 2540 829 2563 est
860 2537 941 2563 etiam

157 2581 301 2615 suspicari,
319 2581 364 2607 sed
378 2581 455 2615 juxta
485 2581 643 2608 abusionem
662 2581 790 2615 dicimus,
812 2582 941 2609 audacter

158 2625 279 2659 profecto
295 2626 396 2656 dicam,
417 2625 501 2652 multo
524 2625 653 2660 majorem
681 2625 706 2652 in
736 2625 823 2654 Veteri
849 2626 943 2653 Testa—

159 2675 251 2697 mento
267 2672 374 2698 ostendi
406 2671 603 2699 humanitatem
631 2680 712 2707 quam
741 2672 768 2699 in
786 2672 870 2700 Novo.
886 2672 942 2708 Ego

159 2715 297 2743 dixi:Dii
311 2717 373 2744 estis
388 2722 413 2744 et
442 2717 491 2752 ﬁlii
519 2717 651 2744 Altissimi
673 2726 771 2746 omnes.
796 2717 856 2746 Non
879 2719 940 2746 ait:

727 2807 748 2823 "
763 2805 842 2833 Osee.
858 2814 907 2833 xu.

195 2805 219 2822 "
233 2806 298 2834 Luc.
315 2815 358 2838 sv,
377 2807 402 2834 7.
440 2808 462 2824 “
477 2809 556 2836 Rom.
572 2815 632 2841 vut,
646 2807 689 2834 l9.

947 2807 969 2822 “
985 2805 1057 2834 Psal.
1075 2814 1168 2840 Lxxxt,
1185 2807 1212 2840 6,
1227 2807 1253 2834 7.

993 2219 1061 2245 ratio
1075 2219 1182 2246 visionis
1193 2239 1200 2250 ,
1215 2226 1279 2245 ecce
1290 2223 1404 2252 septem.
1420 2218 1454 2244 Et
1481 2219 1507 2245 in
1524 2219 1607 2245 medio
1621 2220 1784 2246 animalium

992 2264 1068 2298 quasi
1083 2263 1209 2289 carbones
1222 2263 1299 2296 ignis,
1311 2271 1374 2290 ecce
1389 2268 1461 2290 orto.
1478 2263 1544 2296 Quis
1559 2269 1650 2296 potest
1665 2264 1718 2291 ista
1734 2267 1784 2292 ωι-

994 2309 1110 2336 nutatim
1127 2309 1279 2343 exponere?
1292 2309 1358 2341 Quis
1378 2310 1413 2335 ita
1430 2314 1471 2336 est
1496 2316 1579 2343 capax
1595 2309 1712 2342 spiritus
1725 2309 1783 2341 Dei.

994 2360 1023 2381 ut
1038 2355 1094 2381 inec
1108 2359 1278 2381 sacramenta
1293 2354 1439 2381 dilueidet?
1463 2353 1612 2389 Oportebat
1637 2362 1785 2383 accusato-

993 2408 1037 2427 tes
1048 2401 1188 2428 Creatoris
1216 2405 1243 2426 et
1256 2399 1300 2427 Dei
1327 2401 1519 2434 prophetarum
1546 2401 1664 2435 primqu
1685 2402 1784 2429 intelli-

993 2454 1054 2480 gere
1065 2453 1125 2480 quze
1141 2446 1269 2473 dicuntur
1279 2454 1293 2472 a
1306 2446 1454 2480 prophetis,
1477 2452 1503 2473 et
1518 2451 1609 2481 postea
1627 2447 1782 2475 criminari.

993 2492 1043 2524 Qui
1058 2493 1130 2519 enim
1148 2500 1210 2519 vere
1225 2498 1352 2526 accusat,
1370 2501 1402 2520 ea
1419 2493 1497 2520 debet
1507 2500 1638 2519 accusare
1650 2501 1713 2528 qua!
1732 2501 1781 2520 no-

993 2539 1041 2564 vit.
1060 2538 1088 2564 Si
1103 2546 1169 2565 vero
1187 2538 1304 2565 lueretici
1327 2547 1360 2565 ne
1389 2546 1473 2573 prope
1500 2538 1608 2572 quidem
1626 2544 1691 2565 sunt
1705 2540 1783 2566 intel-

994 2584 1074 2611 lecturi
1095 2584 1197 2616 divino,
1209 2584 1346 2619 quomodo
1357 2585 1553 2611 rationabiliter
1563 2590 1696 2612 accusant
1709 2585 1780 2619 quod

994 2637 1042 2656 cos
1060 2629 1165 2656 nescire
1179 2629 1384 2656 convincimus?
1408 2629 1517 2656 Discant
1542 2630 1604 2664 quis
1627 2630 1654 2656 iu
1672 2631 1726 2657 hac
1743 2630 1782 2655 vi-

994 2674 1071 2700 sione
1086 2674 1121 2700 sit
1136 2681 1243 2700 Sensus.
1260 2673 1380 2700 Primum
1393 2679 1503 2707 apparet
1513 2673 1626 2707 spiritus
1641 2673 1779 2700 auferens.

998 2718 1124 2745 Secundo
1143 2718 1227 2746 nubes
1244 2727 1340 2753 magna
1356 2719 1382 2745 in
1405 2719 1501 2753 spiritu
1524 2718 1674 2746 auferente.
1691 2718 1781 2746 Tertio

1297 2808 1318 2823 "’
1334 2807 1402 2835 Gen.
1425 2815 1467 2842 tu,
1485 2809 1520 2835 2‘2
