1882 3052
85 101 145 128 (ῖῗτ

815 98 954 126 llOlllLlA
972 98 992 126 1.

1666 105 1718 133 673

85 159 223 195 splendor
247 159 276 186 in
302 158 419 186 circuitu
443 158 555 193 spiritus
588 156 747 186 auferentis.
778 158 880 191 Quarto
895 158 916 186 Δ
932 161 1051 183 aestuans
1065 155 1173 183 anintus
1185 160 1226 183 est
1241 156 1357 189 locutus,
1367 162 1393 185 et
1405 158 1545 194 ambigens
1555 167 1615 194 qua:
1625 160 1715 192 sileat,

86 205 165 240 ignis
176 205 324 239 refulgens.
347 204 449 237 Quinto
471 204 498 231 in
527 205 617 232 medio
641 205 700 239 ejus
725 205 796 232 sicut
813 205 881 231 visio

85 250 197 283 electri,
215 251 288 278 haud
305 250 418 277 dubium
443 250 508 284 quin
524 251 551 277 in
580 251 669 277 medio
692 251 771 285 ignis.
797 250 881 277 Sexto

87 297 223 331 splemlor
234 297 261 324 in
278 297 373 323 eodem
385 297 497 324 electro.
525 297 664 324 Confiteor
678 297 792 324 libenter
806 305 820 324 a
835 305 881 324 sa—

88 343 184 377 piente
195 346 223 369 et
239 342 311 369 ﬁdeli
327 343 386 370 viro
403 343 503 370 dictam
527 344 701 373 sententiam.
713 351 794 377 quam
812 351 882 377 smpe

88 388 214 423 suscipio
227 397 235 421 ;
251 388 284 415 de
296 388 351 415 Deo
367 392 394 415 et
409 397 472 417 vero
486 389 578 416 dicere
595 389 745 423 periculum
762 394 813 416 est.
827 389 880 417 Ne-

87 441 144 467 que
157 433 231 460 enim
245 441 275 461 ea
295 439 398 461 tantum
422 434 574 468 periculosa
603 439 667 462 sunt
679 443 741 469 quae
762 435 829 463 falsa
846 436 881 463 de

85 486 122 505 eo
133 480 266 506 dicuntur
283 489 289 506 :
306 480 352 506 sed
368 479 450 506 etiam
465 487 526 514 qua:
542 487 605 507 vera
628 485 701 512 sont,
717 485 744 508 et
759 489 813 508 non
830 489 880 516 op-

87 528 211 558 portune
225 524 412 559 proferuntur,
436 525 535 552 dicenti
565 525 713 559 periculum
739 531 878 561 generant.

86 569 237 604 Hargarita
254 578 314 597 vera
328 576 380 604 est,
402 571 450 598 sed
463 571 485 598 si
498 579 635 605 perverso,
652 571 798 599 discrimen
821 573 880 607 ejus

84 620 131 642 cst
148 616 223 650 quod
237 616 303 643 dicit
319 617 432 651 pedibus
445 625 552 644 eorum.
568 616 600 644 Et
614 622 641 644 ut
663 618 740 652 juxta
755 626 805 646 nos
829 619 880 646 ali-

83 662 161 696 quod
175 669 311 695 ponamus
329 664 495 698 exempturo,
510 664 684 691 collectiones
699 665 757 692 istae
771 672 823 692 non
835 673 881 691 so-

85 707 145 734 lum
158 707 187 734 in
200 707 284 741 Elia,
298 717 351 735 non
368 714 472 736 tantum
485 709 588 741 Ronue,
596 717 650 737 non
666 711 692 737 in
705 710 878 742 Alexandria,

84 753 133 780 sed
151 754 178 780 in
194 754 269 780 omni
284 755 367 782 semel
389 755 456 782 orbe
469 755 675 783 similitudinem
700 755 822 782 referunt
834 763 879 782 sa-

81 806 173 833 genae,
187 807 249 833 quae
263 807 295 826 ex
312 801 386 827 omni
407 809 505 836 genere
520 801 634 836 piscium
652 802 732 835 capit.
746 800 803 827 Non
820 808 880 835 pos-

87 849 155 871 sunt
170 845 300 882 universa
318 845 388 872 bona
407 853 468 873 esse
479 853 540 880 qua:
556 846 678 873 incidunt
694 847 720 872 in
736 853 806 873 eam.
834 846 879 872 Ait

83 890 190 924 quippe
206 889 332 916 Salvator
348 891 371 908 ⁸⁸
388 899 394 917 :
416 890 482 917 Cum
505 892 680 923 extraxerit”,
696 896 720 918 et
743 899 816 918 secus
835 891 880 917 lit-

81 940 126 961 tus
139 936 268 966 sederint,
285 936 378 970 eligent
395 936 462 962 bona
477 937 581 972 quidem
605 938 632 963 in
655 945 718 963 vasa
735 945 794 967 sua,
807 936 879 962 mala

81 988 144 1007 vero
165 981 242 1014 foras
258 981 409 1015 projioient.
425 982 539 1017 Oportet
554 990 617 1017 ergo
630 982 656 1009 in
684 990 783 1016 sagt‘na
796 982 879 1009 totius

82 1026 217 1054 Ecclesia;
234 1034 295 1054 esse
318 1032 345 1054 et
373 1028 444 1055 bona
459 1033 486 1055 et
512 1029 593 1055 mala.
611 1029 640 1055 Si
667 1029 724 1063 jam
752 1029 878 1055 universa

85 1073 191 1099 munda
210 1078 284 1106 sunt,
298 1073 362 1108 quid
375 1073 590 1108 derclinquimus
607 1074 633 1100 in
648 1074 750 1108 judicio
765 1073 810 1100 Dei
823 1074 834 1100 ?
847 1074 879 1100 Et

78 1116 161 1151 juxta
177 1118 262 1144 aliam
273 1119 440 1152 paraboiam,
466 1124 492 1146 et
510 1118 675 1146 frumentum
702 1123 728 1146 ct
749 1119 831 1153 palea:
851 1119 877 1146 in

81 1170 147 1189 arca
160 1163 349 1196 continentur,
363 1172 424 1190 cum
438 1164 604 1191 frumentum
617 1168 722 1191 tantum
739 1164 764 1191 in
777 1164 878 1191 Christi

82 1209 186 1237 horrea
202 1211 422 1245 congregandum
441 1210 486 1242 sit,
497 1215 524 1237 et
540 1210 730 1237 discernantur
743 1210 826 1244 palea:
843 1211 878 1237 ab

79 1262 125 1288 eo,
141 1255 222 1289 cujus
243 1256 419 1282 ventilabrum
445 1256 472 1282 in
498 1264 578 1282 manu
591 1256 660 1290 ejus,
687 1260 711 1283 et
739 1256 877 1282 inmutabit

79 1310 173 1328 aream
185 1309 276 1334 suam,
287 1306 311 1329 et
325 1303 492 1337 congregabit
511 1303 673 1336 frumentum
690 1302 716 1328 in
742 1302 875 1334 horreum,

80 1347 177 1381 paleas
191 1355 252 1374 vero
273 1353 406 1375 consumet
435 1349 493 1383 igne
510 1348 720 1383 inerstinguibili
735 1349 766 1376 Μ’.
784 1348 877 1384 Neque

80 1392 157 1418 cnim
173 1400 270 1419 assero
285 1399 376 1420 arcam
391 1397 476 1420 totum
492 1401 552 1421 esse
568 1393 711 1425 mundum,
726 1395 772 1421 sed
784 1402 875 1421 arcani

83 1437 212 1471 intelligo
235 1445 297 1464 esse
321 1442 422 1464 coetum
449 1439 541 1472 populi
558 1438 716 1465 Christiani.
734 1438 876 1471 Quomodo

83 1490 262 1517 unaquaeque
274 1490 338 1509 arca
353 1483 597 1515 circumscribitur,
617 1488 644 1510 et
654 1488 696 1510 est
711 1484 788 1518 plena
816 1484 874 1511 fru-
890 1491 911 1521 ρ

79 1533 175 1556 mento
192 1529 235 1556 vel
251 1529 346 1563 paleis,
362 1536 412 1556 nec
426 1532 511 1556 totum
538 1529 619 1564 360
637 1528 803 1556 frumentum
821 1535 873 1563 est,

80 1583 132 1602 nec
148 1579 238 1602 totum
254 1583 363 1602 rursum
380 1575 455 1609 palea
474 1584 481 1601 :
497 1575 537 1602 sic
554 1575 580 1601 in
599 1574 727 1603 Ecclesiis
739 1576 874 1603 terrestri-

79 1622 133 1649 bus
149 1621 224 1648 alius
239 1625 282 1648 est
303 1620 481 1652 frumentum,
498 1621 568 1648 alius
590 1625 632 1647 est
655 1621 743 1655 palea.
774 1620 874 1648 Verum

78 1667 116 1693 ibi
131 1674 189 1693 non
210 1674 260 1693 sua
277 1674 370 1698 causa,
386 1673 434 1692 nec
449 1673 497 1700 per
506 1666 673 1693 voluntatem
691 1667 774 1700 palea:
789 1671 853 1706 sunt
868 1676 874 1694 ε

80 1719 172 1747 neque
189 1711 262 1738 cnim
280 1719 314 1738 ex
340 1711 450 1746 proprio
477 1712 591 1738 arbitrio
615 1712 781 1739 frumentum
810 1718 874 1739 cst:

78 1757 125 1784 hic
141 1764 209 1784 vero
226 1757 253 1784 in
262 1761 313 1784 ,tna
331 1761 463 1792 potestate
475 1758 593 1792 positum
611 1762 662 1790 est,
688 1762 718 1785 ut
740 1758 778 1785 sis
799 1758 876 1793 palea

79 1802 120 1829 rel
136 1802 321 1830 frumentum.
341 1802 404 1830 Ηιρε
420 1810 468 1829 nos
482 1802 580 1830 docere
592 1803 702 1835 debent,
724 1808 753 1830 ut
774 1804 796 1830 si
821 1804 872 1830 ali-

77 1848 195 1883 quando
211 1848 312 1882 aliquis
335 1847 362 1875 in
383 1849 640 1883 congregationibus
660 1849 762 1876 nostris
778 1849 877 1876 viderit

78 1898 267 1929 peccatorem,
287 1901 340 1920 non
355 1894 565 1925 scandalizatur,
593 1901 681 1928 neque
701 1894 790 1922 dit-at:
809 1895 877 1921 Ecce

79 1943 214 1975 peccator
228 1939 256 1966 in
273 1944 344 1966 creto
374 1945 469 1967 sancto
496 1943 547 1967 est.
573 1938 602 1966 Si
626 1940 678 1967 hoc
698 1940 770 1972 licet,
788 1941 810 1967 si
826 1940 876 1967 hoc

77 1985 255 2017 raticcditur,
267 1992 353 2019 quare
365 1989 392 2012 et
412 1993 462 2020 ego
482 1992 536 2012 non
550 1985 676 2020 peccem?
689 1985 755 2012 Dum
767 1986 794 2012 ir.
808 1994 877 2020 prae-

77 2030 152 2056 senti
168 2030 272 2057 sateulo
286 2037 398 2061 sumus,
414 2029 439 2056 id
464 2034 506 2056 est
521 2029 547 2056 in
566 2037 643 2061 arca,
670 2034 697 2056 et
722 2030 748 2056 in
765 2038 874 2064 sagcna,

78 2081 105 2103 ct
116 2075 186 2102 boni
201 2080 228 2102 et
244 2075 309 2102 mali
337 2075 364 2101 in
382 2082 413 2101 ea
426 2075 611 2102 continentur.
638 2074 753 2107 Quando
784 2080 874 2102 autem

77 2121 189 2149 venerit
204 2121 344 2152 Christus,
363 2120 407 2147 lict
426 2120 565 2151 discretio,
595 2124 621 2146 ct
643 2120 798 2154 implebitur
811 2121 875 2148 illud

932 209 991 236 qua:
1009 201 1139 235 proferat,
1159 209 1219 236 qua:
1237 202 1331 230 leviter
1357 208 1427 231 tacta
1453 205 1581 236 dimittat,
1609 215 1669 240 qum
1683 216 1717 235 ex

932 247 966 274 iis
981 247 1166 280 manifestius,
1179 256 1240 281 qua:
1265 248 1409 276 obscurius
1431 251 1589 284 exponenda
1616 252 1681 285 sint,
1693 253 1715 280 si

931 297 1020 320 tamen
1035 294 1185 328 poterimus
1202 294 1313 328 implere
1330 295 1402 329 quod
1422 296 1557 329 cupimus.

968 337 1011 364 12.
1027 338 1149 365 Primum
1165 346 1231 374 ergo
1263 339 1369 366 videtur
1391 341 1503 375 spiritus
1518 341 1645 370 auferens
1661 353 1666 370 :
1691 345 1715 371 id

931 384 1003 418 quod
1020 384 1099 418 paulo
1110 389 1173 411 ante
1183 385 1310 417 diximus,
1323 386 1384 420 quia
1399 386 1527 414 Dominus
1543 394 1634 415 noster
1648 390 1718 423 ignis

931 436 1097 456 consumens
1114 429 1159 461 sit,
1174 430 1255 457 etiam
1280 438 1352 458 Inn‘ic
1377 432 1525 466 repetimus
1552 437 1579 459 et
1600 434 1717 462 dicimus

933 474 995 501 huic
1012 475 1170 502 testimonio
1186 484 1345 510 congruere.
1372 477 1514 509 Quomodo
1530 479 1639 513 ponitur
1661 481 1716 515 spi-

933 520 1001 547 ritus
1018 520 1164 548 auferens?
1179 520 1249 548 Dcns
1264 522 1375 555 spiritus
1398 527 1449 554 est,
1467 528 1494 550 et
1510 524 1621 558 spiritus
1642 526 1716 552 aufu—

932 574 995 593 rens
1011 567 1141 593 cernitur.
1155 566 1224 599 Quid
1241 575 1256 594 a
1281 576 1324 594 me
1336 568 1433 600 aufert,
1450 573 1476 595 et
1492 571 1526 596 ab
1540 571 1630 598 anima
1645 580 1714 604 mea,

932 618 962 640 ut
975 614 1072 640 merito
1091 613 1217 641 aufcrcns
1249 615 1429 649 prmdicetnr?
1452 614 1550 650 Utique
1576 618 1644 644 mala
1662 627 1668 644 :
1689 624 1715 645 ct

931 662 995 684 tunc
1011 658 1099 685 sentio
1112 659 1261 685 bonitatem
1278 659 1348 692 ejus,
1371 659 1405 686 sit
1421 667 1435 686 a
1451 668 1493 687 me
1509 662 1625 695 pessima
1640 671 1675 696 qu
1686 672 1715 688 v.-

930 711 984 738 quc
1006 704 1157 731 sustulerit.
1182 703 1276 738 Neque
1301 712 1364 731 vero
1391 707 1538 739 putandum
1565 712 1606 734 est
1636 708 1714 735 [imm

930 757 989 776 esse
1003 749 1186 780 beatitudinis,
1203 750 1225 776 si
1251 757 1265 776 a
1282 751 1358 776 malis
1373 751 1519 778 liberemur
1534 761 1542 785 ;
1558 753 1663 780 initium
1679 753 1716 778 fc-

931 795 1041 822 licitatis
1055 800 1097 822 est
1112 803 1205 822 carere
1229 800 1349 830 peccato.
1375 796 1407 823 Et
1437 797 1463 824 in
1485 796 1602 825 Ieremia
1620 799 1716 826 scribi-

932 846 975 868 tur
992 841 1011 856 ⁷¹
1029 841 1132 876 (omnia
1143 841 1242 876 quippe
1254 849 1314 875 qua:
1331 842 1357 868 in
1372 843 1514 877 prophetis
1525 844 1625 878 scripta
1641 849 1715 877 sunt,

931 887 1144 915 clementissimo
1167 886 1220 914 Deo
1245 887 1383 923 \indico):
1416 889 1480 915 licet:
1510 890 1571 916 dedi
1585 898 1715 917 sermones

930 942 999 960 meos
1016 933 1042 960 in
1055 942 1083 960 os
1104 939 1188 965 tuum,
1205 931 1262 959 ρει-ὸ
1288 935 1413 961 constitui
1445 941 1468 961 te
1496 943 1572 969 super
1588 942 1674 970 gentes
1691 943 1714 963 et

930 987 1008 1014 regna
1023 979 1170 1010 eradicare,
1181 983 1204 1004 el
1217 979 1357 1012 stt/fodere,
1373 985 1397 1006 et
1411 980 1572 1014 disperdere,
1586 986 1611 1007 et
1630 982 1717 1015 a’diﬁ-

929 1033 1000 1056 care,
1016 1029 1039 1051 et
1053 1024 1182 1058 plnntare.
1211 1024 1348 1054 Benianus
1366 1030 1406 1052 cst
1426 1025 1497 1053 Dens
1520 1027 1589 1054 dans
1610 1035 1715 1054 sermo-

929 1077 977 1096 nes
990 1069 1022 1096 ad
1039 1067 1350 1096 cradicandum.Verum
1365 1071 1428 1104 quid
1442 1075 1482 1097 est
1497 1072 1567 1106 quod
1582 1072 1715 1099 eradicaii

929 1114 1038 1146 debeat,
1058 1119 1085 1141 et
1113 1114 1250 1141 subverti?
1277 1114 1304 1140 Si
1328 1123 1381 1149 qua
1413 1116 1543 1150 plantatio
1573 1118 1600 1144 in
1623 1119 1716 1145 animo

929 1161 1000 1187 mala
1018 1165 1070 1192 est,
1101 1161 1124 1188 si
1146 1169 1200 1195 qua
1233 1166 1306 1188 secta
1326 1169 1459 1195 nequam,
1490 1163 1560 1189 hanc
1584 1163 1715 1193 eratlicat.

929 1205 1000 1232 hanc
1016 1205 1149 1232 subvertit
1162 1213 1252 1232 sermo
1276 1206 1460 1240 propheticus.
1492 1205 1599 1233 Utinam
1623 1213 1715 1234 autem

928 1252 1078 1286 contingat,
1092 1257 1121 1279 ut
1136 1253 1200 1279 mihi
1218 1253 1278 1280 talis
1293 1261 1383 1280 sermo
1398 1254 1526 1285 donetur,
1540 1254 1586 1288 qui
1597 1255 1716 1281 eradicet

929 1297 1118 1325 hereticorum
1139 1299 1254 1330 semina,
1271 1304 1298 1326 et
1321 1299 1471 1326 doctrinam
1487 1308 1518 1326 ex
1535 1299 1629 1327 Zahuli
1643 1301 1716 1327 tome

929 1349 1095 1377 manantem,
1118 1344 1164 1378 qui
1190 1345 1223 1371 de
1246 1345 1306 1379 ejus
1325 1345 1414 1372 anima
1446 1346 1491 1379 qui
1509 1354 1581 1372 nunc
1596 1346 1714 1380 ptimum

929 1387 1077 1416 Ecclesiam
1099 1389 1259 1425 ingreditur,
1278 1391 1436 1417 idololatrizc
1451 1391 1555 1418 auferat
1568 1392 1715 1426 plantatio-

930 1443 1002 1461 nem.
1021 1435 1086 1461 Dedi
1104 1443 1234 1462 sermones
1247 1444 1315 1462 meo:
1327 1437 1352 1462 in
1368 1445 1395 1462 os
1414 1441 1498 1463 luunt.
1511 1436 1576 1464 Ecce
1591 1438 1716 1464 constitui

929 1485 953 1506 te
968 1481 1104 1508 eruditam
1124 1486 1149 1508 rt
1175 1481 1315 1515 sit/fudere.
1333 1482 1441 1509 Scilicet
1455 1487 1484 1509 ut
1497 1483 1519 1509 si
1534 1491 1587 1517 qua
1600 1484 1716 1511 :cditica-

929 1526 966 1552 tio
983 1527 1100 1560 pessima
1118 1531 1169 1559 cst,
1197 1527 1366 1555 destruatur.
1399 1527 1486 1560 Quam
1512 1529 1606 1555 vellem
1627 1534 1653 1556 et
1666 1537 1716 1564 ego

928 1572 1065 1599 Snfi‘odere
1081 1573 1212 1607 quidquid
1228 1573 1348 1600 Marcion
1366 1573 1392 1599 in
1407 1574 1519 1600 auribus
1542 1574 1716 1607 deceptorum

927 1617 1083 1649 rcdilicavit,
1104 1618 1252 1649 cradicarc,
1270 1623 1297 1644 et
1313 1618 1479 1649 subvertere,
1500 1624 1526 1646 ct
1550 1619 1714 1655 dispergere,

928 1663 1051 1690 utJacob
1076 1664 1237 1698 disperdidit
1261 1664 1343 1691 idola.
1374 1663 1465 1699 Usque
1491 1665 1524 1692 ad
1553 1665 1715 1693 hodiernum

926 1710 996 1737 diem
1013 1714 1055 1737 cst
1079 1710 1235 1745 disperdere
1267 1715 1293 1737 et
1308 1711 1453 1738 :edilieare.
1473 1711 1594 1739 Ilzcrclici
1613 1713 1718 1747 disper-

927 1754 990 1781 dere
1002 1759 1028 1780 et
1043 1754 1201 1781 subvertere
1223 1758 1326 1781 tantum
1347 1755 1501 1788 audierunt,
1520 1756 1545 1782 in
1560 1757 1716 1783 :edilicatio—

927 1799 970 1826 nis
982 1805 1071 1826 autem
1103 1801 1336 1835 plantationisquc
1363 1809 1488 1829 sermone
1516 1803 1614 1830 surdas
1636 1811 1717 1830 aures

928 1851 1096 1873 averterunt.
1117 1846 1208 1880 Neque
1221 1847 1292 1873 enim
1315 1846 1565 1882 voluntinspiccre,
1590 1849 1654 1882 quia
1668 1848 1716 1874 tri—

927 1892 978 1919 stia
991 1899 1108 1926 qumque
1127 1892 1212 1926 prima
1230 1892 1368 1924 dicuntur,
1389 1897 1416 1919 et
1429 1894 1547 1920 secunda
1571 1902 1632 1928 quae.
1657 1895 1715 1921 hcta

927 1943 1001 1964 sunt.
1026 1936 1117 1970 Quare
1139 1945 1212 1964 nunc
1238 1937 1289 1963 ista
1316 1938 1518 1965 memoramus?
1541 1937 1671 1965 Videlicet
1688 1944 1718 1966 ut

927 1982 1116 2010 manifestetnr
1130 1982 1176 2009 Dci
1199 1990 1291 2009 sermo
1318 1983 1476 2010 subvertere
1493 1984 1573 2015 mala,
1592 1988 1619 2010 et
1633 1985 1718 2011 aedifi-

929 2036 992 2056 care
1007 2029 1120 2063 optima,
1133 2028 1273 2055 eradicare
1295 2028 1369 2060 vitia,
1386 2029 1463 2063 quasi
1485 2029 1602 2064 agricola
1617 2032 1715 2061 bonus,

927 2079 958 2102 ut
982 2075 1008 2101 in
1029 2079 1145 2109 purgato
1173 2082 1269 2109 campo
1299 2075 1435 2102 uberrima
1461 2075 1592 2102 virtutum
1619 2077 1717 2103 messis

928 2119 1044 2146 oriatur.
1066 2118 1130 2146 lbet:
1156 2124 1265 2154 propter
1288 2119 1413 2154 spiritum
1439 2120 1616 2147 auferentem.
1647 2121 1718 2148 Vidit

80 2167 159 2201 quod
175 2166 211 2193 ab
222 2165 354 2200 Apostolo
369 2165 471 2192 dicitur
487 2166 509 2181 "
523 2175 530 2192 :
546 2165 642 2192 Omnes
655 2173 701 2191 nos
719 2170 819 2199 oportet
832 2174 877 2192 as—
893 2158 914 2185 Ῑ)
930 2165 1002 2193 enim
1015 2166 1133 2200 primum
1150 2165 1274 2199 spiritum
1289 2165 1468 2199 auferentem,
1481 2166 1578 2193 deinde
1590 2167 1716 2194 nebulam

80 2212 179 2238 sistere
194 2216 256 2238 ante
266 2211 385 2238 tribunal
396 2211 506 2242 Christi,
531 2214 561 2237 ut
577 2215 688 2245 reportet
700 2211 876 2245 unusquisque

78 2258 193 2292 propria
209 2257 329 2292 corporis
341 2257 383 2283 sui
395 2264 453 2291 quw
466 2257 556 2291 gessit,
570 2256 624 2282 sive
635 2256 713 2287 bona.
726 2257 777 2283 sive
792 2256 874 2284 mala.

80 2302 144 2331 llaec
178 2303 206 2330 in
232 2303 367 2338 prooemio
389 2303 423 2330 de
453 2302 722 2337 interpretationibus
739 2302 874 2329 visionum

928 2219 1059 2246 magnam
1072 2211 1098 2237 in
1110 2219 1153 2238 eo.
1166 2211 1281 2244 Quando
1306 2217 1437 2246 purgatus
1453 2212 1491 2246 (2)
1513 2212 1597 2240 fueris
1612 2213 1647 2240 ab
1666 2222 1716 2240 au—

925 2256 1033 2283 ferente
1054 2256 1162 2291 spiritu,
1179 2261 1283 2282 tantum
1302 2260 1332 2283 ut
1343 2257 1482 2284 auferatur
1495 2265 1576 2285 omne
1588 2259 1687 2285 malum
1702 2267 1718 2285 a

929 2308 965 2334 te.
980 2306 1007 2329 ct
1018 2309 1098 2329 omne
1110 2302 1183 2336 quod
1209 2302 1235 2328 in
1252 2306 1297 2329 tua
1318 2303 1408 2329 anima
1431 2303 1559 2338 nequitiae
1581 2308 1717 2337 versatur,

114 2371 250 2399 “Matth.
271 2380 331 2405 xm,
348 2372 393 2399 43.
431 2372 453 2388 εν
469 2365 537 2399 Luc.
554 2380 593 2404 In,
617 2371 659 2398 17.
698 2371 720 2386 ⁷⁰
737 2371 757 2398 Il
784 2373 847 2399 (Zor.
865 2382 879 2400 v

994 2372 1016 2387 "'
1044 2370 1145 2397 Jerem.
1163 2377 1181 2401 ι,
1199 2369 1243 2396 10.

117 2451 161 2484 (2)
174 2449 294 2485 Quando?
303 2455 440 2485 purgatus,
455 2454 507 2477 etc.
524 2449 708 2485 Huncrlocum
726 2450 818 2478 Griccc
835 2459 879 2478 re-

82 2490 253 2521 praesentant
280 2484 390 2522 catena:
411 2493 484 2522 mss.
502 2495 517 2522 :_
536 2484 645 2522 Νεφέλη
660 2486 766 2522 μεγάλη
780 2487 824 2522 γὲν
839 2486 880 2522 τῷ

83 2519 222 2557 ἓξαίρθναςι
251 2520 399 2557 meditor-5t.
409 2521 495 2557 Ὀτακί
504 2519 646 2557 ὠφεληθῇς
657 2521 689 2557 tu
697 2521 747 2557 7106
761 2519 881 2557 igniped-

80 2565 128 2588 τος
140 2555 210 2582 ’ἰτνεῦ
215 2563 299 2590 ματος
315 2555 329 2581 ὂ
339 2555 436 2590 ἐξῆρεν
450 2555 503 2581 ἀπὸ
514 2555 561 2581 σοῦ
577 2556 629 2582 πᾶν
640 2555 741 2589 φαῦλον
757 2556 787 2582 τὸ
797 2555 879 2584 ἐνύπ-

81 2591 167 2633 άρχογ
178 2592 213 2626 τῇ
228 2590 389 2633 ψυχῇισουν.
404 2590 471 2631 τότε.
491 2590 655 2633 (liquidmst;
685 2590 734 2633 17],;
759 2591 875 2633 νεφέλης

81 2625 134 2661 τῆς
155 2625 367 2660 ἐνυπαρχούσης
381 2625 410 2652 ἐν
437 2625 476 2660 τῷ
501 2625 635 2661 ἐξαίροντι
658 2626 801 2661 πνεύματι.
822 2625 875 2653 Κὰὶ

82 2660 156 2688 ἰάτιν
172 2660 243 2696 αὑτὴ
260 2662 276 2696 ή
287 2661 386 2696 Υεφέλῃ
397 2660 529 2696 συγγενὴς
539 2661 594 2696 ντῆς
609 2662 637 2686 ὲν
649 2660 704 2696 τῷ*
717 2661 874 2696 Εὑαγγελίῳ

82 2697 211 2731 νεφέλης,
226 2693 276 2729 ἇφ⁴
284 2693 398 2731 ﬁgam;
418 2693 492 2728 φώνὴ
509 2693 641 2734 ⁷λέἶόυσα·
664 2693 758 2729 Οὗτός
770 2693 878 2723 ἐάτινό

87 2732 158 2764 Υἱός
181 2739 243 2765 μου
313 2730 476 2765 ἁπτιπητός.
494 2731 606 2766 [iv-auita.
621 2728 667 2757 οὖν
682 2730 798 2766 ὲξαῖρον·
819 2729 877 2758 εἶτα

82 2763 188 2807 νιιφέλή
211 2765 320 2812 μεγέλη
338 2763 373 2791 ’ἐν
391 2765 474 2808 σεὺτῷ·
492 2763 552 2792 εἶτά
569 2763 598 2804 ξει
624 2763 749 2800 λαμπρὸύ
776 2766 877 2800 φέγγος

85 2801 178 2836 κυκλῳ
194 2802 289 2828 αὐτου.
322 2801 408 2836 Ηρται
426 2808 472 2826 σου
489 2800 519 2827 τὸ
532 2800 641 2835 φαυλονσ
655 2801 758 2827 δέδοταί
771 2809 811 2828 σοι
832 2810 875 2828 νε-

931 2450 1010 2486 φέλη,
1028 2449 1098 2486 ὥστε
1115 2448 1206 2486 βρέξαι
1221 2448 1297 2486 ὐξτὺν
1311 2449 1372 2486 tnta
1384 2449 1429 2476 τὸν
1448 2449 1604 2484 ἀμπελῶνα.
1627 2451 1716 2479 Nubes

932 2483 1028 2520 magna
1042 2485 1070 2511 iu
1084 2483 1179 2518 spiritu
1192 2485 1335 2521 auferente.
1352 2483 1418 2521 Cum
1431 2483 1602 2521 utilitatemet
1619 2489 1715 2521 spiritu

931 2519 1065 2554 auferente
1077 2525 1229 2556 consecutus
1254 2519 1348 2556 fueris,
1366 2519 1411 2554 qui
1440 2528 1455 2546 a
1480 2524 1504 2556 te
1525 2519 1717 2556 ntalnm‘quod

932 2553 1028 2582 animce
1049 2558 1101 2581 tua:
1114 2554 1180 2590 inest
1193 2553 1339 2590 abstulerit,
1363 2559 1424 2590 tum;
1445 2555 1512 2580 nube
1524 2555 1640 2590 frueris,
1653 2553 1718 2590 qua:

932 2591 959 2616 in
971 2590 1067 2624 spiritu
1081 2589 1214 2625 auferente
1226 2593 1276 2615 est.
1294 2588 1391 2623 Estque
1409 2589 1463 2616 lucc
1483 2589 1562 2616 nubes
1578 2588 1716 2625 a/ﬁiiis'illi

932 2625 1086 2660 euangelica:
1098 2623 1197 2660 nubi,e
1218 2632 1269 2658 qua
1291 2625 1358 2660 venit
1380 2632 1428 2650 rex
1443 2625 1531 2651 dicens
1549 2632 1558 2651 .'
1582 2623 1656 2652 ("Hic
1677 2633 1716 2654 est

934 2658 1022 2686 Filius
1043 2667 1116 2686 meus
1139 2658 1260 2685 dilectus.
1279 2668 1301 2695 γ)
1333 2659 1420 2693 Igitur
1445 2660 1554 2694 spiritus
1574 2661 1716 2695 auferens;

930 2694 1023 2721 deinde
1047 2695 1126 2729 nubes
1153 2701 1249 2729 magna
1275 2694 1302 2720 in
1324 2701 1369 2724 eo;
1387 2699 1442 2720 tum
1463 2695 1588 2729 splendor
1617 2696 1717 2723 micam

930 2730 957 2756 in
973 2729 1087 2755 circuitu
1102 2728 1168 2764 ejus.
1198 2728 1298 2762 Nempe
1325 2729 1444 2755 ablutum
1469 2738 1485 2756 a
1511 2735 1535 2756 te
1552 2731 1642 2757 tilium
1666 2736 1717 2764 est,

930 2765 994 2790 datu
1024 2764 1071 2790 tibi
1096 2762 1175 2789 nubes
1199 2767 1254 2795 est;
1281 2769 1308 2790 ut
1336 2764 1440 2790 decidat
1465 2764 1548 2791 imber
1571 2774 1649 2800 super
1678 2762 1718 2794 vi;

931 2807 1015 2826 neum.
