1882 3052
210 151 265 178 ’683

804 150 966 179 ORIGENIS
986 149 1017 177 ΙΝ
1039 149 1256 179 EZECHIELEM

1787 152 1832 180 GM

213 219 273 245 quae
294 214 358 237 sunt
383 209 495 236 latenter
509 207 668 243 significata,
690 212 719 235 ut
745 213 876 236 ntonstret
895 216 948 235 non
966 209 998 235 ad
1015 213 1036 240 Α
1052 208 1104 234 tuis
1112 208 1316 242 jurtiﬁcaberis,
1329 214 1353 235 ct
1369 217 1401 234 ex
1412 209 1574 235 sermonibus
1586 209 1638 236 tuis
1651 209 1834 238 capulomnube-

213 262 275 282 enm
295 253 351 282 fieri
376 253 554 288 prophetiam,
570 252 616 287 qui
636 256 731 280 contra
748 251 793 279 Dei
808 252 888 280 docet
904 253 999 280 volun-

215 304 308 334 tatem,
323 300 369 335 qui
386 296 527 335 prophetat
549 297 582 325 de
606 296 688 325 corde
709 305 768 325 suo.
794 295 873 325 Juxta
896 299 999 334 simpli-

215 351 272 371 cem
296 342 404 378 quidem
422 341 584 370 intellectum
595 336 609 374 ,’
620 340 729 377 quidam
751 342 942 376 prophetarum
966 344 999 371 de

213 392 305 418 divino
322 390 423 426 Spiritu
441 390 598 424 loquentes,
621 397 675 417 non
696 390 730 417 de
745 390 826 417 corde
847 398 896 417 suo
917 389 997 417 locuti

213 441 285 468 sunt,
311 436 358 463 sed
379 434 413 463 de
437 442 516 463 sensu
535 434 599 467 Dei;
625 435 735 470 quidam
756 443 820 462 vero
839 434 998 462 simulantes

212 490 240 509 sc
256 482 399 517 prophetas
410 502 418 514 ,
444 486 523 515 atque
536 478 656 508 dicentes
675 489 682 507 ε
700 479 762 508 Haec
776 481 840 508 dicit
854 480 996 513 Dominus,

213 526 326 554 Domino
344 534 396 553 non
418 526 546 560 loquente
563 526 589 553 in
604 525 642 553 eis
653 546 660 558 ,
691 526 932 561 pseudoprophetis:
951 534 997 554 ex-

210 572 345 599 stiterunt.
362 568 453 598 Potest
467 576 558 599 autem
576 576 603 599 et
623 579 704 606 super
721 579 769 599 eos
789 571 836 607 qui
857 572 954 600 docent
969 570 994 599 in

209 617 347 649 Ecclesiis.
362 618 384 646 si
400 618 478 646 aliter
492 626 574 653 quam
587 619 675 654 poscit
687 619 788 647 veritas
802 619 911 653 docent,
926 627 995 654 prte-

208 671 268 691 sons
283 671 373 691 sermo
393 671 552 699 congruere.
578 663 605 691 Si
616 665 676 700 quis
697 665 778 692 etiatn
794 673 826 693 ea
843 673 903 701 quas
915 663 994 693 Jesus

203 708 332 737 Christus
352 707 484 737 Dominus
499 710 606 738 locutus
626 715 688 744 est,
710 710 768 745 ipsa
792 719 868 746 teque
888 709 993 744 doceat,

208 762 259 781 non
275 754 308 781 de
333 753 415 782 corde
441 762 508 787 suo,
532 754 577 782 sed
595 755 628 782 de
642 753 744 790 Spiritu
761 761 854 783 sancto
876 756 995 791 loquitur

206 807 346 826 sermones
357 796 416 825 Filii
434 799 480 826 Dei
492 798 566 826 Jesu.
584 799 611 826 Si
627 800 763 828 consentit
778 801 863 828 sancti
876 801 994 836 Spiritus

206 845 349 877 voluntati,
367 845 425 880 ejus
447 845 493 880 qui
510 845 536 872 in
552 846 683 880 apostolis
704 845 811 874 locutus
826 852 878 879 est,
893 855 946 874 non
960 848 993 875 de

207 891 287 918 corde
299 892 408 926 proprio
420 891 548 926 loquitur,
563 892 609 919 sed
621 893 654 919 de
669 890 750 920 corde
764 891 884 926 Spiritus
895 893 991 926 sancti,

207 937 254 971 qui
270 941 311 963 est
327 936 433 964 locutus
450 937 476 963 in
492 936 584 969 Paulo,
602 937 649 971 qui
666 941 706 964 est
728 937 836 965 locutus
851 937 878 964 in
901 936 991 968 Petro,

206 986 234 1008 et
246 981 272 1008 in
285 981 390 1008 ett-teris
412 981 542 1016 apostolis
555 986 596 1008 est
610 981 727 1009 locutus.
752 981 780 1009 Si
801 982 862 1018 quis
879 990 942 1010 vero
958 981 992 1009 Ie-

206 1034 271 1059 geus
288 1025 474 1060 Evangelium,
492 1027 630 1061 proprium
648 1035 760 1054 sensum
781 1031 855 1062 aptat
871 1026 992 1063 Evange-

200 1072 253 1105 _iio,
273 1079 326 1099 non
346 1072 380 1099 ita
401 1072 552 1106 intelligetis
565 1077 594 1099 nt
608 1071 739 1099 Dominus
754 1072 861 1100 locutus
872 1078 924 1104 est,
941 1074 991 1101 iste

206 1118 289 1145 falsus
312 1118 444 1153 propheta
471 1122 512 1145 cst
535 1118 649 1152 loquens
666 1117 700 1145 de
719 1118 801 1146 corde
826 1119 937 1154 proprio
961 1119 988 1147 in

205 1163 359 1200 Evangelia.
378 1163 407 1190 Et
429 1164 462 1191 de
487 1164 619 1191 haereticis
634 1162 743 1200 quidem
761 1164 827 1192 nihil
841 1164 989 1194 absurdum

203 1215 245 1237 est
258 1209 316 1237 haec
332 1209 402 1237 dicta
419 1206 577 1243 intelligere.
598 1208 738 1238 Disserunt
755 1210 853 1246 quippe
868 1211 946 1246 quasi
962 1211 989 1239 in

205 1255 366 1290 Evangeliis,
391 1260 418 1282 et
441 1256 519 1290 quasi
533 1255 568 1282 de
583 1256 713 1291 apostolis
723 1276 731 1289 ,
753 1255 859 1284 αἰώνων
875 1264 988 1285 suorum

196 1301 310 1334 fabulas
335 1301 444 1335 proprio
471 1301 553 1329 corde
577 1306 760 1336 exponentes,
780 1310 833 1329 non
859 1302 885 1329 in
908 1303 989 1331 corde

204 1346 322 1382 Spiritus
335 1339 431 1374 sancti.
448 1346 539 1382 Neque
553 1347 625 1374 enitn
638 1351 751 1382 possunt
763 1346 854 1375 dicere
867 1347 889 1364 "
908 1357 915 1375 :
931 1345 988 1376 Non

203 1398 290 1420 autent
301 1401 404 1419 aerisaut
421 1384 519 1419 Christi
535 1392 670 1425 habemus,
685 1397 713 1418 ut
728 1391 859 1419 videamus
879 1401 910 1420 ea
930 1401 989 1428 qua!

203 1446 219 1464 ιι
237 1437 290 1464 Deo
307 1437 404 1464 donata
425 1442 484 1463 sunt
504 1437 589 1464 nobis.
609 1436 677 1464 Cum
699 1441 789 1464 autent
806 1442 833 1464 et
851 1444 932 1471 super
946 1445 988 1465 me

203 1483 360 1517 veneritqui
380 1481 455 1509 dicor
479 1481 690 1516 ecclesiasticus,
704 1482 750 1516 qui
768 1482 871 1517 accipio
888 1482 987 1510 librutn

202 1533 337 1560 sanetum,
361 1533 388 1555 et
409 1528 480 1555 nitor
501 1535 564 1554 eum
583 1527 763 1562 interpretari,
789 1529 840 1556 hoc
863 1529 935 1564 quod
955 1529 988 1556 de
1001 1539 1022 1568 ε

195 1573 335 1608 γὶιιυνιειίυἰῇ
353 1572 463 1606 intelligi
488 1576 585 1606 potest,
601 1578 694 1605 quaeso
709 1571 849 1599 audientes
873 1576 903 1599 ut
923 1570 986 1599 dili-

202 1623 293 1654 genter
307 1618 456 1649 attendant,
479 1622 505 1643 et
527 1616 661 1651 accipiant
679 1616 792 1651 gratiam
810 1615 936 1651 Spiritus,
953 1616 986 1644 de

199 1670 252 1697 qua
271 1662 371 1689 dictttttt
386 1665 429 1688 est
444 1659 466 1676 δ’
485 1669 490 1686 :
511 1659 638 1686 Discretio
653 1659 805 1694 spirituum,
830 1662 858 1687 ut
882 1659 984 1694 probati

201 1708 338 1742 trapezita:
353 1706 433 1738 facti,
459 1705 600 1740 diligenter
619 1705 763 1732 observent
777 1705 886 1739 quando
902 1705 986 1731 falsus

201 1753 250 1779 sim
268 1751 403 1787 magister,
415 1749 523 1786 quando
539 1757 602 1777 vero
621 1749 762 1784 praedicem
778 1757 838 1784 qua:
855 1753 917 1777 sunt
930 1750 986 1785 pie-

201 1798 262 1824 tatis
285 1804 317 1824 ac
334 1795 463 1823 veritatis.
481 1794 508 1822 Si
532 1794 622 1829 itaque
640 1794 747 1822 invenio
762 1795 788 1822 in
802 1793 902 1830 Moyse,
916 1799 943 1822 et
958 1795 984 1822 in

199 1842 338 1877 prophetis
352 1840 431 1876 363
454 1846 562 1867 sensum
576 1836 689 1871 Christi,
710 1846 761 1866 tton
775 1839 809 1866 de
823 1839 905 1866 corde
920 1846 984 1873 pro-

199 1889 267 1924 prio,
286 1888 332 1915 sed
354 1888 388 1915 de
403 1887 504 1922 Sp-ritu
524 1890 619 1914 sancto
639 1885 745 1921 loquor.
770 1885 797 1912 Si
813 1889 903 1912 autem
919 1885 983 1912 nihil

198 1942 348 1970 congruum
367 1933 517 1966 inveniens,
539 1931 715 1967 mihimetipsi
731 1930 855 1966 contingo
870 1939 931 1966 qua:
946 1931 971 1958 lo

197 1990 284 2018 quar,
307 1981 441 2008 ﬂuctuans
466 1979 493 2006 in
520 1978 693 2006 sermonibus
716 1977 762 2012 qui
785 1982 850 2004 sunt
867 1977 947 2004 alieni
968 1985 982 2003 ει

197 2028 251 2056 Deo
263 2048 270 2058 .
294 2027 328 2055 de
346 2034 408 2054 meo
432 2025 522 2062 potius
538 2023 620 2052 corde
638 2031 719 2058 quam
739 2022 771 2050 de
789 2023 834 2050 Dei
859 2023 983 2051 sensibus

198 2074 240 2108 ioq
245 2081 303 2100 uor.

232 2120 259 2146 ὃ.
280 2118 423 2152 Prop/tcta,
437 2122 461 2144 et
478 2117 548 2144 dices
566 2115 699 2150 prophetis
717 2115 762 2149 qui
782 2114 938 2149 prophetarit
952 2114 982 2141 de

197 2164 274 2190 corde
286 2171 344 2189 suo.
359 2161 418 2189 Non
431 2161 468 2188 ait
479 2161 637 2196 simpliciter
648 2159 681 2187 de
693 2160 786 2191 corde,
797 2159 844 2186 sed
855 2159 888 2186 de
901 2159 982 2186 coule

197 2217 257 2235 suo.
275 2207 308 2234 Et
324 2207 500 2242 prop/retabis,
514 2211 539 2233 et
553 2205 623 2232 dices
638 2205 672 2231 ad
682 2213 726 2232 eos
740 2211 750 2232 ς
766 2204 862 2231 Audite
877 2205 981 2232 verbum

200 2253 314 2280 Domini.
331 2252 394 2280 ilice
405 2253 438 2279 ad
456 2259 509 2284 tne,
528 2251 585 2279 haec
600 2251 633 2278 ad
647 2258 709 2278 eum
720 2250 858 2283 dicuntur,
871 2250 916 2285 qui
930 2250 979 2278 do-

196 2306 298 2329 ctorem
310 2308 340 2328 se
349 2307 410 2327 esse
424 2298 569 2334 promittit,
581 2303 608 2325 ut
622 2297 704 2325 timor
715 2297 762 2325 Dei
775 2297 863 2331 major
876 2297 980 2324 oriatur-

197 2347 223 2374 in
247 2346 337 2379 nobis,
357 2353 391 2373 ne
412 2344 597 2379 periclitemur
612 2342 690 2378 quasi
715 2342 766 2370 sub
782 2342 979 2371 commentario

196 2393 299 2427 scripto
316 2398 370 2418 non
389 2390 424 2418 ab
444 2390 612 2422 hominibus,
629 2389 676 2416 sed
690 2389 725 2415 ab
743 2389 846 2423 angelis
866 2388 925 2421 Dei,
940 2389 980 2416 sic

196 2438 317 2474 proferre
331 2444 493 2465 sermonem.
510 2434 578 2462 Novi
593 2434 693 2469 quippe
705 2434 779 2468 quia,
794 2442 857 2461 cum
869 2435 895 2462 in
905 2435 979 2469 judi-

195 2486 238 2511 cio
248 2484 293 2511 ille
303 2482 370 2510 ordo
382 2480 548 2513 consederit,
559 2479 593 2506 de
602 2487 659 2514 qtto
668 2479 836 2514 prophelavit
845 2479 976 2513 Daniel",

194 2535 221 2557 et
237 2529 298 2556 libri
319 2527 418 2555 fuerint
438 2526 537 2561 aperti,
554 2533 650 2553 οιιιιιθθ
672 2525 724 2552 mei
742 2529 866 2558 conatus,
882 2532 978 2552 omnes

195 2583 262 2603 mea:
281 2573 463 2608 expositiones
480 2571 652 2606 proferentur
674 2570 702 2597 in
717 2570 848 2601 medium,
870 2570 927 2597 sive
952 2571 977 2596 in

193 2617 424 2652 justitieationem,
442 2615 499 2642 sive
515 2615 541 2642 in
560 2614 812 2642 condemnationem
832 2621 931 2641 meam.
948 2615 977 2640 in

194 2661 414 2697 pastinationem
436 2659 546 2694 quidem
562 2658 628 2686 mihi
643 2662 736 2691 erunt,
751 2666 814 2693 qua:
827 2658 896 2685 bene
908 2657 978 2685 dicta

196 2711 276 2740 sunt;
290 2707 315 2734 ιιι
329 2705 582 2734 condemnationem
594 2711 669 2735 vero,
686 2712 717 2731 ea
731 2710 792 2739 qua:
805 2712 885 2732 secus
896 2711 978 2740 quam

197 2752 296 2780 veritas
310 2752 406 2787 poscit,
419 2751 560 2786 explanata
577 2759 584 2776 :
653 2751 828 2782 sernwuibm,
843 2750 932 2786 inquit
942 2751 976 2782 υ,

1052 254 1098 287 ria,
1116 254 1194 288 quasi
1213 254 1322 281 habenti
1342 261 1397 281 non
1412 261 1508 282 omnes
1527 260 1668 282 Sermones
1689 254 1724 282 de
1740 256 1833 289 quibus

1047 300 1253 334 justillearetur,
1264 306 1351 334 neque
1367 307 1476 326 rursum
1489 307 1583 327 omnes
1591 307 1734 328 sermones
1742 301 1775 327 de
1782 302 1834 335 qni-

1049 345 1099 373 bus
1106 345 1343 373 condemnaretur.
1352 345 1380 372 Si
1390 346 1490 380 aliquis
1497 353 1512 373 a
1521 346 1697 374 sermonibus
1705 354 1789 380 purus
1797 352 1834 373 est

1048 391 1153 423 alienis,
1165 396 1192 419 et
1202 392 1242 418 eis
1257 391 1304 426 qui
1318 393 1425 426 possint
1436 392 1607 427 reprehendi,
1621 399 1655 418 ex
1667 392 1834 419 sermonum

1049 436 1106 464 suis
1119 436 1327 470 justiilcahitur,
1337 441 1364 463 et
1378 444 1432 463 tton
1446 437 1685 464 condentnabilur.
1702 436 1730 464 Si
1746 442 1832 464 autem

1048 489 1186 517 nunquam
1201 487 1272 510 recte
1285 482 1392 510 locutus
1405 486 1457 516 est,
1468 483 1514 510 sed
1526 489 1635 517 semper
1646 483 1762 517 protulit
1774 491 1832 518 pra-

1047 534 1091 558 va,
1103 534 1135 554 ex
1148 527 1322 555 sermonibus
1334 527 1392 554 suis
1404 527 1643 560 condemnobitur,
1655 532 1683 554 et
1694 528 1832 562 nonjusti-

1048 572 1184 599 ficahitur.
1204 571 1304 599 Verum
1319 573 1384 607 quia
1401 580 1452 600 nos
1466 573 1512 607 qui
1530 581 1582 599 non
1602 581 1699 600 sumus
1715 580 1749 600 ex
1762 574 1832 600 omni

1047 623 1123 653 parte
1137 617 1262 654 perfecti,
1281 625 1369 653 neque
1382 618 1422 646 sic
1437 618 1554 645 dicimus
1569 624 1597 646 ιιι
1610 626 1721 654 semper
1735 619 1832 654 justiti-

1045 670 1150 696 eemur,
1171 670 1259 699 neque
1274 665 1314 692 sic
1328 671 1345 691 e
1360 664 1500 691 contrario
1515 671 1613 691 sumus
1631 669 1789 699 peccatores
1805 670 1830 692 ut

1045 714 1152 743 semper
1168 708 1383 736 condemnemur
1402 717 1410 735 :
1427 712 1455 735 et
1476 708 1608 736 habemus
1624 709 1678 736 alia
1700 709 1782 736 verba
1800 717 1829 736 ex

1044 754 1144 789 quibus
1157 753 1350 789 jnstiﬁcemur,
1364 757 1390 781 et
1413 754 1466 781 alia
1486 761 1519 781 ex
1541 754 1643 788 quibus
1663 754 1830 783 condemne-

1045 806 1124 826 mur:
1143 799 1213 826 Deus
1232 805 1315 834 super
1336 803 1465 826 stateram
1491 807 1568 826 suam
1591 804 1709 834 utraque
1731 807 1830 835 ponens

1043 845 1171 880 expendit
1186 845 1341 880 diligenter,
1356 849 1383 872 et
1393 845 1498 880 judicat
1510 846 1536 872 in
1548 846 1649 880 quibus
1660 846 1754 880 justus
1769 847 1830 878 sit»,

1044 893 1070 917 et
1084 891 1111 917 in
1131 890 1233 925 quibus
1248 890 1421 918 sermonibus
1435 891 1669 918 condemnandus.
1689 891 1769 924 Quod
1783 899 1831 918 au-

1044 939 1098 962 tem
1113 936 1140 962 in
1157 935 1332 963 sermonibus
1343 934 1416 968 facit,
1432 935 1484 963 hoc
1496 935 1565 962 idem
1582 935 1646 962 facit
1657 941 1686 963 et
1699 936 1828 971 ingestis.

1042 980 1158 1008 Necesse
1174 984 1217 1008 est
1230 980 1302 1008 enim
1316 986 1348 1008 ut
1365 980 1422 1008 sint
1435 980 1489 1008 alia
1506 980 1577 1008 facta
1595 981 1622 1007 in
1635 981 1740 1015 quibus
1751 981 1829 1015 justi-

1042 1027 1166 1058 licemur,
1185 1032 1212 1053 et
1236 1026 1287 1053 alia
1313 1026 1340 1053 ιιι
1361 1026 1462 1061 quibus
1482 1026 1709 1053 condemnemur.
1739 1026 1828 1062 Neque

1041 1072 1114 1099 enim
1130 1072 1170 1099 sic
1183 1071 1318 1107 perfectus
1337 1079 1410 1104 sum,
1425 1077 1454 1099 ut
1475 1072 1568 1099 omnia
1584 1071 1655 1099 facta
1669 1072 1784 1099 habeam
1801 1073 1826 1098 iu

1041 1118 1241 1153 qnibnsjustus
1255 1118 1397 1150 exsistant,
1418 1125 1505 1152 neque
1520 1116 1560 1145 sic
1573 1122 1712 1152 peccawr,
1727 1123 1756 1145 ut
1766 1118 1827 1145 talia

1041 1166 1139 1190 cuncta
1155 1160 1275 1194 fecerim,
1287 1169 1348 1196 quae
1359 1169 1401 1189 me
1412 1169 1445 1189 ex
1458 1161 1533 1189 omni
1547 1167 1624 1196 parte
1635 1163 1825 1190 condemnem.

1041 1209 1107 1236 Esse
1123 1213 1213 1236 autem
1229 1213 1255 1235 et
1272 1208 1324 1235 alia
1345 1208 1415 1234 facta
1433 1207 1601 1240 istiusmodi,
1615 1211 1643 1234 et
1659 1207 1715 1234 alia
1735 1208 1825 1235 isi.qu-

1040 1254 1124 1286 modi,
1141 1261 1174 1281 ex
1186 1254 1238 1282 hoc
1252 1252 1427 1281 manifestum
1443 1253 1570 1287 estquod
1584 1252 1687 1280 dicitur
1700 1253 1723 1269 "
1736 1263 1744 1280 ;
1758 1253 1826 1285 Qut-

1040 1302 1161 1327 rumdam
1181 1300 1316 1327 hominum
1327 1303 1436 1334 peccata
1447 1298 1588 1333 manifesta
1605 1303 1666 1325 sunt
1679 1300 1823 1332 pranden-

1040 1345 1078 1372 tia
1090 1346 1124 1372 ad
1135 1345 1280 1380 judicium,
1295 1345 1469 1380 quorumdam
1481 1349 1569 1371 autem
1580 1349 1606 1370 et
1620 1344 1821 1379 subsequuntur.

1040 1389 1170 1418 Similiter
1181 1396 1268 1417 autem
1280 1395 1305 1417 et
1317 1390 1384 1417 bona
1397 1391 1469 1425 facta
1481 1390 1622 1424 manifesta
1640 1396 1716 1422 sunt,
1731 1396 1756 1417 et
1769 1397 1824 1424 qui:

1039 1436 1116 1463 aliter
1136 1437 1264 1464 habentur
1280 1437 1361 1464 latera
1381 1444 1433 1463 non
1455 1441 1572 1471 possunt.
1593 1435 1684 1471 [Eque
1698 1437 1732 1463 de
1748 1436 1824 1462 inti-i-

1039 1481 1164 1510 leetibus.
1178 1482 1292 1518 Propter
1306 1483 1378 1518 quod
1391 1487 1419 1510 et
1430 1483 1500 1510 inter
1513 1490 1541 1510 se
1553 1482 1670 1509 invicem
1682 1482 1822 1517 cogitatur

1040 1533 1104 1552 Itum
1134 1526 1321 1553 accusantium
1353 1527 1411 1553 sive
1439 1525 1665 1554 satisfaciendum
1691 1526 1822 1561 judicium

1040 1579 1082 1598 me
1109 1577 1248 1606 exspectat
1276 1572 1311 1599 de
1338 1573 1465 1600 omnibus
1489 1580 1550 1607 qme
1580 1572 1668 1604 facio,
1694 1581 1758 1607 ιιιιςυ
1785 1573 1823 1598 in-

1039 1617 1139 1652 telligo,
1160 1624 1220 1652 quae
1238 1618 1344 1653 loquor,
1369 1622 1395 1646 et
1420 1618 1540 1646 incertus
1555 1618 1680 1653 opperior
1694 1618 1822 1653 quidnam

1039 1662 1103 1689 tuihi
1121 1662 1147 1689 in
1170 1663 1216 1689 illo
1235 1662 1339 1698 judicio
1358 1663 1394 1691 sit
1411 1663 1552 1695 futurum;
1567 1669 1728 1698 quantoque
1742 1670 1825 1697 magts

1038 1709 1122 1736 timor
1136 1708 1183 1735 Del
1201 1708 1266 1735 mihi
1282 1708 1411 1736 incutitur
1429 1709 1462 1736 ad
1476 1709 1629 1743 recipienda
1645 1714 1749 1736 cuneta
1763 1717 1822 1744 quae

1038 1752 1100 1787 feci,
1118 1758 1193 1781 tanto
1210 1754 1297 1789 magis
1312 1754 1449 1782 custodire
1470 1762 1513 1781 tne
1528 1754 1625 1787 debeo,
1641 1754 1749 1782 utinam
1763 1755 1823 1790 qui-

1036 1800 1095 1827 dem
1111 1800 1144 1826 ah
1159 1800 1286 1827 omnibus
1302 1799 1438 1834 pcecatisl
1455 1799 1497 1827 sin
1513 1804 1604 1827 autem
1619 1800 1671 1827 hoc
1685 1808 1742 1828 non
1760 1808 1820 1835 pos-

1035 1854 1107 1878 sum,
1123 1845 1218 1872 saltem
1240 1853 1337 1880 queant
1356 1853 1371 1872 a
1396 1846 1532 1874 maximis.
1560 1845 1622 1873 llaec
1644 1846 1678 1873 de
1700 1854 1737 1874 eo
1753 1846 1823 1881 quod

1036 1891 1228 1924 proposuimus
1237 1890 1270 1917 de
1282 1890 1430 1924 prophetis,
1445 1891 1492 1924 qui
1510 1890 1674 1924 prophetarit
1690 1891 1726 1918 de
1741 1891 1819 1918 corde

1035 1941 1096 1965 stto,
1108 1934 1141 1961 ad
1152 1942 1222 1968 quos
1231 1934 1329 1962 dicitur
1346 1943 1352 1962 :
1365 1934 1463 1961 Audite
1477 1943 1622 1962 sermonem
1637 1935 1759 1967 Domini,
1771 1937 1821 1962 Ite-tr

1033 1979 1098 2006 dicit
1119 1980 1222 2006 Adonei
1242 1979 1367 2007 Dominus
1389 1987 1398 2007 :
1426 1979 1470 2008 Vat
1494 1981 1526 2007 iis
1544 1981 1588 2015 qui
1609 1983 1770 2015 prophetarit
1791 1982 1820 2007 de

1033 2025 1111 2052 τοι-ἀι
1128 2033 1188 2057 suo,
1211 2027 1256 2060 qui
1278 2025 1415 2053 ambulant
1436 2031 1494 2060 pou
1517 2026 1640 2060 spiritum
1657 2035 1749 2054 suum.
1767 2027 1820 2053 Duo

1033 2076 1142 2105 peccata
1155 2076 1229 2103 sunt,
1250 2079 1333 2099 unum
1348 2072 1451 2105 cordis,
1469 2072 1542 2099 aliud
1558 2072 1680 2106 spiritus.
1699 2072 1820 2099 Primum

1032 2117 1066 2144 de
1089 2117 1193 2144 meliori
1219 2122 1296 2152 parte
1318 2118 1470 2150 videamus,
1494 2123 1523 2144 ιιι
1536 2117 1675 2152 possimus
1689 2119 1775 2145 etiam
1792 2127 1820 2144 ta

1032 2170 1093 2196 qua:
1114 2163 1250 2190 contraria
1270 2167 1335 2190 sunt
1357 2163 1541 2190 considerare.
1563 2163 1717 2197 Apostolus
1736 2163 1819 2198 loqur

999 2209 1018 2235 ὓ
1035 2213 1079 2235 tur
1088 2208 1111 2224 “
1124 2217 1130 2235 :
1148 2208 1236 2236 Orabo
1251 2209 1358 2243 spiritu,
1375 2208 1455 2235 orabo
1470 2213 1494 2234 et
1509 2216 1596 2235 sensu.
1613 2208 1666 2241 Qui
1681 2216 1782 2236 sensus
1797 2208 1819 2234 in

1033 2253 1114 2280 corde
1128 2253 1209 2281 habet
1222 2254 1416 2281 habitaculum.
1437 2252 1557 2280 Psallam
1575 2254 1683 2288 spiritu,
1704 2253 1816 2288 psallunt

1033 2306 1121 2325 sensu.
1139 2298 1222 2333 Igitur
1242 2304 1269 2326 et
1288 2299 1400 2333 spiritus
1414 2303 1466 2332 est,
1483 2303 1509 2326 et
1523 2306 1620 2326 sensus
1637 2299 1665 2326 itt
1683 2299 1776 2327 nobis.
1792 2298 1820 2324 Et

1032 2352 1088 2379 quo
1097 2345 1178 2371 tnodo
1194 2349 1304 2372 sanctus
1319 2348 1379 2371 orat
1392 2344 1500 2379 spiritu,
1510 2348 1573 2370 orat
1582 2347 1609 2370 et
1622 2351 1720 2376 sensu,
1735 2343 1820 2378 psalLt

1033 2391 1141 2425 spiritu,
1159 2390 1248 2425 psallit
1259 2394 1285 2417 et
1302 2397 1383 2418 sensu
1402 2399 1408 2417 ε
1423 2390 1524 2417 siciste
1536 2389 1582 2424 qui
1597 2394 1640 2417 est
1657 2389 1746 2418 talsus
1763 2397 1819 2424 pro-

1031 2436 1136 2470 phetes,
1147 2436 1181 2463 de
1196 2436 1278 2464 corde
1294 2435 1403 2470 proprio
1420 2434 1573 2470 propltctat,
1586 2440 1613 2462 et
1625 2436 1754 2462 ambulat
1770 2442 1818 2461 non

1031 2483 1092 2514 post
1102 2478 1232 2514 Spiritum
1242 2479 1299 2512 Dei,
1310 2480 1356 2507 sed
1366 2485 1427 2515 post
1435 2480 1557 2514 spiritum
1566 2487 1659 2507 suum.
1668 2479 1717 2507 Est
1725 2480 1819 2515 quippe

1032 2524 1146 2559 quidatn
1163 2525 1277 2559 spiritus
1292 2524 1423 2557 hominis,
1446 2525 1492 2560 qui
1513 2530 1637 2552 versatur
1655 2525 1682 2552 in
1699 2533 1747 2556 eo.
1763 2531 1818 2559 post

1031 2578 1112 2605 quem
1127 2571 1220 2605 procul
1235 2571 1306 2598 absit
1321 2576 1350 2598 ιιι
1366 2578 1417 2606 ego
1430 2571 1577 2603 ambulem,
1599 2570 1647 2598 sed
1668 2571 1818 2606 intelligens

1033 2619 1157 2643 sanctum
1171 2614 1301 2649 Spiritum
1317 2614 1361 2642 Dei
1379 2619 1440 2650 post
1456 2615 1601 2642 Dominum
1615 2614 1710 2644 Jesum
1728 2623 1816 2642 nemo

1033 2660 1178 2689 ambulem.
1192 2660 1284 2696 itaque
1296 2661 1434 2696 prophetae
1448 2661 1494 2696 qui
1509 2661 1717 2696 prophetautde
1726 2661 1816 2692 corde,

1032 2710 1059 2733 et
1072 2706 1213 2733 ambulant
1227 2710 1288 2741 post
1303 2706 1426 2740 spiritum
1439 2713 1492 2733 non
1505 2709 1558 2733 tant
1571 2705 1617 2733 Dei
1630 2714 1714 2740 quam
1727 2713 1815 2736 suum,

1032 2751 1145 2779 omnino
1158 2751 1231 2786 quod
1248 2751 1340 2779 Graece
1355 2751 1454 2778 dicitur
1465 2751 1496 2778 τὸ
1513 2750 1627 2777 καθόλου
1643 2759 1699 2778 non
1716 2750 1816 2779 vident.

232 2839 252 2855 "
270 2839 353 2866 ICor.
368 2847 397 2870 ιι,
414 2839 457 2866 iii.
494 2840 517 2855 ε’
531 2840 540 2865 1
552 2839 615 2865 (lor.
632 2847 680 2872 xu,
698 2839 738 2866 i0.
776 2840 798 2856 ⁸³
816 2839 883 2866 Dan.
900 2846 946 2866 VH.

1067 2838 1121 2866 ,tlh.
1140 2846 1189 2872 xu,
1208 2838 1253 2866 37.
1288 2839 1310 2854 "
1328 2838 1421 2866 I'l‘itn.
1443 2847 1467 2871 v,
1483 2838 1527 2865 2i.
1557 2838 1602 2865 ⁸⁸1
1619 2839 1680 2866 Cor.
1701 2847 1756 2868 nr.
1773 2839 1810 2866 i5.
