1882 3052
75 158 131 187 685

782 154 924 185 HOMIIJA
943 157 976 185 ll.

1648 158 1699 186 686

77 221 161 244 etest
172 215 299 251 ambigua
317 223 348 243 es
365 222 490 243 sermone
505 215 648 243 sententia.
666 216 728 243 Sive
746 223 818 243 enim
831 223 864 244 ea
880 220 901 248 Α
917 215 1016 242 habere
1039 221 1200 242 conoessum
1225 219 1276 246 est,
1297 214 1342 250 qui
1364 214 1459 243 audite
1482 222 1497 242 a
1522 215 1577 243 Deo
1602 216 1702 252 dignus

79 268 142 294 qusi:
157 265 219 288 sunt
233 261 388 295 generalia,
414 260 440 287 id
457 266 508 293 cst,
531 261 667 296 generalia
688 268 741 288 non
763 261 865 294 vident,

80 307 143 334 licet
166 307 282 341 quadam
295 314 326 333 ex
350 311 425 341 parte
440 307 629 341 conspiciant;
647 307 714 338 sive,
731 306 804 342 quod
817 313 867 342 ego

80 351 179 379 melius
194 359 265 383 reor,
281 353 393 379 omnino
410 359 463 379 non
480 352 580 383 vident,
599 353 660 379 licet
677 353 727 380 sibi
743 360 774 379 ex
792 356 868 387 parte

79 397 198 432 quedam
212 397 356 424 videantur
370 397 469 424 videre.
484 397 537 424 Alii
550 397 650 434 quippe
663 398 689 424 in
702 396 781 424 nobis
795 397 867 424 Ot‘llli

80 447 146 469 sunt
166 442 291 469 meliores
317 442 358 469 his
376 450 445 476 quos
463 443 594 470 habemus
617 443 644 469 in
667 450 790 477 corpore.
813 442 867 475 Qui

78 490 152 517 oculi
165 494 212 516 aut
222 487 315 516 Iesum
334 488 479 516 Dominum
493 489 594 521 vident,
610 488 655 523 qui
672 495 719 515 eos
734 488 767 515 ad
779 496 809 515 se
824 488 867 515 in—

78 536 212 564 tuendum
230 535 342 567 creavit,
360 539 407 561 aut
430 536 504 562 ee'rte
527 534 641 562 omnino
655 533 719 561 caeci
741 538 815 560 sunt.
839 533 866 560 Si

79 588 208 618 peccator
227 590 298 614 sum,
318 581 386 608 nihil
400 581 477 609 video
492 588 542 607 nec
558 588 670 615 possum
686 579 810 607 veritatis
826 579 869 606 lu-

80 635 142 655 men
155 627 286 662 aspicere.
300 626 332 653 In
339 626 472 660 judicium
485 626 594 659 quippe,
609 625 648 651 ait
657 624 690 656 ⁸⁷,
703 625 730 650 in
743 624 869 651 mundum

78 673 164 700 istum
178 673 246 705 ueni,
261 678 289 698 ut
307 679 357 698 non
373 671 489 698 videntes
506 670 622 702 videant,
637 675 662 696 et
676 669 791 696 videntes
807 669 869 696 eieci

81 719 168 752 fiant;
184 718 206 745 si
222 722 311 745 autem
322 718 425 752 justus.
438 716 543 751 accipio
559 715 673 752 gratiam
691 723 706 742 a
726 714 780 743 Deo
795 719 822 742 et
836 715 870 742 de

81 771 125 790 me
141 771 252 798 quoque
264 763 363 791 dicitur
378 763 482 790 videns.
496 762 637 796 Propheta
650 761 722 788 enim
733 760 870 788 vocaban-

77 814 126 836 tur
137 809 344 836 antevidentes.
360 808 395 836 Et
407 809 452 844 qui
467 808 547 840 rides,
563 807 601 834 ait
611 807 646 840 ⁸⁸,
660 808 733 839 uade,
745 807 870 833 descende

77 857 106 882 in
122 859 222 881 (errant
234 854 317 887 Inda,
328 859 352 882 et
366 854 403 881 ibi
416 861 587 886 commorare,
606 858 629 880 et
643 852 680 879 ibi
693 852 868 887 prophetubis.

78 901 114 928 in
129 900 224 928 Bethel
243 906 331 927 autem
345 900 404 935 jam
420 908 471 926 non
493 899 604 933 adjicies
618 903 648 925 tu
668 898 814 933 prophetes.
838 897 871 925 Et.
886 887 907 916 Β

78 953 193 974 rursum
209 946 272 973 alibi
281 946 324 973 θυι
343 945 415 973 Visio
427 953 506 980 quam
518 945 582 972 vidit
596 943 683 971 Isaias
693 943 767 978 ﬁlius
778 944 868 971 Amos.

77 992 183 1019 Beatus
196 991 240 1019 cui
252 991 380 1019 revelabit
392 990 524 1018 Dominus
537 989 631 1017 oculos
641 988 676 1017 ad
690 988 804 1016 videnda
819 989 870 1016 mi-

77 1039 178 1067 rabilia
197 1039 229 1066 de
250 1038 308 1074 lege
328 1038 387 1070 Dei,
403 1038 480 1073 juxta
496 1037 711 1065 obsecrationem
729 1034 871 1070 Propheta:

75 1085 201 1112 dicentis
213 1084 238 1100 ⁹⁹
251 1093 258 1111 :
275 1084 370 1111 Revela
384 1083 475 1110 oculos
490 1091 570 1115 meos,
585 1087 609 1109 et
631 1081 800 1109 considerabo
819 1081 870 1107 mi-

78 1130 181 1157 rabilia
195 1131 228 1157 de
241 1130 296 1165 lege
311 1135 368 1156 tua.

115 1177 144 1203 4.
166 1175 314 1203 Videamus
328 1180 418 1202 autem
433 1179 460 1202 et
472 1174 554 1202 alium
567 1181 719 1202 sermonem
732 1179 779 1207 per
789 1179 870 1207 quem

79 1220 329 1256 pseudopropltette
357 1223 384 1247 et
404 1220 464 1247 falsi
489 1219 610 1254 magistri
634 1217 840 1253 corripiuntur:
856 1224 870 1242 ιι

80 1274 151 1301 quo,
169 1273 275 1301 quaeso,
292 1269 321 1293 ut
336 1265 562 1292 orantibusvobis
579 1272 628 1300 ego
641 1272 725 1299 purus
739 1263 869 1290 inveniar.

81 1312 150 1344 Quae
160 1314 205 1337 est
215 1310 295 1344 igitur
309 1309 459 1344 correptio?
471 1309 538 1336 sicut
550 1308 637 1343 rulpes
648 1309 675 1335 in
684 1308 797 1341 deserto,
811 1315 873 1342 pro-

79 1358 169 1391 pheta:
178 1356 230 1387 tui,
240 1354 362 1382 israel".
373 1355 480 1382 Animal
490 1355 584 1390 vulpes
593 1361 707 1390 nequam
717 1358 767 1387 est,
778 1361 873 1381 versu-

83 1406 155 1434 tum,
176 1400 398 1433 indontablleest,
407 1399 493 1428 ferum
509 1405 560 1428 est.
572 1400 667 1432 Dicite,
677 1398 760 1435 365
768 1398 804 1426 ait
813 1398 873 1426 Sal-

82 1454 162 1475 vator
172 1447 208 1478 ”,
223 1446 296 1481 vulpi
311 1445 356 1473 isti
369 1454 378 1472 :
392 1443 459 1472 Ecce
469 1445 618 1473 saltationes
629 1445 737 1479 perﬁcio
751 1444 838 1475 ltodie,
847 1448 871 1470 et

82 1502 156 1524 cras,
173 1497 199 1519 et
217 1493 297 1520 tertia
312 1492 356 1519 die
370 1499 544 1518 consummor.
566 1490 619 1518 Has
636 1490 729 1530 vulpes
744 1496 872 1517 ιιροιξδδθ·

83 1539 141 1566 tias
157 1538 254 1565 habuit
267 1538 411 1565 adversum
430 1538 596 1572 alienigenas
609 1536 738 1568 Samson,
755 1542 871 1570 quarum
886 1552 907 1580 ο

83 1584 182 1612 caudis
197 1590 260 1611 cum
275 1583 337 1618 igne
350 1583 448 1610 vinctis
462 1583 607 1618 (trecentas
620 1582 692 1609 enim
708 1581 825 1616 ceperat)
845 1581 872 1607 lu

83 1630 265 1665 perditionem
279 1636 325 1656 eas
336 1628 444 1664 frugum
460 1628 534 1655 misit
548 1627 697 1655 hostilium.
714 1627 871 1654 Istiusmodi

83 1679 149 1703 sunt
173 1673 235 1701 falsi
260 1674 393 1709 magistri,
411 1674 522 1706 versuti,
539 1672 649 1708 maligni
672 1677 698 1699 et
718 1671 813 1700 bestiis
834 1672 873 1699 si~~

84 1722 175 1749 iniles.
193 1719 223 1747 Si
238 1720 299 1748 talis
313 1728 385 1753 sutn,
403 1720 495 1755 vulpes
510 1727 570 1747 sum
587 1728 595 1746 :
612 1719 659 1746 sed
673 1726 727 1746 non
742 1719 874 1754 simplici-

84 1769 127 1794 ter
142 1766 250 1802 vulpes,
267 1773 362 1793 verum
379 1766 471 1801 vulpes
487 1766 514 1792 in
531 1765 658 1797 desertis,
672 1765 767 1799 vulpes
782 1765 808 1791 in
826 1771 874 1799 pa-

84 1812 206 1845 rietinis,
222 1811 317 1846 vulpes
339 1812 367 1838 in
390 1812 516 1846 rupibus;
530 1810 587 1838 haec
611 1810 683 1837 enim
708 1811 735 1837 lu
757 1810 875 1837 diversis

84 1857 214 1886 sensibus
238 1857 421 1884 continentur.
451 1855 613 1890 Vcrsipelles
641 1856 684 1883 isti
707 1860 734 1883 et
755 1863 872 1890 nequam

82 1910 194 1939 semper
209 1905 235 1931 in
250 1903 375 1936 desertis,
396 1909 502 1937 semper
515 1903 541 1929 in
558 1902 751 1929 solitudinibus
763 1908 873 1929 moran-

85 1956 141 1977 tur.
165 1947 327 1982 Ubicunque
345 1948 417 1974 enint
442 1947 532 1974 anima
555 1946 693 1973 habitatur
717 1954 732 1973 ιι
757 1945 822 1976 Deo.
847 1951 874 1973 et

84 1994 190 2030 Spiritu
202 1998 298 2021 sancto
309 1993 385 2028 plena
400 1997 451 2025 est,
466 1992 502 2018 ibi
514 1999 567 2018 non
583 1996 670 2026 potest
683 1991 872 2018 haereticorum

83 2039 211 2067 (IOt'Il‘illa
223 2044 377 2074 penetrare,
393 2044 443 2064 nec
457 2037 527 2064 valet
536 2045 630 2064 eorum
645 2042 736 2063 SCI'lllO
749 2044 874 2070 perrum-

83 2093 160 2121 pere.
178 2085 230 2112 libi
243 2091 334 2112 autem
351 2084 468 2111 solitudo
481 2084 582 2111 Christi
598 2087 650 2116 est,
670 2083 715 2109 ubi
734 2083 873 2110 desertum

82 2131 209 2167 justitize,
220 2130 256 2157 ibi
266 2129 438 2164 nequissima:
448 2129 597 2163 disciplina:
606 2135 707 2155 venena
720 2131 872 2155 versantur.

85 2178 193 2205 Idcirco
208 2176 276 2202 sicut
293 2175 391 2208 uulpes,
414 2174 452 2201 ait
462 2174 497 2206 ’³,
510 2175 537 2200 in
549 2173 661 2200 desertis
675 2173 809 2208 prop/tcta
823 2173 873 2205 ttti,

916 263 959 287 est
969 259 993 276 “
1005 269 1012 286 :
1029 258 1067 286 Tu
1080 268 1138 287 vero
1148 266 1188 287 tta
1200 269 1311 288 mecum.
1323 259 1423 288 Verum
1435 268 1490 288 non
1506 261 1573 289 tales
1584 263 1702 297 pseudo-

918 306 1065 341 prophetaz,
1083 313 1136 333 non
1154 306 1220 334 tales
1233 307 1293 334 falsi
1312 306 1436 342 magistri
1453 316 1461 335 :
1475 315 1562 341 neque
1576 308 1649 336 enim
1661 309 1702 337 sic

918 355 1049 379 steterunt
1062 350 1089 379 in
1105 351 1287 380 ﬁrmamento.

953 396 980 424 5.
1002 396 1037 424 Et
1054 399 1248 433 congregabant
1267 406 1356 433 greges
1372 405 1450 433 super
1472 399 1579 425 domum
1604 396 1702 433 Israel,

917 448 987 478 quos
1006 443 1114 475 docent.
1137 451 1207 478 quos
1223 444 1377 475 instituunt,
1401 444 1457 471 sive
1470 444 1589 472 haretici
1604 444 1703 480 dogma

919 489 1031 524 impium
1047 489 1237 524 praedicantes,
1254 490 1311 517 sive
1327 489 1387 517 falsi
1401 490 1523 525 magistri
1538 489 1702 526 decipientcs

919 542 966 562 eos
982 543 1096 570 quorum
1111 542 1193 563 aures
1207 536 1344 570 pruriunt,
1362 535 1494 571 colligunt
1513 542 1607 571 greges
1629 537 1703 565 schi-

920 584 1037 607 smatum
1049 579 1194 606 adversum
1207 579 1354 606 Ecclesiam
1367 579 1425 613 Dei,
1437 580 1581 607 adversum
1593 580 1704 608 domum

920 626 1014 653 lsrael.
1033 625 1093 652 Non
1107 632 1276 652 surreserunt
1288 626 1333 660 qui
1345 625 1459 653 dicerent
1473 633 1483 652 :
1496 623 1529 652 In
1541 625 1584 652 die
1598 625 1706 653 Domini

920 671 990 706 fa‘lsa
1010 671 1134 698 uidentes.
1159 670 1189 696 lli
1210 677 1265 697 non
1282 675 1476 704 surrexerunt;
1496 671 1540 698 isti
1559 677 1623 698 vero
1641 677 1705 698 sur-

921 721 1022 752 gentes
1035 717 1130 744 dicunt
1141 716 1165 733 ’⁷
1182 725 1188 743 :
1205 716 1356 750 Contepultl
1372 723 1462 743 sumus
1479 716 1584 744 Christo
1598 725 1644 751 per
1656 717 1706 744 ltu-

920 763 1026 796 ptisma,
1047 767 1072 789 et
1097 762 1310 788 consurreximus
1333 763 1366 789 ei.
1391 760 1529 790 Habemus
1554 763 1654 798 quippe
1676 768 1708 790 nt

920 808 1020 844 pignus
1036 807 1154 842 Spiritus
1170 808 1269 840 sancti,
1281 814 1361 840 quem
1374 808 1539 843 accipiemus
1552 808 1585 836 ad
1597 810 1705 844 plenum

921 858 1064 889 postquam
1089 854 1194 881 venerit
1215 854 1288 889 quod
1306 853 1456 888 perfectum
1474 858 1532 885 est,
1550 856 1590 882 sic
1609 855 1707 889 pignus

922 899 1141 931 resurrectionis,
1158 899 1222 934 quia
1234 899 1261 926 in
1281 900 1481 927 resurrectione
1494 898 1613 934 perfecta
1627 908 1708 927 nemo

921 945 1011 973 adhuc
1028 945 1178 972 resurrexit
1196 944 1230 972 de
1243 945 1332 972 nobis.
1349 944 1542 973 Verumtamen
1556 946 1709 973 resurrexi-

922 999 994 1023 mus,
1011 990 1097 1018 Paulo
1111 991 1217 1018 dicente
1234 999 1240 1018 :
1257 991 1413 1026 Comepultt‘
1433 1000 1524 1019 sumus
1544 991 1650 1020 Christo
1663 1000 1710 1027 per

920 1036 1065 1071 baptisma,
1079 1041 1105 1063 et
1120 1037 1334 1063 consurreximus
1348 1037 1383 1063 ei.
1396 1035 1454 1064 Non
1471 1043 1537 1072 ergo
1550 1044 1709 1074 resumere-

922 1086 996 1114 runt,
1015 1082 1066 1109 hoc
1083 1086 1124 1110 est
1137 1082 1252 1109 necdum
1268 1083 1478 1110 resurrectionis
1493 1083 1627 1118 baptisma
1642 1091 1708 1110 cen-

922 1128 1009 1154 secuti
1028 1132 1091 1156 sunt
1111 1127 1172 1155 falsi
1195 1128 1345 1162 prophetae,
1360 1132 1387 1155 et
1408 1127 1470 1155 falsi
1493 1128 1616 1164 magistri
1634 1128 1710 1161 τρυε

920 1173 1039 1200 dicerent
1054 1173 1081 1200 in
1097 1173 1138 1200 die
1153 1173 1259 1200 Domini
1274 1173 1387 1200 ridentes
1403 1181 1462 1209 quae
1483 1173 1554 1208 [olm
1569 1179 1628 1201 sunt
1639 1174 1708 1207 "-",

922 1226 1011 1254 neque
1024 1218 1172 1254 aliquando
1188 1223 1303 1253 possunt
1318 1220 1476 1255 conspicere
1489 1220 1643 1247 veritatem.
1655 1220 1710 1247 Ac-

923 1264 983 1299 cipe
994 1264 1159 1298 exemplum.
1174 1262 1226 1296 Qui
1239 1262 1407 1298 Scriptorum
1418 1263 1490 1299 legit,
1503 1266 1528 1290 et
1537 1263 1615 1290 aliter
1625 1270 1709 1298 quam

923 1311 1023 1344 scripta
1044 1315 1085 1338 est
1109 1311 1218 1346 accipit,
1241 1309 1412 1344 Scripturam
1437 1308 1602 1337 mendaciter
1627 1309 1708 1336 videt.

923 1355 976 1389 Qui
992 1364 1057 1384 vero
1074 1357 1149 1383 audit
1167 1356 1346 1391 Scripturam,
1361 1359 1391 1382 ut
1409 1363 1439 1382 se
1459 1356 1582 1383 veritatis
1602 1355 1704 1382 intelle-

924 1406 984 1429 ctus
997 1401 1086 1434 habet,
1099 1406 1125 1429 et
1136 1402 1176 1430 sic
1185 1408 1245 1429 eam
1257 1401 1461 1436 interpretatur.
1474 1401 1546 1428 videt
1557 1401 1709 1428 veritatem.

925 1446 958 1474 Et
974 1447 1059 1474 sancti
1075 1447 1184 1482 quidem
1203 1454 1256 1474 non
1270 1447 1404 1474 divinant.
1422 1445 1483 1473 Non
1495 1447 1565 1473 enim
1583 1446 1710 1473 divinatio

924 1493 952 1519 in
973 1491 1056 1519 Iacob
1070 1492 1088 1519 '.
1117 1491 1278 1520 Peccatores
1295 1499 1359 1519 vero
1373 1491 1498 1519 divinant
1518 1491 1597 1525 falsa,
1618 1492 1711 1520 dicen-

925 1543 965 1566 tes
977 1538 1003 1565 ’ί
1023 1537 1087 1566 Ilaec
1102 1538 1168 1564 dicit
1183 1538 1320 1570 Dominus,
1333 1542 1358 1565 et
1369 1537 1497 1565 Dominus
1507 1546 1560 1565 non
1572 1538 1644 1565 misit
1656 1547 1710 1566 eos.

925 1583 996 1610 Audi
1016 1584 1169 1617 haereticos,
1186 1584 1324 1618 quomodo
1340 1583 1502 1611 traditiones
1524 1584 1710 1619 apostolorum

925 1629 1024 1657 habere
1044 1637 1073 1658 se
1087 1630 1188 1657 dicant.
1208 1630 1279 1657 Audi
1299 1629 1382 1657 falsos
1398 1629 1554 1664 magistros,
1573 1631 1711 1665 quomodo

925 1675 1060 1703 afﬁrmant
1074 1676 1227 1703 doctrinam
1247 1684 1327 1704 suam
1347 1676 1455 1703 Domini
1471 1682 1531 1704 esse
1546 1675 1711 1711 doctrinam,

925 1728 1035 1748 sensum
1050 1729 1129 1748 Sillim
1145 1729 1295 1756 congruere
1307 1722 1397 1748 sensui
1416 1721 1622 1755 prophetarum,
1636 1726 1662 1748 et
1671 1721 1713 1748 di-

924 1773 989 1795 cunt
1003 1767 1034 1795 ':
1050 1767 1114 1794 llaec
1134 1768 1197 1794 dicit
1220 1767 1358 1800 Dominus,
1374 1773 1399 1794 et
1425 1767 1551 1794 Dominus
1567 1776 1617 1795 non
1638 1769 1713 1796 misit

924 1821 977 1840 eos.
995 1812 1028 1840 Et
1047 1819 1177 1848 meper-unt
1195 1815 1325 1840 suscitare
1339 1821 1493 1841 sermonem.
1512 1812 1573 1841 Non
1587 1815 1712 1842 visionem

925 1858 1022 1893 falsam
1042 1859 1172 1887 vidistis!
1190 1859 1223 1886 Et
1240 1859 1267 1886 bi
1285 1859 1358 1886 enim
1373 1859 1467 1885 volttnt
1484 1859 1511 1886 in
1525 1859 1711 1888 defensionem

925 1906 966 1932 sui
984 1905 1128 1940 quetndam
1155 1912 1203 1939 pro
1224 1912 1254 1932 se
1269 1904 1403 1931 suscitare
1418 1911 1584 1937 sermonem,
1602 1906 1648 1932 sed
1668 1912 1713 1932 ar-

923 1949 983 1984 guit
999 1956 1046 1976 eos
1065 1948 1208 1980 Dominus,
1230 1953 1258 1976 et
1280 1948 1346 1975 dicit
1367 1957 1374 1976 :
1396 1947 1458 1975 Non
1473 1949 1597 1975 visionem
1613 1948 1712 1982 [nisum

924 1995 1037 2027 vidistis,
1050 1999 1074 2021 et
1087 1994 1261 2021 diuinationes
1273 2002 1352 2020 uanas
1367 1994 1448 2021 locuti
1460 1995 1533 2026 estis,
1545 2001 1570 2020 et
1586 1995 1693 2021 dixistis
1702 2002 1713 2022 :

926 2041 997 2067 Dicit
1019 2040 1156 2071 Dominus,
1175 2045 1199 2066 et
1220 2048 1267 2074 ego
1288 2047 1338 2066 non
1353 2048 1411 2066 sunt
1428 2039 1552 2066 locutus!
1571 2039 1713 2074 Propterea

924 2087 984 2113 dic:
995 2084 1059 2113 Hice
1075 2086 1139 2112 dicit
1155 2085 1293 2117 Dominus,
1308 2094 1355 2120 pro
1369 2093 1398 2112 eo
1413 2086 1482 2120 quod
1494 2092 1624 2112 sermones
1634 2086 1712 2112 vestri

925 2131 1061 2159 mendaces
1077 2137 1150 2159 siml.
1167 2130 1249 2158 Orate
1267 2139 1314 2166 pro
1329 2131 1407 2158 nobis
1423 2135 1453 2158 ut
1467 2138 1608 2159 sermones
1624 2132 1711 2158 nostri

925 2183 978 2201 non
1004 2175 1059 2202 sint
1086 2175 1158 2202 falsi.
1186 2175 1261 2202 Licet
1285 2175 1394 2209 quidam
1418 2175 1543 2203 homines
1558 2176 1712 2210 ignorantia

87 2224 187 2251 Israel.
206 2223 267 2250 Non
282 2227 408 2250 steterunt
421 2222 450 2248 in
463 2223 639 2257 ﬁrmamento.
658 2220 686 2247 Si
700 2220 874 2248 considerare
891 2216 914 2246 Ι)
924 2220 1019 2255 iudicii
1034 2227 1082 2247 eos
1095 2224 1221 2247 asserunt
1235 2219 1330 2252 falsos,
1352 2219 1484 2248 Dominus
1505 2228 1558 2248 non
1581 2221 1665 2252 dit-at.
1685 2227 1713 2248 et

87 2269 210 2296 volucris
225 2268 381 2303 magistros,
394 2267 499 2294 videbis
509 2274 555 2294 eos
569 2266 704 2297 inﬁrmos,
721 2265 872 2297 instabiles,

84 2322 114 2344 et
126 2324 182 2343 non
196 2315 315 2341 valentes
329 2314 418 2341 dicere
425 2314 448 2329 "
463 2322 469 2341 :
484 2312 585 2341 Statuit
595 2321 675 2347 supra
685 2317 787 2348 petram
798 2314 874 2347 pedes

86 2370 171 2393 meos,
184 2365 210 2388 et
224 2360 322 2387 direxit
332 2367 435 2394 gressus
447 2366 525 2386 meos.
540 2359 571 2386 Et
586 2359 649 2393 quia
662 2366 715 2385 n0lI
731 2363 796 2386 sunt
804 2359 874 2386 tales

87 2415 118 2435 ut
133 2407 271 2439 steterint,
286 2406 397 2433 robusta
413 2406 503 2433 radice
520 2405 635 2438 fundati,
650 2405 711 2432 ideo
726 2412 779 2432 non
792 2409 875 2432 stete-

86 2457 154 2480 runt
169 2452 196 2478 in
212 2451 394 2483 ﬁrmamento,
419 2450 467 2477 sed
489 2450 642 2477 dilexerunt
663 2456 772 2476 movere
792 2449 874 2484 pedes

86 2506 165 2526 suos.
184 2496 232 2524 Est
251 2501 341 2523 autem
362 2500 388 2523 et
405 2496 456 2523 hoc
477 2495 579 2531 grande
604 2499 754 2530 peccatum,
778 2495 872 2522 saltem

86 2544 230 2580 paululum
243 2542 323 2578 pedes
337 2550 455 2573 movere,
468 2547 496 2570 ut
508 2539 590 2569 David
603 2541 742 2576 psalmista
752 2541 825 2569 canit
834 2541 873 2567 πε

87 2591 179 2622 Quam
192 2590 274 2615 item
291 2587 378 2615 Israel
394 2587 460 2615 Deus
475 2587 554 2614 rectis
565 2586 656 2613 corde!
674 2585 726 2613 Mei
741 2593 798 2613 uero
812 2593 874 2620 pene

86 2633 212 2662 commoti
230 2638 292 2661 sunt
304 2634 390 2668 pedes.
416 2633 514 2660 Beatus
536 2631 582 2659 ille
604 2632 773 2665 multumque
797 2630 872 2662 telis,

85 2679 132 2707 cui
156 2678 348 2706 robustissime
370 2677 529 2706 eonsistcuti
554 2677 648 2704 ﬁrmos
671 2677 768 2704 animae
793 2676 873 2711 pedes

120 2794 142 2809 ’⁷
155 2791 236 2819 toan.
252 2799 291 2824 ts,
306 2791 351 2818 39.
372 2791 394 2807 "
410 2791 493 2818 Amos
509 2798 556 2818 ιλιι.
572 2789 613 2821 12,
630 2790 668 2816 13.
690 2789 712 2805 ⁸⁵³
724 2788 776 2816 lsa.
793 2797 811 2820 t,
829 2789 852 2815 l.

955 2795 990 2816 at.
1002 2794 1097 2824 cvvttt,
1115 2785 1155 2813 18.
1168 2786 1205 2824 _'_'
1221 2783 1317 2824 Fasceis.
1330 2790 1388 2815 xui,
1401 2783 1427 2824 4:

927 2271 999 2293 recte
1014 2266 1154 2293 nobiscum
1171 2271 1277 2301 agetur.
1296 2266 1324 2293 Si
1338 2274 1402 2293 vero
1420 2267 1494 2293 mille
1507 2266 1648 2294 hominum
1665 2275 1713 2294 eos

927 2312 1045 2340 dixerint
1061 2319 1150 2345 veros,
1164 2312 1267 2346 judicio
1284 2318 1365 2346 porro
1384 2311 1429 2338 Dei
1444 2311 1546 2339 fuerint
1561 2311 1632 2346 falsi,
1647 2313 1712 2348 quid

928 2357 994 2385 mihi
1019 2357 1157 2392 proderit?
1174 2357 1271 2385 Dicunt
1289 2361 1316 2385 et
1339 2356 1506 2385 Marcionita
1527 2358 1649 2393 magistri
1669 2359 1713 2386 sui

927 2410 1007 2430 veros
1021 2411 1082 2430 esse
1098 2411 1238 2431 sermones
1249 2424 1256 2436 ,
1273 2403 1367 2430 dicunt
1383 2409 1410 2430 et
1426 2403 1561 2430 Valentini
1576 2404 1713 2431 robustis-

927 2450 1023 2478 simam
1037 2454 1149 2483 sectam,
1158 2450 1205 2485 qui
1217 2448 1370 2476 fabularum
1383 2449 1443 2483 ejus
1457 2453 1610 2476 commenta
1624 2450 1711 2477 susti-

927 2495 1014 2529 piunt.
1031 2494 1097 2528 Quae
1112 2494 1224 2526 utilitas,
1236 2494 1301 2529 quia
1315 2494 1423 2529 plurimi
1441 2492 1570 2521 Ecclesiae
1584 2493 1709 2520 haeretica

928 2540 1059 2575 pravitate
1070 2540 1174 2575 decepti
1188 2540 1214 2566 in
1226 2547 1320 2567 eorum
1331 2539 1522 2574 conspiravere
1530 2539 1711 2566 sententiam?

927 2584 984 2613 lloe
1007 2589 1049 2613 est
1073 2585 1146 2620 quod
1174 2585 1314 2620 quaeritur,
1338 2589 1369 2612 ut
1393 2583 1524 2611 Dominus
1553 2590 1710 2622 sertnonum

928 2637 1050 2658 meorum
1073 2630 1152 2658 testis
1167 2629 1288 2661 assistat,
1308 2633 1339 2656 ut
1356 2629 1414 2663 ipse
1429 2627 1586 2662 comprobet
1600 2634 1661 2662 qua:
1675 2627 1713 2654 di-

927 2680 1026 2702 cuntur
1048 2680 1202 2702 sanctarum
1227 2673 1384 2700 testimonio
1405 2672 1619 2707 Scripturarum.
1645 2670 1713 2699 Pro-

1467 2783 1489 2798 "
1507 2781 1571 2809 an.
1589 2788 1648 2812 sm,
1665 2780 1709 2808 35.

86 2829 108 2844 ⁸⁸
126 2828 224 2855 tiu-ch.
239 2816 344 2858 xuii.
382 2816 594 2859 utilium.
606 2816 632 2851 ὃ.
669 2825 693 2840 ’⁵
709 2823 780 2851 I‘sal.
797 2816 868 2850 uxxu

953 2843 964 2850 η.
997 2822 1022 2839 ’⁸
1033 2816 1111 2848 Doni.
1127 2829 1153 2852 v,
1168 2820 1211 2847 5|.
1233 2820 1254 2835 ’⁷
1271 2818 1348 2846 Rom.
1363 2825 1399 2849 \‘t,
1414 2817 1441 2844 4.
1457 2816 1514 2832 ""'
1533 2816 1631 2843 Eae-ch.
1648 2822 1710 2849 snt,

85 2864 112 2895 Β,
129 2863 156 2889 6.
187 2863 195 2877 ¹
213 2860 294 2888 Νιιιιι.
314 2869 393 2894 unt,
413 2861 456 2888 εδ.
485 2861 494 2875 ¹
510 2860 605 2886 Εκεριι.
624 2867 683 2893 xm,
697 2861 722 2885 ὕ.
759 2859 768 2874 ³
782 2859 859 2891 ibid,

953 2859 973 2885 ὖ.
