1882 3052
179 112 229 142 687

765 111 928 141 ORIGENIS
949 111 981 139 IN
1001 111 1193 140 lZZElIHll-ILF.
1199 112 1221 140 ll
1757 117 1799 144 688

176 180 236 210 pter
247 175 304 202 haec
320 181 385 209 ergo
402 175 436 201 ad
457 181 506 202 nos
522 174 587 201 dicit
601 173 705 201 Adonai
721 174 872 202 Dominus‘
887 182 894 202 :
914 172 968 199 Exv
983 176 1007 202 Α
1020 171 1084 200 mini
1096 174 1304 208 contemplatur.
1322 174 1419 204 Procul
1435 180 1525 203 autem
1540 175 1613 203 absit
1637 183 1653 203 a
1679 175 1755 203 nobis
1776 181 1800 202 ut

179 219 284 248 tendant
300 228 406 247 ntanum
423 228 508 246 meum
529 220 563 246 ad
584 219 721 254 prophetas
734 223 778 255 qui
792 220 878 247 rident
895 227 967 246 men-

178 267 266 294 dacia.
280 265 326 292 lla:
341 265 567 292 comminatioues
581 270 644 292 sunt
656 265 799 292 adversum
814 265 898 293 falsos
910 273 968 292 ma-

179 314 289 348 gislros,
311 317 338 340 et
353 319 402 340 eos
416 312 462 347 qui
478 312 628 346 loquuntur
643 310 795 338 mendacia.
822 310 967 339 Videamus

136 362 139 366 '
177 363 268 387 autem
280 358 345 393 quid
365 358 399 385 de
415 357 457 385 his
475 357 655 384 comminetur
666 357 677 372 ⁵
691 365 697 383 ε
719 356 753 383 1η
768 357 909 391 disciplina
920 365 968 391 po.

172 405 233 438 puli
245 405 295 431 mei
310 412 360 431 non
376 407 462 430 erunt.
478 402 536 430 Non
552 410 607 429 uno
621 403 701 429 modo
716 410 730 430 a
743 402 859 429 Domino
871 410 968 438 pecca-

178 456 250 478 tores
265 450 460 485 corripiuntur.
476 449 561 476 Aliter
575 448 698 483 arguitur
715 449 831 484 populus
848 448 965 484 Domini,

177 497 256 525 aliter
276 498 380 525 alienus
400 496 434 524 ab
447 503 481 524 eo
495 497 505 512 ⁸
522 505 527 523 :
545 495 613 529 Fili,
630 503 661 522 ne
680 496 824 530 neglexeris
844 496 966 532 discipli-

177 551 238 569 nam
262 542 381 574 Domini,
407 549 486 576 neque
505 541 626 577 fatigeris
647 541 712 569 dum
733 542 853 576 argueris
873 543 906 569 ab
925 551 965 570 eo.

177 588 260 622 Quem
272 588 341 615 enim
356 587 444 621 diligit
458 587 593 614 Dominus
604 587 729 622 castigat,
743 587 862 623 ﬂagellat
877 592 965 615 autem

175 642 278 662 omnem
289 633 375 669 ﬁlium
387 642 463 669 quem
477 633 580 668 recipit.
592 632 684 668 Argue
694 641 754 665 nos,
771 633 883 661 Domine
895 656 902 667 ,
918 642 963 661 ve-

169 688 235 708 ‘rum
248 680 276 707 in
287 679 403 714 judicio,
418 684 445 706 et
460 686 515 706 non
526 679 553 706 in
569 678 662 706 furore
679 688 686 706 :
699 679 751 706 ista
768 680 904 715 correptio
916 688 965 715 po-

177 725 230 758 puli
239 729 290 753 est.
303 723 444 759 Correptio
455 723 608 758 peccatoris
619 728 646 751 et
661 724 742 751 alieni
760 724 804 751 illa
826 729 867 752 est
883 733 964 760 quam

175 771 266 806 justus
280 770 381 803 renuit,
395 770 508 798 dicens"
521 769 661 803 :Damiue,
676 778 706 797 ne
721 770 800 796 inira
814 775 859 797 tua
867 779 965 806 arguas

177 825 227 849 me,
243 824 324 851 neque
335 817 362 842 in
377 816 465 851 furore
480 819 525 842 tuo
537 815 666 850 corripias
678 823 727 843 me.
741 815 778 843 De
788 815 864 843 falsis
875 816 965 851 itaque

169 862 326 898 magistris,
338 866 364 889 et
378 862 412 889 de
422 861 667 897 pseudoprophetis
688 862 787 889 dicitur
798 862 809 878 ⁸
821 871 828 888 :
843 860 875 888 In
885 862 965 889 disci-

169 907 352 943 ‘plinavpopuli
363 908 413 934 mei
423 915 474 934 non
484 913 572 942 erunt,
586 916 668 943 neque
679 907 704 935 iu
718 907 860 943 Scriptura
871 907 964 935 domus

177 955 262 982 Israel
280 954 436 981 scribentur.
449 954 525 982 Sicut
540 959 568 982 et
579 955 664 982 alibi’
675 964 682 982 :
695 954 840 982 Delcantur
852 955 884 982 de
897 954 965 982 libro

169 1000 327 1033 minantium,
339 1005 363 1027 et
375 1007 435 1027 cum
441 999 523 1034 justi:
535 1008 586 1027 non
596 1000 758 1028 scribantur.
768 1000 800 1027 Et
808 1008 881 1028 nunc
891 1000 965 1027 Scri-

176 1050 253 1080 ptura
267 1046 305 1073 ait
319 1055 326 1072 :
343 1045 376 1072 In
391 1045 524 1080 scriptura
539 1046 633 1074 domus
645 1045 732 1074 Israel
742 1055 793 1074 non
806 1047 964 1081 scribentur,

173 1095 198 1117 et
210 1090 238 1117 in
252 1095 350 1117 terram
370 1089 457 1118 Israel
476 1098 526 1117 non
548 1090 694 1117 intrabunt.
715 1089 798 1118 Extra
814 1091 963 1126 repromis-

174 1135 259 1163 sionis
283 1139 382 1162 terram
405 1135 523 1162 haeretici
544 1135 735 1167 morabuntur,
755 1143 816 1170 quae
833 1140 875 1163 est
892 1139 963 1163 terra

174 1179 250 1208 valde
273 1179 354 1213 bona,
377 1179 446 1207 etin
466 1187 548 1214 quam
567 1184 597 1207 ut
614 1179 821 1208 introducamur
840 1188 964 1214 oramus,

174 1225 201 1252 in
220 1225 290 1252 libro
310 1224 460 1252 viventium
484 1223 566 1260 365
595 1229 659 1252 ante
691 1225 839 1260 conscripti
862 1232 877 1252 a
898 1224 962 1252 Jesu

174 1270 284 1298 Christo
301 1270 344 1298 cui
360 1274 404 1298 est
420 1270 505 1306 gloria
522 1275 550 1297 et
565 1270 709 1305 imperium
725 1270 752 1297 iu
765 1270 863 1298 saecula
877 1278 964 1298 stem-

175 1317 273 1345 lorum.
289 1316 384 1343 Amen.
642 1318 653 1326 “

460 1371 608 1399 DOMILIA
628 1371 671 1399 ΙΙΙ.

176 1454 213 1480 {te
227 1462 257 1480 eo
279 1453 347 1488 quod
359 1453 487 1487 scriptum
504 1458 542 1488 est
559 1452 596 1478 *οι
615 1461 624 1477 ι
647 1451 700 1478 Fili
720 1452 962 1487 .’tominis,ob/irma

210 1490 391 1524 facientium"
405 1495 482 1522 super
499 1487 570 1522 ﬁlias
583 1488 679 1524 populi
687 1488 724 1513 tui
738 1496 796 1524 qua:
806 1489 962 1524 prop/tetulit

211 1522 240 1551 de
252 1523 330 1550 corde
343 1531 409 1554 suo;
427 1532 436 1548 ι
458 1530 560 1557 usque:
583 1532 592 1548 ι
621 1523 738 1556 Obﬁrmo
757 1522 853 1557 facient
880 1531 962 1549 meum

211 1567 288 1594 super
303 1558 433 1585 hominem
442 1557 529 1588 illum,
539 1561 563 1584 et
574 1565 669 1592 ponam
682 1557 758 1584 illum
769 1558 900 1584 desertum
912 1559 960 1584 “.r

212 1636 236 1663 i.
254 1634 376 1662 Primum
394 1634 426 1661 de
442 1642 475 1661 eo
488 1633 560 1669 quod
586 1634 705 1661 dicitur:
735 1634 853 1669 Οὺίίι-ιηα
868 1635 963 1669 [aciem

177 1690 259 1713 tuoin,
272 1680 475 1716 rmluircudum.
494 1680 595 1707 Deinde
611 1680 632 1707 si
650 1679 781 1707 Dominus
794 1681 909 1714 dederit,
921 1681 963 1708 in-

175 1726 309 1761 vestigare
332 1725 463 1752 debemus
489 1725 560 1752 filias
595 1725 687 1760 populi
710 1725 904 1760 prophetantes
928 1726 963 1753 de

174 1773 256 1800 corde
270 1779 336 1804 suo,
353 1776 379 1798 et
393 1771 522 1798 facientes
533 1778 575 1803 ca,
592 1771 618 1797 in
631 1771 732 1806 quibus
747 1779 794 1799 eas
811 1771 857 1799 Dei
872 1779 963 1799 sermo

173 1816 314 1852 corripiat.
330 1815 365 1844 Et
380 1815 453 1851 quod
469 1816 507 1843 sit
530 1816 582 1843 alia
606 1815 688 1843 facies
707 1816 744 1851 (ϐ)
772 1821 870 1852 praeter
891 1817 962 1844 hanc

172 1862 296 1897 corporis
309 1862 396 1890 nostri
420 1861 515 1889 faciem
526 1882 534 1895 ,
556 1861 618 1889 licet
633 1869 665 1888 ex
678 1861 771 1889 multis
787 1862 961 1890 manifestum

173 1909 218 1942 ait,
236 1913 356 1936 attamen
369 1912 396 1935 et
406 1915 439 1934 ex
460 1907 502 1935 bis
526 1915 588 1942 quae
602 1907 750 1942 Apostolus
764 1912 899 1934 memorat
921 1907 963 1934 in-

174 1954 281 1982 dicatur
297 1954 319 1971 ¹²
337 1962 344 1981 :
366 1953 421 1980 Nos
438 1960 496 1979 vero
519 1960 609 1979 omnes
631 1951 745 1978 revelata
767 1952 834 1986 facie
848 1951 961 1987 gloriam

176 2000 280 2028 Dotrtiui
295 1999 457 2034 speculantes
468 2017 474 2029 ,
493 1998 520 2023 in
535 1997 653 2033 eamdem
672 1997 812 2033 imaginem
827 1997 961 2031 Irausfor—

175 2053 279 2072 mamur
295 2053 310 2071 a
328 2044 413 2079 gloria
428 2044 455 2069 in
471 2043 593 2077 gloriam,
607 2042 683 2076 quasi
698 2048 713 2066 a
729 2039 833 2066 Domini
847 2039 960 2076 Spiritu.

176 2091 252 2119 Hanc
266 2090 363 2117 faciem
384 2089 553 2124 corporalem
569 2095 665 2115 omnes
683 2088 807 2116 homines
829 2089 961 2117 habemus

177 2137 332 2168 revelatam,
349 2135 400 2163 nisi
418 2135 488 2162 forte
502 2133 706 2162 calamitatibus
716 2139 742 2162 et
756 2135 890 2170 angustiis
901 2144 962 2170 pre-

1019 218 1134 245 velatam
1145 219 1294 247 habeamus
1308 220 1378 248 hanc
1389 220 1501 249 faciem!
1518 221 1580 249 "ait:
1590 229 1678 257 pauca
1687 221 1720 248 de
1732 221 1800 253 facie,

1019 268 1048 291 ut
1061 265 1198 299 possimus
1216 265 1364 301 intelligere
1376 268 1441 302 quid
1461 267 1497 295 sit
1511 268 1584 303 quod
1600 267 1741 302 sequitur:
1756 267 1801 295 Ob-

1018 310 1095 344 ]irma
1114 310 1209 344 facient
1225 316 1299 338 tuam
1314 319 1390 345 super
1401 312 1472 345 ﬁlias
1481 313 1572 348 populi
1585 313 1636 340 tui.
1648 312 1703 340 lsta
1715 312 1802 345 facies,

1019 355 1044 382 id
1060 360 1101 383 cst
1115 356 1264 391 principale
1279 357 1370 385 cordis
1385 358 1480 389 nostri,
1496 358 1549 385 nisi
1566 358 1713 386 obﬁrmata
1729 358 1804 385 fuerit

1017 409 1099 437 super
1113 410 1147 429 eo
1161 403 1234 438 quod
1248 403 1451 439 intelligendum
1464 409 1515 437 est,
1534 409 1562 431 ut
1580 405 1720 439 quomodo
1738 405 1805 432 \idct

1017 448 1058 475 sic
1075 449 1219 476 annnntiet
1233 449 1426 485 audientibus,
1442 450 1508 478 illud
1522 451 1594 485 quod
1609 449 1745 485 aspicitur
1757 458 1805 478 non

1018 494 1136 521 videtur.
1153 493 1327 529 lmpossibile
1343 495 1442 531 quippe
1457 501 1500 524 est
1516 500 1546 523 ut
1567 497 1667 531 aliquis
1683 496 1745 524 sine
1760 497 1805 523 ob-

1017 540 1172 567 ﬁrmatioue
1184 541 1285 573 vultus,
1304 549 1406 576 vagus,
1424 541 1648 573 fluctuabnudus,
1666 542 1806 569 circumla<

1017 589 1060 612 tus
1072 585 1147 612 omni
1167 590 1246 612 vento
1257 586 1388 614 doctrina:
1399 608 1406 619 ,
1422 587 1512 614 videat
1523 587 1595 622 quod
1608 587 1709 620 debet,
1721 588 1807 615 videat

1018 635 1046 657 ut
1069 630 1158 658 debet.
1176 630 1290 666 Oportet
1300 640 1366 668 ergo
1384 633 1518 660 volentem
1534 633 1687 668 intelligere
1709 634 1807 662 habere

1017 675 1112 703 facient
1126 676 1152 703 in
1168 684 1201 704 eo
1221 678 1293 712 quod
1314 678 1463 713 intelligere
1492 678 1588 705 nititur
1612 679 1805 707 oblirmatam:

1016 728 1043 750 et
1057 723 1092 750 ob
1109 724 1178 752 hanc
1199 732 1306 759 semper
1327 733 1438 753 causam
1462 725 1664 761 prophetaturis
1691 727 1807 760 primum

1014 768 1125 803 jubctur
1138 774 1167 796 ut
1181 768 1278 797 faciem
1290 777 1367 797 suam
1384 771 1546 803 ol‘lirment;
1563 775 1592 797 ut
1609 776 1736 798 nostram
1757 779 1805 798 au-

1017 817 1069 840 tem
1084 819 1110 841 et
1124 822 1175 841 nos
1187 815 1324 849 possimus
1338 815 1483 843 oblirmare
1497 815 1593 843 faciem
1606 816 1634 843 iu
1651 815 1808 851 Eiaugelio,

1016 859 1043 885 in
1055 859 1123 894 lege,
1137 859 1164 886 in
1180 860 1321 894 prophetis
1334 882 1341 893 ,
1357 861 1384 888 in
1401 861 1541 896 apostolis,
1553 861 1668 888 oblirma
1684 870 1747 888 eam
1763 870 1807 889 su-

1016 912 1063 939 per
1079 904 1200 937 Christo,
1213 909 1240 932 et
1255 914 1307 934 non
1321 914 1404 941 super
1415 907 1507 935 seculi
1524 908 1651 942 negotiis.
1669 907 1724 936 Sed
1746 916 1807 936 cum

1017 950 1043 976 in
1066 950 1251 978 mundialibus
1262 951 1337 979 curis
1350 951 1440 979 aliima
1461 957 1553 980 nostra
1578 958 1723 987 versetur,
1745 961 1804 981 cum

1015 1003 1122 1030 semper
1140 997 1235 1024 ardeat
1248 997 1365 1025 habendi
1393 997 1465 1025 fame
1476 1019 1484 1032 ,
1503 1006 1557 1025 non
1572 999 1754 1026 obtirmcmus
1768 999 1806 1026 fa-

1014 1041 1083 1068 ciem
1105 1046 1227 1069 nostram
1242 1050 1326 1077 super
1337 1050 1369 1070 ea
1388 1051 1449 1078 qua:
1471 1044 1615 1079 imperavit
1640 1044 1732 1077 Deus,
1762 1043 1808 1072 sed

1014 1093 1097 1121 super
1113 1095 1144 1114 ea
1156 1095 1217 1122 qum
1232 1087 1277 1115 Dei
1296 1093 1359 1116 sunt
1380 1089 1491 1116 adversa
1507 1090 1659 1124 praeceptis.
1676 1090 1747 1123 Quis
1760 1098 1806 1124 pu-

1015 1138 1055 1160 tas
1070 1133 1098 1160 in
1114 1133 1193 1161 nobis
1206 1137 1325 1161 mundus
1341 1139 1383 1162 est
1399 1135 1433 1162 ab
1446 1135 1638 1163 obfirmatione
1662 1135 1742 1163 faciei
1761 1144 1803 1163 su-

1015 1186 1063 1214 per
1078 1178 1121 1206 bis
1131 1187 1191 1213 qua:
1202 1179 1344 1207 interdicta
1361 1181 1442 1208 sunt?
1464 1180 1532 1214 Quis
1551 1181 1578 1208 in
1603 1186 1710 1208 tantum
1730 1181 1805 1209 solli-

1014 1224 1085 1252 citus
1098 1228 1125 1251 et
1140 1228 1248 1256 cautus,
1267 1229 1295 1251 ut
1305 1223 1401 1252 diebus
1417 1232 1448 1252 ac
1461 1226 1622 1253 noctibusiu
1636 1234 1668 1253 ea
1682 1227 1805 1254 ohlirmet

1013 1269 1104 1297 cordis
1121 1270 1163 1297 sui
1179 1269 1276 1297 faciem
1287 1270 1501 1305 qmejubcntnr?

1048 1316 1075 1344 2.
1096 1315 1174 1343 Nunc
1187 1323 1297 1351 quoque
1312 1316 1335 1343 si
1355 1315 1514 1344 intellecturi
1530 1324 1628 1345 sumus
1642 1323 1802 1353 praesentem

1013 1363 1176 1397 scripturam
1201 1361 1340 1397 quomodo
1365 1361 1504 1396 propheta:
1527 1362 1655 1390 dicatur:
1685 1363 1805 1397 Obﬁrma

1014 1409 1109 1443 [aciem
1125 1413 1198 1434 luant
1210 1416 1289 1442 super
1301 1407 1372 1443 ﬁlias
1386 1408 1477 1443 populi
1486 1409 1536 1439 tui.
1550 1413 1580 1435 ut
1593 1408 1684 1436 videat
1697 1417 1728 1436 ea
1743 1417 1803 1444 qua:

1013 1454 1136 1481 dicturus
1151 1457 1202 1486 est,
1215 1453 1347 1481 debemus
1363 1453 1508 1481 obllrmare
1520 1453 1737 1489 intelligentiam,
1755 1455 1806 1489 plc-

1015 1507 1080 1527 unm
1099 1499 1125 1526 in
1139 1499 1288 1526 tcntatione
1304 1499 1394 1527 cordis
1409 1499 1508 1526 habere
1528 1503 1675 1527 tractatum
1691 1500 1756 1534 quid
1773 1500 1807 1527 sit

1015 1546 1066 1573 hoc
1077 1545 1149 1580 quod
1164 1545 1333 1580 signiﬁcetur
1343 1566 1351 1578 ,
1371 1550 1403 1572 ut
1419 1545 1527 1572 tandem
1550 1545 1658 1573 ratione
1684 1546 1806 1580 superati

1015 1591 1174 1618 recedamus
1186 1597 1200 1616 a
1214 1589 1313 1617 littera.
1329 1589 1368 1617 Ac
1379 1589 1529 1617 secundum
1548 1597 1722 1617 communem
1742 1592 1805 1626 qni-

1013 1634 1074 1661 dem
1092 1634 1259 1661 intellectum
1279 1634 1405 1661 videntur
1421 1634 1545 1669 quaedam
1558 1635 1620 1662 lilia:
1633 1636 1725 1670 populi
1742 1644 1806 1670 pro-

1014 1675 1212 1710 phetauteshoc
1219 1677 1291 1712 quod
1302 1677 1425 1712 sequitur
1437 1677 1582 1705 admisisse
1594 1684 1748 1713 peccatum.
1756 1680 1805 1707 As-

1013 1727 1152 1750 sumentes
1166 1722 1308 1750 cervicalia
1325 1723 1505 1755 consuebaut,
1520 1729 1688 1752 consuentes
1708 1733 1741 1753 ea
1752 1733 1806 1753 nan

1013 1767 1151 1802 ponebant
1164 1775 1194 1795 ea
1213 1768 1264 1795 sub
1276 1769 1375 1803 capite,
1387 1768 1434 1795 sed
1451 1768 1502 1795 sub
1517 1769 1610 1797 cubito
1620 1770 1805 1802 audientium,

1014 1817 1041 1840 et
1058 1813 1240 1841 velamiuibus
1253 1814 1416 1848 quibusdam
1433 1815 1557 1849 tegebant
1568 1815 1657 1850 capita
1672 1816 1807 1844 universa:

1013 1859 1110 1887 astatis.
1123 1859 1185 1887 Haec
1200 1864 1264 1887 sunt
1280 1867 1341 1895 quae
1356 1860 1701 1895 prophetantibustiliabus
1713 1863 1806 1897 populi

1013 1909 1175 1940 repetantur
1183 1905 1261 1940 quissi
1279 1914 1376 1941 magna
1389 1911 1510 1941 peccata.
1525 1906 1593 1940 Quis
1608 1912 1699 1935 autem
1717 1913 1808 1943 potest

1013 1951 1040 1978 iu
1059 1952 1141 1979 verbo
1156 1951 1311 1979 consistente
1326 1951 1417 1979 dicere
1436 1952 1499 1988 quia
1512 1972 1520 1985 ,
1535 1953 1558 1980 si
1577 1954 1640 1988 quis
1657 1955 1808 1982 cervicalia

1013 2001 1138 2029 consuat,
1153 2002 1180 2024 et
1195 2001 1308 2024 consuta
1323 1997 1375 2024 sub
1389 1998 1481 2025 cubito
1497 2003 1580 2033 ponat
1596 1999 1730 2034 alterius,
1758 2001 1807 2028 deo

1012 2042 1127 2076 linquat,
1137 2047 1165 2070 et
1179 2050 1194 2070 a
1211 2042 1266 2070 Deo
1281 2043 1459 2078 corripiatur?
1473 2044 1540 2077 Quis
1566 2050 1656 2080 potest
1683 2054 1809 2074 asserere

1012 2089 1088 2123 quia,
1099 2088 1121 2116 si
1135 2089 1196 2123 quis
1212 2088 1346 2116 velamina
1359 2088 1441 2116 faciat
1452 2090 1485 2117 ad
1499 2090 1643 2125 tegendum
1654 2097 1739 2126 caput
1751 2092 1809 2119 uni-

1012 2141 1097 2160 versae
1109 2133 1210 2164 aetatis,
1227 2133 1308 2168 impie
1318 2134 1399 2169 agat?
1409 2135 1503 2163 invitis
1514 2135 1592 2162 nobis
1603 2136 1639 2162 ab
1655 2137 1716 2171 ipsa
1730 2137 1807 2165 Scri-

177 2183 285 2209 mimur.
295 2180 392 2208 Vultus
401 2185 490 2208 autem
505 2180 550 2207 ille
559 2180 593 2207 de
605 2187 660 2214 quo
670 2187 761 2207 sermo
771 2179 892 2215 Apostoli
908 2185 960 2214 est,
978 2182 999 2208 D
1014 2185 1092 2214 ptura
1106 2180 1254 2207 necessitas
1276 2180 1424 2215 imponitur
1435 2200 1442 2212 ,
1465 2185 1495 2208 ut
1509 2181 1543 2208 ab
1568 2182 1695 2216 apicibus
1712 2184 1811 2211 littere

176 2230 203 2255 in
218 2227 312 2255 multis
326 2231 414 2254 tectus
440 2229 482 2253 est
495 2245 503 2257 ,
531 2229 559 2253 et
581 2225 608 2252 in
631 2225 727 2260 paucis
748 2225 893 2254 revelatus.
909 2225 960 2260 Qui

174 2274 245 2301 enim
262 2273 388 2301 fiduciam
403 2272 484 2299 habet
500 2271 526 2298 in
549 2271 603 2299 vita
618 2271 809 2303 inmaculata,
826 2271 853 2298 in
878 2279 960 2300 sensu

175 2328 251 2352 sano,
265 2320 294 2347 in
311 2319 363 2347 tlde
379 2326 453 2351 vera,
465 2318 517 2345 iste
529 2317 720 2344 tantummodo
735 2324 787 2344 non
805 2317 885 2345 habet
901 2325 964 2345 con-

175 2367 302 2399 fusionis,
318 2365 519 2397 fraudulentae,
532 2363 690 2399 peccatique
700 2363 832 2396 velamen,
844 2363 890 2391 sed
900 2372 962 2399 pro-

175 2419 234 2449 pter
244 2420 340 2448 puram
351 2410 545 2440 conscientiam
560 2409 677 2438 revelata
694 2408 762 2435 facie
776 2409 890 2443 gloriam
908 2409 961 2437 Do-

504 2468 515 2484 ⁸
533 2468 599 2495 ibid.
629 2467 729 2494 ‘Prov.
749 2474 790 2498 tu,
818 2468 858 2498 ll,
885 2467 928 2494 12.

493 2504 512 2520 ¹¹
528 2502 625 2530 Ezerh.
644 2510 699 2534 xtv,
714 2503 742 2529 8.

214 2473 224 2488 ⁸
238 2471 336 2498 Bacch.
356 2477 416 2501 xui,
435 2468 461 2496 9.

176 2509 198 2525 υ
216 2507 312 2535 iliceti.
330 2513 390 2537 χιιι,
409 2504 454 2532 Π.

208 2570 247 2604 (li)
266 2568 299 2595 Et
312 2567 381 2604 quod
396 2567 430 2604 sit
443 2566 497 2592 alia
510 2565 601 2604 facies,
614 2564 786 2604 etc1Catelme
799 2563 961 2604 Grascae'ha-

174 2597 259 2632 britt':
280 2597 385 2634 ιιέῦλος
402 2601 490 2635 λέγει·
510 2597 790 2635 Ἇνυκεκατβνυμιιένῳ
814 2597 961 2635 ςτεῳσώςτῳ

173 2640 230 2673 τὴν
253 2639 346 2670 δόξαν
366 2633 891 2673 Κυριὲυἒθξητοπτριζόμεςνοικυὺκρῦν
915 2633 961 2660 δύο

175 2668 306 2709 aspidm-md
323 2668 432 2709 :lat,_io
451 2670 596 2709 κᾳλύξῖοχ,
615 2670 662 2709 καὶζ
685 2669 714 2695 τὺ
737 2668 942 2709 διιῑξ.).ξπτὸμεγογ⁸
952 2676 958 2683 ·

173 2703 204 2734 ἰδ
216 2708 303 2739 ἐκτὸς,
316 2707 363 2732 καὶ
373 2706 403 2732 τὸ
419 2706 503 2737 ἐντός.
519 2705 554 2731 Τὸ
565 2705 593 2731 δὲ
612 2705 754 2740 πρόσωποΥ
778 2704 838 2740 δψιν
861 2703 960 2740 καλοῦ-

177 2751 238 2777 μενν,
259 2738 351 2777 τὴνμδὲ
372 2741 447 2777 ww,
462 2742 511 2772 τὰς
526 2738 644 2777 apsens,
664 2738 768 2777 Οῷδοῦν
791 2738 888 2777 ξχᾳμεν
911 2738 960 2777 ripa

177 2751 238 2777 μιν,
259 2750 308 2776 την
323 2749 351 2768 οε
372 2749 447 2774 ww,
462 2749 511 2772 τίς
526 2749 539 2767 o
560 2749 642 2770 ασεις.
664 2749 768 2766 υυχουν
791 2749 888 2774 εχομεν
911 2749 960 2774 την

177 2776 254 2813 ἐκδὺς
267 2775 353 2813 nisi):
366 2775 436 2813 om,
456 2776 508 2813 xui
524 2749 573 2810 τεν
586 2775 670 2813 eam;
741 2768 960 2813 ἐτὸς-ὅρασις,Ιὸ

175 2811 234 2842 »οὓς
247 2808 312 2837 ὲσξὶ.
331 2808 477 2845 ηρξὰωποπι
488 2810 515 2836 δὲ
532 2808 634 2844 νόητὺν,
649 2808 751 2841 ὀνῡὺς,
767 2808 795 2834 ὅν
812 2809 851 2834 δεῖ
868 2808 960 2844 στηρί-

1013 2225 1186 2257 recedcntcs,
1209 2226 1334 2258 verbum,
1358 2232 1383 2254 et
1406 2227 1579 2261 sapientiam,
1593 2232 1620 2255 et
1638 2228 1809 2256 voluntatem

1013 2271 1073 2306 ejus
1084 2271 1256 2306 requiramus
1278 2272 1311 2298 ad
1333 2272 1478 2306 aperienda
1506 2278 1615 2307 peccata
1631 2281 1696 2308 qua:
1710 2275 1809 2302 clausa

1014 2322 1094 2350 sunt,
1111 2317 1144 2344 ad
1158 2317 1336 2345 illuminanda
1359 2326 1421 2353 qua:
1435 2318 1563 2353 caligant,
1579 2324 1609 2346 ut
1626 2321 1771 2354 pessimus
1795 2329 1810 2347 ι

1014 2363 1159 2390 maledicto
1175 2363 1295 2390 extranei
1310 2363 1379 2392 fieri.

1053 2409 1080 2436 5.
1104 2408 1181 2436 Omni
1208 2409 1295 2435 cubito
1318 2417 1444 2436 utanuum
1467 2410 1521 2437 sire
1538 2419 1631 2437 munus
1649 2411 1680 2438 ".
1702 2412 1758 2445 Qui
1783 2412 1811 2439 in

978 2468 987 2483 "
1004 2467 1076 2495 l’sal.
1094 2475 1130 2497 vr,
1148 2466 1175 2493 2.
1211 2466 1333 2494 'Ezcch.
1364 2475 1423 2499 xnl,
1449 2467 1475 2495 9.
1506 2469 1516 2484 '
1533 2467 1605 2496 Psal.
1633 2476 1732 2501 uvut,
1762 2468 1809 2497 29.

782 2503 802 2518 ¹¹
820 2502 839 2528 11
854 2503 915 2529 Cor.
932 2510 971 2535 tu,
992 2502 1034 2529 l8.
1074 2501 1095 2517 ¹³
1109 2501 1206 2529 Ezecb.
1221 2510 1280 2534 xm,
1299 2502 1342 2528 18.

1014 2562 1080 2598 ζειν,
1097 2563 1140 2589 ἵνα
1158 2562 1254 2598 ἰσχύσῃ
1266 2562 1436 2598 ὑπουργῆσαι
1451 2562 1490 2597 τῷ
1512 2562 1594 2598 λόγῳ.
1624 2562 1728 2589 Paulus
1744 2564 1785 2590 ait
1799 2571 1810 2591 :

1016 2570 1080 2594 μιν,
1099 2571 1140 2589 ινα
1158 2570 1166 2589 t
1202 2570 1254 2598 υσῃ
1266 2570 1436 2598 υπουργησαι
1451 2571 1490 2597 τῳ
1513 2570 1594 2598 Αογῳ.
1624 2570 1728 2589 mutus
1744 2570 1785 2590 ait
1799 2571 1810 2591 :

1016 2607 1025 2623 ι
1042 2570 1252 2632 Πευειιιιασῗαεὶε
1276 2599 1388 2632 gloriam
1417 2597 1524 2624 Domini
1546 2599 1624 2632 quasi
1648 2598 1674 2624 in
1699 2599 1811 2631 speculo

1013 2637 1176 2660 mutuemur.
1197 2642 1205 2658 ι
1226 2632 1290 2658 Duo:
1301 2633 1383 2667 igitur
1396 2637 1455 2659 sunt
1467 2633 1567 2666 facies:
1581 2638 1667 2667 tegens
1678 2637 1703 2659 et
1725 2638 1810 2665 tecta,

1013 2668 1127 2695 exterior
1148 2671 1172 2694 et
1185 2666 1435 2694 interiorﬁFaciem
1454 2672 1552 2699 autent,
1573 2666 1707 2701 aspectum
1730 2675 1811 2694 eota-

1014 2711 1082 2734 mus,
1096 2706 1228 2736 aspectum
1239 2710 1296 2728 vero
1308 2703 1429 2729 uisiones.
1445 2701 1609 2737 Exteriorem
1628 2703 1713 2737 igitur
1731 2711 1810 2736 ιερεω

1014 2742 1084 2764 (tum
1095 2737 1219 2763 habemus
1234 2742 1258 2763 et
1272 2737 1432 2764 interiorem.
1447 2736 1564 2764 Interior
1580 2736 1655 2767 visio,
1671 2744 1746 2763 ruens
1757 2743 1809 2768 Cal;

1014 2773 1094 2806 [acies
1115 2776 1202 2810 autem
1228 2771 1370 2810 spiritalis,
1391 2779 1462 2799 mens
1480 2777 1531 2810 est,
1558 2780 1618 2810 qua
1637 2771 1808 2806 obfirmate“

1013 2813 1063 2841 est,
1075 2812 1102 2834 ut
1118 2806 1203 2834 ualeat
1214 2807 1366 2834 ministrare
1377 2807 1501 2835 sermoni.
