1882 3052
74 95 121 122 6‘33

784 102 925 131 liOMiLlA
946 102 988 132 ιη.

1649 113 1703 142 θυι

73 153 124 185 iui,
142 152 166 179 id
182 158 225 181 est
241 155 389 189 supradicti
410 157 571 193 presbyteri,
597 164 741 193 postm'ttnt
757 161 858 196 cogita—
872 163 894 191 Α
909 162 995 190 tilium
1008 162 1067 196 illo,
1078 168 1108 191 ut
1135 169 1200 199 puta
1218 170 1297 193 sanat
1315 167 1474 202 emplastro,
1499 168 1544 196 alii
1562 169 1634 199 aliud
1649 174 1699 199 tri-

73 202 150 227 tiorm
162 209 226 229 suas
237 202 266 228 tu
288 203 410 230 cordibus
423 205 496 237 suis,
519 210 544 232 et
567 213 669 241 penam
684 207 855 243 iniquitotum

73 253 174 272 suarum
187 253 329 281 posuerunt
342 253 403 276 urite
415 249 509 284 faciem
526 257 612 278 suam.
637 251 721 279 Nemo
734 257 854 280 vestrum

73 292 202 319 existimet
214 293 354 321 cruciatus
368 295 448 322 nobis
459 296 495 323 ab
505 295 560 324 alio
571 304 652 331 quam
666 305 681 325 a
693 299 773 327 nobis
785 300 856 327 irro-

72 337 135 370 gari.
159 337 231 365 Deus
256 346 312 366 non
337 339 403 368 facit
418 348 524 375 pinnas,
550 342 598 369 sed
615 350 646 370 ea
658 352 721 378 quat
735 345 855 379 patimur

73 382 118 417 ipsi
135 383 212 411 nobis
223 392 418 420 praeparamus.
436 386 530 422 itaque
548 389 705 418 testimonio
729 399 785 425 quo
798 391 853 419 ire-

72 433 177 462 quenter
188 430 231 456 usi
245 437 351 464 sumus,
361 432 444 459 etiam
456 441 529 461 nunc
540 440 692 469 opportune
700 437 852 464 utamur”:

72 474 202 502 .tmbulote
214 476 241 503 in
265 476 363 504 lumine
383 478 451 512 ignis
460 479 550 511 vestri,
572 485 597 506 et
614 481 640 507 in
651 481 761 515 ﬂamma
773 489 852 517 quam

71 521 232 548 ηιιεηάὶσιίε.
257 520 316 549 Non
339 527 382 550 est
402 523 472 559 ignis
486 525 597 553 ulterius
623 527 674 554 nisi
688 531 786 559 vester,
805 529 852 563 qui

68 566 142 602 ligna,
158 567 202 602 qui
221 567 361 602 stipulam
377 569 424 604 qui
446 570 589 597 materiam
612 570 706 599 futuro
727 572 852 601 incendio

68 613 253 642 uincervstis.

98 659 122 685 8.
140 658 207 686 Dicit
222 667 290 693 ergo
304 660 338 687 de
354 661 530 696 presbyteris,
547 663 641 696 procul
663 658 754 692 Mitem
781 666 852 695 absit

67 713 79 730 a
95 704 167 731 nobis
181 713 187 731 :
213 703 269 731 Viri
282 704 326 732 iui
341 711 485 738 posuerunt
497 708 667 743 cogitationes
681 718 744 737 suae
752 712 780 738 in
790 720 850 738 cor-

66 750 134 778 dibus
146 751 211 782 suis,
233 755 258 777 et
277 759 381 784 paruam
394 752 568 787 iniquitatium
586 763 695 782 suarum
707 763 850 790 posuerunt

67 799 121 821 mue
133 795 227 829 [aciem
249 803 335 823 suam.
364 795 416 823 Sed
439 798 598 831 respondens
619 801 776 834 respondebo
799 803 848 829 eis.

67 838 250 874 Numquidnam
269 841 380 875 dignum
396 846 438 869 est
453 841 512 869 istis
528 851 572 870 me
596 846 759 879 respondere
770 867 777 880 ,
801 849 849 883 qui

67 890 187 912 venerunt
202 885 235 912 ad
245 890 272 912 te
283 886 443 920 prophetam
458 889 580 917 volentes
591 890 695 918 discere
709 899 849 921 sermones

66 931 152 958 tuens?
169 931 280 966 Propter
295 932 343 958 hoc
359 932 465 968 loquere
479 935 513 961 ad
530 943 585 968 eos,
601 941 627 963 et
647 938 690 964 die
702 938 760 965 eis:
785 938 849 966 Uter:

65 978 121 1004 dicit
136 979 240 1007 Adonei
254 981 383 1008 Dominus
399 989 408 1009 ξ
432 980 518 1008 Homo
530 981 607 1008 homo
621 990 654 1009 ea:
669 983 746 1011 domo
765 984 850 1020 388

68 1023 261 1055 lsroel.0mnes
273 1027 400 1055 homines
411 1027 465 1054 nati
479 1035 574 1055 sumus
587 1028 723 1063 homines,
734 1030 781 1058 sed
794 1039 847 1059 non

65 1076 151 1098 omnes
166 1071 292 1099 homines
316 1072 445 1100 homines
474 1080 581 1110 sumus,
607 1074 680 1102 sicut
697 1076 849 1110 stepissime

65 1116 164 1142 notavi:
189 1117 215 1144 id
232 1118 306 1150 quod
321 1118 349 1145 in
372 1117 495 1146 Levitico
521 1120 651 1155 scriptum
672 1125 737 1149 est:
760 1121 847 1149 Homo

64 1161 133 1188 homo
150 1162 268 1196 filiorum
293 1163 389 1196 ἴεν-πει,
408 1169 455 1192 aut
478 1166 640 1194 advenarum
659 1168 705 1202 qui
732 1169 847 1202 oppositi

64 1211 117 1233 sunt
138 1207 165 1234 in
178 1209 264 1236 nobis.
285 1209 377 1237 Estote
399 1210 537 1244 homines,
568 1213 693 1241 homines
716 1215 844 1248 scilicet;

64 1253 118 1285 quia
133 1261 184 1280 non
197 1262 299 1282 clunes
313 1255 448 1287 homines,
475 1257 600 1286 homines
621 1264 695 1288 sunt.
711 1259 844 1289 Ostenda-

64 1305 117 1324 mus
128 1298 161 1325 de
187 1298 339 1334 Scripturis
360 1301 501 1335 quomodo
514 1302 625 1337 quidam
640 1304 765 1334 homines
790 1314 844 1334 non

66 1343 114 1370 sint
125 1344 259 1373 homines.
277 1345 363 1373 Ilamo
373 1346 401 1372 in
412 1347 509 1374 honore
521 1349 622 1382 positus
636 1350 844 1384 non‘intelletit,

62 1395 218 1423 comparatus
229 1395 271 1418 est
280 1391 409 1425 jumentis
420 1391 616 1427 insipientibus,
629 1395 794 1424 assimilatas
806 1402 845 1425 est

61 1434 94 1459 eis
113 1434 144 1461 ".
156 1435 206 1462 Iste
224 1443 279 1462 non
299 1441 342 1463 est
359 1436 441 1465 homo
457 1437 551 1471 homo,
567 1439 614 1467 sed
639 1439 721 1469 homo
735 1441 844 1476 jumcn-

62 1484 120 1506 tum.
139 1481 280 1509 Generulio
291 1483 450 1516 viperarum,
463 1483 521 1518 quis
537 1485 650 1514 ostendit
666 1486 737 1514 vobis
752 1487 843 1522 fugere

62 1525 90 1550 ab
103 1527 140 1553 ira
151 1532 260 1554 ventura
281 1529 303 1545 ”
317 1529 328 1555 2
346 1528 420 1556 Talis
436 1537 490 1558 non
519 1535 563 1557 est
580 1530 662 1559 homo
679 1532 771 1566 homo,
796 1533 842 1562 sed

63 1577 161 1605 serpens
170 1572 262 1600 homo.
278 1572 348 1608 Equi
356 1574 383 1601 in
395 1575 508 1608 feminas
519 1576 680 1605 insanientes
690 1578 755 1612 facti
769 1584 841 1613 sunt,

63 1619 226 1652 unusquisque
241 1627 321 1653 super
330 1628 438 1648 natarent
456 1621 572 1654 proximi
585 1623 627 1651 sui
646 1623 780 1653 hinniebat
796 1626 818 1642 ’³
832 1634 840 1660 ;

62 1667 84 1688 ct
99 1663 144 1692 iste
156 1671 208 1692 uou
225 1669 269 1692 est
283 1665 366 1694 homo
379 1665 472 1698 homo.
482 1666 529 1695 sed
547 1667 629 1697 homo
648 1676 746 1703 equus.
764 1671 842 1699 Absit

63 1707 133 1740 igitur
146 1716 160 1735 ει
180 1710 258 1738 nobis
272 1715 302 1738 ut
322 1710 389 1739 tales
401 1710 499 1744 simus.
511 1712 557 1746 qui
575 1721 732 1743 mereamur
747 1717 842 1744 audire

63 1761 107 1780 non
120 1762 176 1783 esse
192 1763 242 1785 nos
255 1756 381 1786 homines
395 1757 530 1790 homines,
546 1759 593 1789 sed
608 1760 682 1789 aliud
694 1762 758 1796 quid
770 1771 840 1797 pra:—

62 1801 97 1824 ter
111 1799 243 1830 homines!
260 1801 290 1829 Si
302 1802 376 1831 enim
390 1801 454 1831 boni
467 1807 496 1831 et
514 1805 649 1833 inausueti
663 1813 769 1840 sumus.
788 1808 838 1835 dn-

63 1844 181 1876 plicanms
192 1847 312 1877 hominis
328 1855 438 1881 nomen,
456 1853 486 1876 ut
498 1849 535 1876 sit
550 1849 578 1876 in
599 1851 680 1879 nobis
698 1859 753 1882 non
774 1853 840 1883 sim-

62 1887 154 1921 pliciter
169 1890 262 1924 homo,
281 1893 328 1919 sed
340 1892 421 1920 homo
433 1893 526 1922 homo.
542 1894 693 1924 Considera
713 1904 747 1924 an
764 1897 840 1927 inrc-

64 1933 115 1961 nire
127 1936 276 1969 valeamus,
289 1938 355 1971 quid
366 1938 405 1966 sit
423 1938 490 1966 illud
506 1939 580 1974 quod
600 1948 699 1970 nomen
721 1943 839 1973 hominis

61 1978 178 2012 duplices.
194 1980 311 2015 Quando
323 1982 373 2010 iste
389 1982 471 2011 homo
490 1985 536 2020 qui
556 1989 600 2013 est
613 1985 742 2019 exterior,
757 1987 839 2016 homo

61 2023 141 2057 Fuerit,
154 2033 186 2053 eo
200 2027 246 2062 qui
261 2031 304 2055 est
320 2027 432 2057 ulterior
443 2028 526 2058 homo
539 2034 666 2064 serpente
678 2031 836 2067 exsistente.

62 2074 160 2097 nonest
182 2071 209 2099 in
233 2072 315 2102 nobis
330 2072 520 2108 homohomo,
538 2074 586 2103 sed
608 2079 713 2103 tantum
743 2076 833 2106 homo.

60 2114 161 2145 Quando
173 2124 237 2145 vero
248 2117 465 2147 interiorhomo
475 2119 553 2153 juxta
578 2119 724 2155 imaginem
745 2130 837 2156 perse-

908 207 968 235 buit
978 208 1216 243 medicamentum,
1230 211 1370 239 nonnullis
1379 212 1453 247 quod
1461 214 1616 242 camerium
1629 223 1699 244 nun-

907 256 1022 288 cupatur
1036 253 1160 288 imponit,
1184 254 1268 282 alium
1282 262 1387 287 amara,
1402 256 1485 285 alium
1500 257 1573 284 dulci
1598 262 1700 293 tempe-

907 302 950 325 rat
965 298 1086 333 potione,
1105 299 1251 334 cujusdam
1273 308 1339 328 vero
1358 301 1472 329 vulnera
1492 303 1629 330 crassiore
1643 311 1696 330 un-

906 343 987 378 guine
999 344 1102 372 delinlt.
1118 344 1165 373 Sic
1178 350 1206 372 et
1220 353 1311 375 sermo
1326 346 1373 374 Dei
1391 355 1443 382 pro
1453 348 1634 382 tlnalitatjbus
1649 349 1698 376 ho-

905 388 1008 416 minum
1020 389 1151 424 loquitur,
1165 398 1216 418 nec
1234 392 1342 426 passim
1357 392 1501 427 sapientim
1518 401 1576 420 suae
1601 393 1701 428 ingerit

904 441 1084 464 sacramenta.
1105 437 1150 464 Ait
1171 437 1263 473 itaque
1278 446 1284 464 :
1315 438 1372 475 Ego
1388 439 1547 474 respondebo
1559 441 1583 468 ei
1594 441 1621 468 in
1636 442 1698 476 qui-

903 482 950 509 bus
963 482 1096 510 detinetur
1110 491 1182 513 mens
1198 483 1272 519 ejus,
1289 489 1318 514 ut
1337 485 1391 515 ista
1408 485 1534 513 videlicet
1557 494 1650 515 curem
1668 486 1700 514 in-

902 526 1001 564 quibus
1016 534 1093 555 mens
1106 527 1167 562 ejus
1184 527 1331 560 detinetur.
1346 533 1377 556 ut
1391 537 1443 556 non
1459 528 1542 557 iaciat
1557 530 1696 557 declinare

902 573 1011 600 domum
1034 572 1128 600 lsrael.
1147 572 1310 609 Quicunque
1328 574 1451 613 seipsnm
1469 576 1623 612 exemplum
1638 583 1692 603 non

902 618 1001 652 prth
1022 618 1102 647 bona:
1118 618 1198 652 vitae,
1214 619 1260 647 sed
1282 627 1428 655 perversos
1444 621 1552 653 incedit,
1578 621 1630 650 iste
1644 628 1694 656 per

900 670 978 690 suam
992 663 1163 697 pravitatem,
1176 663 1241 691 dum
1259 665 1293 692 ad
1308 664 1364 692 haec
1375 673 1436 699 quae
1451 674 1503 692 non
1517 665 1597 693 debet
1610 665 1694 693 incli-

901 711 992 740 natur,
1006 706 1072 734 facit
1086 708 1291 742 quodammodo
1309 709 1392 736 etiam
1405 709 1452 737 Dei
1465 710 1595 744 populum
1610 710 1697 738 decli-

901 759 966 779 nare
993 752 1145 780 sccnndum
1163 753 1245 781 corda
1261 761 1356 780 eorum
1375 763 1436 789 quae
1458 755 1611 783 abalienata
1629 761 1694 784 sunt

900 806 913 824 a
935 805 987 827 me.
1005 797 1038 826 Et
1052 798 1097 833 qui
1115 799 1166 827 hoc
1178 798 1244 827 facit
1267 800 1418 829 Secundum
1442 801 1589 831 alienatum
1614 809 1691 830 cora

869 839 887 865 ll
905 841 969 874 Deo,
983 843 1010 869 in
1027 844 1239 880 cogitationibus
1255 845 1313 873 suis
1334 845 1408 875 iacit.
1424 845 1537 883 Propter
1554 847 1625 882 quod
1648 855 1692 876 re-

901 888 1050 922 spondetur
1064 889 1104 916 eis
1120 888 1147 915 in
1163 888 1196 915 iis
1210 889 1235 915 in
1250 889 1351 925 quibus
1368 890 1505 917 detinetur
1521 898 1568 916 cor
1583 898 1692 922 eorum.

899 937 926 959 ct
936 933 1036 963 dicitur
1053 943 1060 961 :
1079 934 1130 962 Dic
1145 935 1179 961 od
1196 935 1304 963 domum
1317 934 1415 963 Israel.
1433 935 1497 964 Han:
1511 936 1576 965 dicit
1587 936 1696 964 Adonei

900 979 1028 1007 Dominus
1046 986 1056 1006 :
1076 978 1284 1016 Convertimini,
1313 986 1337 1009 et
1364 981 1473 1008 avertite
1494 989 1537 1009 vos
1558 989 1573 1008 α
1594 981 1691 1010 studiis

899 1025 1002 1052 vestris.
1018 1025 1088 1059 Quia
1110 1026 1247 1059 pollicitus
1264 1030 1306 1054 est
1326 1026 1480 1055 locuturum
1498 1034 1527 1052 sc
1549 1026 1589 1053 eis
1611 1033 1643 1055 ea
1663 1026 1693 1054 in

899 1071 999 1107 quibus
1013 1071 1150 1100 detinetur
1161 1079 1210 1099 cor
1220 1079 1325 1103 eorum.
1341 1072 1401 1100 idco
1416 1079 1490 1099 nunc
1504 1071 1581 1106 quasi
1595 1079 1689 1108 pecca-

898 1115 1003 1144 toribus
1016 1115 1134 1153 loquitur
1145 1116 1240 1146 diccns
1253 1125 1260 1145 :
1278 1116 1468 1147 Convertimini
1484 1121 1508 1144 et
1523 1118 1632 1146 avertite
1646 1126 1688 1145 vos

898 1172 913 1189 α
930 1163 1026 1191 studiis
1052 1164 1156 1196 nostris,
1179 1169 1204 1193 et
1233 1165 1343 1194 avertite
1360 1165 1442 1199 facies
1467 1170 1575 1194 vestras.
1594 1164 1689 1194 Nonne

898 1209 946 1236 tibi
970 1208 1077 1236 videtur
1098 1209 1150 1238 hoc
1174 1208 1287 1239 facere?
1301 1209 1399 1239 Facies
1427 1215 1523 1240 vestrae
1539 1211 1687 1240 obﬁrmata:

896 1257 960 1280 sunt
981 1261 1063 1288 super
1079 1261 1111 1283 ea
1136 1261 1197 1289 qua:
1221 1262 1274 1283 non
1289 1254 1399 1288 debent.
1421 1255 1574 1284 convertite
1590 1263 1639 1285 ess
1661 1261 1688 1286 ct

896 1299 1038 1326 obﬁrmate
1055 1299 1081 1326 in
1109 1299 1167 1327 haec
1191 1307 1252 1334 qua:
1280 1305 1372 1329 vestro
1398 1306 1462 1330 sunt
1490 1301 1686 1332 emolumento.

895 1344 1008 1380 Propter
1041 1347 1109 1380 quod
1130 1345 1207 1375 homo
1239 1346 1316 1375 homo
1332 1346 1365 1374 de
1389 1347 1466 1375 domo
1492 1346 1588 1380 Israel,
1613 1353 1638 1376 et
1654 1349 1687 1376 de

893 1390 1032 1426 proselytis
1045 1392 1089 1426 qui
1106 1392 1247 1419 adueniunt
1261 1393 1288 1419 in
1310 1392 1407 1428 Israel,
1427 1394 1574 1430 quicunque
1585 1395 1685 1423 abalie-

893 1442 972 1464 natus
1001 1437 1092 1473 fuerit.
1117 1437 1209 1466 Potest
1233 1439 1301 1472 iicri,
1319 1444 1347 1467 ct
1373 1439 1510 1470 hominem
1536 1441 1683 1475 hominem,

894 1483 950 1510 sive
959 1488 1081 1515 creatum
1098 1483 1236 1513 hominem
1253 1485 1401 1518 hominem,
1414 1493 1462 1515 seu
1480 1487 1629 1521 perfectum
1641 1489 1683 1516 sui

869 1526 877 1538 ⁴
895 1529 1031 1556 hominem
1065 1529 1202 1559 hominem
1217 1530 1342 1560 ell'cctum
1362 1532 1507 1561 abalienari
1528 1534 1681 1570 contingit:

894 1575 916 1602 si
933 1575 1040 1610 quidem
1055 1580 1081 1603 et
1094 1576 1185 1611 justus
1203 1578 1353 1606 secundum
1370 1579 1495 1608 eumdem
1513 1579 1682 1608 Ezechielem

894 1621 1061 1649 convertitur
1077 1621 1225 1659 aliquando
1238 1630 1253 1652 a
1264 1623 1380 1660 justitiis
1394 1624 1462 1657 suis,
1475 1630 1502 1652 et
1519 1631 1622 1662 peccat.
1653 1626 1682 1654 Si

892 1674 957 1701 ergo
969 1666 1124 1697 istiusmodi
1142 1668 1224 1697 homo
1240 1670 1357 1704 posuerit
1381 1671 1552 1708 cogitationes
1571 1680 1633 1702 suos
1656 1674 1683 1700 in

892 1712 969 1739 corde
993 1720 1051 1746 suo,
1078 1718 1103 1740 et
1125 1721 1229 1749 pontum
1253 1715 1402 1751 iniquitatis
1431 1725 1486 1744 sua:
1503 1722 1563 1746 ante
1587 1718 1683 1754 facient

892 1766 978 1792 suam,
993 1763 1017 1785 et
1032 1759 1128 1785 venerit
1143 1759 1177 1785 ad
1191 1760 1354 1795 prophetarit,
1376 1767 1404 1790 ut
1419 1762 1557 1799 interroget
1573 1772 1631 1794 eum
1655 1765 1682 1792 in

893 1812 932 1830 tne
947 1812 956 1830 .'
984 1804 1050 1841 Ego,
1071 1805 1159 1843 inquit
1174 1805 1317 1838 Dominus,
1335 1809 1494 1842 respondebo
1506 1810 1530 1837 ei
1544 1810 1570 1837 iu
1584 1810 1639 1846 ipso
1654 1811 1679 1838 in

891 1857 941 1883 quo
957 1849 1100 1882 detinetur,
1118 1854 1142 1876 et
1151 1850 1295 1887 obﬁrmabo
1308 1851 1402 1886 faciem
1415 1861 1498 1882 nteant
1510 1855 1536 1882 in
1551 1855 1680 1884 hominem

891 1894 978 1922 illum.
995 1894 1144 1923 Considera
1160 1897 1299 1930 quomodo
1313 1897 1340 1927 in
1356 1898 1490 1934 principio
1504 1902 1680 1938 spoponderit

891 1940 1038 1967 clementer
1050 1948 1079 1968 se
1102 1948 1310 1978 responsurum;
1337 1950 1369 1969 ac
1384 1943 1482 1971 deinde
1504 1947 1642 1980 quomodo
1655 1949 1679 1976 si

891 1993 986 2013 rursus
999 1986 1113 2018 venerit,
1132 1987 1248 2014 necdum
1270 1993 1382 2016 curatus
1407 1990 1543 2024 prioribus
1568 1993 1658 2022 verbis
1670 2014 1681 2027 ,

890 2033 1044 2068 obﬁrmabo,
1062 2034 1140 2068 dixit,
1155 2034 1250 2069 [aciem
1264 2044 1348 2063 meam
1359 2044 1437 2072 super
1449 2037 1578 2066 hominem
1591 2038 1678 2072 illum,

889 2085 910 2105 et
923 2087 1019 2114 ponam
1039 2079 1117 2105 illum
1137 2080 1165 2106 in
1177 2081 1318 2110 desertum.
1346 2081 1373 2109 Si
1388 2083 1460 2111 enim
1478 2091 1532 2113 non
1546 2084 1678 2113 obedierit

889 2125 1062 2152 sermonibus
1075 2126 1308 2158 cominonilionis,
1326 2128 1372 2156 sed
1387 2127 1414 2156 in
1437 2129 1534 2159 delicto
1553 2138 1678 2165 perseve-

60 2161 178 2189 rcraverit
191 2161 351 2191 Conditoris
363 2184 371 2196 ,
398 2169 463 2193 tunc
490 2166 610 2193 nascitur
634 2167 726 2201 homo,
753 2173 781 2197 et
805 2169 834 2197 tit
853 2181 872 2208 ι)
890 2170 999 2202 raverit,
1015 2178 1112 2205 ponant
1130 2179 1187 2199 eum
1200 2172 1227 2197 in
1241 2171 1382 2204 desertum,
1395 2179 1419 2201 et
1442 2174 1468 2203 iu
1480 2176 1676 2209 exterminium.

60 2203 196 2235 istiusmodi
220 2209 373 2237 secundum
388 2210 550 2240 exteriorem
564 2215 591 2240 et
611 2212 765 2241 interiorem
783 2215 831 2243 ho-

60 2249 157 2284 minem,
173 2253 214 2280 bis
225 2254 309 2281 homo
326 2254 417 2283 homo.
439 2255 525 2285 Porro
539 2257 561 2284 si
581 2258 643 2293 quis
661 2259 686 2286 in
712 2260 764 2288 hoc
784 2268 831 2289 vo-

60 2300 125 2323 ratus
135 2302 163 2324 ut
175 2299 221 2327 tiat
232 2300 316 2326 homo
331 2301 423 2332 homo.
441 2304 563 2338 posuerit
578 2304 757 2340 cogitationes
768 2314 832 2335 suas

60 2340 82 2366 in
96 2344 169 2371 corde
186 2353 248 2379 suo,
264 2349 293 2374 et
309 2353 418 2380 plenam
445 2356 522 2375 suam
539 2353 603 2379 ante
620 2349 716 2379 faciem
743 2359 832 2385 suam,

59 2389 82 2412 ct
93 2390 189 2416 venerit
215 2390 249 2418 ad
274 2391 460 2427 prophetam:
487 2391 556 2427 Ego,
571 2393 661 2431 inquit
688 2394 831 2428 Dominus,

60 2434 199 2464 respondebo
217 2437 243 2464 ei
268 2437 298 2463 in
314 2436 365 2468 his,
390 2438 483 2473 quibus
514 2439 646 2469 detinetur
666 2449 738 2470 mens
765 2442 832 2476 ejus.

61 2475 132 2506 Docet
155 2489 204 2510 nos
233 2490 325 2512 sermo
349 2491 469 2520 prmsens‘
491 2486 564 2520 quod
592 2491 699 2523 poterat
719 2475 834 2525 singulis

60 2525 218 2560 respondere,
235 2535 286 2554 ncc
302 2528 456 2565 importuna
477 2530 622 2559 admovere
640 2531 831 2566 medicamina,

59 2568 97 2614 ξω
113 2577 158 2604 pro
171 2572 302 2608 qualitate
325 2575 483 2603 morborum
499 2583 618 2611 congrua
630 2585 747 2614 quaeque
770 2586 833 2613 υτον

60 2611 129 2642 ferre.
144 2616 333 2647 Animadverte
347 2620 420 2654 quod
437 2621 566 2649 dicimus.
581 2622 621 2650 Ad
639 2611 834 2652 inedicnnide-

60 2665 109 2685 rem
121 2661 228 2694 vadunt,
249 2664 343 2692 decem
369 2665 499 2694 habentes
516 2667 619 2701 species
631 2668 830 2697 inlirmitatum.

59 2701 109 2732 Non
121 2714 212 2737 omnes
230 2710 325 2738 eodem
339 2712 420 2740 modo
433 2717 523 2747 curat,
540 2714 586 2741 sed
611 2714 694 2742 alium
712 2715 775 2746 isto,
804 2720 831 2743 et

89 2799 108 2814 “
121 2799 169 2828 lsu.
190 2809 216 2836 ι,
235 2803 276 2831 ll.
314 2806 334 2821 "
355 2805 425 2834 l’sal.
442 2815 536 2840 vant,
554 2808 594 2835 i5.

882 2221 906 2244 ρι
924 2215 1016 2242 tollam
1031 2224 1090 2244 cum
1105 2216 1136 2244 de
1147 2217 1231 2244 medio
1242 2218 1332 2252 populi
1354 2219 1415 2248 mei.
1437 2219 1476 2249 Ne
1488 2221 1597 2251 auferas
1615 2230 1676 2256 nos,

884 2263 955 2290 Deus
978 2262 1159 2298 omnipotens,
1174 2263 1208 2291 de
1219 2264 1307 2293 medio
1324 2265 1415 2303 populi
1434 2266 1484 2301 tui,
1501 2275 1593 2297 verum
1613 2276 1676 2298 con-

885 2315 960 2335 serva
985 2314 1034 2334 nos
1059 2307 1085 2333 in
1102 2307 1203 2341 populo
1224 2312 1281 2336 tuo.
1300 2307 1377 2338 Juste
1405 2314 1496 2337 autem
1523 2311 1679 2346 projicitur,

885 2353 930 2387 qui
945 2352 1026 2388 digna
1042 2351 1108 2381 iacit
1129 2352 1302 2386 abjeclione,
1329 2360 1358 2384 ιιι
1380 2355 1522 2387 auferatur
1546 2365 1562 2386 a
1576 2358 1676 2394 populo

887 2399 943 2430 [)ei,
962 2403 989 2426 et
999 2399 1153 2427 eradicelur
1164 2399 1198 2426 ab
1218 2408 1252 2427 eo
1265 2405 1292 2428 et
1303 2401 1427 2429 tradatur
1442 2402 1562 2432 Satanae.
1589 2403 1622 2431 Et
1649 2404 1675 2432 in

889 2444 1012 2478 prmscnti
1028 2444 1137 2480 quidem
1162 2449 1248 2480 potest
1266 2446 1328 2481 quis
1351 2447 1494 2482 egrediens
1516 2449 1550 2478 de
1576 2450 1676 2486 popqu

888 2489 945 2522 Dei,
964 2499 1072 2518 rursum
1085 2499 1132 2527 per
1149 2492 1336 2529 pmnitentiam
1352 2493 1467 2528 reverti;
1486 2494 1509 2522 si
1529 2502 1594 2524 vero
1612 2503 1674 2524 era-

887 2534 993 2562 dicatus
1011 2535 1094 2562 fuerit
1112 2536 1158 2565 illo
1172 2545 1203 2565 cx
1219 2537 1319 2572 populo
1341 2537 1374 2566 de
1390 2546 1445 2573 quo
1458 2538 1484 2565 in
1498 2540 1614 2575 quadam
1631 2548 1675 2574 pa-

888 2581 979 2608 rabola
1004 2581 1113 2614 dicitur,
1129 2582 1247 2616 venisse,
1259 2587 1286 2610 et
1311 2584 1480 2617 recubuisse,
1496 2590 1522 2613 et
1545 2585 1674 2615 introisse

886 2625 1030 2661 quemdam
1044 2625 1090 2660 qui
1112 2633 1165 2653 non
1183 2626 1300 2655 habebat
1322 2628 1513 2658 vestimentum
1542 2631 1672 2665 tmptiale,

885 2672 990 2701 dicente
1003 2672 1037 2701 ad
1053 2679 1115 2701 eum
1142 2673 1339 2707 patreiamilias
1354 2675 1376 2690 ’ί
1391 2685 1398 2703 :
1426 2677 1527 2711 Amice,
1542 2678 1672 2713 quomodo

885 2717 936 2744 huc
952 2717 1060 2744 intrasti
1073 2725 1124 2744 non
1135 2717 1234 2745 habens
1247 2723 1342 2745 vestem
1354 2721 1522 2755 nuptialem?
1538 2726 1620 2758 atque
1635 2722 1675 2750 ita

644 2811 665 2826 ¹²
677 2809 771 2838 Matth.
784 2818 824 2844 In,
853 2811 877 2841 7,
917 2812 938 2828 "
953 2810 1053 2840 Jcrcm.
1068 2819 1094 2844 v,
1108 2811 1133 2838 8.
1174 2812 1196 2828 “
1210 2811 1304 2840 Matth.
1324 2821 1391 2848 un,
1411 2815 1454 2843 l2.
