1882 3052
178 72 231 101 695

765 71 926 101 ORIGEMS
947 72 979 100 IN
999 71 1224 107 EZECIIIELEM,

1757 69 1805 98 σοι

177 132 351 168 prmipiente
374 133 518 166 ministris,
546 138 575 161 nt
596 133 747 161 vincientes
760 141 823 163 eum
840 133 968 161 manibus
982 135 1005 164 Α
1020 134 1122 161 melech
1137 133 1238 161 factum
1253 137 1305 166 est,
1315 136 1343 159 et
1356 139 1450 160 earum
1462 138 1578 166 quarum
1592 129 1729 158 conducit
1741 128 1808 157 Deus

177 183 205 206 ct
228 178 343 213 pedibus
363 179 502 207 mitterent
518 180 545 207 in
567 179 695 207 tenebras
713 179 862 208 exteriores
875 188 882 207 :
896 179 966 207 ditii-

177 223 280 254 cillime
297 224 324 251 in
338 224 428 252 locum
443 225 587 260 pristinum
601 229 763 252 revertetur.
780 225 833 252 Sed
846 232 896 253 nos
911 233 965 252 non

178 270 393 304 eradicabimur,
413 279 508 299 verum
531 275 559 299 et
584 271 611 298 in
629 271 754 306 praesenti
774 275 802 298 et
820 270 850 298 in
872 271 967 298 futuro

179 315 280 344 circulo
293 317 320 343 in
335 316 449 344 Domino
460 321 554 344 nostro
567 317 760 352 plantabimur.
777 321 804 344 et
823 317 849 344 in
863 324 895 344 eo
908 316 967 344 fru—

179 367 240 388 t'llls
255 362 407 390 uberrimos
429 363 584 396 all‘cremus,
601 363 645 390 cui
662 367 705 391 est
727 363 814 399 gloria
826 367 854 391 et
878 363 966 398 impe-

180 407 251 435 rium
262 407 289 435 in
303 408 402 436 saecula
414 408 587 436 seculorum.
602 409 700 436 Amen.

419 476 501 512 359
518 475 660 504 llOMlLlA
679 476 723 504 tv.

179 531 218 559 De
227 540 256 559 eo
264 532 333 567 quod
341 533 467 570 scriptum
475 539 512 560 est
521 535 543 550 "
553 543 559 561 :
573 544 581 560 ε
590 534 670 562 Terra
677 543 735 561 cum
745 536 890 570 peccaverit
902 535 967 563 milii

214 572 242 593 ut
264 569 452 601 prceraricetnr
477 570 665 603 prwraricans.
692 571 833 597 extendens
860 579 967 598 manum

215 610 475 646 iiigtntsupeream;
491 613 500 629 ι
516 612 597 645 usque
617 605 652 632 ad
725 606 910 646 quod_tlicitur
920 606 943 646 "_
959 615 965 646 ε

215 647 223 661 ι
240 636 275 662 Et
290 637 313 664 si
328 637 426 671 fuerint
442 643 494 665 tres
509 636 558 666 viri
571 640 598 666 in
615 640 699 666 medio
711 636 776 671 ejus.
792 640 859 671 Noe,
873 640 968 668 Daniel

211 676 236 697 et
258 671 327 705 Job,
354 677 379 699 et
404 673 455 708 ipsi
480 674 591 708 jurtitia
617 683 667 702 sua
693 671 839 702 liberabant
864 677 967 703 animus

213 715 286 734 ιιιαε.
302 716 312 732 ι

215 784 236 811 Ι.
253 785 350 838 Sermo
370 784 545 839 Domini‘qui
567 787 656 817 factus
678 793 720 817 est
743 789 775 816 ad
796 791 966 826 prophetam,
983 811 1004 839 Β

177 831 212 857 de.
225 832 374 865 peccatrice
392 837 462 860 terra
479 833 609 869 loquitur,
630 840 766 870 quomodo
786 842 896 872 propter
917 837 966 865 de-

177 876 241 903 licta
265 885 314 904 sua
340 878 423 906 variis
448 879 484 906 sit
508 881 664 908 excruciata
688 883 849 917 suppliciis,
878 883 966 918 fame,

180 921 274 950 hostiis
293 923 382 955 malis,
402 924 504 959 gladio,
527 930 623 958 mel-te,
647 931 732 954 morte
755 932 845 955 autem
869 936 966 963 repen-

179 966 250 1000 tina,
269 976 330 1003 qua:
353 974 400 996 aut
422 977 454 996 ex
477 971 597 1006 corrupti
623 973 694 999 acris
718 972 782 1000 vitio
800 973 835 1000 sit
858 978 966 1008 creata,

178 1016 226 1038 aut
253 1020 286 1040 ex
305 1022 469 1050 quocunque
496 1016 624 1044 acciderit
645 1023 760 1051 eventu,
791 1023 819 1046 ει
845 1019 966 1047 dicitur:

180 1058 258 1089 Quod
270 1059 293 1085 si
303 1060 383 1086 etiam
398 1065 512 1095 quatuor
524 1062 637 1089 ultiones
647 1071 717 1090 mea:
729 1071 823 1091 mtsero
834 1065 860 1091 in
869 1070 967 1092 terram

177 1105 359 1138 peccatricem,
373 1105 472 1140 fuerint
484 1113 571 1134 autent
586 1108 632 1136 isti
646 1114 699 1135 tre:
713 1110 774 1142 uiri,
790 1109 857 1142 Noe,
871 1111 968 1139 Daniel

177 1148 267 1177 dlcb
285 1151 313 1177 in
335 1156 405 1178 terra
420 1154 574 1187 peccatrice,
599 1155 650 1188 ipsi
672 1155 723 1182 soli
744 1157 811 1182 salvi
831 1161 917 1184 erunt.
938 1157 966 1185 In

177 1197 391 1225 comminatione
403 1198 503 1233 prima,
517 1199 544 1226 in
560 1208 612 1236 qua
629 1208 737 1235 pronam
754 1201 833 1229 famis
847 1211 862 1230 a
878 1205 967 1239 poenis

177 1241 283 1270 ueteris
296 1243 413 1277 aperuit,
430 1244 549 1271 ﬁliorum
565 1249 591 1272 et
607 1245 723 1273 ﬁliarum
739 1248 849 1274 nomina
871 1250 966 1278 tacuit.

179 1285 208 1312 lu
222 1294 254 1313 eo
269 1294 333 1315 vero
348 1296 475 1317 sermone
495 1290 521 1317 in
544 1298 599 1324 quo
619 1291 720 1319 bestias
741 1292 827 1321 malas
847 1295 967 1323 minatus

178 1336 219 1358 est
233 1336 322 1364 terrae,
336 1333 374 1360 ait
386 1343 393 1361 :
406 1333 437 1361 Si
452 1335 503 1369 ﬁlii
516 1340 540 1362 et
556 1336 620 1371 ﬁlia.-
633 1346 723 1364 eorum
743 1339 810 1365 salui
832 1340 905 1374 ﬁent,
922 1341 968 1368 5rd

178 1377 228 1410 ipsi
243 1379 294 1406 soli
305 1380 488 1414 solvebantur,
506 1386 577 1409 terra
592 1388 690 1411 autent.
701 1383 734 1411 Et
748 1392 810 1412 cum
826 1386 966 1420 paululum

180 1425 331 1454 reticuisset
344 1428 463 1462 adjecit:
482 1428 517 1456 Et
539 1430 590 1456 erit
610 1430 637 1457 in
659 1431 781 1459 introitu.
805 1430 923 1460 Rursum
941 1434 966 1461 in

178 1472 390 1502 ctnnmlnatione
404 1475 485 1509 gladii
499 1484 506 1503 :
523 1475 584 1503 Non
601 1477 759 1511 liberabant,
776 1478 823 1511 ait,
836 1479 907 1513 ﬁlios
921 1485 967 1506 aut
981 1488 1002 1517 ο

178 1517 261 1552 ﬁlias.
281 1518 314 1546 Et
329 1520 356 1547 in
372 1525 459 1548 morte
474 1521 599 1550 similiter
613 1528 655 1550 est
670 1523 776 1552 locutus
790 1533 797 1552 :
813 1524 873 1552 Non
895 1526 970 1553 dere-

179 1565 330 1600 linquenmr
341 1566 394 1600 ﬁlii
411 1572 458 1593 aut
479 1568 544 1601 ﬁlia:
561 1577 660 1602 eorum,
676 1569 722 1597 sed
734 1571 783 1606 ipsi
796 1572 847 1598 soli
861 1571 928 1605 Noe,
943 1578 969 1600 ct

180 1609 286 1642 Daniel,
302 1617 326 1638 et
337 1611 388 1638 Job
400 1612 548 1640 Iiberabunt
565 1616 669 1642 animus
684 1624 758 1644 suas.
774 1617 871 1652 Ingens
888 1618 969 1653 igitur

181 1655 259 1683 uoltis
274 1664 339 1684 cura
357 1658 535 1692 expositionis
559 1659 702 1695 incumbit,
719 1666 746 1690 et
763 1662 798 1690 ob
813 1663 838 1690 id
854 1663 969 1698 diligen-

180 1705 221 1728 ter
240 1701 371 1730 debemus
387 1705 536 1736 attendere.
552 1711 578 1733 et
594 1707 771 1736 obsecramus
786 1709 924 1737 auditores
941 1714 970 1737 ut

180 1747 258 1781 quasi
280 1748 314 1775 ad
338 1748 447 1784 aliquod
471 1751 573 1785 grande
596 1753 779 1787 spectaculum
800 1755 969 1783 conﬂuentes

181 1792 278 1821 faciem
305 1795 405 1823 mentis
428 1795 586 1830 intendant.
608 1806 643 1826 ne
666 1800 819 1828 obscuritas
840 1801 969 1830 relaxatis

180 1839 306 1868 sensibus
320 1841 453 1870 clahatur.
470 1841 529 1870 Non
542 1844 610 1871 dixit
631 1845 658 1872 in
674 1846 810 1880 praesenti,
828 1847 851 1875 si
870 1855 969 1883 pecca-

178 1885 268 1913 verint
288 1885 407 1916 civitatis
427 1895 474 1916 aut
495 1890 547 1917 ioci
573 1890 689 1926 alicujus
710 1892 850 1928 agricolae,
876 1893 922 1920 sed
947 1893 970 1921 si

179 1935 252 1957 terra
263 1933 424 1965 peccaverit.
435 1933 466 1961 Et
474 1934 531 1963 scio
539 1936 602 1970 quia
609 1937 759 1971 simplicior
769 1937 898 1972 quisque,
906 1946 968 1965 cum

179 1976 296 2004 audierit
319 1977 342 2004 si
368 1983 438 2005 terra
464 1981 626 2014 peccaverit,
651 1982 742 2009 statim
767 1982 801 2010 ad
824 1983 969 2018 proclivem

180 2020 512 2058 feraturintelligentiam,
534 2030 563 2052 ut
584 2030 684 2053 terram
705 2027 778 2054 dicat
800 2028 969 2056 nominatam

180 2074 230 2101 pro
245 2067 288 2095 his
312 2069 360 2103 qui
383 2073 527 2097 m0rautur
551 2071 577 2098 in
605 2076 690 2108 terra,
709 2080 804 2100 verum
831 2075 971 2108 sequentia

181 2111 331 2147 Scriptura:
348 2114 427 2142 istam
439 2116 531 2142 statim
546 2117 666 2145 eximent
678 2118 886 2152 expositionem.
901 2120 968 2148 Cum

180 2157 253 2184 enim
269 2160 421 2193 peccaverit
437 2164 518 2194 terra,
535 2166 562 2188 et
583 2162 609 2188 in
631 2170 680 2189 sua
697 2167 806 2198 peccata
824 2165 969 2198 corruerit,

180 2203 340 2231 extenditur
354 2212 452 2233 manus
468 2213 520 2233 non
538 2214 620 2240 super
632 2207 785 2236 habitantes
798 2213 908 2243 terram,
922 2211 969 2238 sed

181 2255 262 2283 super
275 2249 360 2284 ipsam
375 2255 486 2285 terram,
502 2256 529 2279 et
553 2253 639 2288 prima
660 2255 831 2290 corrc-ptione
849 2257 969 2284 conteri-

181 2299 236 2324 tur.
253 2299 282 2322 ut
298 2295 439 2323 auferatur
454 2296 488 2324 ab
502 2304 533 2324 ea
551 2297 751 2326 firmamentum
777 2301 855 2335 panis
874 2302 971 2329 videli-

180 2344 225 2366 cet
237 2348 244 2366 :
258 2341 337 2375 quasi
352 2349 432 2376 paena
452 2342 486 2369 sit
500 2347 578 2370 terra:
597 2344 618 2370 si
636 2344 724 2373 fames
744 2345 770 2372 in
787 2353 819 2373 ea
837 2346 969 2382 obtineat,

182 2391 212 2413 ut
228 2386 320 2422 fruges
333 2388 429 2415 semini
446 2389 622 2424 dencgentur.
645 2390 712 2417 Nam
730 2393 868 2426 quomodo
891 2394 972 2422 homo

181 2437 309 2467 peccator
329 2434 388 2462 sine
402 2435 478 2470 prole
493 2439 520 2463 et
540 2437 640 2464 sterilis
656 2437 728 2464 inter
742 2438 901 2468 maledictos
921 2449 963 2475 pu~

183 2481 268 2513 nitur,
280 2480 358 2515 juxta
376 2481 404 2509 id
417 2483 488 2517 quod
505 2483 531 2510 in
549 2483 668 2518 quodam
685 2484 745 2511 loco
764 2485 895 2520 scriptum
920 2493 970 2520 est,

182 2533 215 2553 cx
239 2527 385 2556 contrariis
409 2529 481 2556 enim
507 2529 644 2556 contraria
666 2529 871 2564 intelliguntur:
889 2536 916 2559 et
939 2533 973 2560 de

181 2573 258 2607 justo
273 2574 372 2601 dicitur
383 2574 405 2591 ’τ
420 2584 426 2601 ;
441 2574 502 2601 Non
516 2574 564 2600 erit
589 2575 646 2600 sine
665 2575 748 2608 prole,
771 2583 851 2611 neque
873 2577 972 2604 sterilis

182 2618 211 2645 in
235 2619 323 2651 vobis;
346 2624 374 2646 et
393 2623 549 2654 peccatores
569 2617 628 2645 sine
650 2619 742 2647 liberis
763 2623 790 2646 ct
816 2621 973 2654 posteritate

184 2663 226 2690 sui
240 2669 340 2691 mterna
358 2663 527 2691 infertilitatc
540 2663 714 2694 damnantur,
730 2667 759 2690 ut
772 2663 798 2690 in
813 2665 894 2692 domo
909 2665 973 2693 Abi-

220 2733 243 2749 ¹³
259 2732 355 2760 Elech.
370 2741 424 2766 xlv,
441 2732 482 2759 15.
523 2732 546 2748 ’⁸
562 2732 639 2765 ibid.,
656 2732 700 2759 Η.

185 2769 205 2784 "
222 2769 272 2795 lsa.
293 2776 365 2799 t.xvt.
388 2768 415 2794 2.
455 2767 541 2795 “Isa.
565 2775 637 2798 xxtv.
664 2767 690 2793 5.

186 2804 230 2838 29,
245 2804 289 2830 δι).
329 2803 348 2818 ³⁷
365 2803 462 2838 Ephcs.
481 2804 554 2836 1,91.
595 2803 617 2818 ³⁵⁸
632 2802 729 2837 liphcs.
755 2811 782 2832 ιι.
808 2803 834 2830 2.

740 2733 761 2748 "’
779 2732 863 2760 Exod.
879 2741 956 2766 xxtn,
977 2735 1021 2761 26.
1061 2734 1083 2750 ‘-"‘
1095 2733 1163 2761 Gen.
1186 2740 1231 2760 xx.

730 2767 849 2794 “Lm-it.
874 2777 946 2800 nvt,
971 2770 1013 2796 4’5.

1018 179 1125 205 vulvam
1146 182 1257 213 propter
1276 181 1418 212 peccaturo
1441 175 1514 211 quod
1537 176 1563 203 in
1587 174 1665 202 Isaac
1682 174 1808 202 coturnis-

1018 232 1079 252 sum
1097 229 1138 251 est
1155 223 1199 250 ἐς
1219 223 1304 255 sicrt
1323 227 1395 250 terra
1422 220 1630 257 quodammodo
1654 220 1717 246 sine
1737 220 1810 253 protr.

1017 274 1045 297 et
1064 269 1166 296 sterilis
1186 269 1360 303 relinquitur,
1377 267 1450 295 fame
1472 266 1555 294 missa
1578 266 1605 293 in
1629 272 1705 292 eam.
1730 263 1811 293 Putas

1018 324 1112 343 verum
1128 320 1178 346 est.
1195 315 1247 342 hoc
1261 314 1334 350 quod
1349 321 1474 341 asserere
1488 320 1583 340 sermo
1596 311 1737 346 praeludit.
1758 319 1811 338 non

1017 362 1051 389 de
1073 361 1271 389 habitatoribus
1287 366 1377 393 terrae,
1393 359 1440 387 sed
1466 359 1499 386 de
1519 360 1576 393 ipsa
1598 362 1672 385 terra
1694 356 1812 384 dicitur?

1019 407 1133 436 Possum
1147 408 1284 443 paulisper
1307 407 1341 434 ad
1362 406 1457 433 altiora
1479 405 1666 433 conscendens
1689 403 1810 438 Scriptu-

1018 462 1110 481 rarum
1136 453 1300 481 testimoniis
1325 452 1491 488 approbare,
1516 450 1657 486 quomodo
1684 454 1810 484 peccator

1019 500 1214 529 terradicatnr.
1226 498 1331 526 Dicitur
1338 497 1410 525 etiim
1421 497 1456 524 ad
1467 496 1554 524 Adam
1568 497 1609 523 ":
1622 494 1706 523 Terra
1712 503 1740 522 es
1749 499 1774 521 et
1786 494 1810 520 in

1020 552 1117 573 terrain
1136 545 1197 573 ibis.
1214 544 1364 572 Possumus
1381 543 1472 571 dicere.
1493 542 1557 577 quia
1578 547 1607 569 et
1630 549 1706 568 nunc
1725 540 1807 567 delin-

1018 601 1105 628 quens
1122 596 1195 619 terra
1209 595 1334 626 peccator
1349 590 1394 617 sit.
1409 589 1462 617 Sed
1476 587 1632 616 econtrario
1648 587 1810 614 latissimam

1020 639 1167 674 Scriptura:
1181 638 1278 665 silvam
1293 643 1438 670 recensens
1457 638 1582 662 coarctor
1605 633 1638 660 ad
1666 633 1809 667 suspican-

1016 686 1095 717 dum,
1109 685 1173 720 quia
1188 684 1315 712 animalis
1333 683 1368 710 sit
1385 687 1457 709 terra
1479 682 1528 709 ista
1551 688 1635 716 quam
1659 679 1808 706 cernimus.

1020 731 1049 758 Si
1065 731 1138 758 enim
1152 731 1204 758 hoc
1214 731 1286 765 quod
1301 729 1433 764 scriptum
1446 734 1489 756 est
1501 729 1523 744 ³⁰
1538 738 1544 755 :
1558 727 1612 760 Qui
1623 727 1722 761 aspicit
1736 734 1811 760 super

1021 784 1118 805 terram
1133 782 1157 804 et
1172 777 1238 812 facit
1255 784 1313 803 eam
1327 781 1445 806 tremere,
1458 774 1535 808 juxta
1551 774 1576 801 id
1591 773 1665 808 quod
1679 773 1810 807 scriptum

1018 829 1059 852 est
1077 825 1203 851 volumus
1219 823 1351 858 accipere,
1367 821 1542 856 intelligimus
1556 819 1590 847 ad
1608 825 1751 854 aspectum
1766 817 1810 844 ῡυι

1019 875 1097 896 terra:
1113 874 1203 895 motus
1216 867 1358 900 concitari,
1375 875 1428 894 non
1439 874 1509 901 quos
1522 865 1607 893 Judaei
1623 865 1811 899 suspicantur.

1018 915 1085 943 Nam
1113 916 1151 942 illi
1174 920 1301 942 asserunt
1325 918 1469 941 tremorem
1495 917 1574 938 terra:
1597 911 1810 939 commotionem

1018 963 1078 997 ejus
1092 969 1172 989 esse:
1188 962 1260 996 quod
1276 962 1354 995 longe
1374 969 1389 987 a
1416 959 1528 986 veritate
1548 958 1688 985 diversum
1705 961 1757 984 est.
1781 955 1813 982 Et

1019 1017 1068 1035 nos
1081 1009 1181 1043 quippe
1207 1007 1316 1034 solliciti
1345 1012 1372 1033 et
1396 1010 1543 1033 trementes
1568 1009 1678 1038 propter
1702 1007 1812 1039 peccata

1020 1060 1111 1081 nostra
1138 1055 1164 1081 lll
1187 1058 1258 1081 terra
1284 1060 1390 1086 sumus,
1411 1060 1460 1079 nec
1485 1057 1574 1079 tamen
1596 1057 1700 1079 tremor
1721 1054 1814 1076 ιιοειρι-

1019 1109 1120 1135 corpus
1135 1100 1258 1127 concutit
1273 1099 1306 1126 ad
1329 1098 1499 1126 tremendum
1517 1107 1525 1125 ε
1548 1097 1629 1125 sicuti
1653 1100 1681 1123 et
1710 1096 1738 1122 in
1760 1095 1814 1122 alio

1019 1147 1081 1174 loco
1093 1146 1193 1174 dicitur
1205 1146 1225 1161 "
1241 1154 1248 1172 :
1262 1144 1347 1180 Super
1359 1153 1435 1179 quem
1450 1144 1601 1179 respiciant,
1615 1143 1654 1170 uit
1669 1141 1813 1170 Dominus.

1019 1194 1071 1220 nisi
1078 1200 1155 1228 super
1164 1191 1299 1224 lamnilcm,
1312 1196 1336 1218 et
1347 1191 1475 1226 quietum,
1483 1195 1508 1217 et
1521 1194 1672 1216 trementem
1680 1195 1812 1215 sermones

1019 1239 1109 1266 meos?
1125 1238 1163 1266 Ex
1178 1245 1234 1273 quo
1249 1236 1425 1264 mnifestum
1443 1239 1485 1263 est
1503 1239 1645 1262 mansuete
1659 1238 1687 1261 et
1702 1233 1812 1261 humili-

1019 1290 1061 1314 ter
1076 1286 1132 1313 Deo
1147 1283 1308 1312 servientem
1327 1283 1359 1310 ad
1378 1289 1518 1310 sermones
1536 1281 1596 1316 ejus
1612 1283 1705 1307 mente
1722 1279 1814 1314 pullus

1020 1337 1135 1360 tremere
1152 1338 1234 1365 quam
1252 1336 1376 1362 corpore.
1404 1326 1435 1354 Et
1459 1327 1516 1353 hare
1537 1326 1648 1360 quidem
1672 1325 1700 1350 in
1722 1323 1815 1350 medio

1020 1377 1091 1404 dicta
1106 1381 1170 1403 sunt
1182 1374 1366 1402 satisfactione
1381 1372 1441 1407 ejus
1462 1371 1609 1399 testimonii
1625 1369 1700 1405 quod
1717 1369 1813 1396 intuli—

1020 1431 1080 1451 mus
1091 1443 1098 1450 .
1110 1423 1163 1455 Qui
1177 1421 1271 1456 aspicit
1283 1424 1381 1446 terram
1393 1423 1416 1446 et
1428 1418 1494 1453 facit
1508 1425 1566 1444 eam
1584 1422 1703 1443 tremere.
1713 1415 1814 1449 Accipe

1022 1473 1111 1496 autem
1126 1468 1178 1494 alia
1193 1466 1264 1494 dicta
1279 1465 1312 1492 de
1325 1469 1396 1492 terra
1407 1464 1429 1480 ³¹
1443 1473 1450 1490 :
1469 1463 1622 1498 Oﬂ'atditur
1639 1466 1715 1488 terra
1722 1461 1754 1486 ab
1773 1461 1815 1486 hs

1019 1515 1064 1550 qui
1088 1513 1204 1541 insident
1229 1513 1257 1539 in
1281 1521 1322 1540 ea.
1348 1510 1491 1544 Quomodo
1513 1507 1660 1536 oil'enditur
1680 1511 1765 1539 terra,
1788 1512 1815 1532 et

1019 1560 1130 1596 quando
1154 1564 1296 1586 aversatur
1317 1558 1352 1586 ab
1376 1557 1419 1584 his
1437 1556 1483 1591 qui
1500 1555 1526 1582 iu
1545 1562 1575 1582 se
1588 1552 1818 1581 commorantur!

1020 1607 1135 1641 Quando
1154 1606 1254 1633 fuerint
1272 1602 1544 1640 peccatores.Accipe
1555 1601 1628 1628 aliud
1644 1599 1814 1634 exemplum.

1020 1654 1196 1688 Complacebit
1208 1652 1259 1679 tibi
1273 1656 1344 1678 terra
1360 1650 1388 1676 in
1403 1648 1521 1676 sabbatis
1529 1648 1586 1674 suis
1597 1647 1630 1673 ³³.
1652 1645 1817 1673 Εοοιιιηινιυ

1021 1700 1092 1728 enim
1108 1699 1233 1733 quantam
1249 1702 1329 1724 terra:
1351 1694 1464 1722 sabbata
1482 1696 1686 1727 nuncupantur,
1705 1692 1731 1718 in
1749 1690 1814 1725 qui-

1020 1746 1071 1773 bus
1092 1745 1144 1773 sibi
1168 1744 1339 1778 complaccat
1358 1745 1385 1768 et
1409 1741 1523 1768 laetetur.
1548 1738 1670 1766 Necdum
1691 1737 1755 1764 dico
1768 1737 1816 1762 "z

1020 1791 1142 1824 Attende,
1161 1791 1264 1821 caelum,
1279 1794 1303 1816 et
1318 1788 1424 1822 loquar,
1440 1791 1463 1813 et
1477 1785 1570 1812 audiat
1586 1789 1658 1811 terra
1672 1786 1749 1810 verba
1761 1782 1818 1809 oris

1020 1839 1088 1871 mei;
1104 1845 1192 1873 neque
1211 1836 1284 1863 aliud
1297 1835 1319 1851 "
1337 1847 1342 1863 :
1360 1834 1441 1866 Audi,
1458 1833 1568 1864 caelum,
1583 1835 1607 1858 et
1626 1829 1738 1856 auribus
1755 1837 1816 1864 per-

1021 1886 1087 1920 cipe,
1101 1889 1186 1916 terra;
1201 1882 1246 1910 sed
1265 1889 1314 1909 nec
1331 1880 1455 1908 Jeremiaa
1469 1878 1638 1914 prophetiam
1657 1877 1702 1903 "z
1722 1875 1816 1906 Terra,

1022 1937 1102 1963 terra,
1119 1930 1183 1957 audi
1195 1928 1299 1956 verbum
1316 1926 1431 1957 Domini,
1448 1924 1532 1952 scribe
1547 1925 1631 1952 uirum
1644 1923 1727 1949 istum
1739 1922 1818 1948 abdi-

1021 1983 1123 2005 catum.
1140 1975 1222 2002 Multa
1237 1982 1287 2001 nos
1311 1973 1396 2000 latent
1413 1976 1524 2007 propter
1543 1973 1734 2005 paupertatem
1757 1975 1818 1995 mc-

1021 2023 1125 2054 morize,
1142 2025 1251 2056 propter
1272 2016 1371 2054 ingenii
1391 2016 1555 2044 tarditatem.
1570 2013 1654 2041 Multa
1675 2018 1740 2041 sunt
1755 2021 1819 2049 quae

1022 2068 1143 2098 condidit
1167 2066 1239 2094 Deus
1262 2063 1446 2095 rationabilia,
1467 2066 1495 2089 et
1517 2066 1581 2089 sunt
1603 2060 1737 2095 capacia,
1763 2068 1818 2087 non

1022 2115 1110 2143 solum
1129 2112 1297 2150 principatus
1321 2115 1348 2138 ct
1371 2113 1530 2145 potestates,
1554 2110 1582 2134 ct
1601 2111 1723 2134 rectores
1742 2111 1818 2134 tene-

985 2159 1009 2186 ἰ)
1024 2163 1133 2189 brat-um
1151 2159 1277 2189 istarum,
1294 2164 1389 2184 verum
1408 2155 1488 2183 etiam
1507 2159 1534 2182 et
1556 2154 1584 2181 in
1605 2153 1720 2180 meliore
1741 2156 1818 2187 parte

1024 2209 1151 2240 thronos,
1176 2203 1386 2235 dominationes,
1412 2206 1440 2228 ct
1465 2207 1562 2228 cmtera
1587 2207 1648 2234 quas
1671 2199 1699 2225 in
1723 2203 1818 2226 nostro

1024 2255 1161 2282 intellectu
1189 2251 1336 2287 Apostolus
1361 2249 1469 2283 rc-liquit
1491 2247 1584 2274 dicens
1602 2247 1623 2261 ³⁷
1645 2255 1652 2272 :
1678 2244 1713 2272 Et
1741 2252 1819 2279 super

1023 2308 1098 2327 omne
1120 2307 1210 2325 nomen
1233 2296 1301 2332 quod
1323 2295 1475 2322 nominatur
1494 2300 1545 2319 non
1565 2291 1651 2318 solum
1672 2290 1701 2316 in
1719 2288 1818 2316 seculo

1023 2346 1084 2377 isto,
1109 2350 1197 2371 verum
1222 2347 1246 2368 et
1268 2341 1297 2368 in
1321 2340 1421 2374 futuro.
1439 2338 1492 2365 Acr
1516 2343 1626 2372 quoque
1648 2335 1819 2362 animalibus

1025 2391 1120 2425 plenus
1133 2391 1184 2420 est,
1196 2386 1345 2415 secundum
1359 2384 1481 2419 ejusdem
1494 2382 1614 2417 Apostoli
1628 2381 1819 2408 testimonium

1026 2435 1197 2470 pnedicantis
1209 2433 1250 2460 ’δι
1273 2432 1307 2459 lu
1320 2430 1414 2466 quibus
1434 2428 1578 2464 aliquando
1597 2427 1758 2454 ambulastis
1776 2435 1817 2452 εε-

1024 2482 1138 2510 cund‘um
1152 2480 1278 2509 saeculum
1294 2477 1384 2505 mundi
1400 2477 1489 2512 hujus,
1508 2474 1651 2503 secundum
1670 2474 1819 2508 principem

1024 2527 1161 2563 potestatis
1185 2531 1209 2552 et
1235 2525 1303 2552 aeris
1328 2524 1456 2558 spiritus,
1483 2522 1527 2556 qui
1548 2529 1616 2548 nunc
1642 2525 1770 2553 operatur
1792 2519 1820 2544 in

1026 2574 1091 2608 ﬁliis
1103 2571 1264 2606 dtﬁidentiw.
1281 2569 1328 2597 Est
1345 2577 1410 2603 ergo
1424 2574 1506 2601 terra,
1521 2573 1549 2595 et
1567 2567 1695 2593 universa
1712 2565 1820 2592 anima-

1027 2619 1073 2651 lia,
1098 2623 1125 2645 et
1148 2625 1194 2652 per
1219 2621 1309 2651 partes
1332 2614 1491 2642 animalium
1518 2612 1674 2640 varietates.
1702 2611 1820 2645 Quando

1027 2666 1098 2693 enim
1117 2663 1261 2691 oll‘cnditur
1276 2667 1356 2694 terra,
1371 2668 1398 2688 ct
1420 2668 1528 2688 rursum
1553 2659 1706 2694 cumplacet
1718 2658 1769 2685 sibi
1791 2657 1819 2684 in

1269 2731 1291 2748 ¹⁰
1308 2731 1376 2758 Gen.
1400 2738 1440 2763 ιιι,
1470 2730 1512 2757 l9.
1550 2729 1572 2744 ³⁰
1587 2728 1660 2763 Psal.
1681 2736 1740 2760 cru,
1771 2728 1816 2754 5-3.

1054 2769 1164 2795 “Deut.
1193 2775 1276 2798 χχχιι,
1305 2767 1327 2793 ι.
1368 2765 1451 2793 "lsa.
1476 2765 1542 2798 1,2.
1583 2762 1718 2792 “lerunt.
1747 2771 1817 2795 xxii,
