1882 3052
86 92 134 121 ουτ

86 147 200 177 sabbatis
223 148 292 178 suis.
320 155 373 174 non
401 147 492 174 omnis
513 147 669 179 olenditur,
694 154 747 173 nou
775 147 865 173 omnis
879 151 901 178 Α

86 196 205 224 exsultat.
218 194 300 230 37o
317 193 524 227 Quodammodo
535 193 608 221 enim
624 193 731 220 erudita
747 198 789 220 est
802 200 864 219 cum

87 239 279 268 habitatoribus
290 239 359 273 suis,
371 244 398 267 et
410 239 505 267 didicit
517 238 631 266 sabbata
643 239 701 266 sire
716 239 743 266 in
756 239 863 270 umbra,

87 285 140 312 sive
151 285 176 312 in
195 285 309 312 veritate
319 284 397 319 juxta
414 289 517 312 natura:
530 292 586 311 suae
599 291 678 320 agere
695 285 863 319 qualitatem.

89 329 158 358 Unde
180 330 327 358 sacratiore
349 331 466 365 quadam
484 330 658 365 intelligentia
683 330 865 357 sabbatismus

88 380 219 403 exercetur
241 381 303 410 post
322 380 424 410 septem
448 383 536 403 annos
557 380 635 402 terra:
658 380 759 403 sancta:
780 376 865 402 ᾱοιιιιε

88 421 243 455 complaceat
258 421 313 449 Deo
327 421 354 448 in
373 429 405 448 ea
423 421 554 448 habitare.
576 421 605 447 Si
624 428 688 448 vero
710 425 865 455 peccatores

90 467 112 493 in
128 475 157 494 ea
174 467 284 498 fuerint.
298 467 353 502 jam
371 475 424 494 non
443 467 511 494 ultra
534 475 580 501 per
597 467 762 501 septimanas
780 473 865 493 anno-

88 518 153 543 rum,
166 511 211 538 sed
227 519 275 546 per
287 512 457 547 septuaginta
473 517 543 539 terra
559 511 702 539 sabbatum
717 512 795 546 gerit.
811 511 865 538 Ha-

88 555 174 582 bemus
188 563 340 582 sermonem
363 555 396 582 de
419 555 587 590 septuaginta
610 555 699 587 annis,
715 560 768 581 tam
790 554 861 588 apud

87 599 220 627 leremiam
233 601 267 633 ³³,
281 609 362 636 quinm
378 602 449 636 apud
464 601 600 628 Danielem
615 601 637 617 ‘°
654 600 754 628 sanctis
769 600 864 626 litteris

88 646 285 681 consignatum;
303 650 330 673 et
344 645 466 673 futurum
492 650 533 674 est
552 647 620 673 utin
637 646 681 673 die
694 646 789 680 judicii
809 654 863 672 non

88 692 166 718 solum
183 692 275 723 homo,
290 692 337 719 sed
350 693 431 719 etiam
446 692 571 719 universa
585 692 704 719 conditio
715 692 862 726 judicelur.

89 736 172 763 Omnis
193 737 293 772 quippe
316 743 438 764 creatura
463 738 630 772 congeniiscit
652 742 676 765 et
699 737 817 764 condo/et
831 737 862 763 δ’.

88 783 112 810 Si
125 784 209 810 omnis
224 788 348 810 ercatura
360 783 535 818 congemiscit
550 788 577 810 et
595 783 729 817 condolet,
749 788 791 810 est
812 791 863 810 au—

88 833 134 855 tem
148 833 332 856 creaturarum
352 836 415 864 pars
435 834 505 856 terra
528 833 555 856 et
581 829 691 860 ctelum,
716 833 745 856 et.
765 833 860 856 caetera

86 881 190 908 qumque
202 881 263 907 quae
277 874 329 900 sub
346 874 415 901 caelo
428 878 502 905 sunt,
516 878 544 900 et
556 881 617 908 quae
631 881 712 908 super
727 874 820 906 caelos,
834 879 862 902 et

88 916 231 943 liberabitur
244 917 329 944 omnis
341 922 464 944 creatura
478 926 494 944 α
509 919 633 944 servitute
647 919 822 952 corruptionis
835 919 862 945 in

87 963 222 988 libertatem
250 962 344 996 glurite
368 963 485 997 ﬁliorum
511 963 561 990 Dei
585 963 617 996 ",
638 963 683 998 qui
709 963 761 990 scit
782 969 809 991 ct
829 963 864 991 de

87 1011 159 1038 trrra,
175 1015 208 1034 an
231 1008 382 1034 secundum
401 1013 525 1035 naturam
546 1016 623 1036 suam
644 1008 670 1035 in
693 1009 784 1043 aliquo
799 1017 863 1044 pec-

86 1068 140 1090 cato
154 1068 276 1091 teneatur
293 1064 428 1091 obnoxia?
447 1064 475 1092 Si
495 1065 567 1092 enitn
585 1065 685 1092 animal
704 1070 755 1098 est,
779 1065 801 1093 si
819 1074 862 1093 ra-

87 1109 212 1137 tionabilis
236 1114 298 1142 est,
320 1110 343 1137 si
367 1110 467 1145 indiget
490 1110 629 1138 auditione
646 1111 781 1138 sermonis
801 1119 862 1145 pro-

88 1156 174 1189 phetici
196 1157 312 1185 dicentis
329 1156 353 1173 "
366 1165 373 1183 :
387 1156 508 1189 Attende,
532 1156 636 1188 cretum,
662 1161 686 1183 et
712 1156 815 1192 loquar,
836 1161 861 1184 et

87 1201 169 1227 audiat
189 1206 258 1228 terra
281 1201 358 1229 verba
376 1202 429 1228 oris
447 1202 516 1234 mei;
539 1206 566 1229 et
584 1201 607 1217 ⁸³
624 1210 631 1228 :
650 1201 729 1234 Audi,
751 1202 859 1234 caelum,

86 1251 106 1272 et
119 1246 221 1274 auribus
234 1248 346 1282 percipe,
361 1252 447 1279 terra;
463 1254 513 1274 cur
530 1255 584 1274 non
603 1246 725 1274 dicamus
742 1252 771 1274 ut.
793 1249 863 1274 inter

89 1293 200 1320 homines
223 1297 265 1321 est
289 1293 372 1320 homo
396 1293 510 1320 audiens
533 1298 560 1320 et
578 1293 680 1320 faciens
696 1294 777 1321 verba
802 1301 863 1328 qua:

85 1337 169 1371 jussus
183 1344 223 1366 est
239 1339 339 1369 facere.
354 1345 380 1366 et
393 1340 462 1367 alius
483 1343 523 1366 est
544 1339 591 1374 qui
612 1340 678 1373 odit,
693 1344 718 1366 et
741 1347 794 1367 non
810 1340 862 1366 iiii-

87 1384 133 1417 plet
142 1385 210 1418 quod
223 1385 390 1420 prmcipitur,
406 1385 478 1412 sicut
491 1391 517 1413 et
531 1386 642 1420 angelus
654 1386 862 1420 praevaricator?

86 1429 187 1463 Angelos
207 1430 280 1459 enim
305 1438 356 1457 non
375 1431 547 1457 custodientes
574 1431 749 1465 principatum
772 1439 860 1464 suain,

86 1474 125 1499 sed
135 1475 278 1502 deserentes
296 1477 432 1510 proprium
446 1475 627 1503 habitaculum
646 1484 723 1502 suum
742 1477 770 1503 in
781 1476 860 1511 judi-
874 1483 895 1512 (ι

87 1521 121 1546 cio
136 1529 232 1556 magna
243 1522 296 1549 diei
311 1522 421 1549 vinculis
436 1523 599 1554 sentiiiternt'a
614 1522 660 1550 sub
677 1522 789 1549 tenebrir
803 1530 860 1549 ser-

87 1566 189 1593 vabit".
207 1567 324 1600 Quando
337 1576 402 1603 ergo
422 1568 508 1603 angeli
530 1569 752 1603 pravaricantur,
773 1573 800 1595 et
815 1569 860 1595 alii

87 1617 142 1639 sunt
155 1614 199 1648 qui
216 1613 262 1642 Dei
278 1618 411 1649 praecepta
427 1615 593 1648 custodiunt,
608 1619 634 1642 ct
644 1615 777 1649 judicium
791 1623 860 1650 prae-

87 1658 217 1692 stolamur,
241 1668 297 1688 non
314 1661 402 1688 solum
420 1660 573 1693 hominum,
591 1669 685 1688 verum
705 1661 787 1689 etiam
803 1662 861 1695 Dei,

88 1710 113 1732 ut
130 1706 279 1741 frequenter
300 1706 420 1734 diximus
442 1711 496 1734 tam
511 1706 546 1734 de
569 1706 612 1734 his
627 1714 688 1741 quae
708 1707 735 1734 in
756 1706 863 1741 Apoca-

88 1751 146 1785 lypsi
165 1753 321 1787 conscripta
353 1757 426 1785 sunt,
441 1760 523 1787 quam
537 1757 564 1780 et
577 1760 610 1780 ex
626 1752 685 1780 aliis
705 1753 862 1780 innumera-

87 1796 188 1830 bilibus,
209 1805 306 1832 quare,
328 1797 451 1832 inquam,
469 1805 522 1824 non
549 1802 627 1824 terra:
649 1802 676 1824 et
699 1798 770 1825 aeris
790 1797 862 1832 judi-

87 1843 148 1869 cium
162 1844 194 1871 sit
205 1844 349 1871 futurum?
364 1842 391 1870 Si
410 1848 498 1870 autem
515 1851 568 1870 non
583 1848 662 1878 putas
684 1843 748 1871 huic
767 1844 860 1878 dispu-

87 1888 170 1916 tationi
185 1889 410 1917 consentiendum
426 1897 474 1923 per
487 1897 569 1924 quam
588 1889 737 1917 asscrimus
751 1897 860 1916 omnem

86 1940 224 1962 creaturam
243 1935 431 1968 judicandam,
452 1935 515 1961 audi
535 1938 561 1961 et
580 1934 652 1961 aliud
675 1935 860 1962 testimonium

87 1979 115 2006 de
127 1984 202 2008 terra.
218 1980 369 2015 lutei-rogat
383 1979 454 2007 Deus
475 1980 553 2013 Cain,
572 1980 618 2015 qui
644 1980 773 2007 occiderit
796 1980 861 2007 Abel

87 2024 185 2054 lratrem
201 2036 280 2054 suum
298 2037 304 2054 τ
328 2032 353 2054 et
376 2032 435 2062 post
455 2027 553 2054 multos
577 2035 718 2054 sermones
739 2036 809 2061 quos
833 2027 860 2054 in

87 2069 171 2098 Genesi
188 2073 313 2108 legimus,
328 2073 361 2099 ad
373 2077 523 2099 extremum
540 2072 573 2100 de
588 2078 659 2099 terra
671 2073 737 2100 dicit
748 2073 788 2100 ’δε
803 2073 861 2100 Μα-

86 2116 170 2144 ιεάῐεια
182 2124 250 2145 terra
281 2127 340 2153 qum
361 2119 464 2153 aperuit
488 2127 517 2145 os
537 2127 612 2145 suum
629 2118 663 2144 ad
680 2119 859 2153 excipiendum

87 2164 224 2196 tatiguinem
249 2152 345 2198 fratris
370 2164 408 2190 tui
428 2163 459 2190 de
475 2172 554 2190 niauu
572 2170 627 2191 tua.
646 2163 702 2199 Ego
725 2152 774 2191 nec
796 2164 859 2191 illud
878 2152 898 2179 θ

88 2213 204 2241 ντῑιιιετεο
222 2210 261 2238 "z
278 2201 423 2237 Maledicta
450 2215 520 2236 terra
544 2211 571 2236 in
596 2210 715 2244 operibus
739 2210 810 2242 litis;
833 2215 860 2237 ct

88 2255 227 2282 ccontrario
239 2255 261 2281 si
279 2255 388 2289 quando
410 2255 587 2282 benedicitur.
606 2255 733 2291 Legimus
754 2261 781 2283 et
802 2264 859 2283 ma-

88 2297 197 2326 ledictam
215 2305 242 2328 et
263 2300 433 2328 benedictum
449 2300 494 2328 Dei
513 2301 626 2329 vocibus
650 2306 759 2329 terram.
780 2301 859 2329 Vides

87 2351 141 2378 ergo
160 2346 221 2380 quia
246 2347 345 2374 merito
372 2347 471 2373 dicitur
495 2347 517 2362 ⁸⁸
541 2357 548 2375 :
574 2347 748 2381 Congemiscit
773 2348 856 2374 omnis

87 2396 202 2418 (reatum.
229 2391 260 2420 Et
287 2397 317 2419 ut
344 2392 376 2419 ad
393 2392 546 2426 praecedens
560 2397 679 2419 revertar
691 2393 856 2427 exemplum,

87 2434 214 2467 offenditur
240 2443 313 2464 terra
334 2437 361 2463 in
384 2437 556 2464 insidentibus
577 2437 626 2464 sibi
643 2438 675 2465 δ’.
703 2437 771 2465 Ρυιο
793 2438 856 2472 quia

87 2485 146 2509 terra
160 2491 207 2510 nos
222 2488 251 2510 ut
261 2488 348 2510 mater
362 2483 510 2517 sustinens,
526 2489 551 2511 et
564 2483 668 2512 laetetur
683 2492 765 2519 super
777 2484 856 2512 bonis

86 2526 148 2558 ﬁliis.
160 2533 186 2555 et
200 2530 290 2557 doleat
307 2537 388 2564 super
404 2530 601 2564 peccatoribus.
619 2530 657 2557 lla
674 2531 772 2565 quippe
788 2533 855 2565 patri

87 2572 281 2608 liiiusinsipicns
291 2574 368 2602 dolor
378 2579 429 2607 est,
439 2575 498 2602 etei
517 2576 596 2602 matri
606 2583 667 2610 qua:
677 2577 771 2611 genuit
779 2585 852 2604 eum.

87 2614 112 2643 Et
124 2625 172 2646 non
181 2621 267 2648 solum
280 2621 417 2655 huiepatri
429 2621 551 2654 etmatri,
568 2623 601 2649 de
616 2629 733 2657 quorum
751 2623 856 2650 semine

85 2662 186 2696 orimur,
202 2666 248 2693 sed
270 2671 297 2693 ct
316 2666 354 2693 illi
378 2667 455 2694 matri
474 2673 536 2701 qua;
558 2674 620 2693 vere
641 2673 728 2694 mater
751 2673 854 2696 nostra.

113 2719 238 2758 "lenem.
259 2731 320 2750 xxv.
360 2724 381 2740 ⁵ο
397 2723 464 2751 ὓηιι.
480 2732 517 2751 Ix.
557 2723 577 2739 ”
596 2724 673 2752 Rom.
688 2734 745 2758 rm,

86 2752 108 2792 ᾖ
119 2755 160 2792 __"‘
172 2756 268 2784 Genes.
284 2766 320 2790 ιν,
339 2759 380 2785 ll.
421 2760 442 2775 ⁸⁷
457 2758 523 2786 ibid.
537 2767 578 2792 lll,
599 2760 638 2787 l7.

88 2786 202 2819 "Slattli.
225 2801 299 2825 uir,
315 2786 368 2820 '53.
405 2794 428 2809 "
443 2794 510 2821 Gen.
533 2786 578 2827 νι,’
595 2795 634 2822 ll.

761 2727 794 2744 Β)

672 2797 694 2812 ⁵³
706 2796 799 2825 Matth.
818 2805 874 2825 xiii.

778 89 918 118 llOMlLlA
939 90 982 119 ιν.

845 2726 867 2743 ⁸³
891 2727 946 2754 bid.
963 2728 1007 2754 2|.

678 2762 700 2777 ἰδ
713 2761 790 2789 llom.
804 2770 861 2793 νειμ,
875 2763 920 2790 2:2.

1649 88 1702 114 oss

916 146 1080 182 Aeccpitque
1094 146 1167 174 Deus
1184 147 1296 174 humttm
1309 147 1344 174 de
1362 151 1431 174 terra
1449 151 1475 174 et
1493 146 1638 182 phsmavit
1651 146 1701 172 ho»

916 194 1016 221 minem
1037 194 1072 222 °°.
1097 193 1180 228 igitur
1199 197 1272 221 terra
1296 197 1382 221 mater
1407 198 1501 220 nostra
1521 197 1573 225 est,
1596 193 1702 220 uelatur

915 239 1024 274 quando
1042 240 1147 274 justum
1176 239 1261 266 ﬁlium
1287 239 1414 267 sustinet.
1438 237 1592 265 Ltetabatur
1616 242 1700 270 terra,

915 285 1004 313 ferens
1024 285 1171 316 Abraham,
1193 284 1269 312 Isaac
1290 289 1317 312 et
1339 283 1432 312 Jaeob.
1454 283 1608 311 Lattabatur
1627 287 1702 310 terra

916 331 943 358 in
964 331 1080 358 adventu
1102 330 1209 357 Domini
1231 330 1314 358 nostri
1339 329 1401 357 Jesu
1416 330 1529 362 Christi,
1545 330 1654 364 dignam
1670 336 1702 357 se

916 385 1030 404 CPI‘IINIS
1046 376 1106 403 Filii
1120 376 1167 403 Dei
1192 380 1353 404 sustentata.
1377 375 1446 408 Quid
1468 383 1579 403 necesse
1598 380 1639 402 est
1658 375 1702 401 di-

915 431 976 449 cere
992 422 1024 449 de
1043 423 1173 457 apustolis
1187 427 1214 449 et
1230 422 1379 456 prophetis,
1393 429 1455 449 cum
1476 421 1510 449 de
1527 421 1633 448 Domini
1652 421 1701 449 ad-

915 475 995 496 ventu
1012 469 1141 503 scriptum
1152 469 1187 496 sit
1200 478 1206 495 :
1221 469 1312 496 Omnis
1322 474 1392 496 terra
1404 469 1501 496 clamat
1513 477 1571 495 cum
1585 468 1678 496 latitia
1688 468 1701 495 7

916 514 1086 542 (ἰοιιίίιυιιιιιι⁵
1110 519 1137 542 et
1162 515 1329 542 miserabiles
1351 513 1437 541 Judaei
1462 515 1519 542 haec
1541 513 1574 541 de
1597 514 1699 542 Christi

917 559 1057 593 praesentia
1076 559 1225 593 praedicari,
1242 559 1288 586 sed
1303 559 1386 586 stulte
1404 559 1529 594 ignorant
1544 566 1698 593 personam,

915 612 977 632 cum
995 605 1103 632 rideant
1120 605 1228 640 impleta
1242 612 1302 639 quae
1317 604 1391 632 dicta
1406 609 1479 631 sunt.
1497 603 1610 637 Quando
1626 604 1699 631 enim

915 654 985 677 terra
1002 650 1148 678 Britannia:
1163 655 1225 678 ante
1243 651 1386 678 adventum
1401 650 1502 677 Christi
1514 650 1540 676 in
1554 650 1635 677 unius
1651 649 1698 676 Dei

915 697 1054 723 consensit
1082 696 1259 730 religionem?
1284 695 1400 729 Quando
1423 701 1494 723 terra
1525 694 1700 722 Maurorum?

915 741 1029 774 Quando
1046 745 1118 768 totus
1133 742 1216 768 semel
1233 741 1324 768 orbis?
1343 739 1421 768 Nunc
1440 747 1504 768 vero
1522 744 1632 775 propter
1647 739 1698 768 Ec—

915 787 1022 819 clesias,
1046 794 1107 821 quae
1125 787 1218 814 mundi
1236 787 1335 815 limites
1356 792 1459 820 tenent,
1479 787 1603 815 universa
1627 791 1698 814 terra

914 838 976 861 cum
998 834 1089 861 laetitia
1111 833 1211 860 clamat
1233 832 1267 860 ad
1290 832 1434 860 Dominum
1453 832 1547 865 Israel,
1566 837 1594 861 et
1614 841 1698 867 capax

913 883 954 907 est
970 879 1102 906 bonorum
1117 879 1266 906 secundum
1280 878 1346 906 ﬁnes
1364 885 1439 906 suos.
1461 877 1616 913 Statuitque
1631 878 1700 905 lines

916 925 1035 960 gentium
1051 925 1129 959 juxta
1144 932 1289 952 numerum
1308 925 1423 951 liliornm
1439 924 1521 952 Israel
1533 924 1566 957 δι,
1580 928 1607 951 et
1627 923 1700 950 facta

915 976 957 999 est
973 979 1035 1005 pars
1053 970 1160 997 Domini
1175 970 1290 1004 populus
1305 969 1364 1004 ejus
1380 969 1475 1002 Jacob,
1495 969 1631 996 funiculus
1645 969 1700 996 ba:—

916 1018 1038 1045 rcditatis
1051 1018 1111 1052 ejus
1123 1017 1214 1045 Israel.
1235 1017 1326 1052 Capax
1343 1022 1395 1048 est,
1409 1018 1531 1052 inquam,
1550 1021 1580 1044 ut
1597 1016 1699 1044 animal

914 1064 990 1098 juxta
1012 1064 1127 1098 partium
1151 1063 1312 1097 qualitates,
1328 1066 1356 1090 et
1378 1063 1511 1089 bonorum
1537 1067 1647 1089 actuum
1672 1066 1701 1089 et

915 1110 1060 1140 malorum,
1073 1109 1099 1135 iu
1111 1108 1211 1143 quibus
1236 1113 1283 1135 aut
1302 1108 1409 1135 laudem
1427 1112 1562 1136 mereatur
1581 1112 1628 1134 aut
1643 1115 1700 1142 pa:-

915 1162 988 1181 uani.
998 1154 1065 1181 Cum
1083 1154 1165 1188 igitur
1181 1155 1280 1181 dicitur
1294 1163 1300 1181 :
1319 1154 1400 1181 Terra
1414 1162 1472 1189 qua:
1480 1155 1623 1188 peccaverit
1634 1155 1698 1181 milii

913 1206 940 1228 ut
958 1198 1091 1235 delinquat
1105 1200 1241 1233 delictum,
1263 1201 1420 1236 mysterium
1438 1201 1575 1235 quoddam
1597 1200 1700 1235 signiﬁ-

912 1251 999 1274 catur.
1016 1247 1101 1274 Aliter
1112 1247 1212 1282 quippe
1232 1247 1266 1275 de
1281 1247 1492 1280 habitatoribus,
1514 1247 1593 1275 aliter
1611 1248 1646 1274 de
1666 1255 1698 1275 ea

912 1293 1010 1320 dicitur
1023 1301 1083 1328 qua:
1098 1293 1264 1321 inhabitatur
1274 1294 1297 1310 "
1311 1303 1318 1321 :
1334 1294 1433 1321 (Italum
1445 1298 1470 1321 et
1486 1299 1555 1321 terra
1562 1299 1698 1328 pertrans-

912 1340 996 1366 ibunt.
1027 1339 1083 1366 Cur
1102 1339 1201 1367 cadum
1223 1339 1451 1374 praeter-greditur,
1474 1347 1523 1367 cur
1541 1344 1612 1366 terra
1637 1348 1698 1375 prr-

912 1386 1020 1417 transit,
1032 1385 1082 1412 nisi
1097 1386 1161 1419 quia
1179 1385 1310 1412 transitus
1324 1385 1366 1412 sui
1384 1385 1507 1420 quaedam
1525 1385 1604 1420 digna
1625 1385 1698 1413 luce-

911 1430 992 1457 runt?
1006 1430 1039 1457 Et
1053 1430 1107 1457 alio
1123 1430 1182 1457 loco
1193 1429 1216 1445 ³³
1229 1438 1235 1456 :
1249 1429 1380 1464 Corrupto
1391 1434 1443 1462 est,
1454 1429 1502 1462 ait,
1521 1437 1604 1456 omnia
1617 1433 1698 1456 terra.

912 1475 1026 1509 Quando
1039 1480 1165 1510 corrupta
1180 1476 1238 1503 est“!
1251 1475 1320 1502 Ante
1333 1475 1478 1507 diluvium,
1495 1483 1548 1503 non
1564 1475 1634 1510 quod
1651 1483 1699 1510 per

912 1522 1116 1550 inundatiOnem
1134 1522 1226 1549 diluvii
1245 1523 1282 1549 sit
1298 1527 1435 1557 corrupta.
1451 1522 1495 1549 Ait
1516 1529 1600 1558 ergo:
1617 1521 1699 1549 Terra

910 1576 970 1604 qua
985 1568 1130 1603 peccauerit
1147 1567 1210 1595 mihi
1223 1572 1252 1595 ut
1267 1567 1400 1603 delinquat
1411 1567 1546 1600 delictum,
1558 1567 1699 1595 utendam

912 1621 1019 1640 manum
1034 1622 1118 1641 meum
1137 1619 1162 1640 et
1178 1619 1311 1641 conteram
1327 1614 1385 1649 ejus
1399 1614 1594 1650 ﬁrmamentum
1609 1615 1697 1649 panis.

912 1659 1066 1688 Extendens
1089 1660 1159 1688 Deus
1180 1668 1290 1688 manum
1313 1668 1390 1688 suam
1414 1667 1496 1695 super
1519 1661 1699 1694 peccatricem

911 1710 1023 1740 terram,
1041 1705 1141 1734 famem
1162 1706 1284 1734 immittit
1303 1706 1330 1734 in
1347 1714 1419 1734 eam.
1440 1707 1554 1734 Possum
1575 1711 1603 1734 et
1621 1706 1699 1733 aliter

912 1751 1098 1786 interpretari,
1115 1752 1179 1787 quia
1194 1757 1266 1779 terra
1282 1751 1429 1787 aliquando
1443 1752 1592 1788 delinquat.
1614 1751 1698 1779 Terra

912 1797 1012 1832 quippe
1028 1804 1070 1825 est
1091 1798 1181 1825 anima
1203 1802 1306 1829 nostra,
1330 1802 1358 1825 ut
1378 1798 1405 1824 in
1424 1798 1552 1832 parabola
1575 1797 1697 1832 Evange-

914 1843 942 1870 lii
956 1843 979 1859 “
992 1843 1170 1878 signiﬁcatur.
1183 1843 1279 1870 Anima
1295 1848 1380 1878 petra,
1395 1844 1485 1870 anima
1498 1848 1570 1871 terra
1588 1844 1659 1871 bona
1671 1848 1698 1871 et

912 1888 1010 1917 fertilis
1033 1896 1081 1924 per
1103 1889 1215 1916 multam
1243 1889 1407 1924 patientiam.
1437 1891 1490 1916 Ista
1518 1889 1600 1925 igitur
1624 1894 1697 1918 terra

913 1943 983 1970 saepe
999 1940 1102 1970 peccat,
1119 1943 1189 1970 stupe
1203 1943 1256 1963 non
1271 1941 1375 1970 peccat.
1394 1935 1426 1962 Et
1443 1937 1466 1963 si
1479 1936 1588 1971 quidem
1600 1943 1697 1971 pecca-

912 1981 991 2013 verit,
1005 1981 1125 2008 extendit
1139 1989 1249 2007 manum
1264 1988 1345 2015 super
1355 1988 1426 2014 eam,
1444 1985 1471 2008 et
1485 1981 1601 2008 conterit
1617 1988 1697 2008 omne

913 2028 1112 2054 ﬁrmamentum
1131 2027 1209 2062 panis
1230 2027 1300 2061 ejus.
1317 2026 1356 2054 Ne
1371 2031 1505 2058 conteras,
1526 2027 1696 2062 omnipotens

913 2073 994 2106 Deus,
1009 2073 1208 2100 ﬁrmamentum
1223 2072 1301 2107 panis
1313 2073 1347 2100 ab
1363 2073 1414 2100 ista
1430 2078 1500 2100 terra
1513 2077 1616 2105 nostra,
1629 2073 1695 2107 quin

912 2118 1002 2153 potius
1015 2118 1113 2153 largire
1128 2118 1206 2145 nobis
1219 2125 1310 2146 semen
1324 2122 1411 2152 tuum,
1426 2123 1455 2145 ut
1473 2118 1555 2146 faciat
1574 2118 1601 2145 in
1617 2118 1696 2146 nobis

913 2164 1028 2191 fructum
1046 2164 1211 2198 centuplum.

945 2210 972 2237 2.
996 2210 1030 2236 Et
1052 2211 1171 2237 emittant
1199 2211 1226 2237 in
1249 2218 1307 2237 eam
1326 2210 1439 2245 famem,
1462 2215 1487 2238 et
1511 2210 1601 2238 ullam
1616 2211 1648 2238 de
1664 2219 1697 2239 ea

909 2257 1038 2283 hominem
1058 2262 1082 2283 et
1109 2265 1196 2291 pecus.
1222 2255 1364 2289 Quomodo
1387 2263 1498 2292 possum
1523 2262 1577 2283 tam
1601 2264 1697 2284 recon-

909 2302 978 2330 ditas
1007 2310 1051 2330 res
1077 2303 1104 2330 in
1134 2302 1273 2337 publicum
1304 2302 1447 2337 proferre?
1470 2301 1548 2329 Unde
1575 2302 1641 2329 mihi
1667 2307 1696 2329 ut

909 2355 1043 2382 exponere
1072 2348 1174 2375 valeant
1200 2355 1248 2375 cur
1279 2347 1381 2380 fames,
1408 2356 1457 2375 cur
1485 2347 1620 2381 fertilitas,
1645 2355 1696 2375 cur

910 2395 1088 2428 abundantia,
1104 2403 1155 2422 cur
1167 2400 1273 2430 egestas
1288 2399 1367 2423 terrm
1382 2395 1525 2422 accidant?
1542 2394 1564 2422 ο
1582 2395 1695 2430 profun—

910 2442 974 2468 (lum
990 2440 1143 2468 divitiarum
1158 2441 1294 2476 sapientiae
1307 2446 1331 2469 et
1348 2441 1465 2468 scientia
1479 2441 1526 2467 Dei
1537 2441 1574 2469 ".
1598 2441 1696 2468 Utrum

911 2492 1018 2522 propter
1035 2488 1157 2516 homines
1171 2493 1198 2514 ct
1214 2488 1365 2515 animarum
1384 2488 1514 2515 malitiam
1535 2489 1695 2516 immittatur

911 2532 1011 2559 iantes?
1026 2533 1066 2559 An
1081 2538 1190 2567 propter
1213 2533 1322 2568 angelos
1343 2533 1442 2567 quibus
1465 2537 1530 2560 sunt
1548 2534 1694 2561 commissa

910 2583 1025 2608 terrena.
1044 2578 1067 2605 si
1088 2579 1268 2613 peccaverint,
1288 2579 1411 2606 accidant
1433 2586 1463 2605 ea
1488 2586 1548 2613 quae
1570 2578 1694 2608 videmus

909 2624 1048 2651 accidere?
1059 2623 1086 2651 Si
1095 2629 1183 2651 autem
1193 2629 1254 2652 sunt
1263 2625 1372 2659 quidam
1381 2624 1499 2652 caelestis
1505 2624 1694 2659 371dispen-

911 2669 1025 2696 sationis
1037 2670 1155 2697 ministri
1168 2670 1214 2705 qui
1232 2670 1366 2698 fructibus
1376 2675 1505 2706 praesunt,
1516 2671 1585 2699 forte
1595 2677 1620 2699 et
1632 2679 1692 2706 pro.

1341 2730 1363 2746 “
1380 2729 1430 2758 lsa.
1445 2738 1463 2764 ι,
1476 2730 1503 2758 2.
1559 2730 1654 2758 "iud.
1670 2738 1690 2765 ι,

920 2799 930 2801 ’Δ
951 2764 982 2801 ξ’
995 2763 1044 2790 Isa.
1062 2771 1135 2801 xx_n_l,
1148 2764 1174 2791 ὅ,
1213 2765 1235 2780 ³ο
1247 2765 1313 2792 Gen.
1329 2773 1358 2798 ll,
1373 2765 1397 2792 7.
1418 2766 1440 2782 “
1457 2765 1534 2794 Deut.
1563 2774 1651 2800 xuii.
1663 2763 1693 2796 δὲ

913 2799 934 2814 ⁸³
950 2798 1027 2825 llum.
1043 2805 1080 2829 xi,
1092 2798 1136 2825 333.

1046 2727 1069 2744 “
1084 2728 1160 2755 Deut.
1176 2737 1260 2761 xxx”,
1279 2729 1303 2757 l.
