1882 3052
168 86 219 113 699

748 83 910 112 DRIGENIS
929 81 962 109 LV
985 78 1201 108 EZECIlIl-ILl-Ill

1740 79 1789 107 τω

167 149 226 178 pter
237 143 299 172 illos
319 142 477 171 infertilitss
501 147 579 170 terra:
595 143 712 170 eveniat.
740 142 860 169 Plurima
883 140 956 168 enim
972 140 994 169 Α
1009 137 1054 164 ille
1070 144 1209 171 nunquam
1227 136 1254 163 in
1270 142 1409 170 vesperam
1428 135 1501 163 dedit
1515 142 1622 165 escam:
1645 134 1694 163 sed
1707 134 1731 163 is
1744 136 1789 169 qui

167 197 280 224 operum
295 189 355 224 eius
369 189 397 217 in
410 188 554 216 ahsconsis
577 193 652 221 sunt,
669 195 722 215 non
736 194 883 223 possumus
897 194 956 213 ma-

168 235 338 270 gnitudinem
350 235 490 270 sapientia:
505 234 590 261 eﬂ'ari.
616 234 730 261 Annam
745 233 828 260 maria
848 236 872 258 et
896 231 955 266 pln-

168 282 220 309 uic
235 281 323 308 stillas
337 286 361 307 et
375 281 430 308 dies
443 280 533 308 διερειιί
543 280 601 315 quis
613 278 789 306 dinumerabit
797 280 809 306 ?
827 276 956 304 Altitudi-

170 336 228 356 nam
241 328 310 362 caeli,
328 332 351 354 et
364 327 531 354 latitudinem
546 331 633 357 [ενι-ω,
647 331 672 352 et
682 325 842 360 profundum
852 324 956 358 sapien-

169 374 226 407 tire,
239 374 298 408 quis
310 373 473 408 invettignbit
484 372 529 398 '5?
545 371 623 398 Varie
645 379 711 406 ergo
736 370 853 397 mittitur
870 370 956 397 fames

170 427 252 454 super
270 419 447 454 peccatricem
462 422 572 446 terram.

203 466 231 493 3.
254 465 288 492 Et
303 465 438 499 auferam,
456 464 560 498 inquit,
579 471 612 490 ea:
631 471 662 489 ea
685 463 814 489 hominem
829 467 854 489 et
867 469 954 497 pecus.

170 511 250 538 Aliud
267 515 308 538 est
323 515 393 537 terra
404 531 411 542 ,
429 509 501 536 aliud
517 509 610 536 homo.
633 507 701 535 Nam
718 507 884 535 habitatores
900 512 954 534 ter-

170 565 218 588 rae,
242 560 273 583 ut
294 556 405 590 quidam
430 559 538 589 putant,
563 562 636 581 nunc
652 562 702 589 pro
716 558 786 581 terra
803 560 855 580 non
872 553 957 580 nomi-

171 607 226 629 nat.
244 601 272 629 Si
294 603 367 628 enim
386 601 551 628 habitatores
579 605 658 628 terra:
677 608 726 635 per
749 604 848 627 terram
871 600 956 635 accipi

170 646 244 679 velit,
260 646 426 680 superﬂuum
442 645 532 672 luerat
548 645 650 677 dicere,
671 645 793 672 auferam
806 653 839 672 ex
858 653 889 672 ea
909 646 958 672 bo-

170 691 272 718 minem
290 696 317 718 et
339 699 434 726 pecus.
460 691 565 718 Gaudet
577 691 650 718 enim
670 694 741 718 terra
756 691 866 725 quando
879 691 956 725 plena

169 741 211 763 cst
223 736 335 767 accolis.
355 741 455 764 luceret
476 744 539 763 cum
564 736 590 763 id
612 736 685 771 quod
705 735 805 763 dicitur
820 737 956 763 acciderit.

169 782 297 816 Att/eram
314 782 346 808 ait
356 790 388 808 ea
405 782 537 809 hominem
553 786 578 808 et
593 789 683 816 pecus.
699 781 735 808 De
749 782 849 815 quibus
865 782 887 808 si
904 781 957 809 Do-

171 827 263 854 minus
275 827 353 854 vobis
367 827 509 854 orantihus
525 827 721 854 ministraverit
741 835 851 855 sensum
865 827 899 862 (si
918 832 958 854 ta-

173 880 234 899 men
249 880 347 901 sensus
362 872 469 899 Domini
482 880 594 906 capaces
611 872 743 900 fuerimus
757 872 867 907 eﬂ‘eeti),
881 873 958 900 volu-

173 926 233 944 mus
246 926 332 952 pauca
347 918 491 945 disserere.
510 918 655 950 Quomodo
673 926 751 953 poena
765 919 860 946 matris
875 924 918 946 est
931 920 957 946 in

172 963 300 990 exsilium
312 963 454 991 destinatae
467 963 566 998 privari
581 963 653 995 tiliis,
667 968 714 991 aut
725 968 798 991 cene
809 964 880 991 ﬁlios
893 972 959 993 suos

173 1009 207 1035 ad
220 1009 300 1036 aliam
315 1009 406 1036 videre
416 1009 584 1043 provinciam
602 1009 733 1036 destinari
749 1017 758 1036 :
775 1009 816 1038 sic
827 1009 961 1044 quodam-

175 1056 257 1083 modo
280 1060 366 1083 mater
390 1060 485 1082 nostra
507 1061 578 1083 terra
604 1055 755 1091 ﬂagellatur
774 1063 824 1090 pro
841 1057 960 1091 peccatis

172 1102 233 1129 suis
244 1109 258 1128 a
276 1100 340 1134 Deo,
359 1101 468 1135 quando
488 1101 612 1128 aufertur
625 1101 659 1127 ab
674 1108 707 1127 ea
722 1100 803 1128 homo
816 1105 844 1129 ct
859 1109 958 1136 pecus;

173 1148 278 1173 tzetatur
289 1146 399 1180 quando
414 1146 537 1174 homines
550 1146 642 1178 habet,
655 1146 741 1182 magis
751 1151 840 1174 autem
849 1147 961 1182 quando

173 1192 255 1219 habet
273 1191 397 1219 homines
414 1192 544 1226 optimos,
560 1196 588 1218 et
606 1192 633 1219 in
651 1191 696 1219 Dei
714 1193 813 1220 studiis
828 1193 959 1226 viventes,

173 1238 246 1264 sicut
261 1244 344 1271 supra
359 1238 547 1272 exposuimus.
567 1237 671 1265 Dicitur
689 1245 754 1272 ergo
769 1238 874 1273 quando
889 1243 962 1266 terra

173 1282 329 1316 peccaverit,
341 1282 419 1316 quasi
433 1282 552 1315 dicatur,
567 1282 589 1309 si
610 1282 720 1316 quando
738 1283 890 1317 peccaverit
903 1291 961 1311 ma-

173 1333 225 1359 tcr,
245 1327 366 1355 auferam
378 1328 411 1354 de
428 1327 511 1354 domo
521 1327 582 1362 ejus
595 1327 692 1361 filium,
708 1329 749 1356 sic
761 1333 788 1356 et
801 1337 874 1356 nunc
886 1329 962 1358 anfe-

174 1381 231 1399 ram
247 1373 281 1400 de
297 1380 329 1399 ea
342 1373 489 1400 hominem.
507 1372 626 1400 Laetatur
637 1374 737 1408 quippe
755 1379 826 1401 terra
841 1383 894 1402 non
911 1383 962 1403 su-

173 1427 222 1453 per
239 1419 332 1446 bestiis
353 1423 379 1446 et
399 1418 464 1445 feris
487 1417 599 1451 rabidis,
626 1418 674 1445 sed
697 1427 777 1454 super
800 1421 960 1455 pecudibus,

173 1464 236 1498 quia
251 1464 353 1498 placida
366 1470 391 1492 et
408 1468 549 1491 mansueta
563 1464 691 1492 animalia
705 1465 801 1500 diligit.

207 1509 236 1536 4.
252 1509 287 1538 Et
301 1510 423 1544 auferant
438 1509 468 1537 de
482 1518 514 1537 ea
534 1509 664 1536 hominem
680 1515 705 1536 et
721 1518 809 1544 pecus.
825 1510 858 1538 Et
869 1512 893 1539 si
904 1511 962 1546 fac-

174 1556 228 1583 rint
243 1555 287 1583 isti
308 1561 360 1584 tres
376 1557 427 1584 viri
443 1557 470 1583 in
488 1557 573 1584 medio
585 1556 653 1591 ejus.
676 1557 819 1590 Quomodo
833 1561 922 1592 potest
934 1557 961 1586 in

175 1607 246 1629 terra
265 1602 416 1637 peccatricc
448 1603 529 1630 trium
560 1603 675 1631 istorum
701 1604 803 1638 pariter
830 1611 963 1631 numerus

175 1648 340 1675 commorari
348 1648 361 1674 γ
383 1647 529 1680 Quomodo
540 1653 596 1676 tam
610 1649 727 1677 diversis
739 1649 906 1683 temporibus
919 1641 963 1676 ‘vi-

175 1693 298 1721 ventium
318 1698 406 1727 potest
424 1693 493 1721 inter
506 1701 536 1722 se
552 1695 606 1722 vita
628 1695 778 1730 conjungi?
793 1694 821 1722 In
836 1695 962 1729 praesnti

176 1738 292 1772 legimus
306 1739 332 1766 in
346 1740 496 1774 peccati-tce
515 1745 586 1768 terra
611 1749 659 1768 eos
684 1742 784 1776 pariter
801 1740 962 1772 consistere,

178 1783 204 1810 id
221 1787 263 1810 est
276 1781 332 1810 Noe
351 1785 396 1818 qui
419 1784 450 1820 in,
465 1785 567 1813 diluvio
587 1785 648 1818 fuit,
672 1792 700 1813 et
717 1785 852 1814 Dauielcm
872 1785 919 1820 qui
934 1786 962 1813 in

178 1827 335 1862 captiuam
359 1828 506 1864 Babylonis
530 1836 715 1859 conmoratus
729 1835 789 1862 est,
807 1835 835 1858 et
852 1829 904 1858 Job
915 1830 962 1864 qui

178 1874 345 1909 temporibus
370 1875 583 1909 patriarcharum
606 1884 635 1904 et
654 1876 740 1912 Moysi
753 1877 854 1904 vixisse
869 1876 963 1910 perbi-

177 1919 267 1946 betur.
286 1919 344 1948 Iloc
354 1919 427 1948 enim
445 1925 551 1954 tempus
563 1922 717 1950 invenimus
733 1923 795 1950 vitae
811 1921 873 1949 Job.
891 1920 961 1954 Quid

176 1972 242 1999 ergo
268 1973 414 1999 possumus
440 1965 551 1995 dicere?
574 1966 732 1995 Mentiuissc
761 1967 908 2000 debemus,
933 1970 963 1995 ut

176 2018 247 2044 saepe
258 2011 313 2045 jam
337 2011 469 2045 diximus,
497 2012 560 2046 quia
580 2017 609 2040 ut
625 2013 706 2040 homo
727 2013 864 2041 hominem
880 2020 962 2046 gene-

176 2062 229 2087 rat.
242 2062 270 2084 ct
283 2056 364 2085 Israel
382 2062 495 2093 generat
513 2058 606 2086 Israel.
628 2057 709 2087 Israel
725 2058 825 2092 quippe
837 2065 900 2086 cum
918 2063 963 2085 es-

173 2107 219 2131 set
236 2102 332 2136 Jacob,
354 2104 492 2138 generavit
508 2103 589 2132 Israel
605 2104 744 2138 populum.
763 2103 795 2131 Et
810 2103 963 2131 invenimus

1006 187 1086 209 natus
1107 187 1149 209 est
1172 189 1205 209 ex
1228 181 1299 209 tribu
1330 181 1484 216 Beniamin,
1514 181 1715 215 praedicabatur
1740 180 1791 208 He-

1005 227 1105 259 braeus,
1122 235 1156 255 ex
1171 226 1291 255 Hebraeis
1301 226 1379 261 iusta
1390 226 1476 262 legem
1491 226 1658 258 Pbarisacus,
1670 226 1791 254 circum-

1006 273 1079 300 cisus
1098 277 1195 300 octavo
1214 272 1268 305 die,
1295 271 1434 306 Beniamin
1457 272 1536 306 lupus
1555 279 1638 306 rapax
1654 272 1687 299 ad
1706 276 1791 299 tuatu-

1007 318 1093 346 tinum
1108 318 1265 351 comedcns,
1286 317 1396 353 quando
1409 317 1517 352 juvenis
1528 316 1597 348 fuit;
1614 321 1642 344 et
1659 316 1687 344 in
1699 324 1789 350 vespe-

1008 372 1064 391 ram
1080 365 1149 391 dans
1168 371 1271 396 escam,
1293 363 1405 398 quando
1419 363 1533 392 credens
1549 363 1703 396 spiritalem
1727 370 1791 397 pm

1008 410 1065 437 buit
1078 409 1169 438 cibum
1181 417 1196 437 a
1207 417 1238 438 se
1249 409 1379 437 Eeclesiis
1393 408 1535 437 institutis.
1552 407 1637 443 igitur
1649 408 1790 442 Beniamin

1007 455 1146 489 Beniamin
1161 459 1282 490 generat.
1301 454 1443 487 Quomodo
1453 461 1518 489 Pt'go
1528 454 1610 482 homo
1621 461 1656 482 ex
1671 453 1791 485 homine,

1009 501 1148 536 Beniamin
1168 509 1201 528 ex
1223 500 1374 535 Beniamin,
1386 499 1502 528 sicJuda
1518 507 1550 528 ex
1562 498 1643 532 Juda,
1655 499 1751 526 Ruben
1760 507 1791 526 ex

1008 546 1103 574 Ruben
1123 546 1254 574 naseitur.
1277 545 1368 572 Ruben
1381 546 1481 580 quippe
1502 546 1569 573 uiuat
1581 550 1607 572 et
1621 553 1674 572 non
1692 545 1792 571 moria-

1009 597 1062 624 tur,
1078 596 1103 619 et
1114 591 1254 618 sitmultus
1267 591 1295 618 in
1309 591 1471 618 numero”.
1491 591 1520 618 In
1539 595 1645 618 tantum
1665 598 1722 618 non
1737 596 1795 618 erat

1008 636 1041 663 de
1055 635 1210 670 patriarcha
1226 642 1327 668 sermo,
1344 635 1391 663 sed
1403 634 1437 662 de
1449 635 1549 670 popqu
1564 635 1611 669 qui
1624 634 1660 662 de
1673 635 1793 668 patriar-

1008 681 1058 708 cha
1075 681 1257 708 descensurus
1268 683 1337 708 erat.
1357 679 1412 707 Cur
1425 679 1482 707 haec
1496 679 1568 706 dicta
1586 678 1670 706 sunt?
1690 678 1794 706 Videli-

1009 731 1051 754 cet
1072 730 1102 753 ut
1117 730 1280 761 praesentem
1301 725 1391 753 locum
1405 731 1568 759 exponerem
1585 723 1619 752 de
1634 722 1693 752 Noe
1705 728 1733 752 et
1743 723 1795 751 Da-

1010 773 1078 800 niete
1088 776 1116 800 et
1127 771 1190 800 Job.
1202 772 1346 804 Quomodo
1357 771 1429 799 enim
1442 771 1523 800 Israel
1538 771 1620 799 Israel
1633 775 1758 806 generat,
1769 776 1793 798 et

974 803 995 832 Β
1009 817 1059 845 Job
1073 817 1135 850 Job,
1152 823 1179 844 et
1195 803 1290 844 Ruben
1312 816 1418 847 Ruben.
1436 816 1531 850 reliqui
1545 803 1676 850 reliquos,
1689 816 1730 845 sic
1740 815 1794 844 Noe

1009 863 1074 892 Noe.
1094 863 1129 890 Et
1141 863 1231 890 dicam
1243 863 1308 897 quia
1322 863 1355 889 de
1370 862 1431 890 ﬁliis
1449 861 1515 892 Noe.
1539 861 1601 889 Sem
1623 860 1680 889 Noe
1701 861 1794 893 fuerit,

1008 909 1094 936 Cham
1107 916 1173 936 vero
1188 916 1241 935 non
1258 907 1341 935 fuerit
1357 907 1423 935 Noe.
1446 906 1539 942 Neque
1550 907 1623 935 enim
1641 907 1737 934 habuit
1757 907 1796 933 si-

1009 954 1189 982 militudinem
1210 954 1296 989 patris
1318 954 1372 981 sul.
1398 953 1433 981 Et
1451 958 1481 980 ut
1503 961 1557 982 non
1578 960 1675 981 omnes
1697 953 1744 988 qui
1760 961 1793 980 ex

1010 1001 1158 1033 Abraham,
1183 999 1230 1037 ﬁlii
1245 999 1393 1032 Abraham,
1409 999 1472 1026 licet
1491 998 1546 1026 sint
1557 999 1592 1026 de
1604 998 1710 1026 semine
1723 999 1794 1032 ejus,

1011 1053 1063 1072 non
1079 1049 1144 1072 sunt
1160 1044 1208 1072 ﬁlii
1218 1044 1316 1080 ipsius,
1332 1043 1461 1079 quoniam
1473 1047 1631 1079 peccatores
1645 1047 1712 1071 sunt
1729 1051 1736 1069 :
1753 1043 1794 1070 sic

1011 1090 1037 1119 hi
1052 1090 1099 1125 qui
1112 1091 1211 1118 trahent
1226 1089 1432 1118 similitudinem
1449 1088 1582 1116 factorum
1600 1087 1730 1119 Danielis,
1743 1088 1792 1115 lla»

1011 1136 1065 1163 niel
1080 1140 1163 1170 sunt;
1181 1135 1227 1171 qui
1243 1135 1385 1162 imitantur
1400 1134 1556 1170 patientiam
1571 1133 1633 1165 Job.
1644 1133 1697 1162 Job
1717 1134 1793 1162 ﬁunt.

1010 1180 1071 1208 Noli
1091 1189 1156 1216 ergo
1170 1181 1261 1208 dicere
1270 1200 1278 1213 ,
1301 1180 1396 1208 beatus
1409 1179 1466 1207 Noe
1477 1179 1605 1215 quoniam
1619 1179 1719 1216 dignus
1732 1178 1794 1206 επε-

1011 1231 1071 1254 ctus
1085 1231 1127 1254 est
1138 1231 1167 1254 ut
1188 1226 1214 1253 in
1231 1225 1334 1254 diluvio
1351 1225 1426 1253 solus
1440 1225 1583 1259 eligeretur
1598 1232 1613 1251 a
1629 1223 1758 1252 Domino.
1770 1228 1794 1250 et

1011 1272 1116 1300 ueteris
1132 1271 1310 1300 inundatione
1326 1270 1504 1305 pereuntibus
1522 1278 1583 1297 cum
1600 1269 1658 1298 suis
1672 1277 1795 1298 scrvare-

1011 1323 1055 1345 tur
1072 1318 1218 1346 incolumis
1242 1326 1249 1344 :
1269 1317 1317 1346 sed
1328 1316 1470 1343 considera
1485 1315 1562 1350 quia,
1578 1315 1601 1343 si
1614 1319 1642 1343 et
1656 1319 1684 1343 tu
1700 1315 1796 1342 feceris

1011 1373 1042 1392 ea
1059 1372 1119 1400 qua:
1136 1364 1199 1391 fecit
1211 1363 1278 1396 Noe,
1289 1363 1344 1391 eris
1358 1362 1424 1391 Noe.
1440 1361 1509 1389 Audi
1522 1360 1690 1388 Salvatorem
1706 1361 1797 1388 dicen-

1012 1417 1065 1439 tem
1078 1411 1101 1426 ⁵⁷⁸
1118 1420 1125 1438 :
1143 1409 1174 1438 Si
1188 1411 1280 1438 essetis
1293 1409 1345 1445 ﬁlii
1361 1408 1484 1440 Abrahae,
1502 1416 1579 1441 opera
1596 1407 1713 1435 Abi-aha
1727 1407 1795 1441 [nce-

1013 1458 1086 1487 retii.
1105 1457 1189 1493 Igitur
1205 1457 1228 1486 si
1245 1457 1307 1492 quis
1325 1456 1396 1483 ﬁlius
1409 1459 1451 1483 est
1464 1454 1602 1485 Abt-42am
1614 1474 1622 1486 ,
1645 1453 1712 1482 facit
1723 1458 1797 1487 gesta

987 1497 995 1506 ’
1011 1505 1165 1537 Abraham;
1194 1503 1215 1531 si
1233 1503 1295 1538 quis
1311 1502 1383 1530 ﬁlius
1398 1507 1440 1529 est
1463 1500 1529 1531 Noe,
1554 1501 1619 1528 facit
1637 1507 1708 1535 opus
1725 1499 1797 1531 Nec;

1012 1550 1034 1577 si
1047 1550 1109 1585 quis
1123 1548 1195 1577 ﬁlius
1205 1552 1248 1576 est
1258 1547 1389 1578 Danielis,
1408 1546 1473 1573 facit
1488 1545 1514 1573 id
1527 1545 1598 1582 quod
1614 1545 1679 1574 fecit
1693 1545 1798 1572 Daniel.

1013 1595 1040 1623 Si
1057 1595 1120 1630 quis
1134 1594 1259 1630 sequitur
1276 1601 1324 1628 per
1338 1592 1410 1629 quod
1427 1592 1563 1627 gloriosus
1577 1591 1690 1619 effectus
1703 1595 1755 1623 est,
1770 1595 1799 1618 ut

1014 1645 1078 1678 puta
1092 1640 1181 1668 omnis
1201 1639 1248 1676 qui
1264 1637 1446 1666 substantiam
1465 1644 1542 1664 suam
1559 1635 1657 1671 perdit.
1675 1641 1703 1663 et
1718 1636 1800 1663 susti-

1013 1684 1080 1714 ncns
1091 1686 1223 1722 patienter
1233 1690 1287 1714 tam
1299 1684 1419 1720 iacturas
1430 1690 1519 1711 rerum
1531 1681 1707 1710 familiarium
1717 1689 1799 1716 quam

1013 1737 1113 1759 mortes
1135 1731 1252 1759 liliornm
1270 1730 1336 1758 dicit
1354 1729 1377 1745 δ’
1394 1738 1401 1756 :
1419 1728 1547 1756 Dominus
1564 1727 1648 1759 dedit,
1672 1726 1800 1754 Dominus

1012 1777 1119 1806 (distulit
1132 1785 1141 1808 ,'
1153 1781 1181 1803 ut
1193 1776 1304 1803 Domino
1315 1775 1399 1802 visum
1413 1778 1462 1806 est,
1477 1774 1515 1800 ita
1527 1773 1628 1807 factum
1639 1778 1695 1800 est:
1709 1772 1744 1799 sit
1753 1780 1802 1798 iw-

1013 1831 1070 1850 men
1098 1822 1204 1850 Domini
1223 1821 1385 1849 benedirtum
1403 1820 1429 1846 in
1446 1819 1562 1851 saecula;
1579 1818 1625 1855 qui
1646 1818 1802 1845 incenditur

1013 1868 1134 1903 corporis
1158 1867 1247 1900 nudis,
1270 1871 1296 1894 et
1318 1865 1470 1901 ﬂagellatur
1492 1865 1568 1892 vario
1584 1864 1721 1892 malorum
1737 1871 1801 1890 suu-

1013 1920 1072 1939 rum
1088 1912 1200 1944 dolore,
1216 1916 1243 1938 et
1258 1910 1438 1938 nihilominus
1455 1909 1481 1937 in
1501 1909 1569 1943 ipsis
1584 1907 1728 1942 suppliciis
1743 1907 1803 1942 glu-

1014 1958 1101 1984 riﬁcat
1125 1957 1281 1989 Dominum,
1304 1956 1351 1991 qui
1371 1959 1460 1990 potest
1479 1953 1644 1988 respondere
1656 1953 1760 1984 divina,
1778 1957 1805 1979 ct

1014 2003 1084 2031 inter
1095 2003 1234 2030 cruciatus
1247 2001 1430 2036 propheticum
1442 2007 1534 2027 vocem
1548 1999 1685 2029 emittere,
1695 1997 1804 2033 qualem

1012 2048 1103 2076 omisit
1116 2047 1178 2080 Job,
1198 2046 1319 2073 imitator
1330 2051 1371 2072 est
1385 2044 1446 2073 Joh.
1461 2044 1550 2078 Atque
1563 2043 1598 2070 ita
1613 2043 1639 2069 in
1656 2043 1730 2069 hunc
1745 2051 1805 2069 mo-

1013 2096 1076 2122 dum
1089 2099 1114 2121 et
1136 2093 1203 2125 Nos,
1220 2096 1247 2119 et
1262 2091 1367 2124 Daniel,
1392 2096 1420 2117 et
1442 2089 1493 2116 Job
1518 2089 1546 2115 in
1568 2088 1663 2115 eodem
1691 2092 1807 2125 poSsunt

178 2149 206 2176 in
232 2148 380 2183 Scripturis
404 2148 487 2176 Israel
515 2156 613 2176 nomen
639 2154 692 2177 tam
722 2149 748 2177 in
777 2156 830 2176 uno
857 2149 958 2176 homint

1038 2147 1138 2175 tmpore
1155 2137 1277 2173 reperiri.

178 2200 260 2228 quam
274 2193 301 2220 in
316 2193 444 2221 universo
460 2194 560 2228 populo
575 2194 639 2222 dici.
656 2193 702 2221 Sic
718 2201 771 2222 non
783 2194 870 2222 solum
883 2193 964 2221 Israel

179 2238 272 2270 Israel.
289 2247 381 2267 verum
401 2245 428 2268 ct
445 2240 539 2268 [iuben
554 2245 664 2275 generat
683 2239 790 2270 Ruben,
813 2244 840 2266 ct
855 2239 964 2266 Simeou

177 2289 289 2319 generat
299 2284 466 2318 Simeonem,
476 2291 504 2312 et
516 2285 579 2313 Levi
596 2285 670 2318 Levi,
680 2291 706 2313 et
722 2285 806 2313 Judas
821 2284 928 2318 ludam,
941 2289 967 2312 vt

180 2330 277 2365 reliqui
289 2338 385 2359 omnes
396 2332 442 2366 qui
458 2332 484 2359 in
494 2332 564 2359 tribu
575 2331 645 2360 Juda
661 2336 726 2359 sunt
743 2331 776 2358 ab
789 2331 861 2358 illius
882 2332 968 2365 stirpe

179 2375 407 2404 venientesiudos
415 2382 607 2412 nuncupantur
616 2387 623 2404 :
633 2382 660 2404 et
669 2377 804 2411 replicatio
815 2380 879 2404 Sunt
891 2375 967 2404 δαὶ-η

179 2425 266 2455 ptum
276 2421 303 2448 iu
312 2421 459 2449 tribuJuda
470 2423 626 2451 nominibus
641 2422 721 2450 Juda.
731 2421 769 2449 Ea
777 2430 837 2455 quae
848 2422 874 2449 iu
886 2421 969 2450 bene—

180 2465 347 2492 dictionibus
357 2465 440 2494 Jacob
448 2475 495 2502 per
503 2467 612 2503 Moysen
621 2466 653 2494 de
664 2466 771 2500 Ruben,
780 2471 806 2493 ct
815 2465 936 2499 Sixucon,
944 2470 971 2494 et

181 2510 255 2542 Levi,
268 2516 295 2538 et
308 2510 377 2539 Juda
389 2512 560 2545 dicuntur,et
570 2513 676 2539 caeteris
690 2520 744 2539 non
756 2512 796 2540 sic
809 2513 972 2540 com-cnith

180 2557 356 2592 patriardiis,
371 2564 408 2585 ,ω
426 2558 474 2585 bis
483 2558 533 2592 qui
545 2557 715 2592 cognomine
743 2565 837 2586 eorum
861 2563 970 2593 propter

182 2602 293 2630 familiae
304 2603 423 2630 radicem
443 2603 615 2631 exstiterunt.
637 2603 777 2638 Benjamin
795 2603 872 2638 lupus
886 2611 970 2638 rapax

183 2649 217 2676 od
231 2650 389 2677 matutinum
402 2650 525 2683 comedit,
537 2655 563 2677 et
574 2650 608 2676 ad
619 2657 747 2684 vesperam
757 2650 830 2677 dabit
840 2659 924 2677 escun
934 2650 968 2679 ³⁷.

185 2694 327 2730 Ilenjamiu
340 2697 385 2724 ille
394 2704 534 2733 nunquam
552 2696 603 2723 fuit
620 2696 700 2732 lupus
715 2704 809 2732 rapax,
828 2696 969 2732 Beniamin

226 2781 248 2797 "
269 2783 351 2811 Iit-cli.
370 2792 389 2813 ι.
403 2785 431 2811 2.
470 2785 490 2800 ³¹
508 2785 574 2812 Gen.
592 2792 654 2812 xmx
668 2805 674 2817 ,
691 2784 734 2811 “27.

1054 2196 1081 2223 5.
1096 2194 1163 2228 Quia
1178 2198 1268 2222 autem
1283 2200 1356 2220 nunc
1368 2190 1494 2219 Ezechiel
1514 2197 1568 2217 non
1590 2189 1624 2215 de
1642 2188 1686 2217 his
1706 2187 1807 2216 dixerit

1018 2248 1086 2275 quos
1109 2240 1135 2267 in
1162 2238 1311 2274 Scripturis
1334 2236 1508 2267 lectitamus,
1531 2232 1654 2262 videlicet
1670 2239 1743 2265 quos
1760 2234 1806 2257 aut

1019 2285 1170 2318 translatio,
1182 2288 1229 2312 aut
1246 2290 1320 2312 mors
1333 2283 1367 2310 de
1379 2280 1503 2316 pl'wsenti
1519 2278 1600 2316 3.72
1615 2277 1671 2304 vita
1686 2277 1808 2303 substra-

1020 2331 1107 2363 xerit,.
1126 2329 1159 2357 de
1175 2328 1229 2356 alio
1246 2335 1356 2362 quoque
1376 2327 1437 2354 loco
1451 2326 1608 2359 approbare
1631 2321 1805 2349 conabimur.

1021 2375 1113 2403 Daniel
1130 2375 1176 2410 qui
1198 2373 1314 2401 traditus
1330 2375 1372 2401 est
1396 2370 1586 2408 cunuchorum
1609 2366 1727 2402 principi
1745 2373 1806 2393 cum

1020 2421 1136 2453 Anania,
1152 2419 1262 2449 Azaria,
1284 2417 1404 2450 Misaelc,
1419 2415 1562 2444 eunuchus
1579 2414 1641 2448 fuit,
1660 2418 1688 2441 et
1709 2418 1752 2442 est
1781 2414 1806 2439 in

1020 2466 1146 2502 praesenti
1163 2465 1266 2493 dictum
1284 2473 1290 2491 :
1309 2462 1375 2495 Noe,
1401 2466 1427 2490 et
1454 2460 1560 2492 Daniel,
1581 2464 1608 2487 et
1628 2459 1682 2486 Job
1695 2459 1768 2488 tilias
1783 2462 1809 2484 ιί

1022 2513 1091 2539 ﬁlias
1109 2519 1161 2538 non
1179 2510 1344 2540 liber-about,
1359 2513 1386 2537 ct
1402 2507 1516 2541 reliqua.
1532 2504 1683 2540 Fingamus
1696 2504 1807 2538 quippe,

1023 2558 1093 2585 ﬁlios
1108 2556 1233 2584 [tabuerit
1244 2553 1310 2588 Noe,
1326 2552 1465 2589 quomodo
1482 2551 1527 2579 ﬁlii
1541 2549 1659 2577 Daniclis
1673 2549 1809 2577 docebun-

1023 2609 1076 2636 tur,
1098 2609 1178 2638 quem
1194 2599 1349 2629 eunuchum
1366 2598 1451 2626 fuisse
1462 2595 1546 2624 Judaii
1564 2594 1695 2623 tradunt?
1708 2593 1808 2620 Verum

1022 2648 1086 2684 quia
1106 2646 1203 2675 fertilis
1220 2650 1247 2673 et
1262 2649 1358 2673 sancta
1371 2643 1423 2671 fuit
1436 2642 1527 2670 anima
1545 2641 1631 2673 illius,
1647 2644 1674 2668 et
1690 2639 1802 2674 prophe-

1023 2695 1083 2723 ticis
1097 2692 1250 2726 divinisque
1264 2690 1435 2718 sermoriibus
1451 2689 1551 2716 multos
1566 2687 1668 2713 liberos
1681 2691 1764 2720 procr
1783 2689 1807 2708 a-

775 2784 806 2799 ⁵⁷·
823 2784 900 2812 Deut.
919 2790 1015 2815 aut",
1029 2782 1055 2810 6.
1094 2782 1116 2797 "
1135 2780 1212 2809 Joan.
1234 2789 1292 2815 rm,
1305 2781 1347 2808 59.
1387 2780 1409 2796 "
1428 2777 1478 2807 Job
1504 2785 1524 2810 l,
1539 2777 1583 2804 ⁸21.
