1882 3052
79 71 127 99 ἰῡι

790 71 932 98 IIOMIIJA
949 71 992 98 IV.

1656 71 1708 98 7M

79 132 126 160 \it,
149 127 255 156 idcirco
274 127 376 155 dicitur
392 137 397 153 :
416 126 445 154 Si
465 127 563 163 fuerint
584 129 612 155 in
631 133 744 163 tempore
762 129 808 156 illo
829 129 866 157 vel
882 133 903 160 Α
918 137 984 156 cans
999 128 1100 161 munia,
1121 133 1147 157 ct
1168 138 1182 156 a
1200 129 1275 156 nullo
1286 129 1464 164 dijudicatns,
1484 130 1652 157 conﬁdenter
1665 131 1708 156 ili-

82 175 132 202 isto
141 178 167 200 et
183 173 254 206 Noe,
270 179 295 200 et
315 172 422 205 Daniel,
438 177 462 200 et
475 172 538 207 Job,
553 178 577 200 et
595 174 645 208 ipsi
660 173 711 201 soli
724 173 868 201 saltaban-

83 225 135 248 tur.
152 218 186 246 Et
199 226 250 246 nos
267 226 333 254 ergo
349 225 495 253 possmnus
515 219 572 246 ﬁeri
591 218 684 246 Daniel
705 229 712 246 :
732 225 758 247 et
774 224 802 247 ut
816 227 870 247 non

82 271 239 291 enutnerem
262 270 358 290 omnes
379 268 498 294 sanctos,
517 270 628 297 possum
644 271 706 291 esse
725 263 825 291 Paulus
847 264 869 291 sl

83 309 161 336 {mro
186 308 308 335 imitator
336 308 396 343 ejus
421 307 535 335 dicentis
556 308 578 323 ⁶⁰
604 317 612 336 :
640 308 792 336 Imitatores
820 309 870 335 mei

82 360 174 382 (stole.
192 354 222 382 Si
240 354 390 382 cauteriqu
415 361 469 388 quo
491 354 616 388 signatus
641 359 683 389 est
698 353 800 381 Paulus
822 353 870 381 ha-

84 401 181 433 buero,
203 400 227 427 si
242 399 364 426 eamdem
383 399 496 433 ligarant
516 406 568 433 qua
586 398 630 426 ille
644 400 775 434 ﬁguratus
786 403 828 426 est
842 399 870 426 in

82 446 194 472 Christo
215 445 373 480 possedere,
403 452 451 479 per
466 453 547 479 quam
569 449 597 472 ut
619 445 706 472 bonus
721 449 796 480 pater
813 445 870 472 aie-

83 492 129 518 bit
144 491 166 506 “
183 500 189 518 :
209 490 303 517 Filioli
319 491 379 523 mei,
389 498 452 525 quos
465 492 558 517 iterum
569 491 691 525 parturio
704 490 785 516 donec
794 490 871 518 Chri-

82 544 139 564 stus
166 536 295 570 formetur
315 537 342 562 iu
359 536 438 563 vobis.
466 535 493 564 Si
514 544 578 563 vero
598 544 630 563 ex
650 535 872 563 dissimilitudine

84 583 217 617 signaculi
244 590 389 617 eoarguor.
417 582 480 617 quia
506 583 587 610 aliam
614 582 729 609 formam
748 583 872 610 habuerit

84 626 186 654 Paulus
201 635 283 661 quam
302 635 351 662 ego
371 627 398 654 in
414 628 504 654 anima
520 627 645 660 habeam,
664 635 706 654 me
718 627 807 662 ipsum
821 628 872 654 de—

83 672 156 706 cipio
184 673 278 700 dicens
300 682 305 699 :
333 672 417 700 F.lius
442 681 519 700 meus
542 680 572 700 es
595 677 633 704 tu,
663 680 754 699 semen
782 672 870 700 Pauli.

84 716 143 745 Noli
161 718 255 745 mirari
269 719 340 752 quod
357 719 429 746 lilius
444 718 566 754 Apostoli
584 718 643 745 tias.
668 718 770 745 Habeto
787 720 870 746 virtu-

85 769 135 795 trs,
147 768 176 790 et
190 764 246 792 eris
265 764 336 791 ﬁlius
353 764 466 792 Christi.
493 763 597 795 Filioli.
618 765 706 799 inquit
726 765 759 796 θ’,
784 758 871 791 all/mc

83 809 214 845 pusillam
231 810 363 837 vobiscum
377 818 444 837 sunt.
466 810 533 837 Cum
549 814 639 838 autem
656 810 741 838 lueris
758 811 870 843 Christi,
889 802 908 828 Β

84 856 140 884 eris
153 860 181 883 ct
193 855 388 892 omnipotentis
402 855 500 889 Patris,
521 856 585 892 quia
599 864 682 884 unum
700 861 763 884 sunt
778 856 872 883 unita:-

85 910 139 934 que
153 906 269 929 natura:
284 902 323 928 Ad
342 902 393 929 hoc
411 901 627 937 laboratjustus,
640 902 666 930 in
681 902 732 929 hoc
751 903 871 930 studium

85 955 166 985 suum
182 955 264 974 omne
276 947 419 980 convertit,
429 952 459 974 ut
475 947 604 979 Danielis,
616 947 711 981 etJob,
729 954 756 977 et
764 948 832 981 Noe.
846 954 873 976 et

85 993 204 1020 Abrahae
218 992 291 1021 ﬁlius
305 993 462 1022 ostendatur
475 994 508 1021 ad
520 994 692 1028 adoptiouem
707 995 766 1027 Dei,
777 1000 804 1022 et
814 995 871 1030 jam

85 1046 141 1066 non
166 1044 280 1066 vocetur
300 1039 441 1067 hominum
461 1040 636 1074 nominibus,
663 1041 710 1068 sed
734 1042 873 1070 vocabulis

85 1085 206 1112 tlliorum
225 1085 282 1113 Dei.
310 1085 337 1112 Si
352 1093 418 1121 ergo
438 1086 538 1113 fuerint
555 1091 609 1114 tres
623 1087 674 1114 viri
687 1087 743 1122 isti,
759 1095 813 1115 non
829 1089 873 1116 in-

85 1133 160 1165 digct
182 1130 301 1165 Spiritus
315 1136 427 1158 sanctus
437 1151 445 1163 ,
465 1136 493 1159 ut
508 1133 589 1160 etiam
603 1140 676 1160 nunc
689 1131 755 1166 Noe,
781 1139 808 1163 et
821 1134 873 1162 Da-

86 1176 197 1207 nielein,
217 1181 244 1204 et
257 1175 308 1203 Job
320 1177 453 1204 ostendat.

121 1221 148 1248 6.
169 1221 233 1249 Tres
249 1223 300 1249 viri
311 1223 356 1249 isti
369 1223 396 1250 in
411 1224 496 1250 media
507 1224 574 1258 ejus.
589 1223 657 1252 Dicit
674 1225 738 1253 mihi
751 1226 874 1254 eruditus

87 1269 198 1296 auditor
214 1277 221 1295 :
238 1273 292 1296 tres
310 1269 336 1295 in
357 1269 481 1304 praesenti
495 1270 682 1304 nominantur,
698 1280 788 1300 sermo
810 1281 874 1300 vero

88 1319 150 1342 tuus
162 1315 296 1350 plurimos
306 1315 430 1349 allii-mat,
445 1320 471 1343 et
483 1316 585 1348 Daniel,
597 1322 624 1344 et
636 1317 696 1351 Job,
708 1322 735 1344 et
744 1317 810 1345 Noe.
823 1318 873 1346 Cui

87 1361 126 1387 sit:
142 1362 377 1395 respondebimus.
393 1362 487 1390 Omnis
498 1363 647 1391 similitudo
659 1364 788 1392 similium
803 1373 874 1393 unus

86 1411 139 1438 cSI,
154 1412 182 1434 et
197 1415 251 1434 non
267 1407 359 1441 plures
373 1409 417 1443 qui
434 1409 535 1437 similes
552 1414 627 1438 sunt.
643 1408 700 1438 Non
719 1410 794 1444 plura
811 1418 873 1437 cor-

921 175 958 203 cit
980 175 1080 202 multas
1097 182 1158 202 esse
1174 175 1295 207 bestias,
1311 182 1380 210 quas
1393 175 1492 203 emittit
1512 175 1585 203 Dens
1603 176 1629 202 in
1646 183 1708 210 pec-

920 220 1048 248 catricem
1061 224 1173 252 terram.
1187 220 1211 248 si
1228 225 1317 247 tamen
1335 224 1406 247 terra
1420 226 1512 247 nostra
1528 221 1680 254 peccaverit
1697 229 1704 247 :

919 265 1094 292 Adversarius
1113 271 1205 293 noster
1219 265 1341 292 diabolus
1357 271 1384 292 ut
1405 266 1445 293 leo
1461 266 1566 300 rugiens
1588 265 1706 291 ambulat

919 320 1036 347 quwrens
1048 319 1124 346 quem
1141 311 1246 339 devoret
1268 312 1302 338 ⁸⁷.
1325 310 1372 338 Illa
1393 319 1501 345 quoque
1517 311 1631 338 historia
1645 318 1707 345 quae

922 357 1078 393 Scripturas
1099 356 1244 390 diligenter
1271 357 1480 384 observantibus
1497 357 1522 383 in
1541 357 1651 391 planum
1676 364 1706 382 se

921 404 1022 438 pra-bet
1042 403 1220 437 intellectum,
1247 402 1402 430 istiusmodi
1427 402 1507 430 habet
1531 402 1707 437 signiﬁcatio-

922 457 994 482 nem,
1006 449 1115 484 quando
1130 448 1184 475 duo
1203 448 1259 475 ursi
1274 448 1307 475 ad
1323 448 1450 482 parvulos
1466 447 1543 474 missi
1560 451 1634 479 sunt,
1651 448 1702 481 qui

921 494 1100 522 contumelias
1113 493 1249 521 iaciebant
1258 493 1521 528 prophetazdieentcs
1529 493 1551 508 ⁵³
1561 501 1568 519 :
1579 492 1706 523 Ascende,

922 540 1003 572 calve,
1030 539 1151 572 ascende,
1178 539 1259 566 calve.
1288 538 1350 566 Ursi
1378 545 1495 572 namque
1516 538 1554 564 illi
1575 537 1602 564 in
1627 537 1707 571 ligno

921 590 998 615 crant
1014 585 1129 613 aliarum
1144 585 1304 617 bestiarum,
1319 592 1379 619 quae
1393 592 1454 611 vere
1471 583 1549 614 lem.
1564 590 1628 610 vere
1643 586 1708 610 sunt

923 631 1033 663 rabidae.
1057 639 1118 666 quze
1142 631 1287 658 mittuntur
1314 631 1341 658 in
1362 631 1432 658 hanc
1455 630 1634 665 peccatricem
1653 633 1708 656 ter-

922 685 991 706 ram.
1007 676 1105 704 Procul
1126 680 1217 704 autem
1235 676 1308 703 absit
1325 683 1340 702 a
1356 675 1435 703 nobis
1455 680 1486 703 ut
1499 675 1590 703 bestiae
1603 674 1639 702 ad
1656 681 1707 701 nos

924 730 972 757 pro
989 722 1036 750 Dei
1054 722 1155 750 ultione
1170 722 1314 749 mittantur
1326 741 1334 752 ,
1352 721 1418 756 quin
1434 721 1525 756 potius
1542 721 1570 749 in
1583 721 1708 748 oratione

924 768 1047 796 dicamus
1058 768 1079 783 ⁶⁹
1097 777 1103 794 :
1122 767 1163 795 Ne
1180 767 1324 794 tradideris
1341 767 1432 794 bestiis
1445 768 1560 794 auiinam
1578 766 1707 800 conﬁten-

924 819 974 840 tem
985 813 1033 840 tibi
1044 813 1054 840 Ι
1063 813 1119 848 Ego
1133 813 1196 840 novi
1209 817 1413 847 perseverantes
1430 812 1457 838 in
1475 812 1526 839 lide
1540 810 1629 845 justas
1641 810 1708 838 ieris

924 859 1048 892 traditos,
1072 863 1099 887 et
1122 859 1254 887 laceratos
1271 858 1306 885 ab
1319 857 1360 884 cis
1381 864 1587 885 consummasse
1606 861 1708 890 marty-

924 906 1006 936 rium,
1032 912 1082 932 nee
1109 909 1198 931 tamen
1221 903 1314 931 beatos
1336 910 1397 930 esse
1416 901 1540 930 desiisse.
1559 901 1618 929 Non
1634 902 1707 928 enim

923 950 1016 978 bestiis
1037 949 1147 978 fuerant
1163 949 1253 977 traditi
1271 948 1441 982 spiritalibus
1463 953 1491 977 et
1514 947 1708 978 invisibilibus,

923 1004 983 1031 quae
1000 995 1120 1025 lacerant
1139 995 1245 1022 animas
1260 999 1433 1029 peccatorum
1449 998 1477 1020 ct
1495 993 1590 1021 dentes
1602 999 1668 1020 suos
1681 992 1707 1018 iu

925 1044 1071 1078 impiorum
1094 1043 1177 1071 corda
1198 1042 1328 1076 deligunt.
1348 1040 1576 1073 Quemadmodum
1593 1039 1666 1066 enim
1685 1039 1710 1066 si

923 1095 1014 1125 pastor
1031 1096 1064 1117 ea:
1080 1097 1124 1117 ore
1135 1088 1237 1117 leonum
1260 1087 1353 1114 et‘ellat
1372 1087 1424 1114 duo
1439 1095 1518 1114 crura
1532 1087 1598 1116 ovis.
1612 1086 1650 1112 uel
1662 1093 1710 1113 2:;-

924 1141 1036 1163 tremum
1051 1135 1191 1167 attrit-ulte.
1215 1135 1256 1163 ita
1271 1133 1413 1162 evelluntur
1425 1132 1476 1168 filii
1489 1131 1577 1159 Israel
1592 1131 1626 1157 ⁷ο.
1644 1130 1711 1158 Tra-

924 1182 998 1210 ditur
1008 1189 1072 1216 ergo
1082 1180 1229 1215 aliquando
1243 1183 1314 1208 terra
1328 1178 1424 1206 bestiis
1437 1177 1470 1207 ad
1484 1177 1667 1210 eversionem,
1679 1180 1710 1204 ut

924 1228 1064 1255 auferatur
1082 1227 1117 1254 ab
1127 1234 1158 1254 ea
1172 1227 1253 1254 homo
1266 1229 1293 1252 et
1306 1232 1398 1259 pecus.

959 1274 985 1300 8.
1005 1273 1037 1301 Et
1046 1273 1161 1300 observa
1174 1272 1319 1307 diligenter
1337 1269 1505 1298 ditl‘crentias
1517 1267 1709 1298 comminatio-

925 1327 1000 1346 nnm.
1026 1319 1054 1346 ln
1071 1319 1158 1352 prima
1179 1317 1394 1345 comminatione
1413 1315 1494 1344 lamis
1510 1315 1569 1343 ait:
1586 1314 1642 1349 Ipsi
1659 1313 1709 1342 soli

924 1364 1099 1392 solvebantur
1123 1363 1192 1396 Noe,
1211 1362 1305 1390 Daniel
1328 1367 1353 1389 ct
1373 1361 1437 1389 Job.
1456 1361 1486 1389 ln
1510 1360 1629 1389 secunda
1645 1366 1710 1386 vero

926 1411 971 1439 ubi
999 1411 1100 1439 bestias
1127 1409 1315 1437 intmissttrum
1334 1416 1363 1436 se
1385 1415 1446 1435 esse
1467 1411 1591 1438 testatur,
1615 1405 1662 1433 lilii
1682 1410 1710 1432 et
1754 1416 1758 1419 -

87 1460 167 1486 pora,
190 1452 238 1479 sed
264 1461 348 1480 unum
368 1461 466 1487 corpus
486 1462 581 1483 omnes
611 1463 716 1488 sumus,
738 1455 820 1490 juxta
847 1455 873 1482 id
889 1467 910 1493 ς
927 1458 988 1485 tilia),
1009 1460 1172 1490 nuncupake
1191 1459 1264 1483 sunt.
1295 1453 1479 1480 Verumtamen
1497 1451 1549 1486 ipsi
1567 1450 1617 1479 soli
1642 1450 1710 1479 salvi

86 1498 159 1532 quoi
178 1498 311 1532 scriptum
325 1503 367 1526 est
378 1499 400 1515 ⁸³
416 1508 422 1525 :
449 1498 496 1526 Vos
508 1504 594 1526 autent
608 1500 670 1527 estis
689 1508 782 1534 corpus
795 1500 872 1529 Cliri-

88 1544 133 1576 ςιὶ,
157 1548 181 1570 et
203 1544 318 1571 membra
333 1552 364 1571 ea:
388 1550 472 1580 parte.
498 1545 530 1572 Et
557 1545 680 1572 Salvator
699 1550 789 1573 noster
803 1546 876 1573 venit

87 1597 212 1623 quzercre
230 1595 257 1617 et
276 1590 382 1618 salvare
404 1591 475 1627 quod
495 1591 624 1626 perierat,
652 1591 678 1618 in
703 1597 876 1620 sacramento

88 1637 238 1669 nonaginta
264 1644 360 1662 novem
388 1637 479 1664 ovium
501 1645 554 1664 non
574 1638 723 1665 errantium
744 1642 771 1664 ct
797 1638 877 1666 unius

89 1682 215 1717 perditas.
237 1681 311 1709 Venit
323 1682 416 1717 quippe
432 1681 518 1710 Filius
531 1683 644 1710 hominis
657 1691 773 1718 quaerere
781 1688 806 1710 et
819 1684 876 1711 sal-

88 1735 151 1755 vare
165 1727 235 1758 quod
252 1728 366 1762 perierat
379 1727 411 1754 θ’.
428 1727 570 1760 Quomodo
590 1729 661 1755 enim
677 1737 761 1756 unum
777 1737 877 1764 corpus

89 1773 169 1808 plura
191 1778 256 1800 sunt
277 1781 408 1809 corpora,
422 1779 450 1801 et
471 1782 524 1802 una
540 1775 599 1802 ovis
621 1774 713 1809 plures
734 1780 798 1802 sunt
812 1783 878 1803 oves

90 1828 153 1851 qua:
168 1819 321 1854 perierant,
349 1820 400 1847 hoc
422 1825 500 1855 pacto
523 1827 619 1848 omnes
646 1819 713 1854 Noe,
734 1820 829 1848 Daniel
851 1825 878 1849 et

89 1864 153 1896 .lob,
168 1866 194 1891 in
213 1873 298 1892 unum
312 1864 380 1897 Noe,
396 1869 422 1891 ct
436 1864 497 1898 Job,
513 1871 540 1893 et
556 1866 693 1894 Danielem
707 1866 876 1901 rediguntur.

128 1910 155 1936 7.
176 1909 232 1944 Ipsi
248 1911 394 1945 injustitia
407 1920 456 1938 sua
474 1911 664 1944 saloabuntur,
686 1912 751 1939 dicit
775 1912 878 1939 Adonei

94 1955 224 1983 Dominus
245 1956 278 1982 ‘5.
305 1956 385 1985 Prius
407 1965 505 1986 nomen
523 1957 569 1985 Dei
591 1963 709 1992 quatuor
729 1959 879 1986 litterarum

88 2007 152 2034 est,
181 2003 254 2037 quod
284 2003 476 2039 interpretatur
503 2005 664 2032 naturaliter
695 2004 776 2032 Deus.
809 2005 880 2040 Ergo

89 2049 228 2077 emittitur
244 2054 354 2085 propter
374 2054 482 2084 peccata
500 2055 579 2077 terra:
594 2049 678 2078 iantes
697 2060 703 2077 :
727 2055 798 2077 terra
815 2058 880 2078 vero

90 2095 246 2122 St'Ctlltdulll
268 2102 364 2122 ontncs
390 2103 488 2123 sensus
512 2103 582 2130 quos
606 2103 687 2130 supra
712 2096 832 2123 diximus
851 2101 878 2123 et

927 1507 1012 1534 erant.
1027 1502 1091 1529 dicit
1107 1502 1211 1528 Αιιυιιαὶ
1235 1500 1371 1527 Dominus.
1392 1498 1444 1532 Qui
1466 1498 1543 1526 locus
1565 1496 1712 1532 dupliciter

928 1547 1095 1583 intelligitur.
1111 1547 1150 1574 Ac
1165 1546 1281 1580 primum
1295 1544 1444 1573 secundum
1457 1549 1630 1571 communem
1648 1549 1711 1570 κη-

928 1601 988 1622 sum
1004 1600 1183 1628 exponamus,
1198 1591 1233 1618 ob
1246 1589 1437 1618 nonnullorutn
1456 1587 1650 1622 insipientiam,
1662 1585 1711 1621 qui

928 1647 1039 1668 sensum
1053 1638 1137 1666 auiini
1149 1638 1203 1670 sui,
1225 1636 1270 1664 Dei
1284 1643 1344 1664 esse
1362 1638 1489 1663 asserunt
1510 1634 1661 1665 veritatem.
1684 1637 1714 1660 ct

929 1684 1084 1718 l‘equenter
1099 1683 1208 1710 dicunt;
1219 1681 1341 1708 futurum
1355 1683 1396 1708 est
1411 1685 1440 1707 ut
1454 1678 1641 1713 unusquisque
1659 1684 1710 1703 uo-

928 1735 1015 1757 strum
1034 1729 1161 1764 precibus
1176 1728 1233 1756 suis
1247 1727 1344 1761 eripiat
1354 1732 1534 1760 quoscunque
1547 1724 1662 1751 voluerit
1678 1722 1714 1750 de

928 1777 1065 1811 gehenna;
1081 1780 1108 1802 et
1126 1774 1296 1808 iniquitatem
1317 1771 1491 1800 introducunt
1507 1769 1541 1797 ad
1553 1769 1714 1800 Dominam,

929 1829 983 1847 non
989 1819 1111 1847 videntes
1120 1818 1190 1853 quod
1203 1817 1308 1851 justitia
1320 1815 1387 1850 justi
1395 1821 1476 1849 super
1482 1813 1613 1843 eumerit,
1622 1816 1650 1839 et
1657 1811 1714 1838 ini-

929 1866 1020 1901 quitas
1033 1864 1118 1898 iniqui
1134 1871 1214 1897 super
1229 1869 1303 1894 eum,
1319 1865 1346 1888 et
1357 1859 1546 1894 unusquisque
1561 1858 1587 1884 in
1602 1857 1714 1892 proprio

931 1915 1040 1946 peccato
1047 1909 1218 1940 morietur,et
1225 1907 1250 1934 in
1257 1904 1478 1942 propriajustttia
1484 1902 1638 1930 vivet.Nihil
1645 1902 1712 1928 mihi

931 1956 1058 1985 conducit
1066 1960 1168 1989 martyr
1177 1959 1264 1988 pater,
1274 1953 1295 1979 si
1305 1959 1359 1978 non
1368 1951 1435 1977 bene
1446 1949 1540 1975 vixero
1547 1951 1574 1974 ct
1581 1953 1716 1974 ornavero

931 2000 1037 2038 generis
1056 2001 1108 2028 mei
1129 1999 1297 2027 nobilitatem
1307 2017 1315 2030 ,
1331 1996 1382 2023 hoc
1395 1999 1437 2023 est
1453 1992 1638 2022 testimonium
1654 1992 1717 2026 ejus

930 2037 1011 2083 373
1020 2051 1047 2074 cl.
1057 2045 1257 2073 confessionem
1271 2050 1325 2077 qua
1338 2041 1489 2067 illustratus
1500 2043 1542 2065 est
1557 2038 1584 2064 in
1592 2037 1713 2067 Christo.

932 2093 1004 2120 Nihil
1029 2091 1138 2128 prodest
1152 2089 1252 2119 Judaeis
1265 2087 1448 2116 dicentibus“
1463 2094 1470 2113 :
1485 2084 1540 2112 Nos
1553 2084 1584 2110 de
1597 2084 1716 2118 {arnica-

90 2148 274 2175 quoscunque
287 2140 471 2176 intelligentizc
489 2128 648 2169 auditorum
663 2141 833 2176 reliquimus,
850 2147 879 2168 ut
896 2141 916 2168 Ι)
932 2141 1000 2167 tione
1019 2139 1075 2165 uati
1090 2146 1140 2164 non
1151 2144 1252 2168 sumus,
1268 2143 1349 2162 unum
1364 2139 1464 2168 putrem
1481 2131 1603 2158 habemus
1620 2128 1716 2156 Dentis

90 2195 126 2214 ex
145 2188 248 2214 nostris
270 2187 350 2213 dictis
370 2187 419 2222 ipsi
436 2188 487 2214 sibi
504 2188 572 2216 alias
592 2188 783 2222 intelligentias
801 2196 877 2223 repe-

91 2233 190 2259 rirent.
211 2232 358 2260 Videamus
379 2238 469 2261 autem
493 2237 520 2261 ct
541 2233 615 2261 aliud
637 2241 705 2268 opus
720 2234 766 2262 ira:
783 2234 881 2262 divina:

92 2278 247 2305 ciniuentis
265 2278 290 2305 in
308 2282 407 2306 terram
425 2279 603 2314 peccatricem
620 2279 722 2308 bestias
737 2279 879 2314 pessimas.

92 2324 180 2350 Aiunt
195 2325 277 2351 etiam
291 2322 375 2350 Judaei
386 2345 394 2358 ,
421 2325 444 2352 si
464 2325 573 2359 quando
590 2325 644 2360 lupi
660 2325 783 2353 homines
796 2325 880 2353 devo-

94 2370 219 2396 ravcrint
245 2370 373 2404 impetum
400 2370 530 2398 facientes
552 2371 577 2398 in
601 2371 707 2403 domos,
726 2375 753 2397 et
777 2375 881 2398 cetera:

93 2417 200 2448 bestiae.
213 2421 241 2444 ut
257 2417 370 2444 historia
388 2417 470 2444 refert
484 2418 577 2445 leones
590 2417 727 2452 quondam
745 2417 771 2444 in
782 2417 879 2445 lanna-

95 2472 164 2490 num
188 2471 274 2498 genus
299 2463 448 2497 immissos,
474 2468 501 2490 et
526 2463 579 2491 alio
608 2467 729 2498 tempore
753 2471 832 2492 ursos
847 2464 880 2496 “,

93 2509 251 2536 istiusmodi
263 2508 452 2536 devorationes
466 2516 499 2536 ex
511 2507 558 2536 Dei
572 2508 758 2543 indignatione
769 2509 882 2536 descen-

93 2554 173 2582 dere.
192 2553 226 2580 Et
246 2553 320 2580 lmnc
345 2554 452 2580 interim
476 2562 587 2581 sensum
609 2558 638 2580 ut
654 2561 801 2587 sequantur
816 2553 884 2581 litte-

94 2605 156 2624 ram
176 2597 210 2624 ab
224 2598 315 2624 altiori
334 2598 471 2625 intellectu
483 2598 649 2629 recedentes.
665 2606 737 2625 nunc
748 2598 825 2633 sequi
842 2597 883 2624 vi"

93 2645 194 2673 demus
215 2646 385 2680 prophetam.
411 2645 463 2678 Qui
485 2649 575 2672 autem
596 2645 727 2679 spiritalis
739 2650 793 2677 est,
811 2645 885 2680 judi-

133 2727 155 2742 ‘°
180 2726 268 2753 ltlor.
297 2733 334 2754 tv.
364 2724 414 2755 16;
443 2733 481 2756 Μ,
516 2725 537 2751 l.
575 2725 595 2740 ⁸¹
621 2724 709 2751 Gal-at.
739 2732 781 2753 ιν,
803 2723 841 2750 19.

97 2806 141 2830 ιιι,
163 2799 202 2825 12.
260 2797 281 2812 ⁷⁸
299 2795 374 2824 ,ιυωι
395 2803 453 2827 ιἰιι,
472 2796 510 2822 Η.
549 2796 571 2811 ⁷¹
584 2795 662 2827 ἱιιίιι.,
676 2795 719 2821 51!.

882 2723 904 2737 ’π
920 2721 999 2749 Joan.
1016 2728 1076 2750 xm,
1093 2719 1138 2745 '55.

95 2764 120 2778 “
138 2762 235 2789 Ezech.
254 2769 311 2789 xtv.
335 2760 377 2787 Η.
410 2753 438 2776 ’δ’
455 2753 487 2786 Ν
505 2759 570 2793 ltug.
589 2767 654 2790 xvn,
668 2759 696 2785 ‘2.
732 2760 753 2775 "
767 2759 774 2784 l
788 2758 857 2785 l'etr.

942 2776 948 2784 .
966 2758 988 2773 ⁵⁸
1005 2755 1036 2782 ιν
1052 2755 1116 2789 Reg.
1135 2761 1164 2785 ιι,
1186 2753 1231 2780 25.

933 2193 1005 2215 nam,
1018 2189 1043 2211 et
1056 2188 1116 2218 post
1131 2182 1299 2210 modicum"
1314 2190 1320 2207 :
1334 2178 1465 2206 Abi-altam
1480 2181 1553 2212 pater
1568 2181 1655 2203 noster
1665 2180 1717 2204 est.

934 2232 1108 2266 Quaecunque
1124 2229 1251 2259 dixerint.
1265 2233 1432 2262 quaecunque
1446 2225 1497 2252 sibi
1515 2229 1655 2251 assumere
1667 2229 1718 2248 vo.

934 2277 1042 2308 luerint,
1055 2275 1079 2303 si
1095 2282 1148 2301 non
1163 2273 1306 2301 habuerint
1325 2273 1402 2299 tidem
1418 2271 1565 2303 Abraham,
1578 2269 1718 2296 incassum

934 2323 1094 2357 gloriantur.
1109 2319 1202 2355 Neque
1218 2319 1289 2346 enim
1306 2319 1366 2346 ideo
1381 2315 1636 2350 salvabuntur,quia
1653 2317 1719 2342 sunt

935 2368 981 2395 lilii
1009 2365 1158 2394 Abraham.
1182 2365 1315 2398 Quoniam
1341 2371 1405 2398 ergo
1433 2362 1542 2398 quidam
1569 2368 1621 2387 non
1645 2363 1718 2386 recte

934 2415 1091 2449 opinamur,
1105 2411 1259 2438 necessario
1277 2409 1489 2444 interposuimus
1501 2408 1583 2434 etiam
1605 2413 1718 2434 sensum

934 2460 1029 2487 littera:
1045 2457 1180 2485 dicentis:
1193 2455 1278 2483 Filios
1289 2461 1314 2483 et
1331 2456 1402 2490 ﬁlias
1418 2462 1469 2481 non
1483 2452 1632 2481 liberabant
1650 2450 1719 2483 Noe|

938 2505 1049 2537 Daniel,
1071 2510 1093 2532 et
1109 2503 1159 2530 Job
1170 2523 1177 2535 ,
1190 2504 1234 2531 sed
1249 2503 1299 2537 ipsi
1315 2502 1365 2528 soli
1387 2501 1453 2527 salvi
1467 2503 1553 2526 erant.
1569 2497 1653 2525 Nemo
1667 2505 1719 2524 no<

937 2556 1023 2577 stram
1040 2549 1159 2576 conﬁdat
1180 2549 1206 2575 in
1227 2547 1300 2582 justo
1322 2551 1414 2581 patre,
1429 2546 1456 2572 in
1470 2549 1556 2571 matre
1567 2545 1678 2574 saneta,
1691 2541 1719 2568 iu

938 2597 1066 2624 fratribus
1085 2595 1178 2622 castis.
1201 2593 1301 2621 Beatus
1324 2593 1405 2619 homo
1424 2590 1470 2626 qui
1495 2597 1570 2624 spem
1588 2588 1670 2615 habet
1691 2587 1720 2615 in

938 2642 1099 2677 semetipso,
1115 2645 1142 2669 et
1164 2640 1190 2667 in
1213 2639 1256 2667 via
1279 2643 1362 2666 recta.
1383 2637 1423 2664 Ad
1441 2644 1489 2664 eos
1511 2640 1602 2664 autent
1627 2634 1673 2669 qui
1691 2633 1720 2661 in

1177 2718 1201 2734 “
1217 2717 1225 2743 1
1239 2718 1302 2745 Cur.
1318 2725 1366 2749 xu,
1392 2716 1437 2743 27.
1476 2715 1498 2731 ⁸³
1513 2714 1578 2741 Luc.
1600 2720 1656 2749 an,
1676 2711 1718 2741 l0.

1272 2748 1374 2779 "l'sal.
1401 2758 1499 2783 tum,
1519 2750 1558 2777 l9.
1589 2748 1612 2765 "
1626 2750 1718 2777 Amos.
