1882 3052
170 84 222 112 703

758 83 838 111 ORIG
844 83 921 110 ENIS
942 81 973 109 ιδ
996 80 1213 109 ΕΖΙΞΕΙΙΙΙΞΕΕΜ

1749 81 1797 108 7M

167 146 268 174 sanctis
285 145 411 173 ﬁduciam
426 144 538 177 habent,
556 152 610 172 non
627 144 775 179 incongrue
791 144 956 179 proferimus
970 144 992 172 Δ
1007 140 1047 169 Ad
1078 147 1231 169 extremum
1258 142 1335 169 facta:
1357 145 1420 169 sunt
1451 141 1474 168 ei
1503 148 1567 168 oves
1593 141 1798 176 quatuoidcrun

166 191 320 225 exemplum
331 192 375 217 ":
395 190 552 217 Maledicta:
577 190 654 217 homo
673 190 720 225 qui
735 197 805 224 apem
829 190 904 216 habet
930 190 958 215 in

168 235 280 264 homine.
301 235 333 263 Et
351 236 418 263 illud
429 236 473 261 ’δι
489 235 579 262 Nolite
595 235 726 269 conﬁdere
745 235 772 261 in
797 235 956 261 hominibus.

168 280 222 309 Sed
243 287 271 310 et
292 282 365 309 aliud
377 282 399 299 "
415 290 422 309 :
438 281 542 308 Bonum
567 286 605 308 est
629 280 758 315 cortﬁdere
784 281 810 307 in
834 279 957 313 Domino,

168 334 247 361 quam
268 327 401 360 conﬁdere
421 327 448 353 in
471 326 643 361 principibus.
657 324 735 358 Quod
752 326 774 353 si
791 333 902 353 necesse
918 329 960 352 est

170 374 197 401 in
214 375 306 410 aliquo
323 382 432 409 sperare
443 394 450 406 ,
475 374 601 400 omnibus
617 373 754 400 derelictis
775 380 916 407 speremus
932 373 958 399 in

171 419 303 450 Domino,
329 419 449 446 dicentes
459 419 503 445 ":
525 417 554 445 Si
577 419 741 445 constiterint
763 419 901 444 adversum
920 426 961 444 me

170 471 258 492 castra
272 485 279 495 ,
299 473 350 492 non
365 466 469 492 timebit
483 473 528 491 cur
541 473 636 491 mcum.
652 464 720 491 Cum
734 464 791 491 lucc
814 464 850 491 ita
866 471 895 491 se
910 463 960 490 lla-

171 511 262 544 ioeant,
280 512 360 538 etiam
378 511 429 538 alia
443 511 522 538 nobis
537 511 652 546 qumslio
670 511 805 540 oboritur.
821 517 902 545 quam
915 510 960 537 di-

173 556 286 590 ligenter
297 557 427 583 debemus
441 560 580 587 excutere,
598 561 626 582 ιιι
640 555 843 590 Scriptor-arum
860 555 960 582 veritas

170 601 315 628 elucescat.
326 601 415 634 Quare
428 609 492 628 cum
505 601 571 628 tanti
590 601 645 628 sint
658 601 734 635 justi,
752 608 825 628 nunc
841 605 960 628 tanturn-

170 645 252 673 modo
266 651 320 674 tres
338 646 517 674 nominantur
531 645 598 676 Non.
614 650 640 673 ct
658 645 762 679 Daniel,
776 650 802 672 et
816 645 868 672 Job
881 645 960 672 ?Au-

169 691 223 718 divi
240 692 377 726 quondam
392 700 406 719 a
423 693 541 726 quodam
567 691 679 718 Hebraeo
705 691 777 718 hunc
803 692 891 719 locum
914 699 963 719 ex-

171 741 288 771 ponente
308 742 390 772 atque
404 738 526 767 dicente.
561 737 621 764 ideo
637 738 686 764 hos
702 738 872 771 nominatos,
896 738 960 772 quia

170 783 359 818 unusquisque
381 791 477 811 eorum
496 783 546 810 tria
571 788 691 818 tempora
708 783 824 814 viderit,
849 783 958 815 lanam,

171 827 248 855 triste
261 848 268 860 ,
285 833 310 854 et
325 836 434 855 rursum
452 828 553 855 Letum.
569 828 636 855 Vide
649 827 706 855 Noe
722 833 785 855 ante
803 827 935 856 diluvium
950 849 958 862 ,
977 821 996 848 Β

172 872 316 898 considera
331 873 462 899 mundum
478 873 628 907 integrum;
645 877 672 899 ct
685 872 811 900 eumdem
829 878 886 908 post
906 873 963 901 Noe

171 917 200 944 in
223 918 307 945 totius
333 918 408 945 orbis
429 918 571 952 naufragio
587 918 675 945 solum
694 926 756 945 cum
769 918 828 946 suis
852 919 914 946 ﬁliis
936 923 963 946 ct

173 963 338 990 animalibus
362 963 389 990 iu
413 970 476 990 arca
497 968 649 996 servatum,
668 963 810 991 considera
825 964 963 999 quomodo

174 1012 235 1042 pest
256 1007 386 1034 diluvium
402 1015 529 1042 egressus
549 1009 601 1040 sit,
624 1012 650 1035 ct
673 1009 833 1043 plantaverit
843 1008 961 1042 vineam,

172 1053 376 1088 quodammodo
385 1054 497 1081 secundi
508 1061 605 1081 rursus
615 1053 689 1081 orbis
698 1058 805 1082 creator
815 1055 962 1082 exsistens.

174 1099 248 1127 Talis
262 1104 304 1126 est
315 1100 421 1134 justus,
436 1099 502 1127 vidit
519 1099 649 1127 mundum
663 1106 726 1127 ante
747 1100 895 1132 diluvium,
912 1100 964 1127 hoc

173 1150 216 1172 est
231 1150 294 1172 ante
311 1147 592 1179 consummationem;
611 1146 678 1173 vidit
693 1146 825 1174 mundum
843 1147 869 1173 in
888 1146 964 1174 dilu-

173 1191 228 1224 vio,
245 1191 271 1218 in
285 1192 461 1226 corruptione
478 1196 505 1219 et
522 1192 548 1219 iu
564 1191 674 1219 interitu
689 1196 862 1226 peccatorum
877 1213 885 1225 ,
902 1199 964 1227 qua:

173 1238 201 1265 in
217 1238 340 1265 dicesunt
361 1243 491 1267 eventura
505 1238 617 1274 judicii;
642 1246 752 1265 rursum
769 1239 869 1266 ι·ἰιΙι-ὶ›ἰι
885 1247 964 1266 mun-

173 1283 238 1310 dum
262 1283 289 1310 in
314 1285 513 1312 resurrectione
538 1284 662 1311 omnium
689 1289 874 1318 peccatorum.
894 1284 965 1312 Dicit

174 1329 240 1355 mihi
259 1329 358 1363 aliquis
373 1338 380 1356 :
398 1329 525 1357 Concedo
546 1329 581 1357 de
597 1328 653 1356 Noe
669 1334 699 1356 ut
719 1330 769 1357 tria
786 1335 907 1364 tempora
925 1330 966 1358 vi-

174 1374 262 1407 dcrit,
278 1376 344 1410 quid
370 1376 547 1410 respondebis
568 1376 634 1403 mihi
656 1376 690 1403 de
712 1375 842 1403 Daniele?
866 1376 898 1404 Et
922 1378 966 1405 hic

132 1424 140 1432 ‘
175 1425 240 1448 ante
263 1421 446 1455 captivitatem
471 1424 498 1448 in
525 1422 619 1456 patriae
640 1421 732 1449 ﬂoruit
754 1423 909 1456 nobilitate,
937 1428 965 1451 et

176 1465 306 1501 deinceps
318 1467 345 1494 in
361 1466 526 1502 Babylonem
539 1468 686 1494 translatus
699 1468 844 1496 (διιιιιιριιιιε
853 1468 964 1496 eﬂ‘ectus

174 1517 217 1539 est
227 1512 241 1544 ,⁷
253 1516 283 1539 ιιι
307 1512 451 1540 manifeste
465 1521 498 1540 ex
518 1513 586 1540 libro
605 1513 692 1548 ipsius
717 1514 830 1548 intelligi
856 1519 961 1549 potest;

176 1557 245 1584 vidit
267 1562 295 1585 et
314 1559 498 1586 reversionem
515 1558 541 1585 in
557 1558 718 1586 Jerusalem.
744 1558 779 1586 Ut
794 1564 884 1587 autem
902 1567 964 1595 pro-

176 1603 256 1630 betur
269 1603 341 1638 quod
354 1609 417 1631 ante
427 1604 610 1638 captivitatem
629 1605 656 1631 in
669 1604 820 1633 Jerusalem
836 1605 926 1637 fuerit,
937 1611 965 1633 et

177 1653 240 1683 post
252 1649 437 1684 captivitatem
451 1651 594 1677 eunuchus
608 1651 720 1679 cﬂ‘ectus
731 1652 776 1683 sit,
792 1660 965 1679 assumamus

177 1693 205 1720 id
225 1693 298 1728 quod
319 1695 352 1721 ad
378 1694 521 1722 Ezechiam
545 1696 646 1723 dictum
671 1697 741 1724 cst"
757 1705 763 1724 :
780 1698 912 1731 Accipient
934 1700 965 1725 de

177 1740 243 1774 ﬁliis
259 1741 328 1773 luis,
341 1745 366 1767 et
381 1741 478 1776 facient
497 1742 625 1776 spadones
644 1743 672 1770 in
683 1743 760 1770 domo
773 1744 851 1778 regis.
864 1743 965 1772 Deinde

178 1790 239 1820 post
257 1787 427 1821 septuaginla
450 1795 537 1815 annos
553 1788 688 1816 invenitur
701 1789 850 1824 deprecans
867 1788 964 1823 Deum,

178 1834 208 1857 ut
235 1831 370 1866 completo
390 1831 445 1866 jam
467 1836 587 1867 tempore
606 1834 773 1868 captivitatis
798 1834 966 1870 ingrediatur

176 1875 337 1905 Jerusalem.
361 1878 496 1906 llabcmus
519 1879 670 1907 Orationem
693 1880 752 1915 ejus
777 1881 803 1908 in
825 1882 964 1909 volumine

178 1923 286 1957 proprio
301 1924 483 1960 conscriptam
498 1925 532 1957 "‘,
553 1933 603 1953 nec
624 1930 712 1953 tamen
730 1934 877 1962 possumus
891 1928 966 1956 iuvc-

177 1967 236 1995 nire
253 1969 297 1996 ubi
314 1969 350 1996 sit
366 1975 502 1998 manuus.
518 1970 593 1998 Vidit
606 1979 672 2006 ergo
690 1972 740 1999 tria
757 1977 877 2007 tempora
903 1979 965 2001 ante

177 2013 378 2047 captivitatem,
399 2015 425 2042 in
450 2014 605 2049 captivitate
632 2020 659 2043 ct
684 2021 745 2051 post
767 2018 962 2052 captivitatem.

177 2057 250 2086 Talis
271 2059 362 2094 justus
378 2065 429 2088 est.
454 2061 601 2089 Videamus
621 2066 713 2089 autem
737 2070 771 2089 an
791 2067 818 2090 et
837 2063 889 2092 Job
913 2065 964 2092 tria

178 2106 299 2137 tempora
325 2104 487 2133 habuerit".
511 2106 574 2133 Fuit
598 2107 708 2140 quidem
733 2107 966 2142 locupleszerant

1010 187 1110 219 millia,
1127 187 1223 214 camcli
1244 195 1289 214 scx
1306 186 1406 217 millia,
1426 186 1490 221 juga
1507 186 1589 213 boum
1607 186 1700 218 mille,
1717 186 1800 213 asinae

1009 237 1151 267 pascentes
1174 233 1262 264 mille,
1287 237 1314 259 et
1337 237 1488 259 nascuntur
1501 231 1525 259 ei
1545 225 1594 258 lilii
1608 237 1713 266 septem
1729 235 1757 259 et
1770 231 1799 257 ﬁ-

1009 278 1052 304 liae
1062 278 1096 306 ⁸⁸.
1112 278 1200 312 Atque
1215 278 1251 304 ita
1265 281 1292 304 et
1308 278 1334 304 in
1348 276 1399 304 Job
1412 277 1463 304 tria
1479 282 1602 312 tempora
1620 277 1800 311 deprehendi-

1011 326 1091 357 mus,
1109 331 1170 358 qute
1182 324 1208 350 iu
1225 323 1307 358 justis
1329 323 1485 350 hominibus
1499 323 1660 357 reperimus.
1681 321 1745 349 Tria
1763 323 1799 348 vi-

1009 369 1075 395 dent
1092 368 1158 403 justi
1182 373 1322 403 tempora,
1349 375 1484 402 praesens,
1510 373 1537 395 et
1559 368 1800 401 commutationis,

1010 415 1119 450 quando
1140 415 1312 450 judicaturus
1332 419 1371 442 cst
1387 414 1473 446 Deus,
1489 419 1515 442 et
1529 414 1652 442 futurum
1678 420 1744 450 post
1761 423 1801 442 rc~

1010 459 1208 487 surrectioncm
1225 464 1409 491 mortuorum,
1422 459 1448 487 id
1463 465 1506 487 est
1518 460 1580 487 vitae
1601 460 1725 487 cmlestis
1740 468 1800 495 pcr-

1012 505 1170 539 petuitatem
1188 505 1215 532 in
1227 505 1338 532 Christo
1353 504 1416 532 Jcsu
1431 514 1438 532 :
1454 506 1498 532 cui
1511 510 1553 532 est
1570 506 1656 540 gloria
1670 511 1699 533 et
1716 507 1801 540 impe-

1012 551 1081 578 rium
1098 551 1125 578 in
1142 551 1239 579 saecula
1254 551 1428 578 smculorum.
1442 551 1539 578 Amen.

1308 606 1450 634 lthllLlA
1470 606 1503 635 V.

1013 662 1050 689 De
1061 672 1090 690 eo
1096 663 1164 697 quod
1176 669 1288 698 quatuor
1298 664 1409 690 ultiones
1417 664 1537 698 persimw
1545 663 1591 694 "',
1601 663 1628 689 id
1637 669 1674 690 est
1686 663 1802 698 gladius,

1048 698 1140 732 fontes,
1155 698 1243 725 lit-stite
1265 699 1342 725 tnttltL’
1358 704 1381 725 et
1398 698 1558 732 pestilentia,
1574 698 1740 724 inducuntur
1757 707 1803 723 au-

1047 741 1093 767 par
1114 739 1211 759 terrain
1227 735 1398 767 peccatricem
1413 742 1421 765 ;
1438 739 1460 759 ct
1476 734 1507 760 de
1522 733 1652 768 parabolu
1668 741 1723 768 qua
1737 733 1804 759 dici-

1047 775 1091 794 tur
1105 776 1114 795 :
1133 777 1142 793 ι
1158 767 1215 794 Fili
1229 769 1355 801 hominis,
1368 769 1432 803 quid
1444 769 1488 802 [iet
1503 768 1574 804 ligno
1585 769 1668 796 uitia?
1686 777 1696 793 ι

1051 825 1076 851 ι.
1103 824 1201 852 Fames
1234 833 1296 860 quae
1320 830 1428 860 propter
1453 825 1631 860 peccatricem
1667 824 1805 852 inducitur

1013 876 1112 898 terram
1122 891 1130 904 ,
1144 870 1220 906 juxta
1234 870 1439 906 possibilitatem
1458 875 1614 897 nostrarum
1629 870 1732 897 virium
1749 870 1805 898 dis-

1013 923 1094 943 cussa
1110 921 1168 948 est,
1186 920 1213 943 ct
1231 920 1290 951 post
1313 915 1412 943 famem
1430 915 1464 943 de
1483 915 1578 943 bestiis
1593 913 1722 950 pessimis
1737 916 1805 942 dixi-

1014 970 1074 989 mus
1089 970 1158 997 quas
1175 962 1302 989 immittet
1315 962 1388 990 Deus
1401 969 1483 997 super
1495 966 1664 996 peccatores.
1680 961 1804 994 Quatuor

1013 1007 1085 1035 enim
1110 1008 1228 1035 ultiones
1245 1008 1272 1034 in
1298 1008 1432 1042 principio
1448 1007 1657 1042 proposuimus.
1675 1015 1692 1034 c
1706 1008 1806 1041 quibus

1014 1056 1126 1090 reliqua:
1138 1055 1200 1082 dua!
1219 1059 1283 1081 sunt
1300 1055 1333 1082 de
1349 1055 1486 1090 romphma
1502 1058 1529 1081 et
1550 1054 1584 1082 de
1609 1060 1708 1083 morte.
1728 1054 1761 1080 Et.
1778 1055 1804 1081 in

1015 1101 1101 1136 prima
1126 1101 1235 1136 quidem
1253 1100 1370 1128 liliorum
1388 1105 1415 1127 et
1438 1101 1556 1127 liliarum
1581 1107 1682 1127 nomen
1701 1104 1804 1126 talltum

1014 1150 1066 1178 est,
1081 1145 1108 1172 in
1124 1146 1241 1173 secunda
1258 1153 1320 1173 vero
1339 1150 1367 1172 et
1383 1145 1461 1172 tertia
1485 1153 1567 1179 quam
1585 1153 1659 1172 nunc
1673 1153 1806 1172 conamur

1014 1200 1161 1227 exponere,
1173 1192 1292 1220 ﬁliorum
1306 1197 1334 1219 et
1350 1192 1468 1219 ﬁliarum
1487 1199 1585 1219 nomen
1601 1199 1738 1219 annexum
1754 1197 1804 1221 est.

1016 1237 1041 1264 id
1065 1242 1107 1265 est
1130 1238 1156 1264 in
1174 1237 1326 1272 romphaea,
1349 1245 1403 1272 qua
1427 1241 1560 1264 corruunt
1582 1237 1630 1272 qui
1650 1237 1725 1264 caede
1748 1237 1805 1273 t-jus

1015 1284 1096 1319 digna
1122 1283 1254 1311 iecerunt.
1273 1283 1340 1316 Quis
1362 1288 1402 1310 est
1419 1290 1483 1318 ergo
1501 1283 1553 1310 iste
1570 1283 1694 1317 gladius,
1711 1284 1737 1310 id
1764 1289 1804 1310 est

1018 1329 1166 1364 romplnra,
1182 1337 1264 1364 quam
1276 1337 1326 1357 nos
1343 1329 1490 1357 formidare
1501 1329 1632 1357 debemus
1647 1338 1681 1357 ne
1697 1330 1806 1365 quando

1017 1375 1140 1402 mittatur
1151 1383 1232 1410 super
1243 1379 1344 1402 terram
1358 1380 1491 1407 nostram.
1510 1383 1593 1410 super
1606 1381 1708 1403 terram
1725 1384 1806 1410 quam

1017 1421 1166 1456 ﬁguraliter
1192 1421 1387 1456 exposuimus,
1421 1425 1450 1448 ut
1484 1426 1511 1448 ct
1534 1423 1614 1449 nobis
1641 1430 1754 1449 necesse
1773 1422 1808 1449 sit

1017 1467 1133 1494 transire
1150 1475 1196 1502 per
1219 1468 1337 1502 gladium
1364 1467 1462 1502 duplex
1478 1467 1580 1502 aliquid
1608 1469 1754 1496 habentem
1781 1469 1807 1496 in

1017 1512 1114 1546 poclm?
1130 1511 1242 1539 Habitus
1259 1511 1359 1546 quippe
1375 1511 1461 1546 ipsius
1477 1511 1558 1546 gladii
1580 1513 1679 1540 diridit
1695 1518 1723 1541 et
1735 1519 1809 1541 secat

1015 1565 1077 1585 cum
1094 1558 1120 1584 in
1131 1565 1210 1592 quem
1226 1557 1393 1584 interturzsi
1406 1565 1470 1585 vero
1481 1557 1514 1584 ad
1528 1565 1644 1585 acumen
1660 1559 1730 1585 aciei
1746 1560 1805 1593 ejus

1015 1604 1096 1630 etiam
1113 1609 1201 1630 tactus
1218 1603 1276 1638 ipse
1293 1602 1408 1638 poenalis
1424 1608 1483 1636 est,
1505 1603 1650 1638 dupliciter
1667 1608 1809 1638 torquetur

1016 1649 1062 1683 qui
1081 1649 1132 1676 hoc
1148 1649 1238 1684 gladio
1248 1649 1404 1684 puniendus
1418 1653 1470 1676 est.
1487 1648 1624 1684 Scriptum
1636 1654 1680 1677 est
1690 1651 1764 1677 enim
1776 1651 1807 1677 “;

1017 1693 1117 1720 Statuit
1139 1694 1241 1728 igneam
1266 1693 1444 1728 remp/tatam,
1467 1697 1492 1720 et
1518 1694 1651 1721 cherubim
1676 1696 1810 1722 custodire

1017 1741 1085 1766 riam
1098 1740 1163 1774 ligni
1178 1740 1246 1766 uitw.
1262 1739 1293 1766 Et
1309 1739 1448 1774 quomodo
1456 1739 1538 1775 374
1551 1740 1574 1767 si
1588 1741 1697 1775 gladius
1712 1748 1808 1769 acutus

1016 1790 1043 1812 ct
1065 1785 1185 1813 candens
1206 1785 1339 1812 inferatur
1362 1785 1389 1812 in
1414 1793 1514 1820 corpus
1527 1805 1536 1820 ,
1557 1786 1695 1821 duplicem
1714 1789 1808 1815 tribuit

1016 1831 1166 1858 cruciatum
1178 1852 1186 1864 ,
1212 1831 1381 1864 adustionis,
1398 1836 1425 1860 et
1443 1833 1543 1865 caedis,
1562 1833 1602 1861 sic
1619 1838 1647 1861 et
1671 1835 1807 1869 romphsa

1016 1884 1076 1911 quae
1103 1877 1136 1904 ad
1168 1877 1323 1904 custodiam
1350 1878 1471 1912 paradisi
1495 1883 1597 1906 statuta
1627 1885 1807 1912 memoratur,
1831 1884 1835 1888 ‘

1016 1930 1096 1956 quam
1122 1931 1195 1950 nunc
1218 1922 1253 1949 ob
1276 1923 1475 1957 expositionem
1497 1924 1580 1960 gladii
1598 1926 1742 1959 praesentis
1766 1934 1810 1954 as-

1016 1968 1198 2002 smup-inms,
1220 1968 1337 2002 duplicia
1363 1969 1445 1997 infert
1461 1974 1614 2002 tormenta,
1632 1971 1698 1998 dum
1719 1972 1809 1999 adurit

1016 2018 1042 2039 rt
1055 2013 1160 2041 dividit.
1177 2013 1210 2040 Ut
1226 2018 1317 2041 autem
1334 2016 1521 2043 necessarium
1538 2016 1641 2051 aliquid
1656 2026 1689 2044 cx
1708 2020 1808 2053 quibus

1018 2058 1088 2085 Deus
1114 2067 1224 2086 sensum
1241 2063 1365 2087 nostrum
1383 2060 1518 2088 illuminat
1543 2062 1570 2088 iu
1596 2062 1656 2090 loco
1682 2066 1808 2098 praesenti

1017 2103 1240 2138 iuterponamus,
1268 2105 1360 2140 accipe
1381 2107 1546 2140 exemplum.
1573 2107 1659 2135 Aiunt
1691 2110 1808 2138 studiosi

179 2149 278 2183 quippe
297 2150 321 2176 ci
344 2158 408 2177 ovcs
427 2155 531 2185 septem
548 2152 632 2179 millia
643 2172 650 2184 ,
677 2153 774 2180 cameli
792 2154 842 2181 tria
862 2155 946 2182 millia
957 2176 964 2187 ,
982 2151 1003 2178 υ
1019 2149 1188 2177 "mmmam
1203 2148 1355 2186 ἀίδείυίίυεὲ
1369 2151 1402 2178 ad
1417 2152 1550 2186 qllanam
1568 2160 1717 2187 ⁰⁰¹Ῥ⁰Γ¹³¹ιι
1728 2162 1808 2182 θηη-

177 2195 242 2229 jttga
258 2195 339 2221 boum
352 2196 514 2229 quingenta,
539 2201 566 2223 ct
578 2198 697 2231 supellex
715 2199 799 2225 multa
813 2199 901 2233 valde,
919 2201 966 2228 lilii

179 2245 299 2274 septem,
322 2241 382 2268 ﬁlia:
402 2245 468 2268 tres.
485 2240 585 2269 Deinde
608 2243 711 2277 accepit
732 2248 891 2277 potestatem
908 2245 968 2273 dia-

179 2286 259 2314 bolus
273 2287 404 2315 adversus
417 2296 490 2315 cuni.
508 2288 574 2316 Vide
596 2293 717 2324 tempora
732 2296 909 2320 commutata.
923 2293 967 2320 Di-

179 2342 226 2361 ves
239 2333 264 2360 in
278 2334 371 2361 liberis
387 2339 462 2368 pater
475 2339 585 2369 repente
598 2335 683 2363 orbus
696 2337 811 2364 elﬁcitur
826 2346 833 2364 :
849 2339 924 2368 dives
939 2341 966 2368 in

179 2389 263 2408 censu
287 2381 416 2408 dominus
428 2403 435 2411 .
455 2382 488 2408 ad
506 2382 630 2409 ultimam
651 2382 794 2410 deducitur
808 2389 964 2419 egestatem.

179 2425 249 2453 Ecce
268 2426 322 2452 duo
343 2429 474 2460 tempora.
498 2426 561 2453 Post
586 2426 643 2453 haec
657 2433 768 2462 apparet
783 2429 807 2455 ci
826 2428 965 2464 Dominus,

178 2477 206 2499 et
228 2472 349 2506 loquitur
360 2471 384 2499 ei
400 2471 433 2498 de
448 2472 518 2499 nube
530 2491 536 2503 .
554 2477 580 2500 et
594 2473 652 2507 ipse
665 2472 716 2500 Job
732 2481 763 2501 ea
779 2482 840 2509 qute
855 2481 919 2503 sunt
938 2478 964 2504 iu

178 2515 249 2543 libro
265 2515 326 2550 cjus
342 2516 443 2550 scripta
468 2517 617 2550 respondit.
640 2516 725 2552 Igitur
744 2519 770 2545 in
790 2519 880 2554 primo
898 2525 965 2548 tem-

179 2569 246 2595 pore
269 2560 317 2588 Dei
341 2561 468 2589 laudibus
486 2563 647 2596 prtedicatur
664 2572 670 2590 τ
689 2564 714 2590 in
742 2565 862 2593 secundo
879 2571 966 2595 tenta-

178 2607 246 2634 tioni
267 2607 400 2641 traditur,
427 2612 455 2634 ct
481 2608 632 2636 saevissimo
656 2609 746 2636 ulcere
779 2618 926 2645 percussus
951 2621 966 2640 a

178 2653 293 2690 pedibus
304 2661 389 2689 usque
410 2654 443 2681 ad
463 2659 545 2689 caput
562 2654 650 2682 tristia
675 2660 703 2682 et
716 2655 784 2682 dura
807 2657 964 2691 perpetitur.

216 2759 265 2787 "J
285 2768 352 2788 ιιι-ιη.
365 2769 434 2791 xvn.
448 2761 475 2788 5.
514 2761 536 2776 ⁷³
553 2760 625 2788 Psal.
641 2768 720 2790 cxcv,
735 2761 761 2787 2.

184 2802 224 2823 ιι.
276 2796 297 2811 τ’
311 2795 362 2823 Job
375 2803 393 2823 ι.

1017 2194 1105 2222 tiones
1120 2196 1300 2224 necessariam
1315 2205 1376 2225 esse
1387 2205 1442 2224 non
1460 2197 1547 2224 solum
1567 2199 1717 2228 sectionem
1731 2200 1808 2233 ferri,

1016 2248 1110 2268 verum
1125 2241 1205 2268 etiam
1220 2243 1402 2270 adustionem.
1420 2243 1488 2272 Nam
1505 2245 1540 2272 ad
1553 2252 1602 2273 eos
1617 2247 1664 2281 qui
1682 2249 1808 2276 canceris

1015 2291 1128 2315 veterno
1147 2293 1385 2323 computrescunt.
1410 2290 1570 2318 candentem
1592 2292 1652 2320 sive
1670 2296 1809 2322 novaculae

1017 2333 1144 2361 laminam
1167 2335 1224 2362 sive
1246 2335 1429 2370 quodcunque
1453 2338 1604 2365 acutissimi
1629 2337 1695 2366 ferri
1722 2349 1807 2374 genus

1020 2380 1158 2412 adhibent,
1174 2385 1204 2407 ut
1221 2388 1268 2415 per
1284 2381 1373 2416 ignem
1387 2382 1492 2410 radices
1505 2385 1628 2412 canceris
1645 2386 1806 2414 evellamur.

1020 2434 1066 2459 per
1082 2426 1240 2453 incisionctn
1255 2432 1344 2454 autem
1362 2427 1470 2462 putrida
1480 2436 1545 2456 caro
1559 2434 1711 2463 truncetur,
1727 2437 1754 2459 et
1767 2433 1808 2460 via

1020 2476 1110 2505 pateat
1134 2472 1362 2500 medicaminibus
1387 2473 1551 2508 injiciendis.
1577 2474 1645 2508 Quis
1662 2481 1743 2511 putas
1756 2486 1807 2505 no-

1019 2523 1104 2545 strum
1117 2519 1254 2552 canceris,
1278 2524 1307 2546 ut
1330 2519 1365 2546 ita
1381 2519 1471 2547 dicam
1483 2540 1491 2552 ,
1510 2521 1592 2548 habet
1608 2522 1699 2549 simile
1713 2531 1806 2558 pecca-

1020 2569 1089 2597 tum,
1113 2569 1142 2592 ut
1156 2573 1209 2591 non
1223 2565 1247 2592 ei
1264 2565 1379 2593 sulliciat
1393 2570 1439 2592 aut
1460 2566 1575 2600 simplex
1600 2575 1718 2596 acumen
1744 2568 1805 2596 ferri

1020 2615 1067 2637 aut
1089 2611 1146 2638 sola
1168 2611 1238 2645 ignis
1255 2611 1381 2642 adustio,
1407 2611 1453 2638 sed
1473 2616 1588 2646 utraque
1613 2614 1804 2646 adhibeantur,

1021 2666 1075 2693 quo
1100 2660 1192 2682 uratur
1215 2662 1242 2683 et
1264 2657 1389 2683 secetur?
1413 2657 1481 2684 Audi
1509 2656 1678 2686 Salvatorem
1706 2660 1806 2687 ratione

805 2761 828 2776 "'
847 2761 916 2789 Psal.
938 2770 1026 2794 cxvu,
1044 2761 1071 2789 8.
1108 2762 1132 2778 "
1153 2760 1226 2788 Psal.
1246 2768 1320 2792 xxvr,
1339 2760 1366 2789 3.
1402 2761 1424 2777 ⁷⁷
1440 2759 1491 2787 lsa.
1513 2767 1595 2788 xxxtx
1609 2781 1616 2794 ,
1634 2760 1659 2788 7.
1699 2760 1722 2778 ⁷⁸
1739 2760 1802 2788 Dan.

433 2797 456 2812 "
471 2795 522 2824 Job
538 2803 603 2830 xtn,
621 2796 662 2829 l2,
678 2795 720 2823 l5.
758 2796 791 2812 “°'
805 2796 902 2824 Ezcch.
919 2804 961 2824 xn'
975 2802 1001 2825 ot
1021 2804 1064 2824 xv.

1103 2797 1124 2812 ⁸⁸
1140 2796 1207 2824 Gen.
1226 2803 1273 2829 ιιι,
1287 2795 1331 2823 ⁵26.
