1882 3052
85 146 134 173 7οἳ

85 204 154 238 ignis
169 209 197 231 et
213 203 278 232 ferri
296 206 323 233 in
339 205 446 233 duobus
461 206 529 234 locis
546 207 756 242 signiﬁcantem.
780 207 807 234 In
825 207 879 233 alio
895 209 916 236 Δ

83 250 144 278 loco
160 251 198 278 ait
208 253 232 267 '“
253 261 260 279 :
282 252 343 279 Non
364 254 421 280 veni
441 254 543 280 mittere
563 262 653 289 pacem
672 263 750 289 super
763 259 878 285 terram,

83 296 130 324 sed
145 296 277 331 gladium.
294 297 321 324 In
336 298 389 325 alio
410 298 502 325 vero”
515 307 521 325 :
535 299 626 334 Ignem
642 300 699 326 ueni
718 301 820 326 mittere
831 307 878 326 su-

82 349 129 375 per
155 346 270 371 terram.
295 347 320 369 et
347 344 449 370 tttinant
471 343 529 378 jam
547 345 666 371 ardeat?
691 345 776 380 Igitur
792 344 880 372 def-ert

83 392 232 421 utrumque
248 387 375 416 Salvator
387 410 393 422 ,
409 389 529 424 gladium
544 393 571 417 et
586 390 675 424 ignem
687 411 694 423 ,
709 395 736 418 et
760 390 879 426 baptizat

81 439 144 467 qua
175 440 231 460 non
263 438 412 468 potuerunt
436 434 555 470 Spiritus
579 436 665 463 sattcti
691 436 879 470 purilicatione

82 479 205 514 purgari.
225 478 402 508 Sacramenta
420 481 512 508 divina
535 488 600 508 sunt
624 487 651 509 et
674 482 835 515 incﬂ‘abilia,
851 488 878 510 et

81 523 130 550 sui
153 523 209 548 Deo
229 524 352 558 cognita,
373 525 434 559 plus
453 529 542 552 tamen
569 525 596 552 in
621 526 766 560 gratiarum
785 527 871 554 dona-

83 567 167 598 tione,
190 576 271 602 qnam
297 569 324 596 in
351 574 545 597 tormentorum
570 571 744 598 varietatibus
768 574 873 600 consti-

82 618 149 640 ttt:a.
171 613 265 648 Neque
284 615 356 641 enim
375 607 471 643 incdici
501 624 532 644 ex
558 617 697 652 disciplina
723 619 789 646 artis
815 627 868 647 sum

82 659 281 687 mtionabiliter
299 668 346 687 eos
364 662 463 695 quibus
482 663 625 690 medentur
643 668 750 696 secant,
772 670 866 696 urunt,

81 704 203 738 dantque
216 706 342 740 poculum
358 707 518 735 atnarissimi
540 711 756 744 temperamenti,
771 711 866 738 multa-

80 757 132 783 que
148 750 201 777 alia
217 756 298 785 prout
318 760 398 780 causa
419 754 536 788 postulat
554 755 656 782 faciunt
672 764 678 782 :
694 757 765 783 Deus
779 762 868 784 autem

81 795 268 824 universitatis
288 797 418 826 Dominus
443 799 502 827 sine
521 801 672 828 rationabili
691 803 806 837 quadam
826 811 868 830 sa-

80 840 194 874 p’entia,
212 847 239 869 et
253 843 311 870 sine
326 844 527 879 dispensatione
545 846 624 881 digna
645 848 792 882 maiestatis
814 857 869 876 suae

80 894 176 921 pinnas
193 893 296 916 tantuttt
319 889 401 918 infert
419 892 615 926 peccatoribus.
633 893 726 928 Neque
740 894 823 926 enim.
839 899 868 922 ut

78 933 255 966 existimant,
275 936 308 962 ad
338 936 389 963 hoc
416 941 519 964 tantum
547 938 658 966 adhibet
682 940 813 975 supplicia
840 946 869 968 ut

80 982 216 1013 torqueat,
238 981 286 1008 sed
303 982 380 1016 quasi
400 988 478 1017 pater
490 984 542 1012 scit
555 985 667 1013 vulnera
681 987 802 1014 omnium
817 996 869 1015 no-

78 1029 178 1056 strum,
195 1025 311 1069 scithna
325 1035 357 1054 ex
369 1036 450 1056 causa
463 1030 535 1064 quod
551 1030 628 1059 ulcus
641 1036 734 1060 natum
747 1033 792 1065 sit,
809 1041 869 1069 quae

77 1066 195 1098 putredo
216 1066 334 1096 infelicis
356 1070 454 1098 anima:
479 1079 511 1098 ex
532 1080 588 1106 qtto
606 1074 723 1102 ducatur
747 1066 872 1110 exordio,

75 1111 167 1143 qualis
183 1112 289 1146 species
303 1114 407 1142 doloris
432 1124 465 1144 ex
481 1125 537 1152 quo
561 1124 672 1152 peccato
689 1121 796 1155 veniat;
822 1124 873 1151 scit

76 1160 104 1182 ct
119 1156 236 1191 fortnas,
253 1159 362 1193 modos,
375 1166 402 1188 et
416 1170 546 1191 numeros
559 1169 745 1199 peccatorum,
763 1168 809 1202 qui
827 1176 873 1196 διες

75 1201 148 1233 mel,
161 1202 203 1229 bis
213 1223 222 1232 .
237 1208 332 1239 terque
350 1208 503 1241 peccaverit
513 1228 520 1240 ,
535 1209 582 1243 qui
607 1210 633 1237 in
649 1219 702 1238 una
724 1201 814 1246 specie
827 1214 874 1240 de-

74 1246 203 1274 lictorum
220 1256 291 1283 saepe
307 1251 404 1282 ruerit,
427 1253 473 1286 qui
490 1253 516 1280 in
533 1253 650 1283 diversis
668 1256 795 1284 vitiorum
810 1265 872 1293 spe-

72 1292 168 1320 ciebus
180 1294 297 1328 singulis
309 1300 414 1324 tantum
431 1298 537 1327 vicibus
548 1301 690 1328 erraverit.
704 1301 766 1330 Haec
779 1305 871 1331 omnia

73 1346 124 1365 nos
136 1339 216 1372 juxta
235 1342 396 1375 sapientiam
416 1343 462 1371 Dei
479 1352 611 1379 qutcrere,
640 1349 790 1377 secundum
806 1350 871 1378 illttd

72 1386 147 1419 quod
163 1387 296 1421 scriptum
312 1389 399 1416 est“:
415 1388 546 1419 Scrutaris
560 1393 642 1420 corda
653 1398 678 1420 et
702 1403 775 1422 renes
791 1395 871 1429 Deus,

71 1436 99 1456 ct
123 1431 258 1465 supplicia
288 1440 349 1467 qua:
364 1434 398 1461 ab
419 1443 452 1462 eo
470 1436 625 1472 irrogatttur
638 1439 677 1466 sic
703 1440 871 1475 intelligere,

72 1476 153 1509 quasi
166 1476 248 1511 digna
262 1477 327 1510 Deo,
342 1484 369 1507 et
380 1482 571 1510 convenientia
590 1484 786 1519 dispensationi
799 1487 870 1522 ejus,

71 1528 124 1547 nos
140 1522 215 1554 vult,
234 1531 288 1550 non
306 1526 496 1554 tantummodo
510 1529 639 1556 cruciari.
656 1529 754 1558 Omnia
769 1533 870 1568 quippe

73 1568 107 1594 ad
124 1568 177 1595 hoc
194 1569 316 1597 condidit
335 1576 363 1598 ttt
379 1578 488 1606 essent,
508 1578 535 1600 ct
552 1575 686 1603 salutares
710 1575 775 1604 fecit
790 1585 871 1613 gene—

76 1610 199 1639 rationes
214 1613 326 1647 mutuli,
346 1619 374 1641 et
395 1624 448 1642 tton
472 1621 515 1644 cst
537 1617 563 1644 itt
583 1619 624 1646 eis
641 1610 869 1650 medicamcittum

72 1656 246 1689 perditionis.
273 1657 324 1686 Sed
357 1661 422 1695 quia
450 1663 523 1696 quod
552 1663 596 1691 ille
622 1665 707 1693 voluit
731 1675 781 1694 nos
805 1677 870 1696 cott-

70 1703 221 1729 tcmnendo
238 1711 291 1731 non
318 1705 448 1739 fecimus,
463 1712 489 1734 ct
514 1708 558 1735 ille
580 1710 653 1743 qttod
677 1712 797 1746 cupierat
815 1722 868 1741 tton

70 1748 199 1775 exercuit
215 1748 242 1776 in
259 1751 346 1778 ttobis.
368 1751 519 1786 Disputatio
543 1762 592 1782 ttos
616 1757 704 1791 coegit
719 1762 747 1784 ut
766 1759 868 1794 aliquid

71 1793 104 1819 de
120 1801 266 1828 pcenarutn
282 1797 373 1831 specie
396 1798 551 1828 diceremus
562 1821 569 1834 ,
585 1809 646 1836 quae
663 1793 819 1831 inferuntur
833 1806 868 1833 ad

70 1843 184 1866 t.-rram.

103 1884 132 1911 2.
154 1884 290 1915 Debemus
314 1894 404 1916 autem
431 1898 528 1923 nosse,
547 1893 610 1927 quia
631 1901 685 1920 non
704 1895 794 1922 statim
819 1896 866 1923 ubi

69 1930 158 1958 fames
173 1930 252 1958 fuerit
264 1953 272 1965 ,
299 1940 430 1969 sequatur
442 1941 469 1963 et
484 1945 569 1964 mors.
585 1938 677 1966 Potest
693 1941 792 1976 quippe
808 1943 865 1969 ﬁeri

69 1982 98 2004 ιιι
115 1978 218 2013 aliquis
232 1979 331 2008 famem
346 1982 485 2011 sustinens
499 1991 654 2019 perseveret
668 1986 695 2014 in
714 1988 767 2015 vita
779 2009 786 2020 ,
805 1989 866 2016 licet

68 2024 176 2056 inedia,
202 2030 230 2052 et
246 2027 383 2061 squalore,
405 2033 432 2055 et
459 2030 546 2058 macie
567 2031 757 2061 tliscrucietur.
775 2034 864 2063 Potest

67 2070 128 2097 lieri
155 2075 185 2098 ιιι
206 2071 338 2100 immissis
359 2073 455 2103 bestiis
481 2077 561 2104 malis
578 2078 670 2104 statim
694 2087 748 2106 non
770 2088 865 2109 omnes

67 2122 198 2150 pereant,
222 2118 292 2153 fugae
309 2121 413 2149 auxilio
436 2123 577 2150 reservati.
602 2123 694 2151 Potest
709 2126 818 2153 evenire
835 2132 864 2154 ut

67 2164 188 2191 candente
204 2166 352 2200 romphaea,
369 2173 457 2195 cesset
472 2169 608 2197 interitus.
627 2169 706 2198 Modo
719 2171 864 2199 vulneran—

66 2214 111 2236 tur
127 2209 240 2245 quidam
261 2216 288 2238 et
312 2217 456 2246 secantur,
472 2219 515 2246 et,
533 2219 562 2241 ut
583 2215 619 2242 ita
634 2216 723 2243 dicam
737 2238 744 2250 ,
761 2218 862 2246 crebris
881 2219 901 2246 D

67 2255 168 2283 ictibus
182 2256 396 2290 confodiuntttr,
419 2267 469 2287 nec
500 2265 591 2287 tamen
616 2267 739 2296 pereunt.
759 2262 862 2291 Idcirco

66 2308 141 2328 nunc
165 2309 246 2336 poma
261 2303 409 2331 novissima
427 2305 453 2331 in
468 2308 702 2334 enumerationem
718 2316 860 2343 poenarum

67 2346 166 2374 mortis
184 2347 310 2375 infertur.
333 2348 487 2377 Istiusmodi
507 2351 636 2385 quiddam
657 2357 685 2379 et
705 2354 860 2382 sacratissi-

66 2399 127 2419 mus
143 2392 292 2428 Apostolus
309 2395 446 2427 sentiens,
460 2396 653 2431 loquebatur“
669 2407 676 2426 :
693 2397 859 2427 Nouissimas

65 2439 191 2465 inimicus
204 2439 358 2468 destruetur
372 2450 453 2475 mors,
471 2443 578 2471 audebo
594 2444 694 2477 dicere,
712 2446 758 2472 sed
773 2447 859 2474 novis-

65 2484 148 2511 timu
164 2484 289 2512 inimicus
307 2486 457 2514 destruetur
476 2496 558 2516 mars.
581 2488 644 2516 Fuit
660 2490 771 2524 quidam
795 2496 859 2519 ante

65 2537 180 2557 mortem
207 2531 350 2565 initnicus,
374 2533 399 2559 id
424 2538 468 2561 est
484 2534 641 2569 romphaea;
671 2536 722 2563 fuit
745 2537 855 2572 quidam

64 2581 127 2603 ante
141 2581 257 2603 mortem
270 2577 397 2606 inimicus
414 2579 510 2606 bestite
523 2580 650 2614 pessima:
661 2589 668 2613 ;
681 2581 734 2609 l'nit
745 2583 854 2616 quidam

64 2626 127 2648 ante
141 2621 245 2649 bestias
258 2623 394 2656 pessitnas
410 2624 549 2657 inimicus,
566 2625 663 2654 fames.
685 2627 747 2655 lltec
763 2630 854 2656 omnia

65 2667 176 2694 inimica
201 2673 266 2695 sunt
288 2669 428 2703 religionis
452 2671 582 2699 inimicis.
606 2672 635 2699 Si
650 2673 723 2700 ettim
739 2682 793 2702 non
813 2675 854 2703 vis

64 2714 169 2740 anticus
181 2714 240 2740 ticri
256 2713 311 2741 Deo
328 2715 451 2743 invitanti
469 2721 494 2744 te
507 2718 540 2744 ad
556 2719 815 2751 reconciliationem,
828 2726 855 2748 ct

63 2757 162 2784 dicenti
186 2767 235 2794 per
260 2759 420 2794 Apostolum
430 2761 453 2777 "
473 2769 479 2788 :
504 2761 617 2790 Obsecro
640 2772 683 2790 vos
709 2772 755 2798 per
777 2765 855 2793 Citri-

97 2817 122 2855 'f
133 2817 230 2855 ljatth.
248 2817 338 2855 x,§3.
366 2818 480 2855 i'ﬂLuc.
495 2828 544 2850 ut,
562 2819 606 2847 59.
634 2820 657 2837 “
670 2820 741 2848 Psal.
758 2830 805 2855 vn,
820 2823 862 2850 io.

64 2848 87 2868 ⁸³
104 2853 125 2879 ιι
139 2852 212 2881 Petr.
232 2848 326 2887 ιιίᾶὶ.
364 2854 385 2869 ’³
401 2853 514 2889 Helms,
525 2848 570 2888 '28,
586 2855 630 2884 2‘).
670 2856 692 2872 "
705 2856 771 2885 ibid.

884 1549 906 1578 ε

806 147 949 176 HUMIIJA
972 149 1004 177 ν.

1674 156 1725 184 706

931 210 1000 233 slum
1019 206 1185 234 reconciliari
1212 207 1265 235 Deo
1277 229 1284 241 ,
1300 209 1364 244 quid
1382 210 1416 237 de
1432 209 1487 237 Deo
1503 211 1641 244 causaris,
1661 221 1723 241 cntn

932 252 958 279 in
982 253 1073 280 causis
1095 253 1146 280 sub
1170 253 1346 282 inimicorum
1371 255 1486 290 imperio
1513 264 1574 285 esse
1596 258 1726 286 voluisti?

929 298 971 324 An
990 298 1100 333 ignoras
1117 299 1219 326 idcirco
1237 299 1319 327 Dcnnt
1340 301 1366 328 in
1382 301 1501 337 Aigypm
1519 302 1666 332 immisisse
1681 304 1726 332 fu-

930 350 1031 376 rorem,
1043 348 1069 370 (ιι
1085 346 1164 378 iram,
1175 351 1201 373 et
1214 347 1378 381 angustiam,
1393 348 1593 376 immissionem
1610 358 1658 385 pt-r
1674 359 1724 378 an-

929 388 1002 422 gelos
1018 390 1163 423 pessimos,
1176 391 1240 425 quia
1256 391 1359 419 ittitnici
1374 393 1449 420 illius
1466 398 1555 427 erant,
1570 400 1598 422 et
1614 396 1648 422 ab
1663 395 1724 430 ejus

930 432 1088 460 adversario
1104 435 1287 468 regebantur?
1308 435 1405 463 Procul
1422 443 1511 464 anlctn
1528 438 1619 466 absint
1638 447 1653 466 a
1672 448 1724 466 no-

928 478 970 505 bis
991 484 1110 512 quatuor
1134 479 1248 507 istarunt
1276 482 1408 516 supplicia
1434 490 1593 518 pinnatum,
1619 484 1722 516 fames,

927 522 1021 551 bestia:
1036 525 1174 559 pessimte,
1190 526 1306 560 gladius,
1320 528 1410 555 mors!
1427 528 1565 563 Quidquid
1583 531 1656 557 cnitn
1672 533 1723 558 lto-

926 577 987 596 rum
1003 569 1085 598 fuerit
1106 571 1211 598 illatuttt
1225 593 1232 605 ,
1257 573 1292 600 ad
1314 581 1362 601 eos
1381 575 1454 601 venit
1480 577 1527 609 qui
1552 576 1654 602 inimici
1674 574 1722 604 [Μ

926 619 1008 648 sunt,
1030 616 1135 643 amicos
1149 616 1211 651 ejus
1225 618 1364 652 prieterit,
1390 626 1478 654 neque
1501 627 1598 647 ausum
1614 626 1655 648 est
1675 629 1723 649 eos

925 661 1082 696 contingere
1097 663 1144 696 qui
1161 663 1194 689 de
1207 663 1268 697 ejus
1284 665 1489 692 necessitudine
1508 666 1670 701 gloriantur.
1689 666 1723 695 Et

925 708 1063 741 quomodo
1090 708 1124 734 de
1155 707 1218 742 igne
1243 709 1311 736 bene
1343 711 1475 738 creditum
1501 716 1554 744 cst,
1573 711 1722 748 Scriptttris

925 753 1099 785 testantibus,
1118 753 1182 788 quia
1206 759 1346 782 transeant
1367 763 1412 791 per
1430 764 1492 784 eum
1513 758 1595 792 justi,
1618 764 1645 785 et
1667 767 1720 787 ttott

923 798 1141 827 comburantur:
1160 799 1373 836 Uuiuscujusque
1391 802 1462 828 enim
1482 811 1547 837 opus
1566 804 1644 839 quale
1665 805 1720 839 sit,

924 844 993 878 ignis
1008 844 1157 878 probabit"
1171 853 1178 877 ;
1194 845 1234 873 sic
1248 851 1274 872 ct
1293 845 1320 873 in
1344 847 1386 874 bis
1410 848 1552 882 suppliciis
1568 849 1721 877 inveniatur

923 889 1022 924 aliquis
1047 889 1153 924 Daniel,
1171 889 1227 918 Noe
1243 895 1270 918 ct
1282 890 1344 925 Job,
1355 897 1382 918 et
1394 892 1460 919 ttiltil
1476 901 1619 928 ptettarum
1638 896 1722 923 susti-

925 934 1010 961 nebit.

959 981 986 1008 5.
1008 979 1071 1008 llaec
1086 981 1242 1015 specialiter
1257 989 1305 1016 per
1317 981 1425 1016 singula
1441 983 1574 1018 supplicia
1590 985 1720 1019 exposui-

924 1033 996 1058 mus,
1011 1034 1072 1061 qua:
1085 1026 1112 1053 in
1128 1031 1250 1054 extrema
1267 1032 1343 1062 parte
1361 1028 1387 1054 itt
1400 1036 1486 1056 unum
1503 1030 1635 1064 propheta
1650 1038 1719 1059 c0n-

924 1070 1048 1104 socians,
1067 1071 1124 1098 ait:
1142 1071 1205 1098 Hart:
1221 1072 1286 1098 dicit
1304 1072 1409 1100 Λάριιαὶ
1426 1073 1572 1102 Dominus:
1587 1075 1616 1103 Si
1632 1083 1720 1104 autem

923 1121 1038 1150 quatuor
1051 1117 1182 1144 vindictas
1198 1125 1269 1144 mea:
1285 1120 1416 1153 pessima:
1430 1122 1591 1155 remp/utam
1602 1142 1610 1154 ,
1628 1128 1652 1149 et
1677 1124 1720 1157 fa-

925 1168 1001 1194 mem,
1013 1166 1038 1188 et
1059 1161 1156 1189 bestias
1168 1163 1305 1197 pessimos,
1318 1169 1342 1190 et
1356 1170 1465 1191 mortem
1480 1166 1623 1195 immisero.
1640 1168 1722 1201 Quo?

923 1205 982 1234 Non
997 1215 1079 1242 super
1094 1213 1206 1241 terram,
1221 1209 1268 1236 sed
1284 1218 1364 1245 super
1373 1209 1532 1239 Jerusalem.
1547 1212 1631 1241 Terra
1644 1216 1718 1242 enim

924 1252 947 1279 si
970 1253 1115 1287 puniatur,
1148 1254 1247 1282 sullicit
1267 1254 1293 1282 ei
1318 1263 1371 1283 una
1399 1257 1547 1293 correptio.
1573 1258 1602 1286 Si
1626 1266 1716 1288 autem

923 1300 1087 1335 corripiatur
1106 1300 1276 1336 Jerusalem,
1299 1311 1381 1338 super
1396 1312 1479 1339 quam
1496 1306 1651 1336 invocatum
1675 1315 1718 1337 est

924 1353 1022 1372 nomen
1036 1344 1094 1378 Dei,
1107 1351 1225 1381 quatuor
1238 1348 1262 1374 ei
1278 1349 1417 1377 cruciatus
1430 1351 1532 1386 pariter
1546 1352 1716 1384 inferuntur.

924 1390 1006 1418 Multo
1030 1392 1109 1420 ttobis
1131 1393 1226 1420 utilius
1252 1393 1340 1422 fuerat
1362 1395 1454 1423 divino
1487 1405 1542 1424 non
1568 1399 1717 1428 credidisse

923 1436 1055 1466 sermoni.
1073 1445 1155 1472 quant
1171 1442 1231 1472 post
1245 1439 1432 1468 credulitatem
1449 1441 1540 1470 adltuc
1556 1451 1666 1472 rut-sunt
1681 1446 1715 1473 ad

924 1487 1035 1515 peccata
1053 1484 1176 1511 converti
1200 1492 1261 1519 qua:
1278 1490 1340 1513 ante
1362 1489 1592 1516 commisimus“.
1616 1489 1716 1518 Consi-

924 1528 987 1554 :‘era
1009 1529 1083 1556 enim
1105 1531 1243 1564 quomodo
1260 1530 1402 1566 Scriptura
1419 1540 1500 1568 super
1517 1539 1619 1563 terram
1640 1538 1682 1571 sig
1693 1538 1716 1565 l-

925 1575 998 1601 l.ttitn
1014 1575 1146 1615 supplicia
1164 1576 1237 1603 dicat
1253 1576 1365 1610 inferri,
1389 1583 1417 1605 et
1433 1587 1487 1607 non
1500 1585 1619 1615 apponat
1631 1590 1714 1617 quant

923 1626 1038 1654 terram;
1054 1622 1164 1657 quando
1182 1630 1247 1650 vero
1264 1623 1297 1650 ad
1321 1623 1471 1653 Jerusalem
1498 1626 1579 1662 375
1600 1630 1711 1657 veniat:

923 1666 951 1693 Si
968 1672 1055 1694 autem
1079 1674 1104 1694 et
1120 1674 1235 1703 quatuor
1255 1671 1383 1698 rintliclas
1401 1680 1471 1698 meas
1485 1674 1629 1707 pessimus,
1646 1684 1714 1703 rom-

920 1713 1023 1745 pltazam
1035 1731 1043 1744 ,
1064 1717 1089 1740 et
1113 1713 1211 1747 [amem
1224 1734 1231 1746 ,
1247 1720 1271 1741 et
1294 1715 1389 1743 bestias
1404 1719 1532 1751 pessima;
1543 1740 1550 1752 ,
1564 1726 1588 1746 et
1603 1727 1713 1749 mortem

921 1758 1053 1785 intmisero
1075 1759 1103 1785 in
1124 1759 1294 1793 Jerusalem;
1319 1769 1369 1790 nos
1394 1763 1519 1791 indicans
1542 1764 1710 1799 Jerusalem.

920 1805 967 1839 qui
992 1811 1137 1840 peccantes
1162 1807 1271 1842 quidem
1289 1816 1339 1836 nos
1359 1809 1510 1838 Jerusalem
1536 1805 1633 1840 sumus
1649 1822 1712 1849 quae

919 1851 1085 1885 tlcstruitur;
1103 1853 1129 1879 itt
1146 1853 1288 1888 praeceptis
1303 1862 1367 1882 vero
1380 1861 1582 1889 permanentes,
1596 1857 1710 1887 Jerusa-

920 1895 971 1922 lem
999 1897 1117 1924 dicimttr
1140 1906 1201 1933 qua».
1222 1899 1352 1927 salvatnr.
1375 1900 1477 1929 Omnes
1500 1902 1710 1932 lamentationes

918 1950 987 1977 -p:as
1014 1943 1130 1978 legimus
1155 1944 1180 1971 itt
1213 1943 1227 1971 J
1246 1946 1380 1977 rusalctn,
1413 1954 1509 1975 omnes
1531 1949 1709 1983 querimoniae

918 1988 1018 2022 quibus
1043 1996 1102 2015 eam
1124 1989 1227 2024 plangit
1252 1989 1338 2023 Dens,
1361 1991 1394 2018 ad
1421 1999 1471 2019 nos
1496 1993 1632 2027 pertinent
1659 1995 1707 2029 qni

918 2033 1088 2067 gustavitnus
1104 2042 1257 2062 sermonem
1270 2035 1326 2066 Dei.
1345 2040 1371 2062 et
1387 2041 1480 2071 postea
1496 2039 1631 2066 mandatis
1646 2040 1707 2075 cjtts

918 2078 1053 2105 contraria
1079 2078 1203 2107 fecimus.
1227 2079 1287 2106 Non
1311 2081 1438 2115 plectitur
1468 2081 1622 2112 Salomonis
1642 2085 1706 2120 jura

917 2128 1114 2156 contetnncns.
1132 2133 1186 2152 nott
1210 2126 1250 2154 sic
1264 2127 1376 2161 punitur
1397 2126 1513 2163 Lycurgi
1538 2130 1605 2157 scita
1623 2132 1706 2159 desti-

917 2173 1007 2196 tnens.
1021 2169 1100 2196 Aliud
1116 2170 1279 2205 supplicium
1294 2176 1335 2199 est
1349 2172 1409 2207 ejus
1422 2173 1468 2208 qui
1484 2174 1569 2208 legem
1587 2175 1633 2203 Dei
1657 2185 1705 2211 per

917 2215 1025 2250 Moysen
1052 2216 1179 2243 traditatn
1211 2219 1356 2246 conculcat
1378 2223 1406 2246 et
1428 2220 1558 2255 despicit;
1585 2223 1704 2251 maxima

915 2260 1037 2287 otnnium
1060 2267 1101 2289 est
1123 2262 1182 2297 ejus
1198 2271 1275 2298 pcnna
1296 2264 1342 2298 qui
1359 2270 1492 2300 praecepta
1512 2265 1572 2294 Filii
1593 2267 1640 2295 Dei
1654 2277 1704 2303 pro

916 2307 1000 2333 nihilo
1023 2307 1142 2336 duxerit.
1173 2309 1285 2336 Iri-itam
1310 2311 1379 2337 enim
1408 2312 1466 2346 quis
1499 2313 1599 2346 facient
1621 2314 1703 2349 legent

915 2352 1013 2387 Moysi,
1029 2354 1084 2381 sine
1101 2354 1157 2381 ulla
1173 2356 1341 2383 miseratione
1357 2357 1457 2383 duobus
1471 2357 1509 2387 vel
1528 2359 1610 2386 tribus
1625 2360 1702 2386 terti-

914 2397 961 2424 [ιω
976 2399 1089 2426 moritur
1099 2420 1106 2430 ,
1121 2405 1219 2435 quanto
1242 2402 1326 2436 magis
1340 2403 1442 2436 putatis
1456 2403 1587 2431 deteriora
1601 2405 1703 2440 suppli-

912 2446 954 2471 cia
976 2446 1070 2472 mereri
1091 2446 1168 2473 illum
1194 2447 1240 2482 qui
1265 2446 1368 2474 Filium
1394 2448 1444 2476 Dei
1466 2450 1703 2478 tonent-atterit"!

912 2489 944 2517 lli
959 2499 1023 2525 ergo
1038 2499 1107 2526 quos
1129 2493 1351 2521 enumeravintns
1374 2493 1472 2521 Filium
1492 2494 1538 2522 Dci
1562 2503 1616 2523 non
1632 2505 1701 2524 ron-

910 2536 1102 2567 culcaverunt,
1138 2538 1184 2565 sed
1215 2542 1320 2565 tantum
1347 2539 1432 2574 legem
1462 2539 1508 2566 Dei
1535 2542 1701 2575 transgtessi

910 2586 987 2614 sunt,
1018 2582 1192 2617 maximeque
1212 2582 1239 2609 lti
1264 2583 1311 2618 qui
1337 2588 1401 2612 ante
1425 2583 1575 2619 adventum,
1592 2584 1701 2613 Domini

910 2627 1029 2655 l’ncruttt.
1044 2627 1097 2655 Sed
1112 2637 1199 2663 neque
1215 2629 1242 2656 hi
1255 2630 1302 2664 qui
1317 2629 1514 2657 cruciﬁxerunt
1531 2629 1698 2658 Salvatorent

909 2680 999 2699 meum
1018 2674 1056 2699 rei
1072 2677 1136 2700 suttt
1151 2673 1268 2708 ingentis
1282 2681 1385 2708 ptenae,
1409 2675 1479 2703 sicut
1498 2675 1526 2702 bi
1550 2675 1650 2709 quibus
1662 2677 1701 2704 ait

909 2719 1086 2754 Apostolus“
1108 2727 1114 2744 :
1139 2718 1241 2746 Filium
1258 2719 1306 2747 Dei
1323 2722 1497 2754 conculcans,
1514 2722 1623 2756 spiritui
1637 2730 1700 2756 gra-

907 2766 952 2792 tia!
968 2765 1155 2793 contumeliam
1173 2765 1291 2799 faciens;
1306 2771 1333 2794 et
1350 2767 1373 2794 si
1389 2768 1455 2802 qttid
1474 2767 1548 2794 aliud
1564 2768 1701 2803 signiﬁcat

901 2823 923 2839 ³⁸
936 2822 944 2849 ι
959 2823 1022 2850 (lor.
1041 2829 1084 2854 xv,
1100 2821 1146 2848 96.
1184 2822 1208 2838 η
1222 2821 1242 2849 Il
1254 2821 1317 2850 Cor.
1332 2831 1358 2856 v,
1374 2823 1418 2851 20.
1457 2824 1479 2840 ιτ
1495 2823 1580 2852 lCor.
1597 2832 1637 2858 rt,
1651 2825 1697 2855 ιδ.
