1882 3052
179 129 226 158 707

740 129 898 158 ORlGENIS
917 129 950 156 IN
969 127 1184 156 EZECIHELEM

1744 130 1792 159 703

179 189 205 215 itt
219 197 252 216 eo
266 187 326 215 loco
342 188 368 216 itt
385 197 439 224 quo
459 197 552 217 eorum
567 195 673 225 peccata
695 189 821 224 replicat,
835 189 881 223 qui
899 192 959 222 post
974 189 995 216 Α
1010 193 1091 220 opera
1113 186 1258 213 necessarii
1276 194 1341 215 usus
1357 187 1389 215 ad
1406 189 1632 223 tninistrandnm;
1651 191 1685 217 de
1698 189 1793 224 palmi-

178 235 257 262 (idem
271 234 297 261 in
314 234 396 261 lieutn
410 240 600 269 peccaverunt.

215 280 240 306 4.
259 278 320 306 llaec
337 284 445 314 propter
462 284 578 314 quatuor
602 279 719 306 ultiones
742 279 876 314 pessimos
900 287 960 314 quae

178 324 343 351 inducuntur
356 332 437 359 super
449 323 610 352 Jerusalem.
635 323 668 351 Et
685 332 782 352 omnes
793 325 900 359 quidctn
914 324 958 360 qui

180 371 324 398 didicimus
340 371 447 398 divinas
459 370 626 405 Seripturas,
645 371 701 398 sive
716 371 793 403 bene,
810 372 866 399 sive
890 373 960 399 ntale

182 416 320 447 νίιιιιυυε,
338 416 487 443 Jerusalettt
514 423 618 443 sumus.
632 415 659 443 Si
677 417 747 444 male
767 417 898 448 vivimus,
916 418 959 444 illa

176 461 328 489 Jerusalem
352 471 412 497 quze
438 463 603 490 cruciatibus
632 463 763 497 punitur,
796 468 822 490 et
845 464 960 491 sustinet

177 513 295 542 quatuor
319 508 452 540 ultiones;
474 507 495 533 si
517 508 601 540 bene,
624 508 669 534 illa
681 507 830 536 Jerusalem
851 516 911 544 quat
932 509 958 535 in

179 553 225 580 llei
248 554 308 581 sintt
334 553 488 588 requiescit.
519 555 552 582 Et
566 560 607 582 est
627 563 726 590 magna
743 555 869 583 distantia
887 560 916 582 ut
933 555 958 581 in

178 599 279 634 reliqua
304 604 391 630 terra,
415 599 454 628 sic
479 605 506 627 et
532 601 558 627 ltt
586 601 643 636 ipsa
666 601 828 629 Jerusalem.
859 601 959 628 Omnes

176 646 247 671 enim
267 645 310 679 qtti
330 645 355 671 in
370 644 490 673 Ecclesia
513 651 670 681 peccatores
689 651 763 679 sunt,
788 647 835 682 qui
855 655 960 673 sermo—

176 698 237 717 ncnt
251 689 295 718 Dei
308 695 495 725 gustaverunt,
517 697 545 719 ct
563 692 801 727 transgrediuntur
812 700 885 723 ettnt,
904 701 960 720 nte-

175 740 269 762 rentur
283 737 427 771 supplicia,
441 744 535 764 verum
553 744 601 771 pro
617 738 697 764 modo
717 737 850 772 graduum
875 745 959 765 unus.

174 782 291 816 quisque
318 781 498 817 torquebitur.
525 781 654 818 Majorem
678 791 786 818 poenam
810 783 892 810 habet
912 783 958 818 qui

177 825 303 854 Ecclesiae
320 827 445 862 praesidet
461 832 488 855 et
499 828 640 863 delinquit.
661 828 758 856 Annon
776 829 862 865 magis
878 830 960 856 mise-

176 871 321 898 ricordiam
350 878 522 907 promeretur
550 873 583 900 ad
609 863 838 908 comparationem
873 874 958 901 ﬁdelis
975 863 995 890 Β

177 917 409 945 catechumenus?
424 917 484 945 Non
502 918 588 952 magis
603 919 680 946 venia
694 919 792 954 dignus
807 925 848 946 est
861 919 958 952 laicus,

177 962 199 988 si
214 962 246 988 ad
260 962 404 990 diaconum
431 963 607 991 conferatur?
624 972 732 992 rursum
756 966 959 1000 comparatione

177 1007 336 1042 presbyteri,
363 1008 495 1036 diaconus
519 1010 624 1037 Veniant
649 1010 709 1045 pltts
735 1012 873 1039 meretur?
894 1012 960 1046 Quae

178 1058 267 1079 autem
289 1059 448 1088 sequantur,
469 1063 513 1082 me
532 1059 638 1083 tacrnte
657 1057 830 1091 cognoscitis.
854 1058 958 1085 Idcirco

177 1098 326 1127 fouuidans
347 1100 478 1135 judicium
500 1100 564 1135 Dei,
584 1107 610 1130 et
623 1106 685 1130 ante
702 1104 796 1130 oculos
814 1103 879 1130 mihi
896 1112 958 1139 pro-

177 1153 280 1180 ponens
311 1147 386 1174 illum
407 1148 503 1182 judicii
529 1149 651 1175 ordinent
678 1150 724 1184 qui
756 1150 781 1176 in
811 1150 959 1184 Scripturis

175 1190 339 1224 continetur,
365 1193 492 1220 recordor
510 1193 575 1220 dicti
604 1194 677 1221 illitis
697 1194 825 1222 :Pondus
845 1196 916 1222 ultra
936 1200 959 1222 te

175 1243 206 1262 ιιι
225 1235 302 1264 let-ea.
325 1237 376 1264 Sed
399 1242 425 1264 et
443 1239 507 1265 illud
520 1239 560 1265 ":
576 1238 638 1266 Noli
655 1248 771 1275 quwrere
790 1241 849 1275 ﬁeri
869 1241 959 1274 iudex,

175 1289 207 1308 ne
224 1290 274 1308 itan
289 1282 375 1309 ualeas
392 1283 498 1318 auferre
511 1284 674 1320 iniquitates.
689 1285 758 1318 Quid
773 1287 839 1313 mihi
851 1287 959 1321 prodest

174 1327 239 1360 quia
260 1327 336 1361 prior
351 1328 432 1356 sedeo
451 1329 478 1356 in
498 1331 627 1357 cathedra
647 1331 807 1366 resupinus,
827 1332 959 1360 honorem

176 1373 289 1406 majoris
308 1374 426 1409 accipio,
441 1382 491 1402 nec
505 1383 616 1410 possttnt
635 1376 734 1404 habere
754 1377 884 1413 dignitate
899 1386 959 1406 mea

175 1425 256 1451 opera
281 1419 435 1454 condigna?
456 1418 552 1448 Nonne
577 1421 674 1456 majori
701 1430 779 1457 ptena
806 1423 958 1457 cruciabor,

175 1471 239 1497 qua
258 1463 345 1492 hortor
365 1465 432 1499 justi
456 1466 522 1493 ntihi
545 1466 580 1493 ab
602 1468 730 1495 omnibus
750 1468 880 1502 defertur,
898 1478 959 1496 cuttt

175 1514 302 1543 peccator
323 1510 394 1537 sim?
412 1510 600 1539 Necessarium
621 1512 846 1549 fuitdiligcntius
871 1521 956 1543 retra-
971 1527 993 1555 ο

176 1559 293 1581 ctantem
313 1562 345 1582 ea
361 1563 422 1590 quze
436 1557 469 1583 de
485 1563 602 1591 quatuor
618 1563 695 1586 terra:
715 1560 864 1588 ultionibtts
884 1562 958 1589 dice-

177 1597 287 1628 bantur,
306 1599 332 1625 id
353 1599 463 1632 addere,
477 1601 549 1635 qttod
564 1601 714 1630 JeruSalent
733 1605 832 1640 quippe
854 1611 912 1633 erat
932 1607 958 1634 in

177 1643 250 1670 tribu
271 1643 430 1678 Beniamin;
456 1650 483 1687 et
508 1647 664 1675 sacerdotes
690 1650 797 1685 templi,
823 1650 962 1680 etLevita:

177 1689 224 1723 qui
247 1688 294 1716 Dei
320 1689 480 1719 ministeriis
506 1692 670 1726 serviebant,
683 1698 710 1722 et
737 1696 826 1723 cteteri
853 1697 962 1725 ordines

175 1742 246 1768 quos
261 1733 408 1770 Scriptum
427 1744 518 1765 sermo
539 1740 758 1774 comprehendit,
777 1740 804 1768 in
825 1749 856 1769 ea
873 1751 963 1770 mora-

178 1780 285 1807 bantur.
299 1779 362 1808 Haec
376 1783 474 1817 accipit
488 1788 605 1818 quatuor
620 1785 734 1813 ultiones
749 1786 892 1820 pessimas,
903 1795 964 1822 quae

176 1833 231 1852 non
251 1831 315 1854 sunt
330 1827 433 1855 similes
456 1829 482 1856 in
499 1829 541 1857 his
556 1831 602 1865 qtti
622 1831 648 1857 in
670 1839 700 1858 ea
715 1831 846 1860 habitattt.
871 1832 963 1868 Neque

173 1871 247 1898 enim
269 1873 365 1900 eodem
386 1875 466 1902 tnodo
486 1880 514 1902 et
536 1875 569 1902 ad
587 1877 733 1911 populum,
754 1883 780 1905 et
802 1880 835 1906 ad
857 1879 964 1907 Levitas

177 1919 353 1946 comminatio
377 1919 514 1955 dirigitur.
541 1920 675 1949 lst'aelites
698 1923 769 1949 enim
795 1931 911 1958 peccans
936 1925 962 1951 itt

177 1966 355 1994 lsraeliticum
370 1967 498 1994 delictum
524 1967 637 1994 corruit.
654 1966 704 2000 Qui
717 1972 805 1994 autetn
823 1968 909 2003 major
923 1973 965 1996 est

176 2013 212 2039 ab
227 2012 345 2040 Israelita
356 2032 364 2043 ,
383 2016 487 2047 quanto
509 2012 626 2039 nobilior
641 2012 723 2039 fuerit
740 2014 766 2040 in
782 2014 877 2041 ordine
893 2014 963 2041 idem

178 2057 285 2084 Levites
299 2062 326 2084 et
341 2057 470 2084 sacerdos
483 2076 490 2089 ,
514 2060 590 2084 tanto
608 2058 711 2090 majora
726 2058 857 2093 supplicia
880 2061 964 2086 susti-

179 2103 262 2130 nebit.
286 2103 315 2130 Si
335 2107 425 2130 autem
455 2102 580 2136 princeps
601 2103 772 2130 sacerdotum
802 2105 963 2138 peccaverit,

179 2150 244 2177 dicit
259 2149 290 2175 ad
304 2156 365 2175 eum
376 2148 433 2174 lleli
446 2148 627 2175 consacerdos
639 2156 705 2174 suns
715 2149 752 2175 ":
765 2149 795 2176 Si
811 2150 963 2185 delinquat;

178 2195 322 2230 peccaverit
342 2195 382 2220 uir
405 2194 432 2220 in
446 2194 542 2226 virum,
568 2193 679 2220 orabunt
702 2202 748 2228 pro
770 2203 816 2226 eo;
840 2196 862 2221 δί
877 2200 962 2222 mitem

179 2241 206 2266 in
220 2239 359 2266 Dominum
374 2239 527 2272 peccauerit,
541 2239 598 2273 quia
614 2239 699 2265 orabit
714 2247 761 2273 pro
784 2240 835 2266 eo?
859 2240 921 2268 lla‘c
935 2241 962 2268 in

181 2285 380 2320 expositionem
405 2283 465 2317 cjus
490 2283 635 2315 sermonis,
650 2291 705 2317 quo
725 2285 963 2312 comntinahanlttr

178 2336 206 2359 et
222 2320 336 2366 singulae
354 2329 509 2364 specialiter
530 2329 556 2356 itt
572 2329 750 2364 peccatricem
769 2334 867 2357 terram
884 2331 963 2358 ultio-

180 2386 238 2408 nes,
255 2383 282 2404 et
298 2376 398 2411 pariter
413 2380 582 2410 congregatae
603 2375 629 2401 in
649 2374 783 2402 infelicem
800 2375 961 2404 Jerusalem.

215 2423 243 2450 5.
265 2421 411 2448 Videamus
426 2425 516 2447 autem
532 2425 559 2447 et
573 2421 716 2455 sequentia
730 2421 886 2456 Scriptum.
900 2422 966 2456 Qua:

180 2476 242 2496 cunt
267 2467 293 2494 in
313 2466 442 2501 parabola
466 2466 583 2493 audierit
615 2467 760 2501 propheta,
788 2474 836 2494 nos
859 2473 964 2495 tatttum

179 2521 291 2542 sensum
308 2513 438 2540 debemus
457 2519 604 2548 exponere,
617 2512 706 2547 ipsum
728 2513 876 2540 testimonii
892 2513 966 2540 ordic

181 2568 242 2587 nem
264 2558 493 2592 derelinqueutes,
510 2562 537 2585 et
551 2558 704 2586 auditorem
728 2559 866 2586 mittentes
882 2559 915 2586 ad
932 2559 965 2586 li-

181 2607 259 2633 brum
267 2606 302 2633 ".
315 2605 428 2641 ngnum
441 2604 503 2633 vilis
511 2609 540 2631 ut
553 2605 580 2631 itt
600 2603 689 2631 fructu
709 2609 750 2631 est
776 2603 965 2631 honorabilius

181 2651 262 2686 lignis
289 2651 427 2682 Omnibus,
449 2651 567 2678 maxime
596 2650 637 2677 his
663 2657 725 2684 qua:
743 2649 769 2675 in
788 2649 858 2676 saltu
873 2648 967 2676 lructi-

183 2699 275 2727 ticant,
290 2697 328 2723 sic
343 2697 377 2722 ad
389 2701 486 2723 czeteta
503 2703 585 2730 opera
603 2695 726 2722 inutilius
739 2694 865 2721 omnibus
886 2694 967 2728 lignis

182 2746 234 2768 est.
252 2741 282 2767 Et
298 2741 405 2768 vaseula
423 2742 544 2775 quaedam
561 2745 674 2776 possunt
691 2740 759 2767 ﬁeri.
775 2745 801 2766 et
819 2740 845 2765 iu
859 2740 965 2766 diversa

218 2798 240 2812 θ’
260 2795 340 2822 Eccli.
367 2804 415 2825 vn.
433 2799 458 2823 ti.

183 2831 206 2847 "
224 2830 324 2858 λιιι-θυι.
339 2838 368 2862 ιι,
383 2831 427 2857 21.
466 2832 488 2847 ⁵⁸
503 2831 524 2857 11
536 2829 614 2858 Tini."
626 2839 654 2864 ιι,
670 2832 714 2858 ‘20.
751 2831 774 2846 ⁹⁹
789 2829 868 2857 Joan.
885 2838 933 2862 xv,
948 2831 974 2857 5.

498 2799 521 2812 ⁹²
538 2797 546 2823 l
564 2798 628 2830 lteg.
653 2805 683 2827 ιι,
791 2796 814 2812 ⁵³
836 2795 933 2822 Eleclt.
959 2804 1003 2823 xv.

1012 232 1084 260 tibus
1098 237 1187 260 autem
1207 234 1269 261 vitis
1284 242 1338 261 non
1349 234 1437 261 solum
1455 242 1502 262 vas
1514 235 1624 270 aliquod
1637 241 1665 263 et
1685 236 1712 262 in
1727 244 1792 270 opus

1011 279 1076 304 utile
1089 278 1153 313 quid
1169 278 1226 306 ﬁeri
1242 287 1296 306 non
1316 284 1417 314 potest,
1435 280 1482 307 sed
1497 288 1585 314 neqtte
1601 281 1721 315 paxillus
1734 282 1793 316 qui-

1010 323 1071 350 dem
1095 328 1137 350 est
1159 324 1243 352 tttilis.
1267 324 1312 351 Ait
1332 331 1396 358 ergo
1419 332 1508 352 sermo
1534 326 1653 358 divinus,
1677 327 1742 362 quia
1764 333 1793 354 ιιι

1010 369 1112 403 palmes
1128 369 1190 396 vitis
1207 369 1392 397 honorabilior
1407 371 1437 397 lit
1452 371 1562 398 caeteris
1581 371 1674 406 lignis,
1690 372 1713 399 si
1730 372 1793 400 alie-

1011 419 1053 442 rat
1068 415 1182 448 fructus,
1195 416 1235 443 sic
1253 416 1288 443 ab
1301 417 1432 443 omnibus
1445 415 1559 444 inferior
1569 417 1717 452 judicelur,
1730 419 1752 445 si
1767 419 1792 445 id

1010 467 1064 487 non
1079 461 1175 488 habent
1195 461 1266 488 unde
1285 462 1428 496 pnecellit,
1448 466 1530 498 atque
1546 463 1572 490 in
1591 463 1665 491 hunc
1683 465 1792 491 inodum

1010 512 1058 531 eos
1083 506 1129 540 qui
1153 506 1248 533 imbuti
1273 511 1337 534 sunt
1358 507 1474 542 eloquiis
1503 507 1550 535 Dei
1576 509 1794 536 honorubiliores

1011 557 1071 577 esse
1085 551 1222 583 omnibus,
1235 555 1262 578 et
1278 558 1441 586 quocunque
1457 552 1538 579 modo
1553 553 1580 579 itt
1594 553 1681 580 vincte
1693 555 1794 588 positos

1009 595 1154 630 dignitate,
1185 605 1246 623 cum
1272 597 1384 624 afferant
1418 597 1537 630 fructus,
1572 599 1666 626 botros
1699 600 1794 627 salutis

1010 641 1043 668 de
1058 649 1111 675 qtta
1129 642 1259 676 scriptttm
1274 648 1315 669 est
1325 643 1366 669 ’δε
1385 642 1439 678 Ego
1453 651 1512 670 vero
1525 649 1548 670 te
1557 643 1677 677 plantan
1692 645 1792 671 vineam

1010 687 1192 722 frnctiferam,
1215 692 1297 714 totum
1324 696 1421 715 veram.
1440 688 1472 715 Et
1487 689 1551 716 alibi
1563 689 1605 715 "z
1632 689 1716 716 Vinea
1738 689 1793 716 Do-

1010 733 1075 759 mitii
1096 733 1191 760 domus
1216 733 1302 760 Israel
1317 738 1367 761 est.
1390 733 1424 761 Et
1444 742 1553 761 rursum
1566 735 1609 761 “:
1629 734 1742 762 Vineam
1764 736 1795 762 de

1010 778 1126 813 Αἰθυριο
1141 779 1351 812 transtulisti,et
1369 779 1491 814 reliqua;
1509 781 1532 807 si
1547 784 1638 807 autent
1656 788 1711 807 non
1725 786 1796 807 attu-

1011 823 1091 850 lerittt
1102 823 1217 857 fructus,
1233 824 1260 851 itt
1273 829 1377 852 tantum
1393 829 1423 851 ut
1439 833 1454 852 ι
1469 824 1524 852 Deo
1538 825 1591 852 dici
1604 826 1707 860 possit,
1723 825 1795 858 Qui»

1011 868 1086 895 modo
1100 876 1223 897 conversa
1238 877 1265 897 es
1281 871 1308 897 in
1329 871 1535 897 amaritudinem
1565 871 1627 898 vitis
1649 872 1746 898 aliena
1757 872 1795 898 ’τι

1010 920 1075 943 tunc
1098 916 1184 943 multo
1205 917 1357 945 deteriores
1383 917 1497 944 inveniri
1516 917 1551 944 ab
1566 916 1610 944 bis
1626 917 1720 952 ligttis,
1736 925 1795 952 qua:

1009 961 1073 989 licet
1085 963 1179 990 viliora
1195 963 1260 995 sint,
1276 967 1366 991 tamen
1381 971 1446 991 suos
1459 963 1575 991 alierum
1586 963 1704 990 fructus.
1720 964 1796 997 Quo-

1010 1008 1091 1035 modo
1113 1009 1185 1036 euim
1199 1010 1357 1043 prnocllttnt
1377 1009 1449 1044 ligna
1464 1009 1594 1036 silvarum
1611 1009 1707 1036 Vincas
1724 1010 1793 1036 intr-

1011 1054 1202 1086 races,eodem
1219 1055 1299 1081 modo
1314 1055 1385 1081 intra
1402 1054 1548 1089 quamdam
1562 1054 1793 1089 dispensationem

1009 1098 1148 1133 sapientia!
1170 1099 1269 1126 divina:
1287 1106 1320 1126 ex
1339 1099 1419 1134 lignis
1434 1099 1575 1126 vilioribus
1593 1100 1684 1135 aliqua
1702 1101 1793 1127 domui

1010 1145 1163 1171 necessaria
1184 1143 1362 1171 fabricantur.
1394 1143 1485 1179 Neque
1506 1152 1570 1172 vero
1593 1146 1724 1177 turberis,
1747 1154 1795 1180 pu-

1011 1193 1071 1216 tans
1094 1197 1143 1217 nos
1160 1195 1235 1217 extra
1251 1189 1407 1225 Scriptores
1426 1190 1560 1217 alllrmare
1576 1191 1650 1225 quod
1666 1191 1792 1218 dicimus.

1011 1234 1130 1261 futurum
1148 1242 1208 1262 esse
1225 1240 1254 1263 ttt
1266 1236 1299 1262 de
1316 1236 1395 1270 lignis
1408 1237 1482 1263 silvae
1498 1236 1600 1271 aliquid
1617 1237 1683 1264 utile
1700 1238 1754 1268 ttat,
1770 1236 1794 1263 id

1009 1286 1051 1308 est
1065 1281 1098 1308 de
1113 1289 1156 1308 me
1169 1281 1237 1316 ipso,
1248 1282 1270 1309 si
1285 1289 1339 1308 non
1351 1282 1465 1309 attulcro
1474 1283 1598 1317 proptios
1611 1288 1717 1310 natura
1731 1291 1796 1310 meze

1011 1325 1132 1359 fructus;
1162 1327 1184 1354 si
1199 1327 1307 1362 quidem
1322 1331 1349 1354 et
1364 1327 1510 1362 Apostolus
1535 1329 1682 1364 imaginem
1699 1337 1795 1364 quaut-

1010 1375 1073 1400 dam
1091 1381 1186 1401 corum
1203 1381 1332 1401 vasorum
1346 1381 1407 1409 quae
1421 1378 1484 1401 sunt
1500 1374 1527 1401 in
1545 1375 1666 1402 humana
1684 1382 1797 1402 convcr-

1011 1420 1116 1449 satioue
1137 1420 1263 1452 assumit,
1278 1420 1372 1447 dicens
1384 1421 1406 1436 "
1422 1430 1428 1447 :
1442 1420 1474 1447 In
1495 1429 1592 1454 magna
1611 1426 1701 1448 autem
1721 1421 1797 1447 domo

1011 1475 1062 1493 non
1083 1466 1168 1493 solum
1182 1471 1314 1492 suntnam
1335 1474 1416 1492 aurea
1436 1470 1461 1493 et
1477 1465 1559 1501 376
1573 1470 1709 1501 argentea,
1718 1467 1762 1492 sed
1775 1470 1797 1491 et

1010 1512 1096 1547 lignea
1106 1516 1130 1538 et
1143 1511 1237 1546 ﬁctilia
1248 1511 1322 1547 (nota
1333 1511 1396 1546 quia
1406 1519 1469 1538 vasa
1482 1513 1568 1547 lignea
1578 1513 1798 1547 nuncupaverit).

1012 1562 1036 1584 et
1048 1556 1103 1583 alia
1114 1557 1218 1591 quidem
1234 1556 1260 1583 in
1273 1557 1406 1589 honorem,
1421 1557 1475 1583 alia
1490 1565 1549 1584 vero
1560 1557 1588 1583 in
1599 1557 1798 1584 contumeliam.

1012 1602 1064 1630 ista
1081 1609 1143 1628 vasa
1158 1601 1244 1636 lignea
1258 1609 1318 1636 qua:
1330 1610 1390 1629 esse
1408 1602 1434 1629 itt
1449 1610 1543 1638 magna
1559 1603 1642 1630 dotno
1653 1603 1800 1637 Apostolus

1013 1649 1150 1682 praedicat,
1168 1656 1220 1674 tton
1239 1653 1302 1675 sunt
1319 1649 1388 1676 facta
1407 1649 1441 1676 de
1458 1649 1567 1681 vitibus,
1585 1657 1639 1676 tton
1654 1649 1689 1676 de
1701 1649 1799 1684 palmi-

1014 1693 1086 1720 tibus
1107 1693 1267 1723 vincamtn.
1293 1694 1340 1720 sed
1361 1702 1394 1721 ex
1415 1694 1475 1721 aliis
1499 1694 1593 1728 lignis,
1617 1702 1678 1728 qua:
1697 1694 1800 1720 vilioris

1013 1738 1117 1766 ordinis
1148 1738 1174 1765 in
1206 1739 1362 1766 nemoribus
1389 1739 1629 1767 fructiliraverunt.
1662 1740 1800 1772 Quantum

1012 1791 1079 1818 ergo
1097 1784 1197 1811 malum
1211 1787 1262 1815 est.
1278 1790 1304 1811 et
1317 1785 1397 1819 quale
1413 1785 1558 1812 discrimen
1576 1790 1606 1812 ut
1620 1786 1692 1819 ligna
1711 1794 1801 1820 quott-

1013 1829 1073 1856 dam
1090 1829 1153 1856 vilia
1165 1829 1372 1858 invenianturin
1386 1838 1482 1865 magna
1491 1830 1695 1865 patrisfamilias
1708 1832 1801 1861 domn,

1013 1880 1040 1902 et
1053 1875 1156 1909 palntes
1166 1875 1229 1902 vitis
1243 1883 1308 1903 mem
1320 1876 1423 1904 inutilis
1436 1876 1462 1902 itt
1475 1877 1557 1903 domo
1572 1877 1654 1908 sit,et
1670 1877 1696 1904 in
1713 1878 1800 1912 ignem

1015 1921 1193 1955 projiciatur?
1209 1920 1266 1949 lloc
1284 1922 1355 1948 enitn
1383 1921 1512 1956 seripttttn
1533 1927 1584 1954 cst,
1599 1922 1665 1956 quia
1681 1930 1801 1949 annnam

1014 1965 1180 1999 putationem
1208 1965 1268 1999 ejus
1295 1971 1438 1993 consumat
1466 1967 1545 2001 ignis.
1581 1966 1644 1993 Haec
1676 1967 1705 1993 in
1736 1967 1803 1993 Eae-

1014 2010 1139 2037 cltieletn.
1162 2010 1285 2038 Salvator
1297 2018 1362 2038 vero
1380 2011 1462 2046 httjus
1484 2012 1618 2046 parabole:
1643 2019 1758 2039 sensum
1776 2013 1802 2038 in

1016 2055 1163 2090 Evangelia
1180 2057 1216 2084 ita
1233 2057 1399 2091 perstrinxit,
1413 2058 1507 2084 dicens
1519 2059 1562 2084 ννε
1587 2057 1642 2093 Ego
1655 2066 1714 2084 cum
1731 2059 1800 2086 ritis.

1014 2109 1057 2127 vos
1072 2101 1203 2135 palmites,
1216 2101 1296 2128 Pater
1314 2110 1384 2128 meas
1398 2103 1524 2137 agricola.
1544 2102 1653 2129 Omnem
1666 2104 1803 2136 pulnmcnt

1014 2146 1099 2180 quiin
1111 2154 1151 2172 me
1165 2150 1250 2172 manet
1265 2152 1290 2173 et
1305 2149 1419 2181 fructum
1435 2147 1522 2180 a/fcrt,
1537 2147 1616 2174 Pater
1629 2155 1701 2174 meus
1716 2154 1804 2182 putat,

979 2190 1002 2218 D
1017 2195 1044 2216 ιιι
1061 2191 1162 2224 [ructus
1182 2191 1294 2224 majores
1316 2191 1428 2225 afferat;
1442 2193 1576 2226 palmitem
1596 2193 1641 2226 qui
1665 2199 1754 2219 uiuum
1779 2194 1805 2218 iit

1017 2244 1057 2262 me
1069 2240 1094 2262 cl
1109 2236 1224 2270 fructum
1239 2245 1290 2262 non
1303 2237 1391 2270 a/fert,
1412 2236 1494 2264 Pater
1516 2245 1587 2264 mens
1601 2238 1713 2270 excidit,
1732 2245 1757 2265 et
1779 2239 1804 2264 in

1016 2281 1101 2315 ignem
1118 2281 1210 2308 mittit.
1227 2281 1310 2309 Vides
1326 2282 1490 2310 vicinitatem
1507 2287 1687 2317 utrorumque
1697 2291 1806 2311 senun-

1018 2326 1103 2353 nutn?
1129 2325 1209 2354 Vides
1225 2327 1362 2361 quomodo
1381 2327 1462 2355 Pater
1477 2328 1602 2360 excidat,
1619 2335 1646 2355 et
1663 2330 1690 2355 in
1713 2329 1805 2364 ignem

1016 2372 1120 2406 iaciat?
1149 2371 1204 2399 Nos
1237 2373 1368 2401 insensati
1394 2373 1474 2408 quasi
1505 2373 1666 2409 negligenda
1692 2375 1805 2410 quidem

1019 2415 1160 2451 Scriptura
1174 2416 1220 2450 sit,
1237 2417 1360 2444 nolentes
1382 2424 1414 2444 ea
1428 2417 1532 2444 discere
1544 2425 1606 2452 qua
1623 2417 1705 2445 nobis
1727 2418 1809 2445 ineu-

1017 2463 1085 2489 tiant
1102 2467 1214 2495 metum,
1227 2462 1274 2490 sed
1288 2469 1320 2489 ea
1332 2463 1426 2489 audite
1436 2463 1574 2497 cupientes
1585 2470 1647 2497 qua?
1656 2464 1808 2497 pruriam-

1018 2509 1068 2535 hns
1082 2508 1196 2534 auribus
1214 2507 1350 2535 ittcntiuttt
1365 2507 1539 2542 voluptatem.
1564 2507 1680 2535 libenter
1697 2508 1808 2535 audivi-

1019 2562 1079 2582 mus
1098 2562 1160 2589 quz
1175 2563 1224 2582 nos
1244 2555 1413 2587 subvertant,
1431 2562 1493 2588 quin
1507 2555 1655 2588 decipiant.
1671 2554 1725 2588 Qui
1740 2554 1808 2582 dicit

1016 2600 1141 2636 proximo
1157 2608 1219 2633 suo,
1242 2600 1358 2635 ignoscit
1378 2600 1459 2627 nobis
1480 2604 1589 2634 peccata
1612 2603 1706 2627 nostra
1721 2598 1807 2631 Deus,

1017 2647 1041 2674 si
1057 2647 1166 2681 quidem
1186 2651 1212 2673 ct
1231 2646 1258 2673 in
1274 2646 1375 2673 talibus
1387 2645 1565 2672 sacramentis
1580 2644 1711 2675 ludimus.
1723 2645 1807 2671 vicis-

1018 2692 1070 2719 sim
1083 2692 1162 2718 nobis
1176 2691 1344 2726 pollicentes,
1357 2699 1482 2725 mappam
1498 2691 1585 2717 mittet
1597 2689 1680 2717 Deus.
1697 2689 1729 2716 Et
1742 2690 1807 2725 quia

1019 2738 1106 2765 bonus
1122 2741 1180 2768 est,
1197 2742 1225 2764 et.
1239 2737 1361 2764 omnium
1378 2742 1487 2771 peccata
1504 2736 1646 2768 dissolvit,
1663 2737 1807 2770 oportebat

1040 2796 1062 2810 “
1081 2794 1180 2822 Jerem.
1211 2803 1239 2822 μ.
1254 2794 1300 2822 21.
1338 2796 1361 2812 ⁸³
1376 2794 1428 2822 lsa.
1444 2803 1469 2827 v,
1484 2795 1507 2821 7.
1542 2795 1571 2810 ⁶’
1586 2794 1759 2823 Psaltnu.
1778 2793 1795 2820 9
