1882 3052
163 127 211 154 7H

760 123 921 152 OltltllZNlS
942 122 975 149 1N
995 122 1214 152 illiillﬂllildﬂl

1744 126 1792 153 ἨΞ

164 188 253 214 tactus
267 189 318 212 est.
347 184 472 218 Quandiu
489 191 542 211 non
555 183 686 219 peccavit,
705 189 780 218 pater
792 183 852 216 ejus
865 183 952 217 Spiri-
967 185 989 211 Α
1005 183 1039 209 tis
1055 183 1180 210 diabolus
1197 189 1219 210 et
1239 191 1385 212 assumens
1405 183 1457 211 sibi
1482 191 1541 211 eam
1558 191 1652 211 vocem
1673 192 1727 219 qna
1741 183 1792 211 Pa-

163 237 209 259 tus
220 235 332 259 sanctus
339 230 388 258 fuit
400 239 407 262 ;
419 229 527 265 quando
540 230 670 265 peccavit.
684 234 770 256 mater
776 229 836 263 eius
846 229 953 256 (Zethum

165 277 235 305 facta
252 281 303 303 est.
333 275 459 308 Qttandiu
484 283 537 302 non
554 275 695 310 peccavit.
724 274 842 301 radicettt
861 274 955 301 habuit

165 323 315 355 Abraham,
329 326 357 350 et
370 322 461 354 Isaac,
475 326 501 348 et
515 320 614 354 Jacob;
628 321 737 356 quando
752 320 893 355 peccavit,
909 327 954 346 ra-

166 369 209 395 dit
226 369 285 403 ejus
298 368 452 395 Chananwa
466 367 534 394 facta
549 372 600 393 est.
629 366 706 400 Satpe
719 366 834 393 miratus
847 373 907 392 smn
927 364 952 391 id

165 414 236 449 quod
252 414 353 441 dictum
370 418 410 440 est
425 422 439 440 a
457 412 566 440 Daniele
592 412 625 439 ad
647 411 834 446 presbyterum
856 418 952 445 pecca-

167 465 271 491 turcm,
293 460 335 486 ctti
358 466 408 493 pro
434 462 543 493 peccato
556 465 654 484 nomen
677 457 837 492 imponens,
854 464 951 489 semen,

165 506 254 540 inquit
269 506 290 538 °,
305 504 430 532 Chanaan
446 508 470 530 et
486 511 535 530 non
551 501 635 529 Inda.
652 502 767 538 Magnus
779 502 887 537 quidem
903 501 953 529 Da-

165 552 218 578 niel
233 551 454 578 constantissime
467 549 656 584 presbyterum
670 552 839 583 peccatorem
857 555 950 575 semen

164 598 291 624 Chanaan
306 596 453 631 appellans,
471 599 564 622 etnon
580 594 667 628 Juda;
685 594 772 629 major
792 601 858 621 vero
874 601 951 621 com-

163 643 301 677 paratione
314 642 373 676 ejus
386 641 523 674 Ezechiel,
539 649 594 668 non
610 641 657 668 uni
671 640 829 676 presbytero
839 660 846 672 ,
863 646 952 674 neque

162 687 268 714 duobus
286 686 444 713 hominibus
462 686 630 712 nativitatem
657 685 790 719 oltjiciens
805 688 950 711 contume-

162 734 268 764 liosam,
286 732 333 759 sed
350 732 439 764 radix,
454 731 581 766 inquiens
591 751 598 762 ,
617 735 663 758 tua
673 736 698 758 et
714 731 846 765 generatio
860 735 904 756 tua
919 731 951 756 de

162 784 233 805 terra
246 778 385 805 Chanaan.
402 776 483 804 Pater
499 782 559 803 tuus
574 777 754 807 Anton/urna,
768 781 793 802 et
809 780 894 802 mater
906 781 950 802 tua

162 824 279 851 Cet/ma.
300 823 370 856 Quia
395 822 544 850 Jerusalem
569 823 654 850 multa
678 827 786 857 peccata
802 822 948 853 commisit,

163 869 224 896 ideo
236 869 380 902 increpans
394 868 468 895 illam
483 868 624 903 propheta,
635 876 687 894 non
701 876 765 900 uno,
781 876 868 902 neque
882 869 950 895 duo-

163 914 232 946 l-us,
258 915 304 941 sed
330 915 417 941 trihtts
431 914 587 941 nominibus
609 913 759 948 insignivit.
792 913 901 947 Septem
920 914 946 940 itt

163 960 259 987 Genesi
276 964 369 995 gentes
382 964 575 987 enumerantur
588 968 603 987 a
618 960 672 987 Deo
687 960 714 986 in
730 967 785 987 uno
795 959 856 987 loco
866 967 947 993 quem

163 1005 274 1032 tradidit
289 1006 350 1032 liliis
365 1005 456 1033 Israel.
474 1005 581 1040 Septem
597 1009 688 1032 autem
701 1005 742 1032 hat
756 1009 829 1032 sttnt.
852 1004 880 1032 In
895 1010 950 1032 ter»

162 1058 233 1084 nm,
250 1051 371 1085 inquit“,
388 1050 616 1084 Cltananatorum,
629 1056 656 1079 et
670 1051 905 1083 Amorrltazorum,
923 1057 949 1079 et

162 1096 343 1130 Cethaorum,
361 1101 388 1124 et
401 1096 615 1129 Plteresteorum,
631 1102 659 1125 ct
674 1097 827 1131 Evmorum,
842 1103 870 1126 et
881 1098 950 1126 Ger-

163 1149 313 1176 geseorum
324 1162 332 1174 ,
357 1147 384 1170 et
404 1141 602 1170 Jebusa-orum.
622 1143 650 1170 Si
666 1143 796 1178 possibile
812 1143 909 1171 fuisset
922 1148 950 1170 et

162 1193 265 1223 septem
283 1189 349 1216 istas
374 1196 556 1223 congregare.
580 1193 607 1216 ct
628 1197 676 1224 per
689 1197 736 1217 eas
751 1189 947 1225 ignobilitatem

162 1234 322 1269 peccatricis
345 1233 494 1261 Jerusalem
522 1233 688 1269 exprobrare
722 1234 829 1263 fecisset
854 1236 948 1270 utique

162 1280 302 1315 propheta.
323 1279 400 1308 Nunc
413 1287 478 1307 vero
491 1280 555 1314 qttid
571 1280 654 1307 fecit?
669 1279 856 1308 Atnorrhaaum
868 1282 948 1316 elegit

161 1331 193 1350 ex
207 1328 328 1359 septem,
353 1329 381 1351 et
401 1323 603 1356 Cltananzettm,
620 1327 644 1351 et
663 1324 700 1351 ait
714 1325 813 1352 habere
825 1333 949 1352 commu-

163 1369 272 1397 nionem
286 1369 466 1404 peccatricem
491 1368 653 1402 Jerusalem,
677 1370 777 1404 quippe
793 1370 825 1397 ad
840 1371 948 1397 Chana-

163 1424 251 1443 ttzeuttt
275 1416 351 1451 juxta
375 1416 494 1444 radicem
524 1420 550 1442 et
574 1416 760 1449 nativitatem,
785 1419 894 1452 proprie
914 1419 948 1446 ad

162 1462 349 1489 Antorrltmunt
361 1463 509 1490 secundum
524 1467 638 1497 patrem,
649 1463 756 1498 proprie
767 1464 799 1491 ad
809 1464 948 1492 Cethatum

1006 233 1047 255 ter
1060 228 1132 256 Deus
1146 229 1179 256 ad
1195 228 1362 256 Salvatorcm
1382 230 1489 257 locutus
1506 234 1558 260 est.
1573 230 1639 256 dtcit
1651 229 1684 256 ad
1697 239 1741 257 tne
1755 232 1792 258 I‘:

1007 273 1093 300 Filius
1111 282 1182 300 meus
1199 282 1225 300 es
1243 279 1282 306 tu,
1297 283 1343 308 ego
1360 275 1436 301 hodie
1453 275 1529 310 genui
1541 279 1575 301 te.
1593 274 1626 302 Et
1639 275 1685 302 alii
1703 280 1792 302 autent

1004 319 1096 354 plures
1107 325 1198 354 patres
1211 321 1261 347 mei
1276 325 1367 353 erunt,
1379 321 1411 348 ad
1427 329 1496 355 quos
1509 322 1596 349 iturtts
1611 328 1683 348 sum.
1705 321 1794 349 Unus-

1003 366 1120 400 quisque
1136 366 1168 393 ad
1181 373 1246 393 suos
1263 366 1446 400 proticisoilur
1463 371 1562 400 patres.
1581 367 1609 394 Si
1624 367 1687 402 quis
1703 372 1746 394 est
1760 368 1794 394 ab

1004 410 1155 440 Abraham.
1180 412 1280 439 dicitur
1296 411 1328 438 ad
1342 419 1403 439 euttt
1419 421 1425 438 :
1443 411 1482 438 Tu
1504 417 1594 439 autem
1615 414 1684 440 vade
1697 414 1731 440 ad
1747 422 1794 447 pa-

1004 461 1060 483 tres
1075 461 1135 484 tuos
1148 464 1208 483 cum
1227 464 1292 491 pace
1307 457 1440 484 educatus
1457 457 1483 484 itt
1500 462 1640 485 senectute
1654 459 1737 485 bona.
1764 459 1791 486 Si

1003 503 1065 537 quis
1089 509 1153 528 vero
1176 502 1314 537 egreditur
1329 502 1362 529 de
1384 502 1485 529 saecqu
1500 509 1554 529 non
1570 510 1633 530 cum
1651 511 1729 537 pace,
1746 504 1792 530 sed

1003 557 1063 576 cutn
1077 553 1250 583 peccatorum
1266 549 1336 576 bello
1346 569 1353 581 ,
1374 554 1400 576 et
1416 553 1556 576 senectute
1570 558 1623 576 non
1641 554 1710 576 bona
1720 571 1727 582 ,
1752 551 1794 577 ius

1002 599 1141 621 γίνεαι-111118
1155 594 1262 621 dierum
1279 594 1424 625 malorum,
1440 594 1534 628 utique
1546 594 1646 621 dicitur
1660 595 1693 621 ad
1709 602 1791 621 eunt:

1002 640 1042 667 Tu
1056 647 1145 668 autem
1163 642 1231 668 vade
1248 641 1282 668 ad
1298 646 1390 676 patres
1409 647 1470 669 tuos
1480 649 1542 668 cum
1567 642 1654 673 bello,
1673 643 1794 671 nutritus

1003 687 1030 714 itt
1043 692 1181 714 senectute
1195 688 1276 714 mala.
1306 687 1439 715 Docemur
1455 695 1470 715 a
1493 687 1547 715 Deo
1563 688 1614 715 sub
1629 688 1690 715 aliis
1705 689 1793 715 nomi-

1002 733 1082 759 nibus
1097 733 1161 768 quid
1177 733 1432 761 faceredebeamus.

1036 780 1064 807 ι.
1081 779 1114 806 In
1124 789 1176 815 qua
1187 780 1229 807 die
1241 785 1303 807 nata
1313 788 1350 813 ea,
1362 788 1414 807 non
1424 780 1598 815 alligauerunt
1611 788 1708 807 manus
1720 786 1791 813 luas,

1001 826 1054 852 sive
1078 833 1129 852 non
1153 830 1191 852 est
1214 825 1317 852 excisus
1341 825 1479 852 umbiicuc
1501 831 1561 852 tua:
1578 825 1609 852 ".
1631 825 1660 852 lt.
1679 824 1792 852 ηαυπτ-ι

1001 872 1100 906 quippe
1117 871 1157 899 sic
1170 871 1287 898 habetur
1300 880 1306 897 :
1326 870 1386 897 Non
1398 875 1436 897 est
1449 871 1553 898 excisus
1565 871 1706 898 umbilicus
1719 875 1789 897 ιιηυ.

999 917 1151 950 Allegorice
1172 916 1276 943 ittdueit
1292 915 1442 943 Jerusalem
1461 916 1540 951 quasi
1555 916 1673 951 puellam
1693 915 1729 942 ab
1751 916 1791 943 in-

1001 962 1086 990 fatttia
1101 962 1229 998 genitam.
1247 962 1314 995 Quae
1327 966 1417 989 autem
1431 961 1465 989 de
1477 961 1629 989 Jerusalem
1646 962 1789 993 dicuntur,

1001 1009 1121 1036 sciamus
1141 1008 1174 1035 ad
1199 1015 1294 1036 omnes
1320 1007 1445 1034 homines
1467 1007 1513 1041 qui
1537 1007 1563 1034 itt
1587 1006 1711 1034 Ecclesia
1727 1011 1792 1033 sunt

1000 1054 1145 1088 pertinere.
1174 1053 1297 1081 Primum
1310 1053 1370 1087 ejus
1383 1057 1489 1087 tempus
1503 1052 1555 1079 tale
1568 1056 1620 1084 cst,
1638 1052 1788 1079 secundum

1001 1100 1082 1135 quale
1105 1099 1286 1132 describitur;
1309 1098 1404 1133 procul
1429 1102 1518 1125 autem
1533 1097 1603 1125 absit
1626 1105 1640 1124 a
1665 1097 1746 1124 nobis
1761 1102 1790 1123 ut

1000 1146 1111 1172 tet-tium
1127 1145 1210 1180 378
1224 1149 1331 1179 tempus
1347 1143 1399 1170 tale
1414 1143 1574 1175 habeamus,
1592 1143 1674 1176 quale
1689 1142 1789 1168 dicitur

1000 1191 1033 1217 ad
1056 1189 1228 1216 Jerusalem!
1254 1196 1350 1216 omnes
1373 1188 1445 1215 enim
1467 1187 1513 1223 qui
1538 1188 1656 1222 pritnunt
1685 1186 1789 1213 fuimus

1000 1240 1166 1271 peceatores,
1181 1233 1332 1262 Jerusalem
1347 1241 1478 1261 vocamur
1492 1241 1508 1261 a
1526 1233 1591 1265 Deo,
1612 1237 1639 1259 et
1655 1233 1788 1259 habemus

1000 1291 1029 1310 ea
1044 1291 1105 1318 quat
1117 1282 1204 1310 prima
1218 1282 1355 1309 dicuntur.
1384 1280 1507 1307 Secunda
1529 1284 1621 1306 autem
1636 1279 1659 1306 si
1675 1283 1738 1313 post
1750 1279 1789 1304 ri-

1000 1330 1155 1357 silatirnem
1179 1334 1206 1354 et
1227 1327 1350 1354 notitiam
1375 1326 1420 1353 Dei
1434 1324 1668 1360 persevct'avimus
1682 1324 1709 1350 itt
1727 1331 1788 1358 pec-

1000 1375 1079 1404 catis.
1097 1374 1129 1401 ad
1145 1381 1195 1400 nos
1206 1372 1351 1408 pertinent.
1369 1371 1458 1398 Tertia
1473 1378 1537 1397 vero
1554 1370 1623 1396 mala
1636 1377 1699 1404 qua:
1713 1369 1788 1403 peni-

1002 1426 1044 1447 tus
1060 1420 1236 1449 detestamur,
1263 1417 1412 1444 secundum
1429 1416 1550 1443 ordinem
1576 1421 1786 1450 prosequemur.

1000 1465 1078 1493 Nunc
1091 1465 1162 1492 utad
1176 1465 1291 1499 primum
1307 1462 1426 1493 redeam,
1444 1461 1576 1496 scriptum
1598 1465 1640 1487 est
1657 1460 1738 1495 quasi
1754 1460 1788 1486 de

163 1508 313 1535 secundum
332 1512 457 1535 matrem.
472 1507 500 1535 Si
518 1508 545 1535 in
560 1507 710 1536 Jerusalem
723 1513 797 1536 tanta
809 1509 946 1543 dicuntur,
961 1515 982 1544 c
999 1510 1148 1538 Jerusalem
1167 1519 1174 1536 ;
1193 1509 1224 1535 In
1237 1517 1289 1544 qua
1307 1509 1350 1535 die
1364 1513 1427 1534 nata
1440 1516 1477 1538 es,
1491 1515 1542 1533 nou
1554 1511 1592 1533 est
1606 1506 1715 1532 enisus
1730 1514 1787 1531 tun-

162 1553 196 1579 de
208 1561 261 1588 qua
279 1557 333 1580 tant
348 1553 460 1587 grandia
484 1557 511 1580 et
534 1557 589 1580 tam
613 1554 682 1581 mira
697 1555 850 1590 conscripta
869 1561 942 1588 sunt,

163 1607 224 1633 quin
235 1599 259 1626 ei
274 1604 338 1626 suttt
353 1599 535 1633 repromissa,
560 1600 624 1634 quid
647 1599 766 1627 futurutn
787 1606 828 1628 est
849 1603 949 1629 ntisero

165 1644 243 1676 mihi,
258 1644 280 1670 si
296 1645 459 1678 peccavero?
477 1644 545 1677 Quis
560 1645 625 1672 ntihi
641 1646 694 1672 erit
711 1647 805 1680 pater?
820 1647 873 1673 Aut
889 1656 951 1682 qua:

163 1690 230 1717 mihi
243 1694 295 1717 ertt
308 1691 409 1717 mater?
425 1690 520 1718 Tanta:
533 1691 647 1726 talisque
665 1692 721 1727 (il)
742 1692 892 1720 Jerusalem
908 1703 950 1721 ra-

162 1738 208 1764 dix
226 1742 253 1764 et
267 1737 406 1772 generatio
420 1736 454 1764 de
467 1741 538 1764 terra
553 1738 780 1771 Chananzcorum,
798 1745 874 1774 pater
889 1740 949 1775 ejus

162 1783 338 1810 Amorrhzeus
364 1787 391 1810 et
413 1787 499 1810 mater
522 1783 627 1810 Cetlttea
649 1789 830 1819 nuncupatur.
855 1785 911 1820 Ego
926 1786 950 1813 si

162 1835 328 1861 pet-cavero,
353 1828 398 1862 qui
415 1828 441 1854 itt
455 1828 565 1856 Christo
575 1828 639 1856 Jrsu
656 1831 755 1862 credo,
778 1835 804 1857 ct
820 1836 896 1858 tanto
908 1840 950 1860 me

163 1873 294 1908 magistro
310 1873 418 1906 tradidi,
432 1874 494 1909 quis
516 1874 583 1902 mihi
598 1875 706 1902 futurus
720 1881 761 1903 est
775 1877 870 1910 pater?
890 1877 948 1904 Non

163 1919 256 1954 utique
279 1919 474 1950 Antorrhaaus.
505 1921 551 1947 sed
589 1922 704 1955 nequior
725 1922 836 1956 quidam
863 1928 948 1956 pater.

162 1965 229 1998 Quis
243 1969 286 1993 est
297 1966 365 1993 iste?
390 1966 482 1998 Quivis
497 1967 542 2001 qui
556 1974 691 2001 pcreatum
706 1968 783 2002 facit,
796 1976 829 1994 ea:
844 1969 950 1996 diabolo

162 2016 240 2038 natus
261 2016 300 2039 est
316 2012 348 2039 ¹⁶.
377 2011 411 2038 Et
434 2012 532 2039 iterum
550 2014 593 2039 “2
618 2012 666 2039 Vos
690 2021 722 2039 ex
746 2019 821 2047 patre
844 2014 950 2041 diabolo

161 2058 234 2084 estis.
266 2057 295 2084 Si
310 2058 392 2092 igitur
406 2057 555 2085 Jerusalem
571 2058 671 2085 dicitur
685 2059 718 2086 de
733 2060 824 2086 radice
839 2065 866 2086 et
880 2061 950 2087 nati-

162 2103 244 2129 vitate
260 2108 338 2129 terrae
353 2103 525 2136 Chananw,
543 2104 607 2137 quid
623 2104 729 2130 dicetur
741 2105 774 2131 ad
790 2105 857 2132 nos?
873 2105 950 2133 luve-

163 2148 275 2174 niuntur
289 2151 316 2174 et
331 2147 409 2175 nobis
425 2153 514 2182 patres
534 2149 580 2183 qui
604 2156 653 2176 ttos
665 2155 794 2184 generant
811 2151 837 2177 in
852 2159 949 2185 pecca-

163 2193 207 2220 tis.
224 2191 259 2219 Ut
275 2192 346 2220 enim
362 2193 385 2219 si
402 2193 490 2220 bonus
507 2193 592 2225 fuero,
605 2198 632 2220 et
646 2194 672 2220 in
689 2195 792 2229 optimo
806 2201 867 2222 actu
881 2204 944 2223 con-

163 2238 286 2269 stitutus,
304 2237 370 2264 dicit
386 2237 451 2264 tnilti
464 2237 543 2265 Iesus
558 2238 578 2253 ¹¹
594 2247 600 2264 :
621 2238 687 2271 Fili,
713 2239 886 2266 dimittuntur
900 2241 946 2267 tibi

161 2287 267 2317 peccata
285 2288 350 2315 tua;
372 2282 436 2309 dicit
453 2283 517 2310 mihi
537 2282 637 2310 Paulus
651 2283 800 2319 discipulus
816 2284 879 2312 JeSu
898 2285 919 2300 ¹³
936 2295 944 2322 ξ

165 2327 198 2355 In
213 2327 318 2355 Christo
331 2328 400 2355 enim
412 2327 477 2355 Iesu
489 2337 535 2364 per
550 2328 720 2364 Euangelium
733 2337 779 2365 ego
793 2339 836 2357 uos
850 2333 944 2366 genui;

163 2374 198 2400 ita
216 2373 239 2401 si
255 2373 344 2400 factus
359 2373 437 2401 fuero
450 2379 584 2408 peccator,
601 2383 733 2410 generous
750 2383 792 2403 me
810 2376 836 2403 in
854 2385 946 2412 pecca-

179 2430 190 2446 '
207 2431 273 2458 Dan.
290 2439 348 2462 xm.
365 2430 409 2458 56.
447 2432 456 2447 '
469 2431 536 2458 Gen.
555 2440 597 2461 xv.
609 2431 653 2458 ΞΟ.

165 2467 186 2482 "
199 2467 270 2494 l‘sat.
285 2474 313 2498 n,
331 2466 357 2492 7.
410 2467 432 2481 η
447 2467 543 2493 hzech.
560 2475 613 2500 xrt,
630 2467 657 2494 4.

694 2433 714 2448 ¹⁰
728 2432 736 2459 1
751 2432 831 2460 Joan.
852 2443 891 2466 llt,
907 2436 934 2463 8.

697 2468 718 2483 “
733 2467 785 2495 Jth
801 2477 844 2501 λι..
859 2471 902 2496 il.

167 2526 199 2563 ᾚ
225 2524 415 2563 Ίερουιτςιιλῂμἱ
431 2525 541 2563 ’ὅτε-τοῦ
554 2525 626 2563 ρεοῦ
641 2523 784 2563 ἦιίγπόλις,
805 2527 881 2563 ῥίζαν
899 2529 946 2555 καὶ

162 2560 238 2597 γένος
253 2559 325 2597 εἶχεν
346 2559 536 2597 ὲξ⁷⁷Ἅ6ραὰμμ
552 2559 659 2597 ἐχουρὼ
669 2561 778 2597 Πατέρα
794 2559 838 2588 ’ἑὸν
861 2563 927 2589 θεὸν
937 2583 944 2595 ,

163 2591 210 2622 ita!
228 2591 333 2630 μηιίέρσ.
349 2591 398 2630 τὴν
410 2591 660 2631 χάρινίλιτᾶὶαιειη
673 2591 778 2630 quando
791 2597 837 2623 Dei
850 2591 945 2624 ciuitas

163 2635 229 2659 erat.
242 2632 358 2657 radicem
373 2639 404 2656 ac
418 2630 499 2665 genus
512 2630 622 2657 ducebat
636 2639 668 2657 ex
684 2631 816 2658 Abraham
828 2652 835 2662 ,
854 2632 946 2659 Deum-

163 2673 212 2698 que
226 2665 331 2691 Patrem
342 2666 463 2697 habebat,
474 2670 498 2691 ιι
512 2670 622 2692 matrem
639 2666 752 2699 gratiam
765 2666 833 2697 eius.

200 2700 255 2734 (il)
276 2700 368 2726 Tanta:
387 2700 500 2735 talisque
512 2704 596 2735 ,Vetc.
608 2699 716 2727 Catena:
733 2709 798 2728 mss.
812 2709 819 2727 :
835 2701 945 2733 Τελείας

164 2733 251 2772 Mil;
274 2733 653 2772 aikmsﬂﬁuwrﬁahv:
674 2735 834 2772 necdum
855 2744 943 2772 παραε

166 2768 354 2807 ῖεςροῆ-ςῂὲξεί
370 2769 446 2807 ῥίζαν
455 2768 623 2807 ῥίαὶχέκιβσιν
635 2770 670 2807 ἐκ
680 2768 731 2804 ﬁ;
745 2768 867 2807 Χαύᾲᾷν·
884 2768 913 2807 ὲίν

185 2802 230 2838 ιζῃ
243 2803 297 2840 ἔξει
314 2801 422 2840 ηαξ-ἐρα
440 2801 600 2840 ’ῥμορραἴον
609 2823 616 2834 .
631 2806 676 2831 καὶ
687 2801 802 2840 μητέρα
813 2801 944 2832 Χετιιαηίξ

192 2812 230 2838 νςῃ
244 2812 297 2835 seu
314 2812 422 2863 «erepat
441 2812 616 2838 ἰιιμορραιον⁸
631 2812 676 2831 και
698 2812 802 2840 μητερα
813 2812 944 2832 λετιιαν.

192 2837 276 2864 αναξρ-1
297 2837 384 2873 σύμσῡ
400 2846 428 2864 αν
442 2838 492 2872 τῆς
507 2839 642 2873 ἁμαρτιας
653 2848 659 2854 ·
679 2839 840 2875 ’Δμοῤῥαῑος
856 2841 946 2875 πατὴρ

974 2437 995 2454 “
1012 2436 1091 2463 Joan.
1110 2443 1157 2461 vttt
1169 2454 1176 2465 ,
1193 2434 1238 2461 Η.
1276 2434 1296 2449 ¹²
1305 2432 1399 2459 Matth.
1415 2441 1441 2460 rx
1453 2453 1460 2465 ,
1478 2433 1505 2461 Ei.

1001 1556 1094 1583 bilicus
1111 1560 1181 1583 tuus.
1209 1554 1353 1588 A'ljutorio
1366 1553 1413 1580 Dei
1426 1553 1591 1587 indigemus.
1606 1556 1636 1578 ut
1649 1552 1788 1586 possimus

1000 1602 1158 1629 umbilicunt
1178 1609 1231 1628 non
1246 1600 1389 1635 praecisum
1404 1599 1564 1634 peccatricis
1575 1597 1729 1624 Jerusalem
1745 1596 1787 1623 in—

1000 1647 1103 1678 venire,
1119 1651 1166 1673 aut
1177 1650 1250 1673 certe
1266 1645 1406 1680 praecisum
1422 1643 1580 1670 umbilicum
1596 1642 1656 1676 ejus
1670 1642 1718 1676 qui
1735 1649 1788 1667 non

1000 1691 1122 1726 peccaxit
1135 1697 1279 1724 exponere.
1303 1688 1365 1715 Sive
1380 1688 1462 1722 igitur
1479 1687 1629 1715 Jerusalem
1640 1707 1647 1718 ,
1665 1685 1724 1713 sive
1739 1693 1788 1712 cn-

999 1738 1153 1773 juscunque
1167 1737 1281 1764 alterius
1293 1735 1326 1763 de
1338 1735 1390 1762 alia
1404 1735 1544 1769 Scriptura
1566 1740 1660 1768 quaero
1678 1732 1790 1759 111111»ίή-

999 1791 1073 1816 cum,
1087 1786 1117 1810 ut
1130 1782 1299 1817 spiritalibus
1315 1780 1447 1815 spiritalia
1462 1787 1636 1814 comparans,
1649 1778 1787 1805 inveniam

999 1828 1137 1864 quomodo
1158 1836 1210 1854 tton
1235 1828 1271 1854 sit
1297 1827 1426 1861 prtecisus
1451 1825 1596 1852 umbilicus
1621 1824 1787 1851 Jerusalem.

1001 1875 1137 1909 Scriptum
1162 1879 1202 1900 est
1224 1873 1249 1899 itt
1264 1871 1314 1899 Job
1329 1873 1362 1898 de
1377 1871 1497 1898 dracone
1511 1871 1531 1886 ¹⁶
1550 1879 1556 1896 :
1579 1869 1669 1896 Virtus
1686 1869 1743 1903 ejus
1762 1870 1789 1894 in

1000 1920 1123 1947 umbilico
1134 1939 1140 1950 ,
1165 1924 1187 1945 et
1201 1918 1330 1952 fortitudo
1342 1917 1399 1952 ejus
1416 1924 1493 1950 super
1507 1915 1660 1941 umbilicum
1677 1917 1788 1941 ventris.

1001 1966 1064 1993 Scio
1078 1973 1111 1992 ex
1128 1965 1169 1991 his
1185 1972 1244 1998 qua:
1261 1963 1326 1990 mihi
1342 1963 1427 1998 gratia
1443 1962 1533 1989 divina
1547 1962 1642 1994 largita
1656 1966 1710 1993 est,
1725 1968 1789 1988 cum

1001 2019 1094 2046 [ιι-ωερε
1106 2015 1159 2037 tent
1172 2010 1261 2036 locttut
1278 2016 1451 2044 exponerem,
1467 2015 1510 2034 me
1522 2008 1625 2034 dixisse
1635 2006 1710 2040 quod
1729 2007 1792 2033 (ira-

1000 2066 1032 2085 co
1048 2057 1082 2084 sit
1097 2056 1227 2083 iortitudo
1241 2055 1389 2082 contraria.
1409 2052 1462 2080 iste
1475 2057 1516 2080 est
1528 2052 1600 2079 enim
1613 2053 1714 2083 draco,
1732 2060 1792 2079 ser-

1001 2113 1066 2140 pcns
1081 2104 1211 2138 antiquus
1226 2102 1271 2138 qui
1293 2105 1407 2129 vocatur
1419 2101 1544 2127 diabolus
1563 2105 1590 2127 et
1609 2100 1729 2127 Satanas
1743 2099 1793 2126 de-

1002 2151 1106 2184 cipiens
1117 2149 1211 2175 orbem
1224 2152 1358 2174 terrarum
1373 2146 1539 2173 universum.
1561 2144 1643 2172 Istius
1655 2144 1792 2172 lortitnzlo

1001 2195 1028 2222 itt
1042 2195 1170 2221 umbilico
1183 2199 1235 2221 est.
1253 2193 1308 2220 Nec
1319 2192 1432 2219 dubitnn
1450 2201 1457 2219 :
1474 2199 1537 2219 nam
1549 2190 1714 2226 principium
1732 2199 1793 2217 ma-

1002 2242 1090 2269 lorum
1113 2239 1236 2267 omnium
1259 2239 1286 2265 itt
1308 2238 1400 2266 lumbo
1414 2241 1546 2264 versatur.
1574 2236 1606 2263 Et
1621 2236 1684 2263 ideo
1698 2236 1794 2263 adhuc

1002 2288 1028 2314 in
1045 2286 1137 2313 lumbo
1151 2285 1236 2320 patris
1247 2284 1412 2311 constitutus
1430 2283 1476 2318 qui
1494 2283 1653 2310 nasciturus
1672 2286 1732 2308 erat
1749 2282 1793 2309 rei

1001 2334 1094 2363 fertur.
1107 2333 1171 2367 quia
1185 2332 1213 2359 itt
1224 2331 1331 2358 lumbos
1342 2331 1445 2358 semina
1457 2330 1576 2356 humana
1586 2330 1700 2356 collecta
1712 2334 1792 2356 sunt.

1001 2379 1142 2407 Fortitudo
1163 2385 1228 2413 ergo
1251 2376 1386 2404 contraria
1406 2377 1562 2412 ubicunque
1583 2381 1648 2403 sunt
1671 2375 1793 2405 sentim,

1542 2432 1563 2448 ¹³
1578 2431 1588 2458 l
1603 2432 1668 2459 Cor.
1690 2440 1727 2460 tr.
1745 2432 1792 2459 l5.

996 2530 1053 2555 ἐστι
1070 2526 1173 2563 νοητῶς
1188 2527 1202 2553 ὁ
1215 2526 1352 2563 διάῦολοξυ
1366 2526 1468 2563 Χξταίσ.
1488 2526 1515 2552 δὲ
1532 2526 1633 2563 μὶήτηρ,
1653 2527 1670 2562 ἡ
1682 2527 1715 2554 ὲκ
1728 2526 1794 2553 τού·

997 2572 1044 2589 του
1062 2560 1187 2597 γένῆιησις
1208 2563 1266 2588 ἐστι
1277 2570 1284 2576 ·
1299 2560 1358 2597 euig-
1374 2562 1428 2597 γὰρ
1449 2563 1465 2588 ό
1484 2560 1578 2588 ποιῶν
1591 2560 1740 2595 ἁμαρτία-ν
1754 2563 1793 2590 ἐκ

998 2598 1050 2624 τοῦ
1069 2595 1210 2623 διαϐόλου
1237 2595 1420 2631 γετ-ἐννητιιιζ
1447 2596 1548 2623 Αηῑηυε
1560 2597 1684 2630 perfecta:
1702 2598 1792 2631 ﬁgura

997 2637 1036 2659 est
1055 2631 1226 2658 Jerusalem:
1240 2639 1298 2665 qua:
1314 2631 1403 2658 anima
1426 2639 1486 2658 cum
1502 2632 1650 2663 corruerit,
1669 2633 1789 2658 radicem

998 2671 1134 2701 ortumque
1153 2666 1256 2693 habebit
1278 2675 1292 2693 e
1313 2671 1382 2692 terra
1407 2665 1545 2693 Chanaan.
1568 2666 1602 2692 In
1627 2667 1678 2693 hac
1701 2667 1791 2693 radice

999 2701 1103 2728 habebit
1117 2706 1216 2736 patrem
1238 2701 1432 2732 Anton/ticum,
1458 2706 1481 2728 et
1505 2706 1616 2728 malrcut
1641 2701 1789 2729 Celticum.

1000 2737 1128 2763 Chanaan
1151 2736 1251 2770 peccati
1272 2736 1358 2771 ﬁgura
1377 2741 1414 2763 est
1429 2744 1438 2762 :
1452 2736 1622 2763 Aman/treus
1639 2741 1715 2771 pater
1731 2736 1789 2769 spi-

1000 2771 1076 2798 ritali
1090 2779 1167 2799 senm
1182 2771 1303 2797 diabolus
1315 2776 1357 2806 est
1366 2778 1375 2802 ,'
1397 2771 1502 2799 Ccthwa
1519 2777 1615 2800 ntater.
1634 2780 1664 2797 ea
1683 2779 1740 2806 qur:
1754 2778 1789 2797 ea:

1000 2807 1056 2836 imo
1070 2812 1107 2832 est
1125 2806 1258 2832 natiuilas.
1278 2815 1288 2831 1
1305 2805 1397 2833 Omnis
1409 2806 1478 2833 enim
1490 2807 1534 2840 qui
1552 2806 1617 2840 facit
1632 2805 1768 2840 peccasti».
1778 2826 1787 2838 ,

1000 2848 1032 2865 cr
1047 2840 1151 2867 diabolo
1170 2846 1247 2867 natus
1264 2846 1302 2868 est
1318 2841 1326 2876 (
1345 2839 1359 2867 I
1373 2839 1453 2867 lacn.
1470 2839 1510 2874 tu,
1528 2842 1565 2875 8).
1586 2851 1594 2864 1
