1882 3052
64 94 113 126 713

767 93 908 123 HOMILIA
930 94 973 123 Vl.

1641 93 1690 121 7M

64 156 101 183 ibi
116 154 282 182 insidiarum
295 161 406 181 suarum
421 153 474 180 vim
488 157 603 181 conatur
618 153 766 181 ostendere.
796 151 850 178 Ad-
865 153 885 181 Α
902 151 972 178 ritus
994 151 1107 186 pecunia
1134 150 1302 184 comparari,
1322 151 1348 178 in
1365 158 1418 186 qua
1441 159 1494 178 non
1514 156 1556 178 cst
1576 151 1647 180 littus
1664 153 1688 178 in

65 209 174 229 versum
197 201 335 228 masculos
349 200 435 227 virtus
447 199 507 234 ejus
519 200 544 226 in
560 200 659 227 lumbis
683 202 734 231 cst,
752 198 849 225 adver-

65 255 126 275 sum
141 246 259 274 feminas
272 247 359 273 virtus
370 245 429 280 ejus
442 246 469 272 in
483 245 612 272 umbilico
628 245 729 272 ventris
740 247 790 271 est.
819 243 852 269 Et

66 293 127 321 vide
156 291 297 328 quomodo
318 291 432 318 honeste
449 291 500 318 viri
525 290 701 324 mulierisque
725 289 851 325 genitalia

66 338 183 367 obtectis
201 336 359 364 nominibus
374 335 513 370 Scriptura
532 335 737 370 nuncupaverit,
755 341 788 361 ne
807 341 853 368 per

66 383 245 412 eavocabula
266 390 327 417 quae
348 382 374 409 in
400 387 523 416 promptu
550 385 631 413 sunt,
660 380 852 415 turpitudinem

67 429 246 464 signiﬁcaret.
264 427 293 454 Si
307 427 471 454 intellectum
484 431 526 452 est
536 425 688 460 exemplum
704 425 776 460 quod
791 431 854 459 pro-

68 475 183 502 tulimus
200 473 235 501 de
249 472 310 506 Job,
326 471 444 507 intellige
460 471 526 498 mihi
548 471 611 506 quia
632 471 698 498 utin
711 470 770 497 viro
785 477 853 505 pra:-

67 518 174 553 putium
188 516 406 549 circumciditur,
425 515 466 543 sic
482 515 508 542 in
524 515 623 542 femina
639 515 785 542 umbilicus
796 522 854 542 am-

68 567 192 598 putatur.
219 562 287 590 Cum
308 561 380 588 enim
403 561 500 596 pudica
513 560 564 587 fuit
577 561 693 592 mulier,
707 565 734 587 et
747 560 855 587 mundis

68 616 117 636 usa
131 607 331 635 mutationibus
348 606 529 639 feminarum,
548 601 652 643 scilicet
666 613 700 633 ne
720 605 747 632 in
765 605 854 634 sordi-

68 655 118 682 das
132 661 179 682 res
190 672 198 687 ,
222 658 250 681 et
263 653 289 680 in
303 658 475 688 peccatorum
492 651 673 686 turpitudines
689 655 766 685 ruat,
792 656 856 679 tunc

68 701 218 728 umbilicus
229 699 289 734 ejus
301 699 425 727 abscisus
437 703 488 726 est.
507 697 534 725 Si
549 705 612 725 vero
628 697 788 732 peccaverit,
801 705 855 724 non

68 750 112 774 est
126 746 275 774 umbilicus
291 745 349 779 ejus
366 745 502 772 abscisus.
526 743 650 778 Increpat
665 750 729 777 ergo
748 741 857 770 Jerusa-

69 791 123 819 lem
145 791 225 826 quasi
242 790 400 823 mulierem,
415 790 525 817 cuinon
548 789 584 816 sit
602 788 731 823 praecisus
749 788 857 815 umbili—

68 844 131 864 cus.
145 835 323 871 Septuaginta
338 834 506 869 interpretati
521 837 584 861 sunt
598 833 624 860 in
638 833 689 860 hoc
701 832 760 860 loco
775 841 782 860 :
795 832 856 859 Non

69 883 247 917 alligaverunt
260 881 340 908 ubera
353 885 408 912 tua,
435 887 546 908 sensum
559 879 645 914 magis
657 878 758 913 eloquii
772 886 855 913 expo—

69 933 272 962 nentes,quam
288 926 400 954 verbum
413 925 447 952 de
458 925 540 952 verbo
554 923 746 959 exprimentes.
769 923 856 950 Ubera

68 979 162 1002 autem
179 973 235 1009 (12)
261 973 287 1000 in
301 972 422 1000 Cauticis
445 971 614 999 canticorum
639 974 777 1004 assumpta
794 974 857 996 sunt

68 1020 96 1047 in
112 1019 310 1055 cogitationum
325 1023 433 1045 tuarqu
447 1021 474 1044 et
487 1015 587 1044 mentis
602 1016 672 1043 loco.
708 1015 777 1047 Quia
790 1014 857 1042 bona

68 1065 152 1092 ubera
169 1069 216 1091 tua
231 1072 308 1098 super
321 1064 408 1090 vinum
425 1063 458 1089 ¹⁷.
476 1061 509 1089 Et
527 1061 650 1088 recubuit
672 1069 753 1095 super
763 1065 857 1095 pectus

67 1110 147 1141 Iesu,
172 1109 219 1137 ubi
236 1109 318 1136 ubera
334 1114 379 1136 tua
395 1111 469 1139 sunt,
485 1107 508 1134 is
521 1107 566 1142 qui
578 1106 797 1133 communionem
814 1105 857 1132 in-

69 1155 230 1183 tellectuum
243 1153 302 1188 ejus
318 1152 462 1180 habiturus
472 1154 540 1178 erat.
555 1149 668 1183 Quando
682 1156 746 1184 ergo
760 1156 857 1176 sensus

69 1204 114 1228 est
127 1198 244 1233 rigidus,
258 1202 285 1225 et
298 1197 372 1224 notio
384 1196 515 1223 obstricta
533 1199 613 1229 atque
628 1193 731 1226 solida,
748 1200 798 1220 nec
811 1193 858 1220 de-

69 1245 133 1273 ﬂuit
145 1252 248 1277 sermo,
263 1242 438 1270 manifestum
454 1245 495 1268 est
505 1240 568 1275 quia
582 1239 688 1274 alligata
702 1240 764 1266 sunt
776 1237 858 1265 ubera

69 1297 129 1319 tua.
158 1291 228 1317 Cum
243 1297 308 1316 vero
319 1296 350 1316 ea
363 1295 424 1323 quae
444 1287 588 1318 dicuntur,
611 1285 742 1313 dissoluta
756 1287 819 1312 sunt
832 1289 859 1312 et

72 1336 212 1367 deﬂuunt,
228 1342 282 1362 non
294 1338 358 1361 sunt
372 1333 455 1361 ubera
467 1332 585 1366 alligata.

106 1381 134 1409 5.
165 1381 242 1415 Aqua
258 1387 310 1406 non
323 1387 348 1405 es
363 1378 418 1405 lota
440 1377 467 1404 in
483 1377 594 1403 salutent
611 1375 642 1402 ¹⁸.
671 1371 815 1402 Videamus
827 1382 857 1401 ea

69 1434 135 1462 quae
158 1430 223 1453 sunt
248 1425 275 1451 in
298 1424 459 1455 Jerusalem,
481 1430 515 1450 nc
530 1420 598 1449 forte
611 1425 637 1449 et
652 1421 677 1448 in
694 1419 772 1447 nobis
784 1427 858 1454 repe-

902 196 1024 224 salutem.
1042 195 1080 222 Ad
1089 202 1195 222 omnem
1205 197 1321 222 animam
1334 197 1509 231 peccatricem
1519 204 1578 231 qua:
1585 196 1691 223 videtur

902 242 1029 274 credere,
1055 241 1105 268 ista
1122 241 1249 268 dicuntur
1270 249 1331 276 quae
1342 250 1414 269 nunc
1439 242 1510 269 dicta
1529 242 1643 276 legimus
1658 242 1690 268 ad

902 287 1064 320 Jerusalem,
1083 294 1113 315 ut
1139 296 1193 315 non
1216 288 1250 316 ad
1270 288 1373 323 majora
1395 288 1587 318 conscendam,
1608 292 1635 314 et
1660 296 1691 314 ea

903 341 1022 370 quaeram
1041 343 1101 369 quae
1121 330 1192 362 ultra
1205 335 1277 361 vires
1294 341 1366 361 meas
1389 338 1452 361 sunt
1470 338 1496 360 et
1511 333 1658 368 ingenium.

938 380 965 406 6.
987 379 1076 414 Neque
1100 379 1154 406 sale
1173 379 1300 406 solita".
1326 378 1358 405 Et
1372 379 1424 405 hoc
1444 379 1548 405 crimen
1559 377 1692 405 cstJeru—

905 425 1000 457 salem,
1015 425 1080 460 quia
1096 433 1149 452 non
1168 424 1256 452 fuerat
1272 424 1353 459 digna
1370 424 1426 451 sale
1443 424 1500 451 Dei.
1519 423 1575 459 Ego
1594 424 1616 451 si
1633 431 1692 450 cre—

905 471 1001 498 didero
1016 469 1131 497 Domino
1154 477 1215 497 meo
1229 468 1292 496 Jesu
1305 469 1428 501 Christo.
1450 469 1508 504 ipse
1534 476 1577 496 me
1593 469 1632 496 sal
1650 469 1691 496 fa-
1726 474 1732 480 ‘

906 515 968 548 ciet,
981 515 1106 550 dicetque
1126 515 1192 542 mihi
1208 511 1229 531 "
1245 524 1252 542 :
1271 509 1320 541 Vos
1339 515 1400 542 estis
1422 515 1462 542 sul
1483 516 1569 542 Ierrte.
1590 514 1619 542 Si
1635 522 1692 542 cre-

905 556 1000 589 didero
1017 561 1129 597 Spiritui
1141 561 1188 596 qui
1200 561 1226 588 in
1237 561 1365 596 Apostolo
1377 559 1482 588 locutus
1492 563 1543 594 est,
1555 561 1611 589 sale
1627 569 1693 588 con-

906 606 977 640 dior,
997 611 1024 634 et
1044 614 1156 642 possum
1177 608 1341 641 praeceptum
1365 607 1502 634 custodire
1516 627 1523 640 ,
1543 606 1638 634 dicens
1649 607 1688 632 “2

907 654 999 682 Sermo
1025 658 1107 681 vester
1131 654 1166 680 sit
1190 661 1291 688 semper
1313 653 1339 679 in
1367 654 1455 688 gratia
1481 654 1535 680 sale
1559 653 1691 680 conditus.

907 700 1014 728 Grande
1029 707 1099 735 opus
1119 703 1162 726 est
1182 699 1298 726 insaliri.
1320 698 1371 731 Qui
1396 699 1451 726 sale
1467 699 1592 726 conditur
1605 699 1692 733 gratia

907 746 1004 781 plenus
1020 749 1072 773 est.
1094 743 1162 771 Nam
1186 749 1213 771 et
1234 744 1262 770 in
1283 743 1422 770 communi
1443 744 1584 778 proverbio
1603 745 1693 772 salsus

907 790 1005 818 dicitur
1027 789 1174 825 gratiosus,
1202 792 1230 815 et
1248 788 1402 815 econtrario
1424 788 1543 816 insulsus
1568 790 1614 824 qui
1638 796 1692 817 non

908 835 988 863 habet
1004 834 1129 870 gratiam.
1153 834 1182 861 Si
1203 833 1285 870 igitur
1306 834 1393 873 gratia
1415 831 1493 861 nobis
1513 842 1527 861 a
1541 834 1595 862 Deo
1610 837 1693 866 venit.

906 885 933 909 et
957 881 1128 915 complemur
1153 879 1225 907 dono
1247 878 1324 914 ejus,
1347 879 1404 906 sale
1429 875 1552 906 salimur.
1574 876 1692 908 Rursum

906 925 1042 961 peccatrix
1050 919 1199 952 Jerusalem
1208 932 1261 952 non
1274 929 1315 952 est
1325 920 1444 952 involuta
1456 926 1564 960 pannis.
1575 925 1694 954 Observa

906 971 979 1006 quod
992 970 1127 998 dicimus:
1140 969 1231 997 anima
1242 977 1400 1001 renascens,
1410 974 1436 996 et
1448 970 1566 1004 primum
1580 971 1606 998 in
1620 971 1694 998 lava‘

907 1025 953 1045 cro
979 1011 1067 1050 edita,
1090 1017 1235 1044 involvitur
1262 1018 1370 1052 pannis.
1396 1012 1455 1051 ipse
1471 1014 1602 1045 Dominus
1618 1026 1695 1045 meus

906 1062 985 1091 Iesus
1006 1064 1102 1098 pannis
1128 1063 1266 1090 involutus
1288 1068 1346 1094 est,
1368 1067 1395 1090 ut
1419 1062 1549 1097 scriptum
1579 1063 1696 1091 refertur

908 1106 934 1133 in
948 1106 1093 1142 Evangelia
1112 1106 1262 1134 secundum
1277 1106 1389 1134 Lucam.
1414 1106 1525 1141 Oportet
1546 1115 1610 1142 ergo
1632 1115 1694 1135 eum

908 1152 989 1187 379
1005 1152 1051 1186 qui
1073 1152 1234 1185 renascitur,
1255 1151 1349 1186 utique
1373 1151 1401 1178 in
1420 1151 1529 1179 Christo
1550 1156 1695 1179 renascen‘

908 1202 961 1225 tem
987 1197 1147 1225 rationabile
1170 1201 1197 1224 et
1223 1197 1360 1224 sincerum
1389 1197 1431 1224 lac
1462 1197 1616 1224 desiderare
1638 1206 1645 1224 :
1668 1199 1696 1224 et

908 1242 1065 1277 priusquam
1090 1241 1251 1268 rationabile
1274 1244 1301 1268 et
1325 1241 1384 1268 sine
1406 1240 1468 1267 dolo
1487 1239 1528 1267 lae
1547 1240 1694 1273 desidere',

909 1287 986 1315 debet
1006 1287 1062 1314 sale
1077 1286 1163 1320 saliri,
1182 1291 1209 1314 et
1225 1294 1377 1321 pannorum
1392 1286 1540 1314 involucris
1561 1286 1694 1321 colligari,

909 1342 943 1363 ne
957 1335 1063 1363 dicatur
1082 1331 1116 1362 ad
1136 1342 1208 1367 eum,
1233 1334 1290 1361 sale
1311 1341 1365 1360 non
1385 1341 1415 1361 es
1435 1333 1539 1366 salitus,
1556 1337 1582 1360 et
1600 1335 1696 1368 pannis

909 1389 963 1409 non
984 1389 1014 1409 es
1038 1381 1186 1409 involutus.
1211 1379 1280 1413 Quia
1300 1385 1390 1407 autem
1410 1380 1461 1407 ista
1477 1379 1625 1407 Jerusalem
1642 1381 1696 1408 sint

909 1426 1034 1460 crimina,
1050 1435 1104 1455 non
1121 1425 1281 1456 circumcidi
1292 1434 1350 1454 earn
1367 1425 1506 1460 umbilico,
1527 1430 1554 1453 et
1569 1427 1625 1453 sale
1641 1432 1695 1453 non

69 1473 192 1500 riantur.
210 1470 292 1497 Verbi
306 1466 395 1505 gratia
408 1470 511 1497 dictum
525 1468 561 1495 sit
575 1475 581 1493 ε
599 1462 647 1494 Est
661 1467 782 1501 quaedam
800 1474 859 1492 tnu-

921 1467 995 1503 ,aliri,
1018 1475 1046 1499 et
1058 1467 1156 1506 pannis
1175 1479 1229 1498 non
1247 1469 1358 1502 involvi,
1373 1475 1400 1498 et
1412 1478 1482 1505 aqua
1503 1478 1557 1497 non
1570 1470 1653 1497 lavari
1669 1471 1695 1497 in

69 1518 124 1546 lier
139 1524 214 1545 nunc
228 1517 293 1548 lota,
308 1523 401 1543 verum
416 1514 546 1550 quaeritur
561 1521 595 1539 an
610 1516 637 1540 et
651 1512 677 1539 in
693 1512 817 1543 salutem,
831 1514 860 1538 ut

69 1569 97 1592 et
112 1571 165 1591 nos
179 1564 325 1590 timeamus
339 1565 449 1596 propter
469 1560 522 1587 hoc
542 1558 615 1594 quod
628 1557 675 1591 ait,
693 1558 719 1584 in
735 1556 857 1584 salutem.

70 1609 133 1637 Non
149 1609 277 1636 lavantur
290 1602 345 1643 (i5)
358 1613 452 1633 omnes
463 1602 490 1632 i‘n
501 1604 626 1633 salutem.
642 1600 693 1636 Qui
706 1602 859 1637 accepimus

69 1656 190 1691 gratiam
204 1651 330 1688 baptismi
345 1652 372 1679 in
389 1651 498 1679 nomine
514 1649 625 1691 Christi,
635 1649 682 1676 loti
693 1656 803 1682 sumus;
813 1648 859 1675 sed

70 1690 169 1727 nescio
190 1699 253 1733 quis
277 1695 349 1725 lotus
366 1696 401 1725 sit
416 1697 443 1723 in
457 1692 584 1723 salutem.
613 1690 707 1720 Simon
722 1693 793 1720 10tus
807 1693 858 1724 est,

70 1750 97 1772 et
115 1744 255 1779 baptisma
269 1746 431 1770 consecutus
443 1736 632 1775 perseverabat
647 1737 672 1763 in
687 1735 802 1770 Philippi
816 1742 860 1762 so-

70 1791 190 1821 cietate;
207 1796 301 1816 verum
318 1787 381 1822 quia
394 1793 447 1813 non
461 1789 519 1812 erat
530 1782 602 1811 lotus
614 1783 642 1810 in
656 1782 782 1814 salutem,
795 1788 860 1807 con-

69 1834 222 1863 demnatus
239 1838 280 1861 est
304 1832 338 1859 ab
361 1839 394 1859 eo
409 1830 454 1866 qui
473 1830 500 1856 in
514 1824 619 1864 Spiritu
639 1831 734 1855 sancto
744 1826 812 1853 dixit
826 1824 860 1852 ad

69 1890 136 1910 eum
153 1881 175 1897 ¹⁰
191 1889 198 1907 :
213 1879 329 1907 Pecunia
347 1882 392 1904 tua
408 1880 491 1903 tecum
509 1875 544 1901 sit
558 1873 584 1901 in
605 1873 785 1908 perditionem.
816 1870 860 1897 ln-

69 1926 164 1962 genlis
188 1929 230 1952 est
249 1921 414 1951 dlllicultatis
435 1929 496 1948 eum
521 1917 568 1955 qui
582 1919 697 1951 lavatur,
722 1916 806 1944 lavari
832 1916 860 1943 in

71 1972 207 2000 salutem.
235 1966 380 2002 Attendite,
394 1966 597 1999 catechumeni,
616 1964 717 1995 audite,
729 1967 756 1990 et
769 1971 802 1990 ex
818 1962 861 1990 his

69 2025 135 2055 quae
158 2015 299 2048 dicuntur,
318 2019 468 2051 pra‘parate
490 2012 669 2047 vosmetipsos
696 2009 760 2037 dum
787 2013 861 2036 catc-

70 2061 208 2090 cbumeni
223 2058 300 2093 estis,
329 2059 392 2086 dum
408 2058 522 2086 necdum
538 2057 604 2084 estis
619 2055 761 2090 baptizati;
774 2058 800 2081 et
816 2061 860 2081 re-

69 2108 159 2136 niatis
184 2105 219 2133 ad
242 2106 393 2137 lavacrum,
416 2108 443 2131 et
466 2102 594 2130 lavcmini
622 2102 649 2129 in
669 2101 796 2132 salutem,
811 2107 862 2127 nec

910 1518 1024 1546 salutem
1044 1525 1134 1545 sermo
1159 1516 1262 1545 indicat
1285 1517 1425 1552 reliquus,
1447 1517 1494 1552 qui
1518 1517 1555 1544 ita
1574 1518 1697 1544 contui-

909 1567 953 1590 tur
970 1560 992 1579 "
1009 1572 1016 1590 :
1037 1560 1127 1597 Neque
1143 1563 1255 1598 pepercit
1273 1563 1299 1589 in
1319 1567 1342 1589 te
1357 1562 1447 1589 oculus
1463 1567 1538 1594 tuus,
1556 1568 1583 1588 ut
1601 1563 1697 1597 facere!

911 1609 957 1635 tibi
979 1617 1060 1635 unum
1081 1617 1114 1636 ea:
1136 1609 1256 1635 omnibus
1279 1609 1350 1636 istis.
1377 1607 1522 1643 Propterea
1550 1609 1618 1635 nihil
1648 1609 1696 1635 tibi

909 1653 1006 1681 horum
1024 1653 1085 1688 feci,
1104 1658 1134 1682 ut
1146 1659 1249 1689 pateret
1266 1654 1367 1689 aliquid
1390 1661 1472 1688 super
1496 1658 1539 1686 te,
1560 1654 1624 1681 dicit
1646 1654 1698 1681 Do-

910 1699 1010 1727 minus.
1027 1698 1186 1735 Exemplum
1201 1700 1235 1727 ab
1251 1699 1378 1727 omnibus
1391 1699 1537 1734 accipiam;
1561 1699 1657 1727 deinde
1673 1702 1697 1728 sl

911 1743 1028 1781 Spiritus
1045 1749 1156 1773 sanctus
1171 1745 1278 1778 viderit,
1302 1746 1334 1773 ad
1359 1745 1452 1772 Jesum
1469 1745 1608 1773 Christum
1623 1751 1650 1773 et
1664 1747 1696 1773 ad

910 1787 994 1819 Deum
1007 1791 1115 1819 Patrem
1138 1791 1347 1827 transmigrabo.
1365 1791 1479 1825 Quando
1500 1792 1534 1819 ad
1558 1793 1696 1820 hominem

910 1837 1016 1872 loquor,
1035 1841 1062 1864 et
1076 1838 1206 1871 deprecor
1221 1845 1283 1864 eum
1298 1843 1346 1872 pro
1361 1838 1452 1872 aliqua
1470 1845 1508 1870 re,
1523 1842 1553 1864 ut
1568 1839 1698 1865 miserea-

911 1889 955 1911 tur
973 1883 1025 1911 mei
1044 1893 1050 1910 :
1072 1883 1094 1910 si
1111 1883 1169 1909 sine
1191 1882 1378 1910 misericordia
1398 1885 1450 1915 est,
1467 1883 1532 1910 nihil
1545 1884 1647 1918 patitur
1664 1889 1696 1910 ex

911 1930 954 1957 his
974 1937 1032 1964 quae
1044 1936 1058 1956 a
1072 1937 1115 1956 me
1127 1929 1263 1961 dicuntur;
1285 1928 1308 1956 si
1328 1932 1391 1955 vero
1409 1929 1483 1956 molli
1499 1933 1541 1957 est
1553 1931 1655 1961 animo,
1671 1933 1699 1955 et

911 1975 978 2002 nihil
991 1974 1017 2002 in
1034 1982 1067 2002 eo
1080 1970 1159 2009 rigidi
1175 1973 1266 2001 cordis
1280 1973 1418 2006 obduruit,
1442 1975 1516 2001 audit
1530 1982 1583 2007 mc,
1607 1979 1634 2002 et
1646 1975 1699 2002 mi-

911 2023 1016 2048 seretur
1040 2019 1111 2052 mei,
1134 2022 1162 2046 et
1185 2018 1345 2045 molliuntur
1366 2019 1471 2046 viscera
1491 2019 1550 2055 ejus
1569 2019 1601 2047 ad
1623 2028 1698 2047 meas

910 2072 1015 2100 preces.
1034 2059 1098 2092 Tale
1112 2064 1179 2091 mihi
1193 2062 1321 2098 quiddam
1339 2063 1457 2099 intellige
1474 2072 1556 2099 super
1571 2065 1698 2092 Salvato-

911 2118 979 2137 rem.
993 2106 1139 2137 Descendit
1152 2109 1179 2135 in
1194 2113 1280 2136 terras
1293 2109 1427 2136 miserans
1439 2110 1587 2136 humanum
1601 2117 1697 2145 genus,

69 2153 111 2181 sic
127 2151 260 2179 lavemini
275 2154 304 2177 ut
316 2149 426 2184 quidam
447 2148 494 2183 qui
516 2147 565 2174 loti
585 2150 668 2178 sunt,
692 2145 738 2173 sed
756 2153 809 2171 non
833 2144 859 2170 in
877 2150 898 2177 ι)
913 2155 1053 2190 passiones
1077 2162 1222 2189 perpessus
1242 2158 1284 2180 es,
1305 2158 1412 2181 nostras
1430 2159 1575 2189 amequam
1588 2144 1696 2182 ἀηθείῃ

69 2199 212 2230 salutem,
229 2201 260 2223 ut
276 2196 322 2231 qui
339 2195 437 2230 accipit
452 2201 560 2229 aquam,
574 2195 601 2220 et
622 2199 674 2219 non
691 2191 788 2225 accipit
801 2190 861 2225 Spi-

68 2244 157 2272 ritum
175 2243 313 2269 sanctum.
337 2240 389 2274 Qui
412 2241 516 2267 lavatur
538 2239 565 2266 iu
581 2239 706 2270 saliitem,
721 2243 748 2264 et
762 2243 859 2270 aquam

69 2289 176 2324 accipit
192 2291 220 2314 et
233 2285 363 2322 Spiritum
388 2289 523 2313 sanctum.
546 2284 616 2317 Quia
630 2291 682 2310 non
698 2282 748 2309 fuit
765 2282 859 2310 Simon

70 2333 147 2361 lotus
173 2333 203 2360 in
225 2332 352 2363 salutem,
376 2330 480 2365 accepit
499 2337 615 2365 aquam,
642 2332 669 2355 ct
690 2335 742 2355 non
757 2328 862 2362 accepit

69 2379 212 2415 Spiritum
233 2382 370 2411 sanctum,
383 2378 486 2412 putans
499 2376 563 2411 quia
584 2374 671 2410 possit
683 2374 785 2402 donum
805 2373 861 2409 spi-

109 2448 131 2464 ¹⁷
146 2447 232 2475 Cant.
252 2453 271 2478 ι,
287 2446 313 2473 1.
351 2446 372 2461 ¹¹¹
383 2445 482 2473 Ezech.
501 2452 562 2478 nt,
576 2444 603 2472 4.

68 2482 96 2510 6.
119 2483 146 2499 ’³
161 2481 261 2509 Ezech.
277 2488 332 2514 tm,
349 2481 376 2508 5.

105 2544 167 2581 (12)
189 2543 277 2584 ῌιτεηί
292 2547 397 2584 autem,
414 2547 467 2583 etc;
485 2543 594 2584 (lateam
613 2551 620 2570 :
641 2544 784 2584 ρξμαετῴ
803 2545 867 2582 ἐλή-

64 2578 182 2617 φθήςαν
199 2578 282 2617 ὲνιτῷ
298 2579 417 2617 ᾏσμαεςι
433 2578 486 2617 ΙιΞ-ῶν
501 2578 630 2617 ᾀσμάτων
646 2578 693 2605 ὲπῐ
702 2580 749 2606 τοῦ
765 2578 868 2617 διανοή-

65 2613 149 2654 ita}?
166 2613 278 2654 χῳρίου.
297 2613 378 2654 Ubera
393 2613 420 2639 in
435 2613 544 2639 Cantica
557 2614 718 2641 canticorum
733 2623 780 2650 pro
798 2613 867 2643 men-

66 2652 102 2678 tis
119 2649 258 2685 facultate
272 2649 444 2682 accipiuntur.
766 2658 773 2665 ι

69 2719 76 2721 ί
103 2685 167 2721 (t5)
189 2682 260 2721 ⁸Νιῃι
286 2683 419 2721 lavamur,
440 2689 494 2721 etc.
518 2682 626 2721 catena:
647 2691 738 2721 mss.-:
755 2685 810 2711 Καὶ
830 2686 861 2711 ὲν

66 2717 151 2749 ὖδάτι
165 2717 217 2745 οὐκ
233 2718 346 2754 ἐλούθηνς
356 2737 362 2749 ,
378 2718 426 2744 ἐὰν
439 2718 581 2754 ὓδατιρὺκ
595 2719 706 2754 ὲλούθης
721 2721 761 2752 εἰς
772 2728 861 2754 σωτη-

87 2729 151 2749 ωτι
165 2729 217 2745 ουκ
233 2729 346 2753 εΑουυης
356 2737 362 2749 ,
378 2729 426 2744 εαν
439 2729 514 2745 υοατι
530 2729 581 2745 ουκ
595 2729 706 2754 εΛουυης
721 2729 761 2752 εις
772 2729 827 2746 σωτ
848 2734 859 2740 ·

87 2757 145 2784 ίαν.
159 2754 232 2790 Τῶνν
241 2753 444 2790 βατξῖιζομένῳν
456 2755 480 2780 οἱ
499 2753 547 2790 μὲν
564 2754 603 2785 εἰς
617 2754 752 2790 σῳτηριαν
765 2729 859 2790 βαπτῖ-

87 2766 145 2784 ιαν.
165 2766 222 2780 ιων
241 2766 444 2788 ραπιιευμενων
456 2766 480 2780 υι
499 2766 547 2788 μιν
564 2766 602 2785 Εις
617 2766 752 2789 σωτηριαν
765 2766 859 2790 Ραπτι-

66 2766 167 2826 ἕονται
179 2797 186 2804 ·
211 2788 265 2814 εἰσὶ
284 2787 313 2813 δέ
329 2796 400 2820 τινες
416 2788 499 2823 ψυχαὶ
516 2789 728 2824 ὰπονιπτόμεναι
750 2791 795 2816 καὶ
819 2791 859 2821 εἰς

239 2834 373 2864 Pareat.
395 2834 457 2864 Gn.
475 2833 560 2866 XIII.

643 2444 664 2460 "
681 2443 741 2471 Act.
759 2450 809 2470 vttl
821 2463 829 2477 ,
849 2443 893 2471 20.

913 2205 1050 2235 pateretur
1067 2202 1092 2227 et
1106 2207 1215 2227 carnem
1237 2205 1359 2227 nostram
1375 2200 1531 2235 dignaretur
1545 2208 1695 2229 assumere.

915 2246 943 2274 Si
957 2245 1028 2274 enim
1043 2254 1096 2273 non
1115 2244 1211 2273 fuisset
1225 2253 1334 2279 passus,
1348 2250 1402 2273 nan
1418 2246 1536 2273 venisset
1549 2246 1575 2272 in
1588 2253 1697 2274 conver-

914 2291 1046 2319 sationem
1062 2291 1187 2317 humanae
1200 2290 1271 2317 vitae.
1288 2289 1409 2317 Primum
1421 2298 1518 2322 passus
1532 2295 1583 2322 est,
1600 2291 1697 2318 deinde

913 2335 1061 2369 descendit,
1075 2340 1101 2363 et
1112 2335 1186 2363 visus
1201 2339 1251 2362 est.
1266 2335 1331 2368 Qua:
1344 2339 1385 2363 est
1399 2336 1449 2363 ista
1461 2343 1541 2370 quam
1555 2343 1604 2370 pro
1618 2336 1696 2362 nobis

913 2391 1011 2418 passus
1026 2386 1067 2409 est
1079 2381 1188 2417 passio?
1210 2380 1335 2409 Charitas
1350 2386 1391 2409 est
1412 2382 1512 2416 passio.
1534 2381 1613 2408 Pater
1626 2388 1697 2415 quo-

932 2444 955 2460 "
970 2442 1068 2470 Ezech.
1087 2449 1147 2474 xvt,
1161 2441 1188 2468 4.
1227 2441 1249 2456 ²¹
1266 2439 1361 2468 Matth.
1376 2449 1402 2474 ν,
1420 2441 1463 2468 15.
1501 2442 1523 2456 ¹²
1539 2440 1643 2468 Coloss.
1659 2446 1695 2472 tv,

913 2545 1090 2581 xardtxpmv.
1106 2543 1193 2581 Teii-ro
1209 2542 1417 2581 Δσιιιιξῷαᾳνςτηλτός)
1439 2542 1548 2581 ἀνεξίῳ.
1571 2542 1645 2581 ξ’ῌχει
1668 2543 1696 2570 δὲ

912 2581 958 2607 καὶ
972 2577 1116 2614 ἀνὰγωγὴν
1131 2577 1313 2614 conamini
1327 2577 1515 2614 (iamper—.0510
1529 2579 1552 2604 εἰ
1572 2577 1694 2614 Sevocat.

913 2615 947 2642 Et
963 2616 991 2641 in
1000 2612 1076 2650 aqua
1091 2612 1141 2640 non
1155 2612 1184 2650 es:
1195 2612 1295 2650 imae
1310 2621 1360 2640 non
1382 2612 1408 2639 es
1423 2613 1478 2639 lota
1494 2621 1564 2650 aqua
1578 2613 1606 2650 in
1621 2612 1693 2638 salu-

914 2654 974 2677 tem.
991 2648 1065 2676 lnier
1083 2657 1125 2676 eos
1140 2649 1184 2683 qui
1198 2648 1378 2683 baptizantur,
1394 2653 1455 2674 sunt
1467 2649 1511 2682 qui
1525 2648 1695 2682 baptizantur

913 2685 940 2712 in
957 2685 1085 2716 salutem;
1104 2688 1164 2710 sunt
1178 2691 1237 2709 vero
1253 2683 1374 2718 quwdiam
1394 2684 1489 2709 anima:
1500 2691 1558 2718 qum
1573 2683 1695 2710 lavantur

913 2721 992 2749 etiam
1010 2720 1036 2746 in
1057 2718 1307 2745 condemnationem.
1322 2717 1354 2744 Id
1368 2718 1464 2744 accidit
1478 2717 1595 2752 indigno.
1612 2718 1695 2744 Porro

913 2755 989 2781 habet
1003 2755 1083 2781 etiam
1098 2753 1218 2779 altiorem
1234 2760 1337 2779 sensum
1348 2753 1506 2783 spiritalem.
1521 2754 1558 2779 Ac
1572 2754 1594 2779 si
1610 2758 1694 2788 potes,

913 2790 1031 2817 animum
1047 2787 1162 2815 attende.

1501 2835 1540 2865 23
