1882 3052
210 108 262 134 713

794 104 954 132 ORIGENIS
973 103 1005 130 IN
1027 103 1242 131 EZECHIELEM

1785 107 1836 134 716

207 187 259 212 quc
273 178 329 212 ipse
348 183 374 205 et
393 178 467 205 Deus
483 177 679 211 universitatis,
702 177 868 212 longanimis
884 181 911 204 et
928 176 997 203 mul-
1015 169 1034 197 Α
1051 175 1228 210 multiplicata
1244 183 1281 207 ea,
1295 180 1319 202 et
1333 177 1504 211 magnificam
1519 177 1551 205 ".
1577 177 1641 204 Dedi
1657 182 1684 206 te
1705 178 1732 206 in
1749 179 1839 206 multi-

207 228 264 250 tum
287 223 444 252 misericors
467 229 493 251 et
516 224 671 255 miseratur,
692 231 783 250 nonne
797 223 1000 257 quodammodo

206 270 326 305 patitur?
340 270 381 297 An
393 270 502 304 ignoras
516 271 579 305 quia
597 270 705 305 quando
720 269 838 296 humana
850 269 999 303 dispensat,

205 317 360 352 passionem
381 316 480 351 patitur
491 316 657 343 humanam?
675 315 844 350 Supportavit
857 316 925 342 enim
942 323 998 341 mo-

207 370 248 388 res
268 367 327 389 tuos
350 361 477 388 Dominus
493 361 562 388 Deus
582 366 640 388 tuus
651 381 658 393 ,
682 361 810 396 quomodo
824 361 848 388 si
865 361 924 396 quis
938 369 1000 394 sup-

206 413 292 444 portet
317 408 393 435 Itomo
404 408 489 443 ﬁliuni
503 416 591 435 suum.
610 407 693 442 Igitur
710 415 799 435 mores
815 411 924 434 nostros
935 415 997 441 sup-

209 457 301 489 portat
322 453 409 485 Deus,
428 453 499 480 sicut
514 452 654 487 passiones
676 457 783 479 nostras
802 455 890 486 portat
914 451 999 479 Filius

205 499 264 527 Dei.
286 499 345 535 ipse
364 504 439 534 pater
464 506 516 525 non
542 501 583 525 cst
607 497 794 532 impassibiiis.
822 496 850 524 Si
877 501 997 530 rogetur,

203 546 348 574 miseretur
360 551 386 572 et
402 544 536 575 condolet,
552 544 652 578 patitur
671 543 774 578 aliquid
796 543 946 574 charitatis,
973 547 1000 570 et

204 592 234 619 {it
248 592 274 618 in
289 591 329 618 eis
346 591 373 617 in
388 590 486 625 quibus
499 590 577 624 juxta
591 589 804 624 magnitudinem
823 592 927 615 natura:
942 595 998 615 sua:

204 645 257 664 non
275 641 362 672 potest
383 643 453 668 esse,
478 640 504 662 ct
522 638 630 670 propter
656 641 705 662 nos
729 633 863 660 humanas
882 633 998 661 sustinet

205 683 358 716 passiones.

238 727 264 754 7.
286 726 348 753 Non
369 726 482 761 pepercit
508 726 598 752 oculus
616 729 675 751 tuus
687 744 694 756 ,
711 723 798 759 inquit
813 723 854 755 “,
873 723 899 750 in
916 728 949 754 te,
968 727 997 749 ut

201 773 298 807 Iaceret
318 772 366 799 tibi
377 780 458 798 unum
477 779 508 798 ea:
526 771 646 798 omnibus
664 771 722 797 istis
736 792 742 802 ,
766 774 793 796 ut
810 773 914 804 paterer
943 768 997 795 nli-

200 817 264 851 quid
280 825 359 851 super
377 821 410 843 te.
429 815 462 843 Et
475 816 537 851 quia
553 816 614 842 talis
630 815 725 842 ell‘ecta
741 821 779 847 es,
793 814 911 848 projecta
924 821 951 840 es
970 814 997 840 in

203 863 298 898 facient
315 863 411 897 campi.
433 862 516 894 Deus,
542 870 576 888 ne
590 869 640 888 nos
657 861 724 888 tales
745 867 804 888 esse
821 860 943 894 patiaris,
969 863 998 886 ut
1015 845 1035 872 Β

203 908 381 943 projiciamur
408 915 422 934 a
451 912 491 940 te,
517 913 543 934 ct
571 907 604 934 ab
633 906 753 934 Ecclesia
784 910 828 932 tua
851 905 877 932 in
899 905 996 931 faciem

201 952 303 987 campi,
324 951 370 979 sed
392 952 477 986 magis
491 955 519 978 ut
536 951 570 978 ab
583 951 716 986 angustiis
729 957 858 978 sensuum
873 949 996 985 egredia-

204 1007 266 1025 mur
279 999 312 1026 ad
328 1006 463 1033 campum.
491 997 524 1024 Et
544 997 661 1032 projecta
678 1006 705 1024 es
728 999 756 1024 in
782 997 876 1032 [aciem
898 996 993 1030 campi.

201 1045 311 1078 Quare?
331 1043 468 1071 Pravitate
486 1045 584 1070 anima:
596 1050 647 1071 tute
659 1044 686 1070 in
709 1051 760 1078 qua
777 1044 818 1070 die
833 1048 896 1070 nata
913 1051 940 1069 es
961 1042 993 1069 ’⁸.

201 1090 329 1117 Potestne
352 1090 451 1124 aliquis
467 1089 492 1116 in
508 1090 601 1117 cadem
615 1089 658 1117 die
671 1097 724 1124 qua
738 1093 818 1117 natus
829 1094 880 1121 est,
896 1088 996 1116 habere

201 1135 299 1162 animm
315 1134 497 1169 pravitatem?
513 1133 646 1161 Describit
668 1134 808 1168 passiones
828 1139 948 1166 nostras,
968 1139 995 1161 et

201 1181 265 1207 vitia
284 1181 414 1212 humana,
435 1184 460 1207 et
479 1180 573 1208 solitas
588 1180 745 1214 pravitates.
769 1179 906 1207 Pravitate
919 1180 992 1207 enim

201 1232 293 1255 nostra
308 1248 316 1260 ,
341 1227 363 1255 si
385 1234 438 1254 nou
462 1232 565 1254 rectum
591 1227 672 1254 l‘uerit
695 1235 761 1259 cor,
786 1227 947 1262 projicimur
966 1227 992 1254 in

199 1282 325 1309 campum
348 1273 375 1300 in
393 1274 437 1300 die
459 1281 512 1308 qua
531 1275 679 1301 nascimur.
709 1273 738 1300 Si
763 1278 825 1308 post
849 1281 993 1308 regenera-

199 1320 301 1347 tionem
316 1320 433 1350 lavacri.
451 1319 474 1346 si
496 1323 557 1354 post
573 1327 727 1346 sermonem
744 1319 792 1346 Dei
808 1327 917 1347 rursum
932 1328 993 1356 pec-

199 1366 364 1397 caverimus,
379 1365 405 1392 in
420 1364 463 1392 die
481 1373 533 1400 qua
552 1365 701 1399 nascimur,
720 1365 891 1400 projicimur.
912 1365 992 1394 Tales

200 1410 350 1446 sepissime
369 1410 542 1444 reperiuntur
555 1410 635 1437 lavati
652 1410 761 1437 lavacro
777 1410 903 1438 secundae
915 1419 992 1446 rege»

201 1456 360 1489 iterationis,
377 1460 402 1483 et
416 1463 470 1482 non
483 1455 611 1483 iacientes
624 1456 720 1491 dignos
734 1455 841 1484 fructus
856 1457 992 1492 paeniten-

1053 222 1172 250 tudiuem
1183 243 1189 253 ,
1205 227 1231 249 et
1253 223 1477 257 magnitudinem,
1493 223 1518 250 id
1545 227 1587 251 est
1601 231 1726 252 crescere
1741 229 1768 252 te
1790 225 1838 252 feci

1051 272 1077 294 et
1095 267 1278 302 multiplicari.
1303 267 1354 295 Per
1379 268 1405 294 id
1428 269 1500 295 enim
1524 269 1596 303 quod
1621 269 1792 303 crescimus,
1813 275 1840 297 et

1052 312 1274 347 multiplicamur.
1297 313 1330 340 Et
1351 314 1459 341 intrasti
1474 317 1500 341 in
1518 315 1635 342 civitates
1650 315 1789 343 civitatum
1807 317 1838 344 ³³.

1051 356 1171 385 Rursum
1192 365 1299 385 errores
1320 359 1430 393 exponit
1455 358 1604 386 Jerusalem
1631 360 1796 389 introeunti:
1815 361 1839 389 in

1051 403 1175 430 civitates
1198 402 1348 430 civitatum.
1380 402 1523 436 Quomodo
1542 408 1632 431 autem
1660 404 1785 438 ingressa
1807 405 1841 432 sit

1050 449 1197 476 criminose
1221 449 1246 475 in
1268 448 1393 476 civitates
1410 449 1549 476 civitatum
1567 449 1784 478 consideremus.
1813 449 1840 477 Si

1050 501 1098 528 per
1113 494 1235 528 singulas
1253 493 1307 529 (I4)
1325 494 1446 521 civitates
1466 495 1492 521 in
1514 495 1614 530 quibus
1632 495 1752 523 haereses
1767 501 1840 529 sunt,

1049 544 1076 567 et
1089 539 1221 567 doctrina;
1239 540 1334 567 alienae
1347 548 1361 567 τι
1381 539 1444 570 Deo.
1463 541 1631 575 ingrediatur
1647 542 1785 576 quispiam
1799 550 1842 570 ee-

1050 585 1231 618 clesiastirus,
1249 589 1276 612 et
1295 586 1431 620 particeps
1451 587 1497 613 tiat
1512 586 1606 613 talium
1623 587 1777 619 civitatum,
1793 595 1840 614 au<

1049 630 1089 658 dit
1107 631 1129 646 '°
1146 640 1152 657 :
1169 630 1283 658 Intrasti
1299 632 1326 658 in
1347 631 1466 659 civitates
1480 632 1626 660 civitatum.
1647 632 1774 660 Mummi:
1792 639 1841 661 tua

1049 681 1142 704 ereum
1152 681 1223 703 sunt.
1244 676 1308 704 Post
1323 682 1396 704 tanta
1412 678 1526 705 crimina
1541 686 1651 706 rursum
1665 680 1796 712 ﬂoruisti.
1817 684 1842 707 et

1048 722 1122 749 venit
1138 722 1185 748 tibi
1204 725 1322 757 tempus,
1345 726 1371 749 et
1394 726 1500 757 tempus
1512 723 1717 751 divertentium.
1742 724 1842 752 Dicitur

1049 766 1116 793 mihi
1133 776 1140 792 :
1157 766 1216 794 Noli
1229 767 1415 802 allegorizare,
1431 768 1485 794 noli
1503 775 1550 802 per
1564 767 1678 802 ﬁguram
1694 776 1839 804 exponere.

1051 812 1241 847 Respondeant
1258 820 1351 848 qumso
1367 822 1373 840 ε
1390 812 1540 841 Jerusalem
1559 822 1694 842 mammas
1708 815 1800 848 habet,
1817 820 1841 842 et

1050 863 1092 885 est
1104 860 1213 893 quando
1232 866 1286 886 non
1302 859 1472 894 colligentur,
1491 865 1533 887 est
1555 860 1666 894 quando
1685 861 1840 896 erigantur;

1049 908 1075 930 ct
1091 903 1249 931 umbilicum
1269 904 1360 936 habet,
1383 909 1410 931 et
1430 905 1494 938 quia
1518 913 1572 932 non
1589 910 1631 933 est
1647 906 1782 940 praecisus
1798 914 1841 933 ar-

1049 949 1152 984 guitur.
1171 949 1315 983 Quomodo
1330 955 1444 985 possunt
1461 952 1512 977 ista
1527 951 1586 978 sine
1599 951 1744 986 allegorica
1760 960 1841 987 expo-

1049 996 1149 1022 sitione
1165 996 1297 1031 intelligi?
1315 996 1440 1023 Hammo?
1456 1001 1509 1023 tuw
1527 1001 1619 1024 erecta:
1635 1002 1708 1030 sunt,
1722 1002 1748 1024 et
1764 998 1840 1030 capil-

1048 1043 1089 1070 lus
1115 1047 1176 1070 tuus
1202 1049 1309 1070 exortus
1332 1048 1370 1070 est
1399 1043 1431 1071 ".
1461 1044 1530 1071 Cum
1556 1045 1630 1072 omni
1649 1045 1793 1073 honestate
1810 1052 1839 1072 ea

1048 1096 1109 1124 quae
1124 1089 1231 1117 solvent
1253 1089 1388 1124 virginum
1403 1090 1510 1117 evenire
1532 1091 1696 1125 corporibus
1714 1092 1840 1119 describit

1046 1142 1136 1162 sermo
1152 1135 1270 1162 divinus.
1287 1134 1320 1161 Et
1338 1135 1451 1170 capillus
1469 1140 1652 1164 tuus-exortus
1664 1141 1706 1164 ert
1721 1145 1732 1164 :
1745 1143 1773 1164 tu
1786 1146 1838 1165 vero

1045 1185 1103 1204 eras
1115 1178 1196 1210 nuda,
1206 1177 1288 1213 380
1299 1183 1323 1204 et
1336 1178 1505 1205 dehonestum
1514 1179 1546 1204 ".
1556 1178 1610 1212 Qui
1625 1187 1680 1207 non
1695 1185 1737 1208 est
1749 1180 1837 1208 Jesum

1044 1222 1183 1251 Christum
1205 1223 1335 1256 indutus,
1357 1224 1400 1251 hic
1417 1224 1507 1252 nudus
1524 1229 1581 1257 est;
1601 1226 1646 1260 qui
1661 1233 1716 1253 uou
1734 1231 1778 1254 est
1799 1227 1835 1253 in-

1044 1269 1128 1296 dutus
1149 1269 1253 1296 viscera
1277 1269 1472 1303 miserationis,
1493 1270 1685 1306 benignitatis,
1702 1272 1838 1300 humilita-

1046 1315 1101 1348 tis,
1125 1316 1358 1350 mansuetudinis,
1377 1317 1605 1352 longanimitatis,
1630 1324 1659 1344 ut
1683 1319 1835 1353 proximum

1046 1361 1189 1395 sustineat,
1208 1362 1260 1390 iste
1276 1362 1470 1390 debonestatus
1488 1367 1538 1390 est.
1561 1362 1600 1390 Tu
1617 1372 1677 1391 vero
1694 1373 1755 1392 eras
1769 1365 1837 1391 tmda

1043 1413 1070 1436 et
1093 1408 1275 1440 dehonestum,
1299 1413 1325 1436 et
1349 1410 1461 1436 transivi
1477 1418 1524 1443 per
1542 1415 1566 1437 te
1586 1410 1618 1437 ".
1637 1409 1766 1438 Secunda
1783 1412 1837 1439 vice

1043 1454 1118 1482 venit
1132 1454 1165 1481 ad
1182 1462 1253 1486 eam,
1271 1454 1338 1482 vidit
1355 1462 1414 1481 eam
1430 1460 1597 1490 peccantem,
1612 1456 1711 1484 iterum
1733 1462 1839 1492 propter

200 1503 253 1535 tite,
269 1510 356 1538 neque
371 1501 554 1529 exhilarautcs
575 1502 734 1538 mysterium
751 1502 878 1538 baptismi
895 1504 988 1532 timore

1047 1505 1155 1536 peccata
1173 1500 1305 1533 discedit;
1325 1505 1352 1528 et
1375 1505 1464 1529 tamen
1483 1510 1592 1529 rursum
1611 1504 1770 1537 revertitur,
1796 1504 1840 1531 ite-

197 1549 303 1583 majore
316 1549 394 1575 abeo
410 1555 491 1582 quem
507 1547 572 1574 dum
587 1548 777 1575 catechumeui
789 1553 881 1576 essent
893 1549 995 1576 habue-

201 1600 274 1629 runt,
289 1599 316 1622 ct
332 1595 464 1622 charitate
481 1594 605 1628 ampliori
620 1594 654 1622 ab
667 1602 698 1622 ea
714 1603 796 1629 quam
812 1601 996 1623 exercuerunt

200 1642 265 1668 dum
289 1640 428 1667 auditores
459 1640 593 1667 sermonis
625 1645 734 1673 essent,
761 1644 788 1667 et
810 1641 994 1670 sanctioribus

201 1687 285 1722 gestis
309 1694 392 1721 quam
420 1690 482 1713 ante
506 1691 660 1722 gesserunt.
686 1685 815 1721 Sequitur
841 1687 994 1715 istiusmodi

202 1733 328 1759 [nomines
350 1732 402 1759 hoc
424 1731 495 1766 quod
516 1731 637 1758 dicitur:
656 1731 777 1766 Proiecto
801 1740 827 1759 es
848 1732 875 1759 in
898 1733 995 1768 faciem

200 1778 287 1812 campi
299 1777 429 1812 pravitate
442 1777 538 1804 animae
554 1780 606 1803 tute
621 1777 648 1802 in
666 1776 708 1803 die
724 1785 775 1812 qua
796 1780 860 1803 nata
882 1785 918 1804 es.
941 1776 994 1805 Sed

201 1823 263 1851 vide
286 1822 501 1850 misericordiam
520 1821 579 1854 Dei,
600 1821 660 1848 vide
675 1821 846 1848 clementiam
871 1821 994 1856 singula.

198 1878 268 1898 rem.
290 1869 367 1897 Licet
381 1870 500 1904 projecta
516 1868 553 1896 sit
569 1867 719 1895 Jerusalem
736 1868 762 1894 in
780 1867 877 1895 faciem
893 1868 992 1902 campi,

199 1925 253 1944 non
277 1916 314 1943 ita
338 1923 398 1943 eain
414 1915 539 1950 despicit,
558 1919 588 1941 ut
601 1914 720 1949 projecta
739 1914 773 1941 sit
788 1921 912 1948 semper;
938 1921 992 1941 non

200 1964 236 1991 ita
254 1963 380 1998 pravitati
404 1970 461 1990 sua:
483 1962 620 1996 relinquit,
639 1965 667 1987 ut
688 1961 715 1987 in
740 1964 826 1987 totum
847 1960 907 1995 ejus
922 1960 993 1988 obli-

199 2009 330 2043 viscatur,
346 2013 376 2036 ut
389 2017 441 2036 non
458 2007 526 2034 ultra
541 2007 627 2034 elevet
640 2007 788 2041 jacentem.
800 2005 916 2033 Attende
928 2006 993 2041 quid

197 2053 323 2088 sequitur
335 2054 358 2068 ’θ
373 2062 379 2080 ;
399 2051 432 2078 Et
450 2052 560 2078 transivi
581 2060 626 2086 per
645 2055 678 2078 te.
693 2049 816 2085 Projecta
830 2058 870 2084 es,
884 2058 933 2086 ego
951 2057 993 2078 ta-

200 2107 262 2127 men
281 2107 389 2127 rursum
407 2099 467 2126 veui
483 2099 514 2126 ad
531 2103 575 2131 te;
599 2098 717 2125 visitatio
733 2105 792 2125 mca
812 2105 866 2125 non
885 2099 931 2125 tibi
945 2099 990 2126 de-

199 2144 251 2172 fuit
264 2149 325 2179 post
337 2144 455 2172 ruinam.

1047 1554 1107 1573 rum
1123 1546 1214 1573 visitat
1233 1546 1352 1574 clemens
1369 1551 1395 1574 et
1411 1547 1543 1583 benignus
1559 1548 1641 1576 Deus.
1666 1548 1700 1576 Et
1724 1551 1782 1577 ueni
1807 1551 1837 1576 ad

1048 1597 1082 1626 te,
1098 1597 1122 1620 et
1137 1593 1192 1620 vidi
1206 1598 1240 1625 te,
1260 1597 1285 1620 et
1296 1601 1353 1620 ecce
1372 1599 1472 1628 tempus
1486 1599 1569 1627 tuum,
1588 1600 1612 1622 et
1635 1601 1740 1630 tempus
1757 1597 1837 1624 diver-

1048 1639 1158 1665 tensium
1179 1639 1211 1666 “.
1231 1639 1300 1672 Quid
1323 1646 1365 1667 cst
1387 1640 1438 1667 hoc
1458 1641 1530 1675 quod
1550 1642 1588 1668 ait
1612 1646 1716 1677 tempus
1745 1643 1838 1670 tuum!

1047 1684 1167 1719 Tempus
1190 1685 1326 1720 significat
1352 1685 1578 1719 adolescentium,
1599 1688 1625 1714 in
1642 1696 1699 1723 quo
1722 1689 1779 1724 jam
1794 1697 1837 1724 per

1047 1735 1154 1758 aetatem
1171 1737 1284 1765 possunt
1307 1731 1447 1759 fornicari.
1471 1731 1502 1759 Et
1519 1741 1628 1760 rursum
1648 1743 1654 1761 :
1676 1735 1712 1761 Et
1731 1741 1835 1770 tempus,

1049 1776 1156 1811 inquit,
1185 1777 1378 1805 divertentium.
1411 1778 1463 1810 Qui
1492 1784 1555 1806 sunt
1585 1780 1629 1807 isti
1656 1781 1836 1809 divertenles!

1048 1820 1117 1848 Dum
1137 1830 1233 1849 sumus
1248 1823 1365 1858 parvuli,
1380 1823 1406 1850 hi
1419 1824 1465 1858 qui
1482 1825 1615 1852 divertere
1631 1826 1730 1853 nolunt
1747 1826 1779 1854 ad
1795 1833 1836 1854 eos

1047 1868 1094 1904 qui
1111 1868 1235 1896 nituntur
1253 1874 1392 1903 evertere,
1415 1875 1444 1896 ut
1468 1874 1532 1897 sunt
1550 1870 1701 1899 Christiani
1721 1874 1835 1908 pessimi,

1046 1913 1180 1942 damouia
1200 1914 1352 1948 immunda,
1374 1916 1460 1951 angeli
1483 1916 1595 1950 diaboli,
1611 1925 1666 1945 non
1684 1919 1785 1946 habent
1804 1919 1835 1945 lo-

1047 1967 1109 1988 cum
1134 1961 1272 1995 quomodo
1289 1969 1341 1988 non
1360 1963 1465 1996 possint
1491 1962 1636 1991 divertere.
1656 1964 1728 1992 Cum
1753 1971 1834 1992 autem

1047 2004 1179 2033 fuerimus
1203 2011 1280 2034 aetate
1296 2007 1409 2042 majore,
1431 2012 1458 2035 et
1472 2008 1526 2043 jam
1541 2017 1654 2044 peccare
1674 2019 1834 2045 possumus,

1047 2058 1173 2087 quierunt
1187 2052 1289 2080 aditum
1307 2053 1339 2080 ad
1357 2062 1407 2081 nos
1422 2054 1581 2086 diverteudi,
1604 2059 1631 2083 et
1648 2056 1702 2084 hoc
1723 2063 1777 2084 tam
1794 2065 1834 2084 au~

1045 2099 1096 2134 geli
1111 2098 1158 2126 Dei
1172 2107 1254 2134 quam
1270 2100 1359 2135 angeli
1377 2099 1494 2128 Salanze.
1511 2101 1680 2136 impossibile
1693 2108 1785 2130 autem
1801 2108 1836 2129 est

1043 2150 1074 2172 ut
1089 2145 1196 2180 utrique
1219 2146 1253 2172 ad
1276 2153 1326 2173 nos
1347 2146 1494 2175 divertaut.
1519 2147 1546 2174 Si
1565 2155 1734 2183 peccamus,
1757 2149 1834 2184 angeli

235 2191 262 2218 8.
285 2191 318 2217 Et
333 2191 384 2217 viai
399 2195 423 2216 te
437 2198 602 2224 conspersum
620 2190 647 2216 in
659 2189 785 2225 sanguine
799 2194 843 2216 tuo
861 2190 892 2217 ’⁷.
907 2189 990 2223 Quasi
1008 2192 1030 2219 D
1044 2189 1145 2217 diaboli
1172 2190 1306 2217 divertunt
1331 2191 1362 2217 ad
1394 2199 1461 2221 nos;
1486 2192 1509 2219 si
1527 2197 1633 2220 stamus
1657 2193 1714 2221 iixo
1737 2196 1834 2230 gradu.

199 2237 291 2270 dicat,
307 2236 361 2263 vidi
377 2241 403 2263 te
421 2243 493 2262 ream
514 2235 741 2268 homicidiorum,
761 2243 833 2263 reatu
854 2235 995 2270 sanguinis

198 2289 227 2311 et
239 2282 394 2310 mortalium
410 2285 594 2317 peccatorum.
611 2279 645 2307 Et
661 2281 717 2307 dixi
730 2280 776 2307 tibi
791 2289 799 2308 :
814 2280 852 2307 De
867 2281 994 2315 sanguine

201 2335 246 2357 tuo
257 2330 311 2357 vita
324 2329 479 2364 adimplere.
494 2327 579 2364 Surge
595 2328 626 2356 de
643 2329 770 2363 sanguine
792 2333 846 2360 tuo,
867 2332 891 2355 et
906 2327 993 2354 adim-

199 2377 270 2413 plere
284 2377 348 2404 vita.
371 2375 445 2404 Sicut
467 2380 542 2402 ortu:
564 2376 622 2411 agri
643 2375 703 2402 dedi
723 2380 757 2402 te.
783 2373 910 2401 Misertus
931 2380 992 2400 sum

200 2423 240 2451 tui
252 2427 394 2458 postquam
409 2421 531 2457 projecta
544 2429 584 2453 es,
600 2421 655 2448 vidi
670 2425 696 2448 te
710 2420 843 2455 sanguine
856 2419 991 2455 peccatis-

199 2477 253 2505 que
271 2476 458 2503 conspersum,
481 2467 549 2495 eilici
575 2473 600 2495 te
623 2468 695 2494 sicut
720 2470 795 2494 ortus
811 2470 852 2492 est
867 2465 940 2499 agri,
965 2468 993 2492 et

199 2517 378 2552 multiplicata
397 2524 437 2543 es.
453 2515 522 2548 Quia
543 2515 576 2554 ad
591 2520 616 2542 te
635 2515 708 2546 veni,
724 2518 751 2541 ct
769 2513 874 2540 visitavi
890 2517 915 2539 te
927 2519 991 2547 pro-

198 2564 308 2600 iectam,
321 2570 403 2590 causa
417 2562 465 2589 tibi
482 2560 569 2588 factus
585 2568 646 2588 sum
664 2565 693 2586 ut
708 2559 938 2594 multiplicareris.
957 2557 991 2584 Et

235 2621 259 2638 "
273 2619 370 2648 Elct'lt.
380 2628 434 2651 XVI,
445 2619 470 2646 5.
509 2621 531 2636 "
550 2619 614 2646 ibid.
629 2619 746 2646 “ibid.6
783 2619 803 2634 "’
820 2618 896 2650 ibid.,
911 2617 938 2650 6,
953 2617 979 2644 7.

200 2655 225 2674 ³³
240 2656 306 2684 ibid.
345 2656 367 2671 "
381 2656 445 2682 ibid.
459 2656 486 2682 8.
526 2655 638 2684 “Ruth,
656 2663 696 2681 Ill.

244 2701 297 2737 (14)
315 2701 344 2728 Si
371 2710 418 2735 per
439 2701 572 2737 singulas,
593 2706 646 2729 etc.
677 2701 785 2730 Catena:
805 2711 869 2730 mss.
895 2703 990 2736 Πόλεις

206 2736 313 2774 avolat-3!
325 2737 392 2762 εἰσιν
407 2736 579 2774 ᾳῑγςιῇρέσεις.
601 2737 719 2774 Ἐκάστη
733 2740 786 2774 γὰρ
806 2739 910 2774 αἵρεσις
925 2740 989 2766 [διον

207 2747 309 2762 πολεων
325 2747 392 2762 εισιν
407 2747 434 2763 αι
452 2747 579 2772 αιρεσεις.
611 2747 719 2773 luxus-:11
733 2747 767 2772 γῖ
806 2747 910 2774 αιρεσις
926 2747 989 2766 touw

207 2771 290 2810 vépov'
302 2771 357 2806 ἔχει
373 2772 418 2810 ml.
426 2771 506 2810 _i6£:_t_v
523 2772 674 2810 πρλςτείαν,
697 2774 743 2800 καὶ
765 2747 786 2809 if
797 2774 928 2810 κρείττων
942 2775 989 2801 καὶ

206 2806 233 2844 qi
249 2805 379 2844 χείρργες.
396 2806 500 2844 “ipsa:
516 2808 610 2844 mea;
629 2809 707 2840 ποίας
722 2805 873 2844 εἰσέρχὲται
887 2809 955 2844 αὐτὴ
971 2811 987 2844 ἡ

207 2839 392 2875 ψυχὴμζήτει.
414 2841 536 2869 Civitates
553 2842 688 2870 civilatunt
711 2849 770 2870 sunt
782 2839 910 2871 ‘ltirrcses.
927 2839 989 2871 Sin;

1048 2235 1186 2262 divertuut
1209 2235 1242 2263 ad
1266 2243 1317 2263 nos
1340 2237 1427 2270 angeli
1455 2236 1512 2264 Dei.
1539 2236 1619 2265 Venit
1643 2246 1713 2274 ergo
1739 2245 1834 2274 tempus

1049 2285 1137 2313 tuum,
1159 2285 1186 2308 et
1207 2284 1314 2316 tempus
1333 2282 1535 2315 divertentium,
1555 2287 1582 2310 et
1598 2282 1738 2313 Dominus
1754 2292 1835 2312 noster

1047 2327 1126 2354 Jesus
1140 2326 1266 2355 Christus
1281 2327 1352 2355 Deus
1366 2332 1458 2355 noster
1474 2335 1582 2356 rursum
1606 2329 1700 2357 visitat
1718 2332 1833 2359 miseiam

1047 2371 1218 2405 Jerusalem,
1244 2372 1272 2400 id
1293 2378 1334 2401 est
1358 2374 1534 2409 peccatricem
1561 2375 1683 2404 animam
1711 2384 1830 2405 nostram.
1856 2403 1857 2407 η

1047 2419 1172 2455 Expandi
1192 2420 1249 2448 alas
1261 2429 1332 2448 meas
1344 2429 1421 2455 super
1439 2426 1462 2448 te
1483 2421 1515 2448 ".
1536 2421 1687 2450 Consucvit
1702 2423 1834 2458 Scriptura

1046 2473 1150 2501 pennas
1165 2473 1323 2501 nuncupare
1337 2466 1454 2494 vestium
1470 2467 1664 2495 summitates;
1679 2473 1713 2496 ut
1725 2470 1752 2496 in
1771 2468 1832 2496 Ruth

1046 2519 1107 2546 quae
1121 2511 1194 2538 venit
1209 2511 1369 2539 abscondite
1384 2516 1411 2539 et
1423 2511 1597 2547 discooperto
1610 2513 1695 2548 pallio
1712 2515 1746 2542 ad
1761 2514 1831 2550 pedes

1045 2556 1129 2589 Booz,
1148 2556 1278 2584 dormivit
1295 2557 1347 2585 sub
1361 2557 1443 2585 axitia
1459 2558 1614 2586 vestimenti
1635 2559 1698 2595 ejus
1714 2561 1747 2586 ".
1770 2560 1831 2587 Deus

1018 2615 1042 2633 ’⁸
1059 2616 1124 2643 ibid.
1164 2616 1264 2644 "ibid.
1281 2616 1303 2632 ³⁸
1319 2616 1385 2644 ibid.
1423 2617 1521 2646 “ibid.
1561 2618 1659 2646 “ibid.
1699 2619 1793 2647 "ibid.
1807 2618 1829 2647 7.

1041 2704 1109 2740 gain?
1120 2705 1308 2742 enimlm’reses
1319 2705 1547 2742 pi'opriamrlegem
1562 2707 1667 2738 habent.
1681 2709 1825 2742 propriam-

1042 2739 1091 2778 que
1107 2739 1273 2774 disciplinam
1290 2748 1322 2766 ac
1343 2739 1528 2778 rempublicam
1539 2762 1546 2773 ,
1563 2746 1618 2778 tum
1635 2739 1693 2778 qué
1707 2739 1824 2778 prmia"

1042 2774 1177 2806 videntur,
1196 2779 1251 2801 tum
1271 2782 1328 2809 qum
1346 2780 1405 2802 sum
1424 2776 1574 2803 deteriores.
1597 2774 1731 2810 Quomodo
1744 2783 1822 2805 autem

1043 2814 1066 2836 et
1079 2818 1111 2836 ex
1123 2818 1239 2844 quartam
1256 2810 1312 2844 ipsa
1327 2811 1417 2837 anima
1430 2811 1606 2847 ingrediatur,
1624 2814 1760 2849 inquirite.
