1882 3052
86 105 136 133 7i7

785 101 928 132 HOMILIA
953 102 994 130 Vl.

1672 107 1727 135 ‘ll8

83 171 149 199 ergo
168 164 248 200 quasi
265 168 338 192 veste
359 163 480 199 loquitttr
499 161 611 191 indutus
627 163 659 190 ³⁷.
679 161 801 197 Επραηάί
822 162 880 188 alas
896 169 918 196 Α
932 161 959 188 in
981 160 1116 188 auriculas
1141 166 1201 188 tuas
1226 161 1259 187 ιθ.
1279 160 1313 188 Ut
1335 168 1390 189 non
1414 161 1502 190 solum
1523 163 1662 197 auriculae,
1679 165 1726 192 sed

84 218 161 238 mens
173 219 253 245 super
274 215 309 244 te,
332 215 357 237 et
382 209 473 245 operui
490 210 670 244 confusionem
684 213 767 236 tuam.
785 208 883 236 Beatus

83 257 169 291 cujus
190 257 243 284 alis
262 257 320 284 suis
345 256 416 284 Deus
441 256 558 291 protegit
579 255 769 282 confusionem
785 264 791 282 :
808 255 831 281 si
848 259 885 282 ta-

83 309 152 330 men
165 303 380 338 perseveraverit
394 302 420 329 in
436 302 610 333 beatitudine,
627 302 652 328 in
666 308 720 336 qua
731 300 883 328 Jerusalem

87 350 177 376 noluit
192 355 376 383 perseverare.
395 347 429 374 Et
439 348 530 382 ,ἰαναυί
543 347 589 373 tibi
607 347 636 373 in
649 351 843 378 testamentum,
859 351 884 373 ct

88 395 187 422 intravi
205 395 233 421 in
246 399 433 421 testamentum
451 399 535 420 tecum
552 393 584 420 ³³.
598 392 663 420 Post
679 397 754 420 tanta
775 392 810 420 ob
824 399 886 426 quae

88 449 201 470 rursum
231 441 388 474 revertitur,
423 440 524 468 recedit
553 448 561 466 :
587 445 649 474 post
681 443 736 466 tam
763 438 886 473 frequen-

88 492 143 515 tem
164 478 358 518 visitationem,
389 493 464 514 nunc
478 487 596 521 primum
613 485 763 522 ingreditur
775 493 837 513 cum
854 492 886 512 ea

85 532 114 562 in
129 538 333 561 testamentum.

122 578 150 606 9.
173 578 208 605 Et
226 579 298 614 facta
312 586 339 606 es
357 577 435 611 mihi,
450 582 475 605 et
487 577 540 605 lari
558 582 581 604 te
600 578 626 604 in
650 585 729 613 aqua.
750 577 815 605 Post
831 577 886 604 Itan:

86 625 178 652 omnia
199 625 332 659 assumpsi
356 628 389 657 te,
413 628 438 650 et
462 624 516 658 ipse
540 624 593 650 laci
611 628 634 650 te
653 624 681 650 in
707 623 840 656 salutem,
860 629 886 653 et

86 671 164 698 ablui
181 671 334 706 sanguinem
352 675 427 697 tuum
444 670 491 696 abs
506 674 531 696 te
542 669 576 696 ”.
603 668 666 697 llaec
694 669 885 704 intelligentes,

87 725 201 745 oremus
222 721 251 744 ut
270 717 361 744 veniat
383 716 570 744 misericordia
596 715 645 744 Dei
669 724 752 751 super
774 724 836 750 nos,
859 721 887 744 et

87 763 184 791 abluat
200 762 360 798 sanguinem
388 763 422 790 ab
446 761 592 790 animabus
619 763 731 790 nostris.
757 762 786 790 Si
820 763 886 798 quid

89 809 165 836 enim
191 814 279 836 morte
308 807 420 844 dignum
445 808 579 841 fecimus,
612 808 683 836 istud
705 809 817 844 sanguis
844 814 886 837 est

86 860 194 883 noster.
220 854 300 882 Ablui
319 855 473 889 sanguinem
499 859 573 881 tuum
601 863 617 882 a
643 860 684 887 te,
708 861 731 882 et
759 856 825 882 anxi
858 860 882 882 te

86 902 144 928 oleo
159 901 193 927 ‘°.
213 899 247 928 Et
264 900 383 928 christos
405 907 455 928 nos
471 901 529 928 vult
548 901 637 928 facere
654 900 734 928 Deus.
756 901 791 928 Et
806 901 881 928 indui

92 951 117 974 te
134 945 304 973 nrsicoloria
337 945 370 973 ".
400 945 507 979 Quanta
543 950 586 973 est
602 946 755 981 benignitas
779 947 825 974 Dei
854 947 882 973 in

87 999 310 1027 unamquamque
335 992 489 1018 animarum
506 991 656 1019 Jerusalem
680 1001 687 1019 :
720 999 774 1019 non
801 992 883 1019 unius

86 1037 190 1064 coloris
204 1037 335 1069 tunicam,
359 1036 407 1064 sed
425 1037 517 1064 multa:
529 1037 670 1064 varietatis
689 1036 804 1072 largitur
822 1044 882 1064 cre-

86 1083 218 1110 dentibus
235 1083 297 1110 sibi.
315 1081 392 1109 Hanc
401 1082 594 1110 versicolorem
608 1082 729 1110 tunicam
744 1082 800 1117 jam
819 1087 884 1110 tunc

87 1129 117 1156 in
136 1129 246 1164 signum
258 1128 322 1156 fecit
338 1128 433 1161 Jacob,
447 1128 563 1156 induens
574 1128 659 1156 tilium
675 1136 754 1155 suum
770 1128 882 1164 Joseph,

86 1181 115 1202 et
132 1175 243 1203 vestivit
261 1183 323 1203 eum
341 1175 527 1203 versicoloria.
548 1175 576 1202 Si
598 1176 756 1203 consideres
777 1176 883 1204 intelle-

87 1226 150 1249 ctus
167 1226 267 1253 sectas,
284 1221 354 1248 facta
366 1221 448 1254 bona,
472 1229 535 1249 vere
557 1222 661 1250 videbis
683 1222 787 1250 variam
813 1223 885 1250 tuni-

87 1275 162 1301 cam,
178 1275 262 1302 quam
274 1267 395 1294 visitatio
409 1266 455 1294 Dei
470 1267 585 1302 largitur
600 1268 644 1294 his
657 1268 702 1302 qui
716 1269 804 1296 vocati
821 1272 885 1296 sunt

88 1313 118 1340 in
149 1313 276 1341 salutem.
299 1313 398 1348 Legem
422 1313 563 1349 intelligo,
592 1314 740 1349 prophetas
765 1322 886 1350 compre-

88 1359 192 1392 hendo,
214 1367 332 1395 agnosco
346 1359 501 1396 Evangelia,
519 1367 573 1387 non
590 1368 633 1387 me
647 1360 711 1388 latet
727 1361 884 1396 Apostolus,

87 1410 191 1433 cautus
204 1413 277 1438 sum,
290 1405 382 1440 justus
396 1413 468 1438 sum,
489 1405 646 1433 misericors
663 1413 740 1439 sum,
757 1410 783 1433 et
797 1406 886 1434 adhuc

87 1451 194 1486 quieris
222 1451 303 1478 aliaat
329 1451 448 1479 tunicam
474 1451 666 1478 versicolorem
692 1459 773 1486 quam
798 1452 887 1479 induit

935 207 1017 234 etiam
1037 207 1148 241 grandis
1169 212 1228 234 rota
1245 215 1327 235 aurea
1345 207 1380 235 sit
1398 208 1470 235 circa
1493 209 1617 236 auditum
1639 214 1726 237 trium.

935 255 1024 281 Aurea
1048 261 1113 281 vero
1141 259 1200 282 rota
1229 259 1290 287 est,
1321 262 1382 290 qure
1405 255 1587 284 intcllectibus
1610 257 1729 284 volvitur

936 301 1032 329 sacris.
1051 300 1085 327 Et
1099 309 1195 328 corona
1208 301 1410 337 glorificationis
1425 311 1504 338 super
1516 307 1594 338 caput
1608 304 1728 331 tuum“.

935 346 1117 382 Omnipotens
1131 346 1219 378 Deus,
1236 351 1263 375 et
1278 348 1358 375 nobis
1376 348 1464 376 tribue
1487 353 1518 376 ut
1537 349 1611 382 digni
1627 350 1729 377 cilicia-

936 401 999 420 mur
1018 401 1119 421 corona
1145 393 1353 428 gloriﬁcationis
1378 403 1459 430 super
1482 399 1564 430 caput
1591 400 1728 424 nostrum.

937 438 972 466 Et
994 444 1090 466 ornata
1111 447 1138 466 es
1158 447 1240 471 auro,
1259 440 1285 468 id
1302 446 1343 468 est
1357 441 1457 469 divinis
1478 442 1620 475 sensibus;
1638 448 1662 469 ct
1684 450 1730 468 ar-

936 490 1012 520 gento
1025 485 1059 517 δ’,
1075 485 1102 512 id
1123 490 1165 512 est
1182 486 1356 514 sermonibus
1370 487 1466 515 sacris.
1481 487 1515 514 Et
1531 488 1664 522 opertoria
1682 492 1729 515 tua
1760 508 1769 517 .

937 530 1054 564 byssina.
1068 528 1244 557 Profunditas
1258 538 1400 564 sensuum,
1418 532 1586 566 opertorium
1607 537 1650 560 est
1666 533 1730 568 bys-

937 576 1039 603 sinum.
1053 575 1087 602 Et
1100 576 1223 610 ﬂorentia
1237 583 1247 602 :
1259 584 1308 611 pro
1321 585 1375 611 quo
1387 578 1470 604 verbo
1482 577 1655 613 Septuaginta
1669 578 1728 612 τρί-

937 630 1027 657 χαπτα
1044 626 1203 656 posuerunt,
1220 622 1345 650 subtilem
1361 623 1444 651 nimis
1454 624 1594 656 amictum,
1609 628 1635 650 et
1649 623 1730 656 quasi

937 667 971 694 ad
983 667 1145 702 capillorum
1166 668 1371 696 similitudinem
1386 673 1553 696 attenuatam
1568 673 1671 696 vestem
1689 669 1728 696 si-

937 714 1106 747 gnificantes.
1135 714 1170 741 Et
1193 714 1372 742 uersicoloria.
1394 715 1463 743 Ecce
1481 719 1535 743 tota
1554 720 1595 742 est
1615 714 1729 743 Jerusa-

938 759 990 786 lem
1015 764 1135 794 prolecta
1157 760 1228 792 alis,
1248 761 1345 788 vestita
1368 761 1467 794 rariis,
1492 766 1587 789 ornata
1602 761 1729 796 gemmis.

937 804 1008 838 Quid
1031 811 1093 841 post
1107 807 1165 834 htec
1187 806 1254 834 facit
1276 815 1391 842 magnus
1412 811 1439 834 et
1465 807 1607 835 hominum
1623 811 1729 834 amator

899 844 919 870 Β
933 851 1025 880 Deus?
1044 852 1101 880 Alit
1121 860 1182 880 eam
1199 853 1323 881 delicatis
1343 853 1422 881 cibis.
1442 852 1569 881 Similem
1589 858 1614 881 et
1630 853 1681 880 mel
1704 857 1729 881 et

933 897 1020 924 oleum
1045 898 1213 926 manducaui
1233 899 1267 925 ⁵⁸.
1294 898 1353 926 Non
1368 899 1407 927 ait
1423 899 1584 935 simpliciter
1599 899 1728 932 farinam,

934 951 1023 979 neque
1049 945 1231 973 bordeaceum
1255 953 1353 980 panem
1380 955 1386 973 :
1412 946 1464 974 hoc
1491 946 1563 981 quod
1588 947 1671 974 modo
1693 947 1728 975 ad

936 998 986 1018 vos
1012 991 1173 1026 loquimur,
1200 993 1289 1020 simila
1306 996 1357 1019 est.
1389 992 1442 1019 Sed
1465 993 1629 1024 miserabilis
1648 993 1728 1021 Jeru-

933 1036 1018 1064 salem
1038 1042 1100 1072 post
1120 1038 1255 1069 similam,
1278 1042 1339 1073 post
1362 1038 1458 1071 mella,
1474 1043 1536 1073 post
1554 1039 1644 1066 oleum
1666 1048 1729 1067 rur-

934 1089 994 1109 sum
1017 1083 1096 1118 quasi
1121 1083 1250 1110 meretrix
1271 1082 1439 1118 incrcpatur.
1461 1082 1565 1111 Idcirco
1583 1091 1730 1113 caveamus

934 1127 1015 1163 381
1037 1129 1168 1157 attentius
1187 1137 1221 1157 ne
1237 1128 1307 1156 forte
1324 1136 1375 1156 nos
1391 1133 1453 1163 post
1467 1129 1549 1157 verba
1569 1131 1670 1158 munda
1687 1131 1729 1158 si-

936 1174 1029 1206 milae,
1058 1179 1120 1209 post
1144 1183 1286 1204 sermones
1313 1175 1489 1203 dulcissimos
1515 1176 1728 1211 prophetarum,

938 1225 1000 1255 post
1023 1221 1114 1248 oleum
1140 1222 1213 1256 quod
1233 1221 1352 1249 laetiﬁcat
1379 1221 1492 1255 faciem,
1511 1229 1566 1257 quo
1590 1223 1729 1251 voluimus

935 1274 1086 1302 perungere
1104 1272 1202 1302 caput,
1222 1273 1252 1295 ut
1265 1269 1399 1308 jejunium
1423 1274 1547 1296 nostrum
1563 1270 1729 1304 acceptabile

936 1313 998 1346 iiat,
1016 1313 1114 1340 iterum
1127 1313 1328 1349 delinquamus.
1345 1313 1404 1341 Non
1418 1313 1506 1341 solum
1523 1319 1612 1342 autem
1627 1324 1728 1350 perun-

936 1357 1027 1392 gimur
1039 1357 1090 1385 hoc
1102 1358 1172 1391 oleo,
1187 1359 1234 1386 sed
1252 1359 1398 1386 vescimur.
1418 1357 1454 1384 Et
1477 1359 1550 1390 facta
1571 1369 1597 1387 es
1617 1361 1728 1395 pulchra

937 1403 1013 1431 ualde
1029 1404 1109 1431 nimis
1125 1404 1159 1432 ".
1174 1404 1281 1433 Laudat
1297 1405 1527 1440 pulchritudinem
1541 1407 1617 1441 ejus,
1635 1409 1729 1437 laudat

937 1449 1055 1484 speciem
1069 1471 1076 1483 ,
1101 1450 1230 1485 praedicat
1256 1450 1382 1479 formam.
1408 1453 1442 1480 Et
1469 1454 1571 1480 directa
1594 1461 1620 1480 es
1641 1454 1668 1480 in
1687 1462 1730 1481 re-

87 1497 225 1524 Dominus
238 1496 389 1524 Jerusalem
404 1497 498 1524 dicens
510 1497 553 1524 ":
569 1496 603 1523 Et
625 1498 715 1524 uestiui
738 1502 761 1524 te
778 1498 887 1524 versico-
900 1511 921 1540 ρ
937 1503 1017 1530 guunt
1029 1495 1063 1522 ".
1081 1496 1205 1529 Quantus
1218 1497 1356 1531 profectus
1367 1518 1375 1531 ,
1397 1505 1427 1525 ut
1452 1504 1533 1526 etiam
1555 1499 1587 1526 ad
1611 1507 1724 1534 regnum

87 1544 160 1571 toria
173 1565 182 1574 .
203 1549 228 1571 et
246 1544 360 1571 calceavi
383 1549 407 1571 te
427 1543 601 1579 hyacinthos?
623 1544 684 1572 Vult
702 1545 886 1572 calceamenta

88 1595 186 1616 nostra
206 1597 266 1617 esse
285 1589 421 1621 ﬂorentia,
438 1594 466 1617 et
481 1590 549 1616 bene
563 1590 656 1617 tincta.
673 1589 740 1623 Quae
753 1595 817 1618 sunt
831 1590 887 1617 cal-

87 1635 253 1662 ecamenta?
273 1636 342 1663 Audi
366 1635 479 1663 Paulum
496 1637 616 1671 apertius
637 1637 826 1671 praedicantem
842 1636 885 1663 υτ

89 1679 213 1709 Calceati
226 1681 301 1716 pedes
317 1682 344 1708 in
352 1682 549 1717 'prteparatione
564 1681 702 1717 Evangelii
714 1682 797 1717 pacis.

129 1727 175 1753 10.
197 1726 233 1754 Et
249 1727 377 1761 ρι’ωεὶηεί
398 1732 422 1754 te
441 1728 518 1763 bysso
535 1729 568 1756 ⁸³.
589 1728 759 1756 Manifestius
777 1728 811 1755 dc
834 1728 887 1755 hoc

91 1772 230 1800 ciuctorio
252 1773 399 1808 Apostolus
418 1773 539 1812 loquitur
564 1774 586 1791 ⁸⁸
603 1784 609 1802 :
629 1774 735 1802 Stantcs
752 1773 886 1809 prtecincti

89 1817 196 1844 lumbos
216 1822 313 1844 vestros
333 1817 361 1844 in
381 1819 499 1846 veritate.
520 1818 625 1847 Veritas
646 1819 719 1846 enim
740 1826 790 1854 pro
807 1819 888 1854 bysso

89 1862 237 1897 aceipitur.
267 1862 301 1890 Et
329 1865 419 1898 operui
451 1868 475 1891 te
508 1864 635 1898 trichapto
666 1865 698 1891 “.
729 1863 787 1891 Non
811 1865 888 1891 inve-

89 1908 172 1936 niens
186 1909 243 1944 (15}
255 1917 345 1944 neque
362 1909 516 1944 intelligens
535 1910 601 1945 quid
622 1914 694 1938 esset
712 1910 887 1944 trichaptum,

90 1954 185 1981 inveni
203 1956 231 1982 in
251 1955 304 1982 alia
317 1955 435 1983 editione
453 1964 501 1991 pro
520 1956 664 1991 trichapto,
680 1956 788 1991 ﬂorens,
812 1960 840 1984 et
860 1956 888 1984 in

91 2003 146 2030 alia
159 2022 168 2035 ,
190 2001 382 2027 indumentum.
404 2000 489 2036 Igitur
510 2001 597 2028 induit
621 2009 671 2028 nos
694 2000 764 2028 Deus
774 2003 890 2034 postve-

90 2050 162 2076 riam
179 2051 294 2079 vestem,
309 2051 336 2074 et
349 2047 456 2074 florenti
473 2047 574 2074 tunica.
592 2046 627 2073 Et
646 2048 738 2074 ornavi
762 2052 788 2074 te
807 2055 887 2074 orno-

91 2099 203 2125 mento,
225 2093 338 2128 imposui
356 2093 403 2119 tibi
428 2093 549 2119 armillas
573 2094 645 2119 circa
671 2101 764 2120 manus
780 2097 839 2120 tuas
854 2093 886 2121 ⁸⁷.

89 2140 163 2167 Cum
190 2139 258 2166 mihi
285 2139 390 2166 dederit
417 2140 575 2167 occasiones
600 2139 732 2166 bauerum
757 2143 866 2166 actuum
881 2159 888 2172 ,

937 1542 1090 1577 dirigatur!
1102 1542 1137 1569 Et
1150 1543 1215 1570 exiit
1229 1551 1320 1570 nomen
1340 1548 1414 1571 tuum
1429 1545 1455 1572 in
1476 1546 1596 1580 gentibus
1610 1546 1643 1573 ".
1664 1545 1727 1574 llaec

937 1594 999 1624 apta
1028 1594 1091 1616 sunt
1112 1589 1152 1620 ei,
1177 1589 1224 1624 qui
1251 1594 1395 1624 postquam
1424 1590 1493 1618 liber
1520 1598 1581 1619 esse
1605 1592 1687 1627 erepit
1712 1601 1728 1620 a

938 1634 1062 1666 mundo,
1091 1635 1118 1661 in
1146 1635 1354 1663 conversatione
1384 1636 1531 1671 proﬁciens
1558 1638 1592 1664 ad
1620 1638 1727 1665 beatam

938 1679 1037 1711 vitam,
1061 1687 1159 1707 nomen
1175 1687 1286 1715 quoque
1298 1680 1447 1716 gloriosum
1467 1682 1493 1709 in
1512 1683 1612 1711 saeculo
1632 1691 1729 1711 conse-

938 1731 1017 1752 cutus
1030 1730 1083 1758 est,
1100 1726 1146 1753 sed
1159 1726 1254 1761 procul
1266 1726 1337 1754 absit
1350 1727 1375 1754 id
1390 1727 1463 1762 quod
1476 1729 1613 1763 sequitur;
1630 1729 1663 1756 ad
1676 1729 1729 1756 hoc

937 1771 1011 1797 enim
1027 1771 1158 1805 scriptum
1174 1776 1233 1804 est,
1255 1776 1284 1798 ut
1298 1773 1411 1800 incutiat
1426 1773 1599 1801 audientibus
1615 1779 1727 1801 metum.

938 1815 1004 1844 Post
1020 1817 1248 1852 pulchritudinem
1259 1837 1267 1851 ,
1280 1823 1342 1852 post
1354 1826 1452 1847 nomen
1474 1827 1602 1854 magnum
1616 1819 1730 1847 Jerusao

938 1862 992 1889 lem
1009 1862 1109 1890 misera
1121 1861 1281 1890 fornicatur.
1304 1863 1367 1890 Ideo
1387 1872 1418 1891 ne
1441 1863 1562 1899 glorieris
1585 1865 1613 1891 in
1634 1866 1730 1892 crasti-

939 1915 1001 1935 num
1015 1916 1024 1934 :
1040 1915 1091 1934 non
1110 1907 1179 1934 enim
1200 1908 1252 1934 scis
1269 1908 1334 1943 quid
1355 1909 1443 1942 pariat
1460 1909 1599 1936 adveniam
1624 1910 1679 1937 dies
1693 1910 1728 1939 "’.

939 1952 973 1980 Et
991 1953 1055 1980 alibi
1068 1953 1107 1980 ἐς
1131 1951 1261 1986 Fratres,
1282 1954 1363 1980 etiam
1387 1953 1411 1980 si
1430 1959 1629 1988 prwoccupatus
1647 1955 1729 1989 fuerit

939 1999 1017 2025 homo
1034 1999 1062 2025 in
1077 1998 1166 2033 aliqua
1187 2003 1309 2033 peccato,
1332 2007 1376 2026 vos
1399 2002 1428 2026 ut
1450 1999 1581 2033 spiritales
1601 2001 1729 2029 sustinete

939 2045 1093 2073 istiusmodi
1114 2046 1141 2073 in
1159 2045 1254 2080 spiritu
1274 2047 1496 2074 mansuetudinis.
1515 2045 1549 2073 Et
1565 2054 1674 2075 rursum
1688 2047 1728 2074 ’νε

941 2090 1119 2118 Considerans
1135 2096 1160 2118 te
1172 2090 1272 2125 ipsum,
1287 2097 1318 2117 ne
1330 2095 1355 2117 et
1371 2096 1399 2118 tu
1418 2092 1534 2119 tenteris.

978 2138 1023 2165 M.
1041 2137 1075 2164 Et
1087 2138 1152 2164 exiit
1166 2145 1259 2164 nomen
1276 2141 1350 2164 tuum
1363 2138 1391 2164 in
1408 2138 1524 2173 gentibus
1538 2138 1566 2165 in
1579 2139 1663 2173 specie
1672 2143 1728 2172 tua,

91 2185 217 2213 armillas
237 2185 388 2213 circumdat
407 2185 532 2213 manibus
550 2184 627 2212 meis.
655 2183 690 2211 Et
705 2189 800 2211 catena
818 2185 889 2212 circa
905 2189 927 2218 1)
941 2185 1066 2220 quoniam
1082 2188 1292 2210 consummatum
1307 2188 1364 2211 crat
1382 2184 1407 2210 in
1426 2184 1518 2211 decore
1536 2185 1631 2220 speciei
1650 2194 1730 2221 quant

91 2233 195 2260 collum
220 2237 296 2259 tuum
316 2232 348 2258 “.
365 2231 394 2259 Si
410 2240 453 2259 me
467 2236 529 2267 post
544 2236 618 2266 gesta
628 2230 739 2265 iustitia
752 2231 888 2258 intellectu

93 2279 238 2307 ornaverit
247 2279 382 2311 veritatis,
398 2282 464 2305 tunc
475 2278 542 2305 mihi
553 2281 744 2305 ornamentum
757 2277 888 2313 nuptiale,

93 2332 163 2354 tunc
187 2330 284 2354 catena
323 2325 393 2352 collo
414 2325 512 2353 decora
539 2325 734 2352 circumdatur.
765 2323 800 2351 Et
828 2324 888 2351 dedi

92 2372 218 2399 intrarent
239 2372 311 2398 circa
323 2379 413 2398 narem
428 2375 500 2398 tuam
516 2371 549 2398 θ’.
564 2370 679 2404 Quando
693 2377 757 2397 vere
775 2377 888 2405 possum

92 2418 240 2446 suavitatis
266 2421 294 2445 et
321 2416 386 2444 beni
412 2416 504 2444 odoris
535 2419 707 2443 sacramenta
731 2415 892 2455 suscipere,

93 2470 162 2492 tunc
183 2463 250 2490 mihi
263 2466 344 2490 ornat
359 2462 432 2490 Deus
449 2461 591 2489 inauribus
608 2467 713 2488 narem.
737 2457 772 2486 Et
791 2459 892 2486 rotatas

130 2547 154 2563 ³⁷
171 2546 271 2573 Ezech.
283 2553 339 2577 xvr,
352 2545 379 2572 8.
417 2545 440 2561 ⁸⁸
457 2545 522 2573 ibid.
559 2545 582 2562 "
597 2545 663 2572 ibid.
679 2545 707 2577 8,
724 2544 751 2572 9.
789 2543 812 2560 ‘°
830 2543 894 2571 ibid.
913 2543 940 2571 9.
977 2543 998 2559 “
1016 2542 1083 2570 ibid.
1096 2542 1138 2571 10.
1177 2541 1283 2577 "ibid.
1320 2540 1410 2577 "Eph

942 2229 1071 2256 constitui
1083 2228 1110 2255 in
1125 2232 1159 2260 te,
1173 2228 1239 2254 dicit
1257 2228 1362 2255 Adonei
1383 2227 1530 2261 Dominus;
1541 2233 1566 2256 et
1586 2229 1686 2263 conlisa
1702 2238 1730 2256 es

942 2275 969 2302 in
984 2275 1075 2302 decore
1086 2269 1130 2301 tuo
1146 2274 1180 2302 ⁶⁰.
1202 2273 1300 2309 Magna
1317 2274 1423 2310 sapuit,
1446 2278 1473 2302 et
1491 2275 1657 2303 conscientia
1670 2276 1730 2310 pul-

942 2321 1108 2350 chritudinis
1123 2328 1180 2349 suae
1196 2325 1285 2348 erecta
1301 2324 1343 2348 est
1363 2321 1485 2356 speciosa
1509 2321 1670 2349 Jerusalem.
1698 2321 1731 2349 Et

943 2367 1008 2403 quia
1020 2367 1072 2395 alta
1087 2366 1189 2402 sapuit,
1203 2374 1254 2394 nec
1267 2373 1296 2394 se
1312 2366 1481 2400 humiliavit,
1497 2374 1547 2395 nec
1568 2367 1731 2402 glorificavit

944 2411 1030 2440 Deum
1040 2431 1048 2444 ,
1061 2411 1125 2439 audi
1138 2411 1202 2446 quid
1218 2411 1324 2439 dicatur
1338 2411 1371 2439 ad
1384 2419 1443 2439 eam
1457 2412 1489 2438 “z
1510 2411 1543 2438 Et
1554 2412 1685 2447 fornicata
1702 2421 1730 2440 es

947 2459 974 2486 in
990 2458 1094 2486 nomine
1117 2462 1178 2490 tuo,
1199 2461 1224 2484 et
1247 2457 1365 2492 effudisti
1385 2457 1585 2492 fornicationem
1607 2463 1681 2485 tuam
1702 2458 1732 2485 in

1413 2547 1452 2567 es.
1467 2548 1504 2572 vi,
1516 2540 1559 2567 15.
1598 2540 1621 2555 ⁵⁸
1629 2539 1728 2568 Ezech.

93 2583 211 2614 “1,10.
241 2575 419 2615 "Ephes.w,
437 2581 479 2608 Μ.
511 2580 636 2608 ⁵⁸Ειεοὴ.
654 2575 709 2611 xvi,
726 2579 770 2606 10.
801 2580 824 2595 ⁸⁷
837 2579 872 2606 ibi

993 2576 1277 2615 "ibid._"il_)id;l_2.
1307 2575 1408 2615 “ibid.
1438 2576 1541 2615 ninia.
1567 2575 1728 2615 ωλι)ζάΛῇ

94 2619 118 2634 ⁵³
137 2617 205 2645 ibid.
259 2616 371 2648 “ibid,
385 2617 428 2643 i5.
466 2616 489 2632 "
507 2616 574 2643 ibid.

94 2662 156 2686 xu,
178 2652 222 2685 Η,
240 2652 286 2679 15.
323 2651 344 2667 ⁸⁸
363 2651 429 2678 ibid.
449 2651 493 2678 15.

133 2721 191 2758 (15)
210 2720 272 2748 Non
284 2720 427 2758 inveniens,
442 2724 495 2747 etc.
512 2719 621 2758 Catena}
641 2727 716 2758 mss:
732 2717 887 2758 Τρζχᾳπῖον

117 2753 283 2794 petiisse“!
293 2757 317 2781 οε
333 2754 584 2794 “intraverat
599 2753 729 2794 ἀπῖθιμον.
741 2753 788 2781 καὶ
796 2753 889 2794 ἐπέν-

218 2791 350 2827 Ἀνθιμοξ
365 2789 487 2827 δένὲάτικξ
508 2789 612 2827 ῑμᾴτιον
626 2789 751 2827 λςμτῖρὸν
763 2789 814 2827 uel.
821 2797 888 2827 Δφω-

96 2823 210 2859 τοὲιδές.
232 2827 288 2853 Kal
302 2823 383 2852 ⁵τοῦτο
401 2826 429 2851 ὲν
454 2824 493 2860 τῷ
518 2823 612 2860 κόσμῳ
629 2823 678 2860 τῆς
694 2823 794 2860 ἀρετῆς
820 2823 888 2850 θεω-

629 2616 653 2632 ⁸⁵
670 2615 735 2642 ibid.
756 2615 800 2642 ﬂ.
837 2614 961 2646 "Prov.
990 2613 1124 2646 x1vt|,t.

1171 2612 1195 2628 ⁸⁸
1209 2611 1297 2640 Galat.
1315 2619 1358 2644 vr,
1374 2611 1400 2638 t.
1453 2610 1553 2639 "ibid.
1591 2610 1615 2626 “
1628 2610 1728 2639 Ezech.

942 2719 1039 2754 ρείται.
1059 2716 1230 2754 Trichaptum
1241 2716 1289 2743 alii
1304 2716 1456 2754 interpretes
1470 2715 1641 2754 reddiderunt
1658 2716 1729 2754 r_]_lo—

942 2750 1028 2786 rens,»
1041 2757 1066 2779 et
1083 2761 1091 2778 ε
1108 2750 1318 2782 indumentum.»
1330 2750 1443 2786 ἄνοιμον
1453 2754 1480 2777 et
1496 2751 1646 2786 tpévbupa.
1667 2751 1732 2778 Ἀν-

943 2761 1028 2786 rens,»
1041 2758 1066 2779 et
1083 2761 1091 2778 ε
1108 2758 1318 2782 indumentum.»
1330 2758 1443 2812 avmpov
1453 2758 1480 2777 et
1496 2758 1646 2786 επενσυμα.
1667 2758 1727 2778 Ἀνα

943 2788 1032 2827 ορμον,
1050 2787 1126 2814 vestis
1140 2791 1178 2827 est
1196 2787 1336 2821 splendens
1350 2790 1375 2813 et
1403 2785 1492 2813 ucida.
1503 2784 1587 2821 quue
1602 2787 1630 2813 in
1645 2786 1727 2813 virtu-

944 2824 978 2851 tis
992 2826 1088 2852 ornatu
1105 2824 1296 2850 consideratur.
