1882 3052
137 134 186 161 72!

825 139 964 167 llOMILM
985 137 1039 166 \‘ll.

1706 135 1758 162 τὴ).

172 193 199 219 5.
217 191 347 228 Sequitur
365 194 405 223 “7:
422 195 551 230 Accepiin
560 198 713 226 vestimenta
729 200 814 232 naria,
827 205 851 227 et
864 209 923 236 ope-
939 206 958 234 Α
975 205 1063 233 neque
1079 197 1148 224 meis
1161 196 1266 224 delictis
1281 196 1328 232 qui
1345 196 1439 223 videor
1468 195 1493 222 in
1514 194 1634 222 Ecclesia
1657 194 1756 228 praedi-

137 239 218 266 ruisti
230 239 289 267 illa.
309 240 388 268 Varia
402 243 484 270 vestis
501 247 553 276 est,
568 248 595 271 et
609 245 653 272 hic
667 253 737 273 unus
751 247 783 274 de
799 246 922 282 Scriptu-

136 284 176 312 ris
192 285 280 319 locus,
298 295 352 322 quo
366 288 504 316 induimur
522 296 693 319 assumentes
712 293 817 321 viscera
839 294 922 321 mise~

135 330 271 365 I‘lCOt'di’iE,
290 332 466 368 benignitatis
478 355 485 369 ,
503 335 676 370 humilitatis,
692 340 921 373 mansuetudinis,

135 377 353 412 longanimitatis
368 380 400 406 ad
415 381 598 410 sutl‘erendum
616 384 743 412 invicem.
762 385 817 413 Has
830 387 921 415 varias

134 428 237 455 vestes,
255 428 281 451 et
293 425 420 459 pulchros
435 427 551 455 amictus
567 436 637 463 quos
648 430 725 458 nobis
747 431 860 467 largitus
880 437 922 460 est

134 468 221 502 Deus,
238 469 261 497 si
275 470 427 500 laceramus
441 477 523 508 atque
540 476 755 510 conscindimus,
767 481 794 505 et
805 478 922 506 circum-

133 516 234 544 damus
256 517 330 545 falsa)
348 518 479 547 doctrina:
502 521 536 548 ad
559 521 744 557 deceptionem
767 523 918 557 hominum,

134 571 190 590 non
206 563 320 590 dubium
345 569 386 592 est
412 566 477 600 quin
511 567 594 594 variis
620 569 740 595 vestibus
764 570 919 604 operiamus

134 609 220 637 idola.
239 609 373 645 lnteliiges
390 617 481 640 autem
499 613 551 641 hoc
567 615 639 649 quod
657 615 766 649 dicitur,
787 617 810 644 si
833 617 918 652 ipsam

134 663 193 681 rem
213 656 384 685 manifestius
405 658 601 688 describamus.
631 660 696 688 Vide
716 662 780 690 mihi
802 664 917 699 aliquem

132 700 351 736 Mareionistam,
366 703 422 731 sive
435 704 598 740 discipulum
617 705 762 740 Valentini,
779 714 826 736 aut
844 715 918 738 certe

131 747 282 782 cujuslibet
297 749 407 777 haeresis
428 750 597 779 defensorem
610 772 616 784 ,
639 758 665 780 et
685 755 825 782 considera
848 765 918 792 quo-

133 794 218 821 modo
232 794 303 822 idola
320 803 379 827 sua,
397 796 422 823 id
436 802 478 824 est
500 798 627 833 figmenta
650 808 710 834 quze
733 801 790 835 ipse
805 810 917 838 compo-

131 838 206 872 suit,
220 842 428 868 mansuetudine
441 847 467 869 ct
480 844 605 872 castitate
625 846 721 873 vestiat
741 852 770 874 ut
789 848 816 874 in
836 857 916 877 aures

973 252 1046 276 care,
1060 243 1298 275 scandalizabitur,
1313 243 1358 270 sed
1371 243 1458 277 ipsqu
1471 242 1568 276 dogma
1581 241 1757 268 considerans

973 296 1000 318 et
1015 294 1182 325 pertractans
1196 289 1323 317 Ecclesiie
1337 290 1415 316 ﬁdem
1428 309 1434 318 .
1453 296 1467 315 a
1486 296 1528 314 me
1550 287 1658 322 quidem
1682 294 1757 313 aver-

972 336 1086 366 sabitur,
1102 335 1252 362 doctrinam
1273 342 1337 361 vero
1364 334 1495 368 suscipiet
1518 333 1667 360 secundum
1687 339 1755 366 pra:-

972 386 1078 415 ceptum
1096 380 1218 413 Domini,
1233 380 1276 415 qni
1290 381 1326 407 ait
1337 380 1370 407 ⁶⁸ε
1388 380 1470 412 Super
1494 378 1646 405 cathedram
1669 378 1756 411 Moysi

971 426 1092 452 sederunt
1107 426 1201 453 scriba:
1214 431 1238 453 et
1254 426 1392 454 Plturiswi.
1401 425 1497 453 Omnia
1509 432 1670 459 quicumque
1683 423 1754 450 vobis

971 472 1074 503 dicunt,
1091 472 1190 504 audite,
1207 477 1231 498 et
1247 472 1338 506 facile,
1350 471 1431 505 juxta
1447 479 1525 506 opera
1546 476 1631 496 autem
1647 469 1754 496 illorum

970 517 1051 544 nolite
1068 518 1169 552 facere;
1188 518 1280 544 dicunt
1306 519 1416 552 quippe,
1438 522 1461 543 et
1488 525 1538 543 non
1563 516 1676 551 faciunt.
1702 515 1754 542 Iste

971 571 1060 590 sermo
1075 564 1108 591 de
1123 572 1165 591 me
1177 568 1218 591 cst
1228 584 1235 596 ,
1249 564 1296 598 qui
1308 564 1377 590 bona
1387 563 1480 592 doceo.
1493 567 1519 589 ct
1531 562 1752 595 contraria-gero,

969 614 996 636 et
1010 617 1070 636 sum
1085 609 1182 636 sedens
1197 616 1276 644 super
1291 609 1445 636 cathedram
1460 608 1544 644 Moysi
1561 610 1638 643 quasi
1653 607 1751 634 Scriba

969 659 995 681 et
1013 654 1176 682 Pharisazus.
1193 654 1360 688 Prmecptum
1378 655 1425 681 tibi
1444 659 1495 686 est,
1511 662 1526 680 0
1544 654 1651 688 popule,
1665 654 1752 680 sinon

969 699 1097 726 habueris
1113 700 1314 727 accusationem
1335 699 1465 727 doctrinm
1485 699 1625 734 pessime,
1644 703 1670 725 et
1687 698 1754 725 alie-

968 751 1065 771 norum
1093 744 1126 771 ab
1149 744 1268 771 Ecclesia
1291 745 1467 779 dogmatum,
1489 744 1665 779 conspexeris
1687 750 1753 771 vero

969 797 1056 817 mcam
1079 791 1241 826 culpabilem
1266 792 1363 822 vitam,
1388 797 1470 826 atque
1494 796 1630 826 peccata,
1647 795 1676 818 ut
1695 798 1751 817 non

969 835 1069 862 habeas
1081 836 1159 870 juxta
1174 836 1291 863 dicentis
1305 837 1388 863 vitam
1407 841 1480 863 tuam
1496 837 1647 868 instituere,
1661 837 1706 864 sed
1719 843 1751 863 ea

130 883 302 911 audientium
321 883 473 914 facilinsex
486 887 545 914 vita:
561 888 679 916 bonitate
693 895 807 919 ornatus
826 900 916 920 sermo
934 883 953 910 Β
968 880 1058 908 facere
1074 889 1135 915 ‘1“in
1146 882 1252 917 “lquor-
1265 881 1374 909 Nulll'm
1387 883 1537 915 imitemurv
1551 887 1578 909 εί
1590 883 1611 909 Si
1624 882 1752 908 ν⁰¹¹¹¹¹¹¹¹⁵

129 929 272 964 subrepat.
290 930 395 958 Etcum
411 932 461 960 hoc
477 932 588 965 fecerit,
606 935 726 971 intelligo
739 945 799 964 cum
814 945 918 966 assum-

130 975 222 1009 psisse
246 979 347 1003 vestem
377 978 478 1005 variam
504 987 611 1007 morum
625 1002 632 1014 ,
651 986 679 1009 et
701 985 915 1013 conversationis

127 1021 242 1056 optima!
255 1042 262 1054 ,
279 1027 306 1050 et
331 1024 410 1051 idolis
428 1025 577 1060 subjecisse
598 1036 657 1062 qua:
676 1029 733 1063 ipse
752 1032 913 1059 construxit.

127 1067 257 1103 Aejuxta
272 1071 326 1098 mei
338 1071 445 1105 quidem
458 1073 541 1100 animi
553 1083 662 1102 sensum
676 1077 761 1104 multo
774 1079 915 1106 nocentior

127 1120 172 1141 cst
190 1115 336 1145 hereticus
349 1117 426 1145 bona:
446 1119 518 1153 vitae,
537 1125 564 1147 et
585 1121 646 1156 plus
672 1123 699 1150 in
722 1123 844 1151 doctrina
864 1133 913 1152 sua

129 1160 216 1188 habet
229 1163 397 1191 auctoritatis
417 1172 449 1192 eo
464 1166 510 1200 qui
532 1167 683 1195 doctrinam
706 1171 914 1199 conversatione

126 1207 258 1234 maculet.
283 1208 334 1242 Qui
349 1211 421 1237 enim
445 1212 506 1239 vita:
531 1214 655 1248 pessima:
680 1221 738 1249 est,
765 1224 818 1244 non
833 1217 913 1245 facile

127 1252 255 1298 homines
271 1254 304 1280 ad
316 1253 416 1282 falsum
427 1256 525 1292 dogma
542 1260 686 1293 sollicitat,
703 1270 752 1289 nec
765 1268 849 1297 potest
866 1271 913 1298 per

126 1296 254 1324 umbraut
269 1299 421 1327 sanctitatis
431 1301 599 1330 audientium
615 1305 739 1340 decipere
751 1296 911 1341 simplicita-

125 1346 196 1372 tem.
210 1342 261 1376 Qui
276 1352 340 1372 vero
354 1353 478 1374 sermone
491 1355 633 1383 perversos
644 1356 700 1383 est,
716 1355 743 1379 et
760 1352 911 1387 disciplinis

126 1387 213 1415 saluti
230 1391 393 1424 contrarius,
411 1399 500 1421 mores
512 1399 601 1422 autem
615 1399 778 1432 compositos
791 1403 817 1426 et
828 1407 910 1426 orna-

125 1439 172 1462 tos
188 1435 283 1468 habet.
297 1438 365 1466 nihil
376 1439 542 1475 facitaliud,
562 1436 613 1470 nisi
634 1445 732 1479 accipit
753 1445 910 1474 indumenta

125 1481 205 1508 varia
223 1482 336 1512 instituti
354 1485 433 1520 boni,
456 1491 483 1514 et
504 1490 718 1518 conversationis
742 1493 839 1526 quieta:
852 1513 859 1525 ,
882 1498 909 1521 et

122 1527 280 1579 circumdat
295 1538 326 1558 ea
343 1531 423 1561 idolis
440 1534 508 1566 suis,
526 1539 554 1562 ut
572 1537 657 1571 magis
669 1537 786 1572 decipiat
797 1532 909 1567 audien—
924 1550 945 1579 α

125 1577 179 1600 tes.
191 1573 295 1603 ldcirco
311 1578 427 1606 sollicite
440 1588 585 1609 caveamus
610 1583 762 1617 hatreticos,
777 1586 823 1620 qui
844 1594 910 1614 con-

123 1621 290 1649 Vrrsationis
304 1624 505 1660 optimzesunt,
522 1635 638 1662 quorum
658 1629 727 1657 forte
750 1631 832 1658 vitam
855 1640 909 1660 non

123 1669 181 1691 tam
194 1665 265 1694 Deus
275 1675 357 1702 quam
375 1670 501 1700 diabolus
518 1673 655 1702 instruxit.
681 1675 747 1703 Nam
771 1679 909 1712 quomodo

123 1712 258 1757 quasdam
272 1714 411 1745 illecebras
427 1725 551 1746 escarum
568 1727 687 1757 aucupes
697 1727 862 1757 proponunt,
880 1728 909 1751 ut

123 1756 236 1786 facilius
250 1767 312 1787 aves
329 1762 436 1796 capiant
450 1771 498 1798 per
511 1756 738 1794 oblectamentum
750 1756 821 1803 gulae
831 1789 839 1802 ,
857 1769 907 1802 sic,

124 1808 156 1830 ut
172 1804 304 1834 audacius
316 1807 421 1842 dicam,
439 1815 480 1838 est
491 1811 613 1851 quaedam
633 1814 765 1842 castitatis
788 1815 908 1850 diaboli,

123 1849 150 1877 id
164 1855 206 1878 est
231 1853 355 1888 decipula
369 1855 495 1886 humanae
508 1849 617 1892 animae,
638 1864 667 1888 ut
686 1869 733 1896 per
754 1849 909 1891 istiusmodi

122 1898 278 1943 castitatem
288 1920 296 1933 ,
319 1905 345 1928 et
360 1905 612 1938 mansuetudinem,
627 1911 653 1934 et
662 1907 797 1942 justitiam
821 1909 908 1943 possit

122 1942 232 1971 facilius
247 1952 355 1979 capere,
370 1951 397 1974 et
411 1948 485 1976 falsis
498 1952 670 1980 sermonibus
685 1952 802 1981 irretire.
817 1942 908 1982 Diver-

121 1989 162 2036 sis
186 1990 310 2036 diabolus
336 1999 440 2029 pugnat
464 1995 587 2030 insidiis,
610 2002 638 2025 ut
662 1999 793 2027 miserum
812 2001 908 2036 perdat

121 2033 279 2068 hominem.
296 2043 323 2065 et
339 2039 437 2069 bonam
450 2041 530 2070 malis
550 2044 644 2071 tribuit
665 2045 748 2072 vitam
772 2033 820 2073 ad-
831 2046 907 2074 deci-

120 2079 237 2113 piendos
249 2082 382 2116 videntes,
396 2090 422 2112 et
440 2088 540 2114 malam
556 2089 635 2116 bonis
657 2091 742 2118 inurit
762 2093 906 2120 conscien-

120 2125 199 2154 tiam.
225 2127 289 2155 Mihi
309 2129 360 2166 ipsi
387 2132 433 2166 qui
453 2133 479 2160 in
504 2133 624 2163 Ecclesia
647 2137 775 2171 praedico,
795 2138 907 2174 laqueos

118 2178 192 2206 saepe
207 2174 310 2208 tendit,
324 2180 353 2203 ut
368 2181 450 2205 totam
467 2179 615 2208 Eeclesiam
632 2190 664 2209 ex
683 2191 741 2210 mea
758 2191 906 2213 conversa-

117 2218 194 2245 tione
205 2220 365 2250 confundat.
381 2223 414 2251 Et
426 2226 485 2253 ideo
500 2227 560 2260 plus
581 2228 607 2254 hi
624 2228 670 2262 qui
682 2235 746 2257 sunt
768 2230 793 2257 in
813 2232 902 2259 medio

116 2272 314 2300 oppugnantur
328 2270 362 2297 ab
374 2271 495 2305 inimico,
514 2279 543 2301 ut
558 2282 606 2308 per
619 2276 726 2304 ruinam
747 2277 830 2306 unius
851 2278 901 2306 110·-

116 2311 201 2339 minis
216 2321 278 2347 qum
292 2315 375 2343 celari
390 2325 445 2344 non
466 2323 571 2353 potest,
597 2322 724 2351 ominibus
742 2324 901 2351 scandalum

116 2357 180 2390 Iiat,
197 2363 225 2385 et
239 2359 404 2395 impediatur
419 2363 483 2392 fides
495 2373 544 2400 per
563 2367 797 2396 conversationem
815 2370 902 2404 pessi-

115 2410 190 2430 mam
209 2405 382 2434 clericorum.
396 2407 503 2442 Omnia,
517 2415 545 2440 ut
560 2412 689 2446 diximus,
701 2414 827 2443 diabolus
840 2423 900 2450 ope-

115 2454 205 2482 ratur,
222 2455 249 2478 et
265 2459 296 2479 ea
310 2461 369 2487 qua:
387 2454 511 2485 videntur
527 2465 587 2485 esse
602 2458 682 2490 bona,
703 2467 752 2487 nec
776 2465 855 2493 sunt,
876 2464 903 2488 et

114 2501 146 2520 ca
161 2503 224 2529 quae
239 2504 287 2531 per
306 2502 430 2527 naturam
448 2509 525 2530 suam
549 2504 618 2530 mala
638 2509 720 2538 sunt;
739 2506 830 2533 omnia
850 2507 900 2534 ad-

114 2548 225 2567 vorsum
242 2542 388 2571 humanam
405 2552 605 2575 commentatur
620 2549 749 2577 animam.
763 2549 839 2578 Unde
853 2552 900 2586 qui

112 2593 211 2615 curam
230 2590 310 2617 habet
325 2592 386 2619 vitm
399 2601 464 2625 suae,
484 2602 572 2629 neque
588 2598 796 2625 mansuetudine
815 2598 900 2626 luere-

114 2641 234 2667 ticorum
247 2643 364 2677 capitur,
372 2644 405 2671 ad
417 2647 639 2675 consentiendum
651 2649 782 2677 doctrinae
793 2658 899 2684 eorum,

148 2700 172 2716 ⁸⁷
190 2700 288 2729 Ezech.
305 2710 367 2736 xvt,
384 2704 428 2732 l8.
465 2706 487 2721 “
502 2706 596 2734 Matth.
613 2716 691 2736 χχιιι.
702 2709 729 2742 2,
744 2710 770 2736 3.

148 2770 205 2806 (18ὶ
217 2770 262 2806 "Et
277 2770 357 2798 mella
371 2780 466 2806 apum,
480 2778 532 2801 etc.
547 2774 655 2802 Catenae
676 2784 742 2804 mss.
756 2786 762 2803 :
778 2777 847 2805 Μέλι
865 2777 898 2805 ἂν

111 2804 249 2865 ἔβλισσῶν
264 2807 334 2832 εἰσιν
347 2807 374 2833 αἱ
387 2804 419 2833 ἐκ
435 2808 487 2834 τῶν
501 2810 645 2845 προφητῶν
661 2811 770 2846 θεωρίαι
788 2812 897 2838 καὶτῶν

134 2840 303 2865 Dav/sititor
319 2843 467 2865 ςείίὸαλίε.
486 2844 511 2865 νιί
528 2846 558 2865 ἓν
573 2845 626 2865 ίΨιτιυ
640 2846 752 2865 ξηιτ-ηἱιτιυ
769 2847 880 2865 φινκε-,ρ

134 2843 303 2875 ὐαγγίλξων·
319 2843 468 2876 σεμίδαλις,
486 2844 511 2870 αἱ
573 2843 626 2872 ἑῶν
639 2843 752 2874 ἐντολῶν
769 2847 895 2883 πράξεις,

807 2710 828 2730 θ’
844 2710 942 2738 Ezecb.

969 926 1069 953 imitari
1081 928 1235 961 quempiam
1246 949 1253 961 ,
1270 929 1426 963 propositus
1444 933 1487 955 est
1503 928 1581 955 nobis
1594 928 1626 955 ad
1642 928 1751 955 imitan-

967 971 1031 997 dum
1048 971 1174 1000 Christus
1190 971 1280 1000 Iesus.
1300 972 1434 1008 Descripti
1452 978 1519 1001 sunt
1543 977 1619 1001 actus
1639 978 1750 1008 aposto-

966 1015 1053 1043 lorum
1064 1036 1072 1049 ,
1087 1022 1115 1044 et
1128 1018 1320 1052 prophetarum
1333 1024 1406 1054 gesta
1419 1019 1452 1047 de
1463 1019 1549 1047 sacris
1561 1019 1749 1047 voluminibus

966 1063 1158 1096 agnoscimus;
1175 1063 1239 1091 illud
1255 1065 1394 1099 exemplar
1408 1065 1516 1092 tirmum
1533 1069 1591 1098 est,
1609 1065 1674 1092 illud
1686 1072 1750 1100 pro-

965 1107 1084 1141 positum
1102 1109 1234 1142 solidum,
1253 1110 1324 1144 quod
1343 1111 1388 1145 qui
1409 1111 1486 1145 sequi
1509 1111 1585 1145 cupit
1601 1130 1609 1143 ,
1635 1117 1750 1138 securus

965 1151 1125 1186 ingreditur.
1149 1153 1176 1181 Si
1197 1162 1261 1182 vero
1276 1156 1424 1189 quat-imus
1444 1156 1522 1183 nobis
1545 1156 1694 1191 culpabiles
1715 1156 1750 1184 ad

964 1197 1147 1225 aemulandum
1159 1217 1166 1230 ,
1184 1203 1212 1226 ut
1229 1206 1290 1226 cum
1308 1199 1450 1232 dicamus,
1473 1199 1517 1226 ille
1536 1199 1630 1232 docet,
1653 1204 1680 1226 et
1705 1199 1748 1226 his

964 1250 1024 1277 qua:
1035 1243 1113 1271 docet
1126 1244 1191 1271 facit
1202 1245 1258 1280 ipse
1268 1246 1415 1278 contraria,
1427 1246 1570 1273 adversum
1584 1250 1746 1280 prmceptnm

963 1288 1071 1317 Domini
1088 1291 1215 1324 facimus,
1232 1292 1278 1326 qui
1293 1292 1432 1319 mandavit
1447 1292 1586 1319 doctrinas
1602 1293 1748 1327 magistro-

964 1343 1023 1362 rum
1038 1337 1124 1371 magis
1139 1337 1306 1364 considerari
1320 1338 1418 1365 debere
1435 1346 1515 1373 quam
1532 1338 1612 1365 vitas.
1625 1337 1687 1365 Haec
1705 1338 1747 1365 di-

962 1381 1050 1409 cimus
1073 1382 1106 1410 de
1124 1390 1157 1410 co
1182 1383 1252 1418 quod
1274 1384 1405 1418 scriptum
1429 1389 1468 1411 est
1487 1393 1493 1411 :
1511 1385 1746 1417 Accepistt'uestem

962 1431 1034 1454 tuam
1051 1428 1243 1461 versicolorem,
1256 1434 1280 1456 et
1294 1430 1420 1464 aperuisti
1434 1429 1495 1462 illa,
1510 1429 1537 1456 id
1553 1435 1595 1457 est
1609 1437 1672 1457 vasa
1687 1429 1746 1465 glo-v

960 1473 1130 1505 rillcationis,
1147 1482 1207 1508 quas
1222 1475 1247 1500 in
1264 1475 1334 1502 idola
1350 1476 1533 1502 commutasti.

997 1518 1078 1554 383
1091 1519 1119 1548 4.
1141 1519 1270 1554 Sequitur
1288 1521 1309 1536 ⁵³
1322 1530 1328 1547 :
1347 1520 1380 1546 Et
1393 1520 1478 1547 oleum
1492 1528 1577 1547 meum
1588 1539 1595 1552 ,
1612 1524 1635 1546 et
1654 1520 1749 1546 ἱειουιιε

962 1572 1020 1590 sum
1038 1573 1122 1592 meum
1136 1565 1248 1599 posuisti
1277 1571 1337 1592 ante
1360 1565 1454 1600 faciem
1480 1573 1579 1592 eorum.
1605 1564 1746 1599 Scriptura

961 1609 1074 1639 docente
1094 1609 1248 1644 didicimus,
1266 1611 1329 1645 quia
1357 1617 1511 1638 sanctorum
1532 1611 1621 1638 oratio
1645 1612 1681 1638 sit
1701 1611 1744 1638 in-

960 1664 1083 1684 censum.
1107 1658 1151 1685 Ait
1174 1658 1245 1685 enim
1266 1659 1311 1685 7°:
1339 1658 1480 1686 [mensum
1501 1663 1588 1686 autem
1613 1660 1743 1686 orationes

961 1707 1111 1728 sanctorum
1124 1707 1194 1730 sunt.
1212 1704 1239 1730 Si
1249 1711 1312 1738 ergo
1323 1704 1438 1731 instituti
1454 1705 1487 1731 ad
1504 1705 1665 1737 orationem,
1680 1712 1743 1732 cum

960 1747 1033 1774 illam
1049 1747 1102 1775 Deo
1116 1748 1262 1776 debeamus
1286 1750 1393 1782 oﬂ'crre,
1408 1750 1485 1777 idest
1498 1751 1552 1778 Deo
1564 1751 1632 1786 legis
1644 1756 1669 1778 et
1679 1759 1744 1785 pro-

959 1793 1113 1827 phetarum,
1133 1794 1187 1821 Dro
1198 1795 1351 1828 Abraham,
1363 1795 1417 1822 Deo
1431 1795 1516 1829 Isaac,
1532 1796 1590 1824 Deo.
1600 1796 1683 1824 Iacob
1694 1816 1701 1828 ,
1717 1801 1744 1824 et

960 1837 1032 1864 Patri
1047 1838 1110 1865 Jesu
1126 1839 1238 1872 Christi,
1257 1839 1396 1867 offerimus
1413 1848 1473 1874 qua‘.
1488 1841 1537 1875 ipsi
1549 1842 1742 1874 confinximns,

960 1883 987 1910 in
1002 1888 1106 1910 tantum
1118 1888 1147 1910 ut
1158 1883 1299 1911 incensum
1317 1884 1361 1911 Dci
1375 1892 1559 1919 proponamus
1580 1886 1660 1913 idolis
1672 1906 1679 1918 ,
1704 1886 1739 1912 fa-

959 1927 1046 1955 cimus
1060 1927 1085 1955 id
1100 1928 1171 1962 quod
1185 1927 1284 1954 dicitur
1301 1928 1326 1954 in
1340 1928 1466 1962 praasenti
1482 1937 1488 1955 :
1507 1928 1600 1960 Oleum
1616 1936 1701 1955 meum
1716 1933 1743 1954 et

958 1972 1092 2000 incensum
1102 1980 1187 1999 nteant
1199 1972 1311 2006 posuisti
1323 1977 1383 1998 ante
1400 1972 1493 2006 facient
1510 1980 1613 1999 eorum.
1643 1971 1741 1999 Verum

958 2018 1009 2046 iste
1027 2018 1060 2045 de
1071 2018 1182 2046 incenso
1193 2018 1228 2045 sit
1245 2018 1405 2045 intellectus.
1424 2017 1494 2051 Quid
1516 2017 1741 2052 respondebimus

958 2063 992 2091 de
1007 2063 1086 2091 oleo?
1097 2063 1191 2090 Oleum
1209 2068 1249 2090 est
1265 2071 1319 2098 quo
1339 2063 1378 2090 vir
1392 2068 1502 2090 sanctus
1517 2063 1637 2098 ungitur,
1650 2063 1740 2091 oleum

957 2108 1070 2141 Christi,
1083 2109 1172 2136 oleum
1188 2114 1288 2136 sancta:
1302 2108 1442 2135 doctrinas.
1461 2108 1529 2135 Cum
1552 2116 1616 2143 ergo
1637 2109 1740 2143 accepit

956 2154 1054 2189 aliquis
1067 2154 1119 2182 hoc
1131 2155 1220 2181 oleum
1237 2162 1290 2188 quo
1304 2155 1414 2189 ungitur
1425 2159 1547 2188 sanctus,
1561 2154 1586 2181 id
1598 2159 1639 2182 est
1667 2153 1740 2182 Scri—

919 2216 943 2245 D
957 2204 1064 2234 pturam
1079 2208 1184 2228 sacram
1204 2200 1388 2227 instituentem
1402 2201 1538 2235 quomodo
1551 2205 1673 2235 oporteat
1690 2201 1739 2228 ba-

956 2243 1053 2278 ptizari
1071 2243 1096 2270 in
1110 2244 1219 2271 nomine
1230 2243 1329 2275 Patris,
1344 2249 1371 2271 et
1379 2244 1452 2278 Filii,
1464 2249 1491 2272 et
1504 2245 1621 2279 Spiritus
1634 2246 1737 2274 sancti:

954 2293 982 2316 et
993 2297 1078 2323 pauca
1093 2294 1265 2317 commutans
1277 2291 1386 2317 unxerit
1394 2291 1560 2325 quempiam,
1572 2295 1599 2317 et
1609 2292 1740 2326 quodam-

955 2334 1037 2360 modo
1053 2334 1160 2366 dixerit,
1171 2335 1226 2368 jam
1242 2342 1295 2361 non
1314 2343 1343 2362 es
1357 2335 1587 2368 catechumenus,
1604 2343 1738 2363 consecu-

955 2383 1035 2406 cutus
1049 2387 1078 2407 es
1089 2380 1224 2407 lavacrum
1236 2381 1549 2416 secundmgenerationis
1561 2390 1569 2415 ;
1579 2382 1643 2419 talis
1656 2382 1738 2409 homo

956 2425 1152 2458 accipitolcum
1171 2425 1229 2459 Dci,
1242 2431 1268 2452 et
1284 2426 1435 2460 incensum,
1448 2431 1475 2454 et
1496 2427 1572 2462 ponit
1587 2427 1650 2454 illud
1676 2432 1739 2454 ante

956 2468 1052 2496 faciem
1066 2471 1210 2498 idolorum.
1233 2471 1265 2498 Et
1280 2463 1358 2504 pones
1373 2479 1442 2498 nicas
1465 2480 1529 2507 quos
1543 2472 1603 2499 dedi
1617 2472 1673 2506 tibi,
1700 2473 1742 2500 ais

955 2515 1062 2548 mila,et
1083 2516 1166 2548 uirile,
1185 2517 1278 2550 ctolep
1294 2517 1378 2544 cibari
1396 2522 1420 2544 te
1434 2518 1468 2544 ⁷⁸.
1494 2517 1562 2545 Ecce
1589 2525 1672 2552 panes
1691 2526 1745 2545 no-.

954 2561 1003 2587 stri
1037 2561 1124 2593 simila
1149 2563 1326 2590 ininidissima
1351 2565 1378 2591 in
1410 2563 1578 2598 Scripturis,
1604 2569 1630 2591 et
1656 2565 1736 2591 mella

954 2614 1035 2641 apum
1059 2607 1115 2642 (l8)
1142 2609 1346 2643 prophetarum.
1369 2610 1421 2638 lsta
1449 2611 1541 2638 omnia
1564 2611 1635 2638 dedit
1657 2611 1735 2638 nobis

956 2651 1038 2685 Deus,
1052 2654 1188 2686 etcibavit
1199 2662 1248 2682 nos
1259 2656 1292 2682 de
1303 2656 1418 2690 panibus
1431 2657 1634 2692 prophetarum,
1651 2661 1678 2684 et
1702 2657 1735 2685 de

959 2719 1018 2744 xvt,
1035 2713 1077 2739 t8.
1115 2713 1138 2729 "°
1155 2715 1238 2748 Apoc.
1257 2722 1282 2742 ν.
1295 2714 1321 2740 8.
1361 2715 1381 2731 ⁷¹
1397 2715 1496 2744 Ezech.
1512 2724 1566 2748 xu,
1585 2716 1629 2743 l9.

951 2779 1074 2818 rtomﬁoatt
1094 2779 1138 2806 τὸν
1159 2781 1239 2818 ᾅὲργρν
1260 2781 1309 2816 τὴν
1334 2782 1444 2818 καρδζᾳν
1466 2783 1620 2818 ἀνθρώπου.
1642 2784 1732 2813 Ταῦτα

950 2814 1122 2854 ᾁνατιοᾷισιν
1145 2814 1273 2854 Euboicae,
1287 2814 1322 2843 ὀἱ
1346 2814 1378 2842 ἐν’
1396 2814 1581 2854 δόγμανξίκαὶ
1605 2820 1732 2854 πράξεσιν

951 2849 1160 2884 ἁμαρτάνοντες.
1186 2851 1237 2877 Mcl
1251 2859 1348 2885 apum,
1369 2849 1601 2887 contéiuplatt‘oucs
1619 2849 1679 2882 sunt
1699 2861 1732 2879 ι’-υ
