1882 3052
102 110 154 139 7'23

792 122 934 151 HOMILIA
954 124 1009 153 ΥΠ.

1682 131 1732 158 7‘26

105 174 368 211 pronuntiationem,
381 177 459 213 cujus
474 179 509 207 sit
525 179 625 216 ingenii
642 203 650 216 ,
673 184 812 219 quomodo
839 185 895 219 pri-
909 188 932 214 Α
945 185 1076 221 coliigans
1090 190 1119 213 ut
1131 185 1196 214 fune
1208 187 1299 222 longo,
1315 191 1341 214 et
1353 187 1425 215 sicut
1439 188 1497 216 loro
1508 188 1566 224 jugi
1585 190 1675 218 vitula:
1685 191 1734 218 ini-

106 222 179 246 nm‘m
195 220 338 258 intelligat,
355 224 417 252 inde
434 225 572 255 intellecta-
583 228 723 264 dijudicet,
745 236 775 259 ut
798 231 894 260 incite-

106 270 151 292 tur
165 266 201 293 ad
214 274 325 301 sensus,
340 273 370 297 ut
384 272 467 298 menti
484 279 563 301 sensa
582 276 746 308 commodet.
759 284 829 311 quos
846 277 895 305 ha-

103 310 150 337 bet
161 311 280 346 impetus
294 334 302 346 ,
317 322 384 349 quos
399 316 532 351 cogitatus
546 319 579 346 de
593 319 658 348 Deo.
673 320 735 349 llzec
750 310 893 357 possidens

104 364 210 392 magum
223 359 432 393 pulchritudinis
451 370 502 396 est,
528 365 575 392 sed
590 365 778 394 haereticorum
795 369 891 401 sectis,

103 404 129 426 et
144 406 273 430 extranea
290 404 430 441 religionis
448 409 617 438 institutione
633 413 830 447 corrumpitur.
855 413 891 441 Et

104 447 269 475 transierunt
280 458 359 478 crura
372 457 418 480 tua
427 462 474 488 per
487 463 588 483 omnem
608 458 750 485 transitum
761 478 768 490 ,
784 463 810 487 et
821 461 891 486 mul-

102 493 234 528 tiplicasti
245 496 447 530 fornicationem
457 505 529 528 luant
545 502 579 530 εί.
596 502 629 530 Et
644 503 789 532 fornicatio
804 513 819 533 a
837 506 891 533 for-

101 539 240 567 nicatione
251 541 393 571 differens:
408 549 435 573 et
454 546 591 581 quomodo
604 548 630 575 in
644 547 823 578 fornicatione
830 559 890 579 car-

101 585 146 612 nis
158 590 202 613 est
216 587 316 622 aliquis
335 597 388 617 non
414 591 506 620 nimiae
523 592 721 627 fornicationis,
746 601 773 624 et.
798 600 889 626 tamen

101 630 284 661 fornicatione
294 636 414 671 pollutus
428 658 436 670 ,
449 638 518 667 alius
532 647 595 667 vero
607 641 791 676 multiplicans
804 642 889 670 forni-

99 678 236 706 cationem
250 689 327 708 suam
340 690 348 715 ;
366 682 406 710 sic
422 687 449 711 et
465 683 492 711 in
507 692 538 712 ea
563 684 742 714 fornicatione
757 697 818 724 qua:
829 690 888 717 ani-

99 732 173 752 mam
192 733 271 754 suam
289 734 454 764 sensumque
468 732 666 764 commaculat,
678 733 748 761 alius
763 735 887 764 multitu-

97 770 162 797 dine
178 771 367 803 fornicationis
394 773 531 808 obruitur,
547 776 617 804 alius
640 786 704 806 vero
720 787 774 807 non
792 784 848 807 tam
872 788 887 807 ξι

98 814 280 845 fornicatione
291 820 476 848 estseductus.
491 821 593 849 Idcirco
601 831 654 858 qua
663 832 790 853 mensura
800 827 886 854 mensi

97 859 242 894 fuerimus,
250 864 406 893 remetietur
419 867 508 896 nobis.

131 906 159 934 8.
172 907 207 934 Et
220 909 353 943 fornicata
366 919 392 938 es
408 912 434 939 in
449 913 519 947 ﬁlios
530 914 643 951 (Egypli
651 916 764 951 conﬁnes
780 922 838 944 tuos
850 918 883 945 δ’.

95 952 279 990 ΡίιίὶιιΕςγυιί
294 956 351 992 (22)
369 960 513 987 contrarize
536 960 709 989 fortitudines
730 967 803 990 sunt.
830 963 885 992 Nec

95 1000 197 1026 mirum
213 1005 273 1034 est,
302 1002 325 1030 si
347 1003 468 1032 confines
488 1006 573 1034 nostri
595 1006 712 1042 Egyptii
732 1007 882 1043 dicantur;

94 1044 218 1072 contines
242 1045 351 1082 Egypti
371 1053 397 1075 et
422 1048 572 1078 Jerusalem
586 1052 613 1079 in
631 1061 680 1080 sua
693 1053 803 1081 civitate
821 1059 885 1082 sunt

94 1090 189 1124 positi.
206 1090 257 1124 Qui
274 1097 339 1120 sunt
363 1095 469 1130 magnis
495 1097 624 1126 carnibus
637 1118 644 1130 ,
663 1106 717 1126 non
748 1100 812 1134 quia
839 1101 883 1129 isti

93 1135 206 1172 Egypti
222 1137 346 1172 ingentes
355 1147 451 1168 carnes
469 1141 586 1170 habeant
599 1144 636 1179 (et
649 1144 758 1180 quidem
770 1145 883 1175 honeste

94 1182 204 1218 videtur
216 1183 339 1217 pudenda
354 1193 449 1213 eorum
464 1187 608 1216 immutata
623 1191 758 1219 vocabulo
778 1192 882 1227 signiﬁ-

96 1236 188 1262 casse,
205 1229 231 1255 id
249 1234 291 1257 est
310 1232 416 1267 magnis
433 1234 584 1269 carnibus),
600 1235 646 1263 sed
656 1237 718 1271 quia
733 1238 823 1265 carnei
838 1239 882 1266 in-

93 1275 219 1303 tctlectus
235 1284 393 1311 magnarum
410 1286 460 1306 nos
477 1279 599 1307 carnium
619 1280 720 1310 faciant
736 1292 742 1310 :
761 1287 790 1311 ut
800 1291 881 1312 econ-

91 1320 178 1347 trario
193 1325 234 1348 est
246 1322 368 1356 quaedam
388 1331 451 1351 caro
462 1325 600 1358 deﬁciens,
618 1327 651 1354 de
661 1336 715 1362 qua
729 1328 828 1357 dicitur
840 1330 878 1357 3’:

92 1365 232 1398 Quomodo
247 1375 309 1395 caro
325 1377 381 1395 mea
397 1370 424 1396 in
438 1375 508 1397 terra
521 1372 635 1405 deserta,
648 1377 672 1400 et
691 1375 774 1409 invia,
785 1380 808 1402 et
823 1376 881 1403 ina—

88 1419 187 1445 quosa.
202 1411 240 1438 sic
253 1413 279 1439 in
298 1420 390 1440 sancto
408 1416 520 1450 appurui
534 1417 592 1443 tibi.
609 1417 773 1447 Fornicatur
798 1421 880 1456 igitur

88 1455 254 1492 Jerusalem,
267 1467 345 1493 super
357 1460 428 1494 ﬁlios
440 1460 562 1496 Αἴθῃ)ιῄ
578 1464 691 1498 conﬁnes
703 1473 776 1498 suos,
786 1455 879 1494 etma-

87 1510 203 1536 gnarum
221 1505 350 1531 carnium.
368 1504 400 1531 Et
413 1506 607 1541 multipliciter,
622 1508 709 1544 inquit
722 1510 746 1526 ⁸⁸
758 1531 765 1544 ,
793 1511 878 1546 forni-

87 1552 150 1573 cata
161 1556 189 1574 cs
204 1548 238 1575 ad
254 1557 293 1575 me
304 1551 521 1584 exasperandum.
540 1551 638 1581 Multas
657 1555 763 1590 species
788 1555 876 1584 forni-

86 1593 206 1621 cationis
218 1595 379 1623 commisisti
398 1597 431 1624 ad
455 1605 499 1626 me
519 1599 722 1627 concitandum.
750 1601 828 1634 Quod
853 1604 877 1630 si

85 1639 231 1666 extendero
248 1648 356 1667 manum
370 1650 454 1669 meam
470 1643 495 1669 in
509 1647 543 1676 te,
556 1644 676 1679 auferam
687 1645 804 1682 legitima
818 1653 874 1682 tua,

85 1687 110 1708 et
123 1683 230 1709 tradant
247 1688 271 1711 te
286 1684 313 1711 in
327 1686 429 1713 animas
441 1695 530 1714 eorum
544 1689 589 1724 qui
607 1694 630 1716 te
646 1691 755 1718 oderunt
769 1712 777 1725 ,
805 1693 875 1727 ﬁlios

85 1727 297 1763 alienigenarum
306 1730 340 1757 ⁸³.
358 1729 440 1759 Vides
455 1733 517 1768 quia
535 1734 562 1761 in
583 1735 689 1763 animas
707 1737 874 1773 alienigena-

85 1781 147 1800 rum
166 1775 294 1809 traditur,
312 1784 372 1811 qua:
386 1777 497 1813 indigna
509 1779 545 1807 sit
563 1788 614 1808 usu
627 1780 712 1816 legis,
728 1787 756 1810 et
770 1791 874 1812 sermo-

85 1827 152 1846 num
165 1820 222 1847 Dei.
239 1820 292 1854 Qui
303 1827 328 1849 te
340 1823 501 1851 diverterunt
513 1825 545 1852 de
563 1827 605 1853 via
625 1833 680 1855 tua.
701 1828 786 1864 lmpie
797 1831 873 1866 egisti

82 1871 109 1892 et
125 1866 259 1900 fornicata
270 1876 297 1894 es
314 1877 391 1902 super
402 1869 473 1904 ﬁlios
497 1872 581 1898 Assur
595 1872 627 1899 ⁸⁸⁵.
654 1873 774 1902 Primum
791 1884 874 1911 super

85 1909 157 1937 filios
183 1911 292 1947 Egypti
309 1933 317 1946 ,
331 1913 427 1942 deinde
441 1922 522 1950 super
538 1917 608 1944 filios
623 1917 718 1946 Assur.
731 1919 793 1948 Haec
815 1909 873 1956 spe-

82 1956 141 1983 cies
154 1962 328 1991 peccatorum
346 1963 418 1986 sunt.
432 1959 500 1987 Nam
513 1966 541 1988 et
563 1970 624 1989 cum
644 1965 766 1998 captivos
795 1973 873 1994 acce-

82 2006 185 2036 perunt
197 2003 302 2039 Assyrii
316 2005 385 2032 filios
399 2005 482 2034 lsrael
497 2026 507 2039 ,
532 2007 635 2036 factum
649 2014 692 2037 est
706 2011 815 2045 quidem
844 2012 871 2040 id

81 2047 157 2082 quod
172 2047 313 2084 Scriptura
329 2050 420 2083 refert,
437 2053 569 2088 scriptum
593 2059 635 2082 est
654 2061 742 2084 autem
763 2063 871 2093 propter

81 2092 253 2129 frequentem
267 2100 388 2124 nostram
402 2098 584 2133 captivitatem
599 2121 607 2133 ,
631 2108 693 2136 quae
708 2110 722 2129 a
741 2092 870 2137 spiritali-

79 2137 133 2166 bus
148 2139 269 2175 Assyriis
281 2147 453 2177 perpetratur
468 2153 476 2172 :
491 2145 524 2172 de
541 2146 641 2180 quibus
660 2146 808 2182 Apostolus
827 2149 870 2177 di-

946 230 1074 264 quitates,
1087 238 1228 266 nunquam
1242 239 1272 259 se
1285 231 1318 259 ad
1335 232 1448 260 meliora
1459 238 1632 267 convertens,
1645 243 1733 270 neque

945 275 1134 309 paenitentiam
1159 283 1242 312 agens
1268 284 1351 312 super
1375 278 1456 306 malis
1479 279 1558 312 suis,
1576 279 1675 307 dicitur
1699 279 1732 308 ad

944 328 1006 348 eum
1021 321 1065 349 ⁸⁸ι
1085 321 1119 349 Et
1144 330 1195 349 non
1219 324 1370 352 satiaberis.
1396 324 1430 352 Et
1451 325 1634 360 multiplioasti
1652 332 1732 354 testa-

944 370 1031 393 menta
1046 375 1094 394 sua
1108 368 1143 394 ad
1159 372 1256 395 terram
1271 369 1408 397 Chanaan.
1421 369 1535 403 Quando
1548 370 1618 399 Deus
1633 372 1666 400 ad
1681 380 1731 400 nos

944 411 1010 440 facit
1027 416 1201 447 testamenta,
1215 418 1242 441 ct
1253 422 1303 442 nos
1315 417 1502 444 consentimus
1515 417 1571 449 eis,
1595 415 1666 444 beati
1683 425 1731 445 su-

943 465 1025 492 tnus;
1041 459 1150 493 quando
1166 467 1231 487 vero
1248 460 1418 488 fornicamur
1433 462 1466 489 ad
1485 462 1616 497 spiritalia
1631 464 1727 498 nequi-

943 502 996 536 tize,
1023 508 1088 531 tunc
1104 505 1287 533 convertimus
1318 505 1366 533 Dei
1392 511 1553 535 testamenta
1577 509 1609 536 ad
1629 513 1728 536 terram

941 548 1071 576 Chanaan
1084 570 1092 583 ,
1104 555 1130 578 et
1141 555 1250 585 pactum
1266 552 1411 580 statuimus
1425 560 1486 580 cum
1506 561 1549 582 ea.
1563 553 1620 582 Hoc
1637 559 1727 582 autent

941 595 1008 622 mihi
1022 595 1141 632 intelligo
1155 601 1182 625 et
1198 597 1225 624 in
1242 597 1386 628 Chaldaeis,
1398 599 1460 626 etin
1471 600 1579 628 caeteris
1589 601 1727 636 gentibus,

941 641 1050 676 quando
1065 642 1091 669 in
1112 643 1234 677 quolibet
1255 643 1347 678 aliquo
1364 649 1475 678 peccato
1489 646 1726 679 reprehendimur.

940 685 974 712 Et
988 691 1144 714 testamenta
1159 687 1193 714 ad
1207 687 1357 722 Cltaldtcos,
1373 694 1398 715 et
1414 697 1444 716 ne
1459 690 1498 716 sic
1508 690 1607 717 satiata
1617 699 1654 719 es.

975 732 1017 758 10.
1035 731 1260 769 Postcatalogum
1277 739 1461 769 peccatorum,
1488 736 1521 762 ad
1548 737 1726 771 peccatricem

938 775 1101 811 Jerusalem,
1113 778 1176 812 quid
1191 779 1351 806 constituant
1366 780 1394 806 in
1410 785 1445 813 te,
1468 780 1532 808 dicit
1549 782 1654 810 Δάοιιαὶ
1672 783 1726 810 Do-

938 823 1037 855 minus,
1052 832 1111 850 tum
1126 823 1211 857 facias
1228 829 1256 851 tu
1274 827 1329 852 lucc
1346 826 1434 852 omnia
1445 835 1524 860 opera
1540 827 1658 855 mulieris
1671 829 1726 863 for-

902 859 922 886 Β
939 868 1048 895 uicaria:
1058 870 1175 904 procacis
1185 867 1222 894 “9?
1243 870 1429 899 Ascendamus
1443 872 1581 907 paulisper
1595 874 1705 908 eloquio
1716 895 1724 906 ,

936 914 1000 948 quia
1013 923 1066 942 non
1086 922 1192 949 semper
1206 916 1271 943 utile
1283 922 1324 944 cst
1340 916 1373 944 de
1390 916 1618 946 fornicationibus
1637 919 1723 953 loqui,

935 964 962 987 et
988 961 1081 994 procul
1106 961 1177 988 absit
1196 966 1226 988 ut
1243 962 1343 997 aliquis
1365 963 1392 989 in
1415 963 1535 992 Ecclesia
1550 965 1602 998 sit,
1626 966 1673 1000 qui
1689 965 1723 992 de

936 1004 1093 1033 hortatOriis
1111 1013 1126 1033 a
1142 1005 1320 1034 fornicatione
1329 1007 1446 1042 indigeat
1457 1010 1641 1038 sermonibus.
1654 1010 1720 1037 Nam

935 1051 957 1078 si
974 1051 1036 1086 quis
1054 1060 1166 1079 necesse
1181 1053 1262 1081 habet
1274 1053 1368 1081 audire
1381 1054 1405 1070 ”
1422 1064 1429 1082 :
1448 1054 1509 1082 Non
1529 1056 1722 1090 fornicaberis;

934 1104 981 1125 seu
999 1097 1063 1125 illud
1076 1098 1117 1127 ἰι
1133 1098 1163 1126 Si
1177 1099 1235 1134 quis
1253 1100 1377 1134 templum
1393 1100 1439 1127 Dei
1459 1101 1605 1135 violaverit,
1619 1103 1721 1138 disper-

933 1141 976 1169 det
996 1142 1072 1169 illum
1088 1142 1175 1175 Deus;
1194 1143 1245 1170 iste
1259 1143 1407 1171 similisest
1418 1144 1460 1171 his
1475 1153 1545 1179 quos
1571 1146 1720 1181 Apostolus

932 1188 999 1215 dicit
1015 1189 1037 1204 “
1052 1198 1059 1216 :
1076 1189 1155 1216 Justo
1168 1189 1211 1216 lca:
1225 1193 1326 1216 nonest
1340 1189 1438 1223 posita,
1453 1190 1497 1217 sed
1512 1190 1620 1226 iniquis,
1633 1195 1657 1218 et
1669 1199 1720 1218 non

932 1234 1055 1268 subditis,
1075 1235 1162 1270 impiis
1173 1241 1197 1262 et
1209 1235 1403 1270 peccatoribus.
1420 1236 1563 1268 Quomodo
1571 1237 1719 1273 ergojusto

932 1279 974 1307 lex
992 1287 1045 1307 non
1061 1286 1099 1309 est
1115 1281 1213 1316 posita,
1227 1289 1321 1309 verum
1337 1283 1449 1318 iniquis,
1466 1288 1493 1312 et
1507 1291 1560 1311 non
1579 1285 1695 1313 subditis
1709 1295 1717 1318 ;

931 1325 971 1353 sic
984 1326 1109 1354 doctrina
1120 1334 1151 1354 ea
1165 1335 1224 1362 quae
1237 1335 1252 1355 a
1269 1328 1450 1357 fornicatione
1470 1334 1563 1357 monet
1589 1331 1717 1358 receden-

930 1371 1006 1404 dum,
1019 1376 1094 1399 casto
1112 1379 1166 1399 non
1183 1378 1226 1401 est
1238 1374 1338 1408 posita,
1356 1375 1402 1402 sed
1419 1375 1530 1410 iniquis,
1549 1380 1577 1403 et
1594 1375 1717 1404 fornica-

931 1417 1047 1452 toribus,
1063 1425 1091 1446 et
1105 1418 1334 1448 inobedientibus.
1349 1420 1408 1448 Non
1421 1421 1554 1450 habemus
1569 1422 1660 1457 itaque
1671 1430 1715 1450 ne-

930 1463 1092 1498 cessarium,
1110 1469 1139 1492 ut
1155 1465 1294 1493 discamus
1308 1474 1323 1493 a
1348 1465 1527 1495 fornicatione
1551 1467 1691 1495 discedere
1707 1477 1714 1495 :

929 1517 1022 1537 verum
1039 1510 1072 1537 ad
1089 1511 1249 1545 perfectiora
1262 1512 1428 1541 tendamusa
1443 1513 1582 1549 principiis
1596 1514 1715 1541 elemen-

929 1559 1017 1582 torum
1034 1556 1143 1584 Christi.
1156 1556 1259 1587 Etenim
1274 1566 1333 1584 cum
1347 1559 1484 1591 deberetis,
1494 1559 1531 1586 ait
1542 1559 1580 1591 ",
1592 1560 1714 1594 magistri

926 1607 1096 1636 essepropter
1111 1607 1211 1638 tempus
1228 1624 1235 1637 ,
1259 1612 1365 1631 rursum
1392 1605 1514 1640 indigetis
1542 1611 1570 1632 ut
1594 1614 1638 1632 vos
1662 1606 1712 1632 do-

927 1647 1039 1674 ceantini
1072 1656 1130 1683 qua:
1165 1649 1218 1676 sint
1257 1650 1385 1677 elementa
1423 1651 1526 1678 exordii
1564 1659 1714 1679 sermonum

925 1691 1006 1726 385
1023 1692 1082 1726 Dei,
1103 1697 1127 1720 et
1150 1693 1215 1728 facti
1233 1695 1294 1722 estis
1321 1696 1414 1730 quibus
1434 1695 1502 1723 lacte
1517 1705 1580 1731 opus
1595 1697 1641 1729 sit,
1662 1705 1713 1723 non

925 1738 1010 1765 solido
1024 1738 1091 1765 cibo.
1108 1738 1202 1766 Omnis
1218 1747 1308 1767 sermo
1323 1741 1369 1775 qui
1383 1742 1542 1776 praecepit“
1558 1752 1564 1769 :
1583 1742 1644 1769 Non
1662 1743 1714 1777 ftr-

925 1783 1064 1817 uicaberis,
1080 1793 1130 1811 non
1145 1784 1319 1819 adulterabis,
1333 1795 1383 1813 non
1399 1787 1542 1821 furaberis,
1557 1797 1609 1815 non
1624 1789 1711 1816 solida

924 1836 987 1857 esca
998 1833 1049 1862 est,
1061 1830 1106 1857 sed
1122 1831 1198 1864 quasi
1212 1831 1254 1858 lac
1268 1833 1404 1866 praebetur
1416 1834 1566 1861 infantibus
1590 1834 1711 1862 Athleta-

925 1881 983 1900 rum
997 1874 1074 1900 cibus
1085 1874 1168 1902 estde
1181 1875 1359 1910 omnipotenti
1376 1876 1441 1911 Deo,
1457 1877 1490 1904 de
1503 1878 1638 1913 mysteriis
1651 1878 1711 1913 cjus

923 1925 983 1952 quae
999 1922 1066 1945 tecta
1085 1923 1159 1952 sunt,
1174 1924 1200 1946 et
1211 1920 1325 1947 latenter
1338 1921 1364 1947 in
1381 1921 1530 1956 Scripturis
1547 1923 1709 1957 signiﬁcata,

923 1963 1033 1990 sentire.
1052 1962 1119 1990 Vide
1137 1964 1275 1998 quomodo
1290 1965 1322 1992 ad
1337 1965 1494 1993 Corinthios
1505 1966 1606 1994 Paulus
1619 1967 1690 2001 loigui
1700 1982 1709 1988 -

922 2013 966 2036 tur
976 2008 998 2024 ”
1011 2018 1018 2036 :
1031 2008 1111 2036 Lacte
1121 2017 1164 2036 vos
1179 2012 1278 2044 potavi,
1299 2019 1349 2038 non
1363 2012 1430 2044 cibo,
1450 2013 1561 2039 necdum
1574 2014 1644 2040 enim
1658 2022 1707 2047 po-

923 2055 1023 2088 teratis,
1037 2055 1082 2081 sed
1098 2063 1177 2090 neque
1192 2064 1260 2082 nunc
1277 2057 1396 2090 potestis.
1413 2057 1445 2085 Et
1459 2058 1523 2093 quia
1536 2058 1604 2085 lacte
1618 2059 1708 2086 adhuc

922 2099 1088 2135 indigebant,
1108 2107 1138 2127 ea
1154 2101 1336 2137 discuntquaz
1350 2103 1456 2130 discere
1477 2104 1582 2138 parvuli
1606 2104 1706 2132 solent.

920 2145 1023 2172 Bonum
1033 2150 1070 2172 est
1081 2146 1181 2172 homini
1193 2147 1327 2174 mulierem
1342 2156 1392 2174 non
1407 2154 1521 2182 tangere,
1537 2154 1642 2183 propter
1652 2150 1707 2184 for-

78 2185 146 2212 eit"
157 2195 165 2213 :
178 2185 239 2213 Non
249 2188 368 2216 estnobis
376 2195 506 2217 certamen
516 2191 640 2220 adversus
655 2201 761 2221 carnem
772 2199 797 2222 et
807 2204 868 2223 san-
885 2191 907 2219 D
921 2192 1078 2218 nicationem
1099 2197 1186 2218 autent
1198 2192 1231 2225 π,
1262 2198 1286 2219 et
1312 2198 1418 2220 caetera.
1441 2193 1614 2229 Rursumque
1628 2195 1707 2222 iusti-

77 2230 197 2265 guinem,
212 2235 256 2258 sed
272 2233 411 2260 adversum
429 2235 564 2270 spiritalia
578 2238 712 2271 nequitia}.

114 2276 141 2304 9.
160 2275 196 2302 Et
208 2286 239 2304 ne
250 2277 288 2304 sic
299 2279 399 2306 satiata
411 2288 449 2314 es,
461 2286 487 2307 et
500 2281 634 2315 fornicata
644 2290 680 2316 es,
692 2287 717 2309 et
728 2291 778 2310 non
787 2285 868 2312 satia-

77 2320 158 2348 beris.
176 2321 290 2354 Quando
309 2324 371 2358 quis
388 2332 442 2352 non
470 2326 596 2361 impletur
607 2327 788 2362 delinquens:
818 2331 864 2357 sed

76 2375 187 2401 semper
205 2367 343 2402 prioribus
361 2371 479 2405 peccatis
494 2379 562 2399 nova
575 2377 685 2407 peccata
701 2375 840 2410 conjungit
857 2398 864 2410 ,

111 2424 132 2439 ⁸¹
151 2422 261 2454 Ezcch.,
281 2431 336 2456 xvt,
348 2424 393 2453 25.

443 2427 472 2463 "7
485 2427 550 2455 ibid.
565 2428 609 2456 26.
646 2429 669 2445 ⁸³
681 2428 752 2456 Psal.
771 2437 836 2463 tht,
852 2432 883 2459 5.

922 2242 1035 2264 tuuntur
1054 2245 1086 2264 ne
1108 2237 1278 2265 immolatitia
1298 2240 1452 2267 comedunt.
1473 2239 1526 2267 ista
1546 2241 1635 2268 omnis
1658 2241 1707 2267 do-

920 2283 1009 2311 ctrina
1030 2283 1073 2310 lac
1096 2283 1269 2317 parvulorum
1285 2288 1337 2315 est,
1352 2289 1380 2310 et
1403 2285 1491 2312 adhuc
1511 2285 1653 2312 infantium
1679 2287 1704 2313 in

919 2329 1037 2357 Christo.
1061 2328 1174 2361 Quando
1199 2337 1263 2357 vero
1286 2329 1410 2364 Ephesiis
1430 2332 1569 2364 scribitur,
1587 2333 1705 2358 solidum

921 2376 974 2403 illis
990 2375 1090 2410 praebet
1107 2375 1209 2402 cibum.
1225 2375 1284 2403 Non
1306 2376 1416 2403 auditur
1437 2378 1537 2412 quippe
1554 2379 1579 2404 in
1597 2378 1704 2412 Epheso

935 2431 958 2446 ‘“
971 2430 1068 2457 Ezech.
1084 2438 1138 2462 XVI,
1152 2431 1197 2460 26.
1255 2432 1278 2448 ⁸⁵
1299 2432 1363 2458 ibid.
1377 2432 1421 2459 27.
1478 2433 1500 2449 ⁸“
1516 2433 1580 2460 ibid.
1596 2434 1642 2465 27,
1656 2434 1702 2462 28.

75 2457 97 2501 :1
112 2458 205 2501 Epiros
225 2459 322 2501 νειμ.
336 2459 493 2501 __"_\Ezech.
508 2470 562 2501 xvi,
577 2463 675 2501 28,?9:
715 2465 737 2481 ⁸⁸
749 2457 879 2501 ἰιιίινιζὲσξ
910 2466 932 2483 ⁰⁰
946 2465 1031 2492 Exod.
1062 2474 1107 2498 xx,
1133 2457 1196 2494 ixi:
1217 2467 1237 2483 ⁹¹
1254 2457 1402 2498 Ιϐὸῖᾑιιῖ,
1415 2457 1462 2494 ⁷17.
1499 2457 1702 2501 νῖιῖιῶῗξῦἶ

74 2495 97 2510 ’³
111 2493 195 2521 Hebr.
211 2501 238 2525 v,
256 2494 298 2521 t2.
336 2495 359 2511 ’δ
376 2495 454 2523 Rom.
470 2505 529 2531 xm,
541 2493 566 2526 9.
600 2498 716 2527 “tuor.
733 2507 773 2533 In,
784 2500 811 2528 Ξ.
839 2501 862 2517 ’θ

950 2510 964 2527 ·.
979 2508 1026 2532 vu,
1042 2495 1102 2533 i,2.

111 2551 170 2586 (2‘2)
193 2551 405 2588 EiliizEgypti,
428 2561 480 2583 etc.
506 2556 615 2586 Catenae
631 2567 718 2587 mss.:
739 2560 799 2587 Υἱοὶ
815 2562 863 2588 Αἱ-

73 2586 191 2635 ·ἔὺπτοὲι.
203 2586 617 2635 ξυνᾴμειξςὶἰσὶνλᾲῖτικείειεγαι.
632 2586 688 2621 Kal.
702 2586 805 2635 μήτεοέτὲ
815 2586 863 2623 571v

78 2604 191 2631 ,u..w;,
203 2604 329 2623 νυνυιμιις
342 2604 410 2616 ιιυιν
423 2604 617 2635 αντικειίιεναι.
632 2604 688 2621 nat
724 2604 805 2630 ηποτε
817 2605 863 2623 ουν

74 2622 127 2667 ἄρα
142 2621 218 2648 ουτοί
233 2623 304 2665 εἰσιν
324 2625 355 2667 qi,
371 2625 510 2667 anﬁBoqot
527 2628 668 2667 οᾳέμονεε,
685 2604 863 2667 aromatuan

74 2657 204 2700 -ιῂμτιιίςςἔ
216 2658 240 2683 οὶ
260 2657 503 2700 σιινηδόμῖενῴτιξῖς
517 2657 615 2700 nasia
695 2657 803 2700 σαρκὺςξ
816 2657 863 2693 ubi.

72 2691 106 2717 τὰ
221 2691 694 2740 ﬁpoﬁq‘ézi’ﬂpiieiq‘raﬁm.‘96:ch
752 2691 864 2740 633m?-

72 2735 114 2767 61“}
128 2727 206 2770 ﬁpiv'.
223 2728 264 2768 Τᾲ
280 2728 335 2770 γὰρ
349 2727 471 2770 opt-{1?};
485 2727 666 2770 Ἷξρᾳυᾳαλὴμ
686 2735 732 2761 καὶ
751 2727 863 2770 circ-Ai-

71 2761 285 2806 γρπέὸυτέγγύς.
300 2761 377 2806 simul
392 2761 532 2806 Kal'jtsc"
540 2768 626 2806 ὀλίγα
635 2761 864 2806 λ’Μεγαλόέᾶρκὸί

71 2798 139 2837 sicut
163 2795 238 2847 οὗτξὶ
261 2798 285 2840 oi
303 2795 466 2842 Αἰγύπτιοί
477 2802 506 2828 οὐ
530 2795 633 2847 adripiat;
650 2795 792 2847 ᾡέρὸνεὲς·
805 2795 863 2847 ’ἕξφ

71 2831 123 2867 rip
139 2833 241 2868 σαρκός
258 2834 326 2859 εἰσι·
342 2831 539 2872 μεγαλὸεαρκοι
553 2831 580 2864 δὲ
595 2831 729 2873 isi-(0:511,
740 2831 780 2867 6:".
795 2831 861 2874 πολὺ

915 2561 1046 2599 κεχήναᾳι
1063 2562 1126 2597 περὶ
1148 2562 1178 2589 τὸ
1201 2563 1494 2599 σαρκικὸνγᾳρὸνημαρ
1508 2562 1574 2599 Filii
1592 2563 1710 2598 {Egypt},

916 2597 1058 2633 contraria:
1071 2602 1133 2624 sunt
1152 2597 1305 2631 potestates.
1329 2597 1428 2633 Itaque
1438 2598 1465 2624 hi
1479 2598 1539 2632 ﬁlii,
1559 2597 1701 2632 fortesunt

916 2632 1049 2659 libidinosi
1065 2633 1206 2663 daemones,
1218 2634 1317 2667 peccati
1328 2632 1456 2664 amantes,
1465 2634 1551 2659 carnis
1564 2633 1700 2667 affectibus

915 2667 1068 2701 gaudentes,
1085 2675 1115 2693 ac
1127 2667 1155 2694 in
1175 2675 1217 2694 eos
1233 2668 1384 2702 plerumque
1400 2676 1446 2695 nos
1462 2669 1609 2695 incitantes.
1632 2668 1699 2695 Sunt

915 2710 975 2736 vero
1004 2702 1031 2728 hi
1053 2701 1126 2728 nobis
1155 2703 1278 2736 confines.
1307 2701 1387 2729 Fines
1409 2704 1477 2729 enim
1502 2703 1651 2730 Jerusalem
1675 2709 1699 2730 et

916 2735 1026 2771 Aigypu'
1039 2736 1153 2772 proximi
1168 2742 1238 2763 sunt.
1263 2737 1294 2763 Et
1309 2745 1368 2764 mox
1385 2748 1390 2764 :
1405 2738 1561 2772 Magnarum
1577 2739 1700 2765 carnium

915 2769 979 2799 sunt
989 2769 1018 2797 lii
1031 2769 1164 2806 Egyptii,
1177 2779 1228 2798 non
1247 2773 1315 2806 quod
1327 2780 1418 2799 carnes
1430 2769 1539 2806 gestent,
1552 2778 1612 2800 sunt
1627 2773 1698 2800 enim

914 2811 989 2832 extra
1003 2814 1105 2844 carnem
1115 2814 1124 2844 ί
1134 2807 1177 2833 sed
1190 2815 1346 2844 magnarum
1356 2808 1475 2834 carnium
1485 2808 1619 2842 dicuntur,
1628 2809 1705 2844 quod

914 2841 1016 2868 carnali
1032 2841 1119 2868 sensui
1136 2844 1248 2868 multum
1264 2842 1347 2869 dediti
1359 2843 1421 2870 sint.
