1882 3052
77 147 132 175 723

775 141 916 171 liOiIlLlA
937 142 1002 170 VIII.

1661 144 1713 172 730

77 213 147 233 suos
158 205 186 232 in
202 205 363 233 melioribus
375 204 558 237 constituere;
572 204 619 232 scd
631 203 694 239 quia
711 203 874 231 nolultcon-
887 201 910 229 A
925 201 1030 229 alienos
1044 209 1058 229 a
1075 203 1188 229 veritate
1203 202 1368 231 mdiiicantes
1381 202 1492 230 domum
1506 210 1539 230 ex
1551 202 1594 231 his
1610 211 1714 231 sermo-

79 252 143 278 silia
160 250 269 283 audire,
289 250 375 277 noluit
398 249 445 277 Del
464 250 583 284 recipere
599 253 743 284 prmeepta,
767 247 873 275 dubitat

79 297 165 328 Deus,
181 302 206 323 et
223 304 253 323 se
269 296 334 323 dicit
350 295 456 323 nescire
470 295 534 330 quid
552 295 643 322 faciat.
662 294 694 321 In
710 303 761 329 quo
772 294 872 320 consti-

79 347 156 369 tuam
167 350 214 368 car
227 345 313 373 tuum,
323 341 388 367 dicit
402 341 507 368 Adonei
519 341 645 368 Dominus
654 341 666 367 2’
675 340 745 374 Quid
757 339 874 367 faciam?

79 389 106 415 in
121 395 177 422 quo
187 387 373 414 constituam?
384 386 474 414 lliultis
485 391 656 422 peccatorum
665 386 782 414 vinculis
790 385 873 413 strin-

78 434 165 469 guris,
181 433 280 460 delicta
298 437 342 460 tua
357 433 502 467 prohibent
523 433 606 460 vitam
627 437 712 464 tuam,
725 437 756 460 ut
771 440 786 459 a
803 432 872 460 meis

77 479 258 507 sermonibus
276 479 462 506 constituaris.
482 478 539 514 Ego
561 479 619 514 ipse
636 479 790 514 frequenter
806 485 872 505 con-

77 525 195 552 stituere
205 525 292 558 volui,
309 524 421 559 loquens
437 525 484 551 tibi
497 532 545 559 per
556 530 666 552 sanctos
680 531 766 556 meos,
778 528 805 551 et
817 531 870 550 non

77 573 194 600 audisti.
212 571 290 599 Nune
303 571 400 607 ignoro
414 571 479 606 quid
497 571 607 604 faciam,
625 576 652 598 et
666 571 728 598 dico
748 571 795 597 tibi
813 580 819 598 ;
838 569 871 598 In

76 627 129 654 quo
154 619 313 646 constituam
336 626 382 644 cor
403 623 490 650 tuum,
512 618 576 644 dicit
600 618 703 644 Adonai
729 617 869 649 Dominus,

76 672 137 690 cum
155 669 183 690 tu
205 663 289 697 facias
312 663 366 689 [κει
387 664 476 689 omnia
493 671 573 702 opera
591 663 709 689 mulieris
726 662 870 689 meretricis

75 710 221 743 procacis?
236 708 311 742 Saepe
327 708 448 735 diximus
460 708 524 743 quia
538 708 710 735 fortitudines
726 708 870 735 contrariae

76 761 174 782 amant
198 754 420 790 pulchritudines
439 757 537 782 autimas
563 756 699 787 humanze,
717 758 744 782 et
759 755 869 789 quando

76 802 197 836 suscipit
213 803 304 830 anima
322 804 440 830 humana
456 801 561 830 semina
576 806 728 828 alnatorum
743 808 867 833 suorum,

76 847 284 882 quodammodo
309 848 458 876 fornicetur
479 856 541 875 rum
565 848 620 880 eis;
642 847 688 874 sed
707 847 771 882 quia
792 851 819 874 et
840 846 867 873 in

75 894 221 921 communi
243 894 297 922 vita
320 899 383 923 sunt
400 895 498 930 aliqua:
516 893 682 924 meretrices,
703 900 764 928 quae
782 891 868 919 forni-

75 943 178 966 cantur
192 946 254 966 cum
269 939 433 968 verecundia
451 939 535 966 latere
550 938 709 973 cupientes;
724 937 785 964 alia:
801 945 867 964 vero

73 992 139 1022 quae
154 993 210 1012 non
225 985 311 1012 solum
325 985 427 1020 pudore
443 985 539 1012 delicta
556 992 609 1011 non
629 983 729 1016 velant,
744 983 790 1011 sed
805 990 868 1010 cum

74 1030 152 1057 omni
176 1038 207 1057 se
228 1030 394 1065 procacitate
423 1029 610 1064 prostituunt;
632 1028 693 1056 ideo
719 1027 869 1062 assumpsit

73 1075 233 1110 exemplum
247 1075 344 1103 animae
359 1074 510 1101 meretricis
523 1073 549 1100 in
561 1073 710 1108 peccatrice
724 1073 775 1101 ista
787 1072 868 1100 Jeru-

73 1120 174 1151 salem,
191 1125 218 1147 et
231 1120 268 1147 ait
282 1127 342 1147 eam
358 1120 475 1148 similem
491 1119 590 1147 factam
607 1119 729 1146 mulieris
746 1118 869 1145 fornica-

74 1167 124 1193 riae
140 1165 267 1201 procacis
279 1166 306 1193 in
320 1166 500 1193 fornicatione
513 1172 572 1192 sua.
588 1164 665 1199 Saepe
680 1172 695 1192 a
708 1164 788 1192 nobis
803 1163 867 1192 talia

73 1212 298 1239 committuntur.
316 1212 369 1245 Qui
395 1213 468 1239 enim
493 1219 508 1239 a
533 1211 664 1246 religione
686 1218 741 1238 non
759 1210 868 1245 penitus

74 1262 263 1290 recasserunt,
278 1258 427 1284 vincuntur
439 1264 504 1284 vero
520 1264 534 1282 a
547 1260 670 1290 peccato,
685 1259 712 1282 et
722 1258 868 1289 peccantes

74 1304 161 1331 latere
176 1303 342 1335 desiderant,
363 1296 463 1330 similia
487 1302 592 1329 faciunt
615 1300 751 1328 meretrici
767 1301 867 1327 erube-

73 1349 175 1377 scenti.
193 1349 245 1382 Qui
266 1356 328 1376 vero
342 1348 500 1383 religionem
523 1347 632 1382 penitus
649 1351 819 1377 aversantur,
839 1345 867 1372 in

74 1400 183 1422 tantum
203 1400 234 1422 ut
248 1403 300 1422 non
318 1399 414 1422 curent
434 1395 467 1421 de
483 1394 622 1428 episcopo,
638 1393 672 1420 de
687 1391 865 1427 presbyteris,

73 1443 108 1470 de
121 1443 256 1476 .iiaconis,
275 1442 308 1469 de
323 1441 466 1473 fratribus,
481 1440 528 1468 sed
543 1448 606 1468 cum
616 1439 689 1467 omni
703 1438 867 1473 procacitate

72 1488 250 1522 delinquunt,
266 1487 369 1514 similes
381 1487 450 1514 liunt
462 1486 599 1514 meretrici
614 1493 676 1512 cum
692 1484 789 1511 fiducia
804 1491 867 1519 pro~

73 1533 188 1561 stitutrc.
202 1532 331 1565 Queritur
342 1539 406 1567 ergo
419 1532 445 1559 in
460 1532 585 1567 prmsenti
600 1531 660 1558 loco
671 1531 703 1558 dc
717 1531 866 1566 peccatrice

71 1577 228 1606 Jerusalem
241 1577 321 1610 Deus,
336 1577 399 1612 quia
411 1577 475 1604 facit
485 1584 567 1611 opera
580 1575 703 1603 mulieris
715 1575 865 1602 meretricis

73 1623 278 1655 inverecunde,
294 1628 321 1650 ct
334 1623 400 1650 dicit
418 1623 450 1650 ad
468 1630 527 1650 eam
543 1631 550 1649 :
567 1621 601 1648 Et
619 1621 752 1656 fornicata
769 1629 796 1648 es
817 1621 866 1647 tri-

71 1672 183 1706 pliciter
206 1671 232 1697 in
257 1670 365 1707 ﬁliabus
391 1670 453 1697 tuis.
479 1668 662 1704 Exposuimus
682 1669 734 1696 hoc
757 1667 866 1703 quando

73 1717 157 1745 nobis
169 1716 272 1743 dictum
288 1721 344 1744 est:
356 1715 511 1750 .Edi/icasti
525 1714 639 1749 lupanar
653 1719 728 1740 tuum
742 1714 769 1740 in
782 1714 867 1749 capite

72 1762 160 1789 omnis
179 1762 237 1793 rite,
249 1766 272 1788 et
288 1760 375 1788 basem
393 1765 465 1787 tuam
479 1760 564 1795 fecisti
579 1760 607 1787 in
623 1760 694 1786 omni
712 1760 812 1794 platea.

109 1808 139 1835 εὶ.
163 1807 297 1835 Volumus
312 1811 402 1835 autem
426 1812 453 1834 et
472 1815 545 1834 nunc
560 1806 732 1842 interpretari
751 1806 815 1841 quid
832 1805 867 1834 sit

71 1854 212 1882 :edilicare
227 1853 350 1888 lupanar,
364 1861 418 1880 non
433 1853 557 1880 similiter
574 1853 601 1879 in
616 1852 691 1880 omni
707 1852 760 1885 via,
779 1852 825 1879 sed
839 1852 864 1878 in

71 1900 164 1935 rapite
178 1899 268 1926 omnis
288 1898 355 1933 vite;
372 1906 407 1926 nc
419 1898 561 1926 Sull'ccisse
575 1897 701 1925 videatur
718 1898 867 1926 aediﬁcasse

71 1940 193 1982 lupanar
210 1944 237 1972 in
253 1944 340 1979 capite
354 1944 446 1972 omnis
457 1944 520 1976 viai,
537 1943 583 1971 sed
603 1943 715 1980 insuper
731 1948 756 1970 et
773 1942 866 1970 basem

69 1999 152 2020 suam
173 1991 297 2025 posuisse
318 1990 344 2017 in
362 1991 436 2018 omni
455 1990 554 2025 platea.
577 1989 635 2017 Duo
650 1997 714 2025 ergo
731 1990 867 2024 generalia

70 2043 186 2074 precata
211 2036 342 2071 peccavit,
362 2044 425 2064 cum
446 2035 590 2064 tedilicavit
611 2035 726 2071 lupanar
741 2043 822 2062 suum
838 2036 865 2062 in

68 2085 163 2119 capite
179 2084 269 2111 omnis
285 2083 345 2116 viai,
367 2090 394 2111 ct
413 2091 475 2111 cum
493 2083 556 2110 fecit
570 2083 663 2111 basem
680 2087 706 2110 et
724 2083 867 2110 constituit

69 2137 131 2156 eam
151 2136 179 2155 In
194 2128 268 2155 onmi
287 2128 374 2163 platea
391 2128 519 2155 meretrix
535 2127 699 2155 Jerusalem.
718 2127 784 2161 Quae
803 2132 867 2155 sunt

68 2183 137 2210 ergo
153 2175 214 2202 ista:
231 2174 296 2202 me?
312 2174 387 2200 State
408 2174 434 2200 in
455 2174 518 2207 riis,
538 2179 562 2201 et
579 2174 741 2210 interrogate
757 2175 864 2201 semitas

71 2221 182 2248 Domini
197 2225 320 2252 a'lernas,
332 2225 355 2246 et
370 2219 452 2246 videte
463 2227 520 2254 qua:
536 2220 569 2246 sit
582 2220 624 2246 via
636 2219 715 2252 bona,
733 2225 757 2247 et
771 2220 864 2247 ambu-
881 2213 903 2240 Ῐ)

69 2270 126 2294 late
140 2267 167 2293 in
180 2274 211 2293 ea
223 2266 244 2293 '.
261 2265 351 2293 Mult.e
363 2271 427 2293 sunt
441 2267 490 2294 via:
503 2266 684 2300 sempiterna}.
700 2265 728 2295 Si
741 2266 863 2294 retinetis

68 2321 130 2340 eam
147 2311 350 2348 expositionem
370 2320 454 2347 quam
474 2312 630 2351 frequenter
647 2313 769 2346 exhibui,
787 2313 864 2341 scitis

68 2364 96 2386 et
117 2357 234 2394 Moysen
260 2358 331 2385 viam
346 2365 417 2391 esse,
430 2364 457 2385 et
469 2358 592 2394 singulos
603 2359 810 2394 prophetarum.
829 2359 863 2386 Et

69 2405 213 2440 quoniodo
233 2404 325 2433 nudta:
341 2408 405 2431 sunt
421 2405 588 2439 margaritm,
610 2412 678 2438 quas
697 2413 806 2432 necesse
822 2409 864 2433 est

70 2450 215 2485 possidere
234 2457 296 2477 cum
316 2449 362 2486 qui
375 2455 506 2481 venturus
525 2455 566 2477 est
582 2450 614 2476 ad
630 2458 710 2478 unam
725 2451 866 2484 pretiosis-

68 2498 172 2525 simam
190 2496 378 2532 margaritam,
395 2495 435 2523 sic
454 2500 560 2530 oportet
576 2495 680 2531 ingredi
695 2496 795 2524 multas
810 2498 865 2525 vias

68 2542 157 2578 Moysi
167 2546 194 2568 et
204 2541 400 2576 prophetarum
412 2540 534 2568 omnium
547 2549 608 2569 eum
623 2542 677 2576 qn'r
685 2547 763 2569 ventu
769 2551 813 2571 rus
823 2548 866 2571 est

66 2589 101 2616 ad
118 2588 257 2615 dicentem
274 2596 281 2614 :
300 2586 354 2622 Ego
368 2595 425 2613 sum
438 2587 479 2614 ria
491 2587 511 2614 '.
527 2587 579 2615 Sed
593 2588 658 2615 dicit
669 2588 734 2615 mihi
746 2589 862 2624 aliquis:

63 2633 134 2668 Quid
151 2632 187 2660 ad
208 2633 378 2667 proposition
402 2632 519 2666 pertinet
537 2633 609 2667 quod
630 2633 737 2661 locutus
756 2637 801 2663 es?
812 2635 862 2662 Cui

64 2679 107 2706 sic
127 2678 302 2712 respondebo
317 2686 323 2704 :
337 2677 491 2704 jEdilicavit
512 2678 538 2705 in
557 2679 631 2705 omni
651 2680 693 2706 via
713 2679 862 2708 Jerusalem

66 2728 188 2759 lupanar
210 2730 304 2750 suum.
325 2721 353 2749 Si
373 2723 592 2751 consideraveris
609 2723 751 2752 haereticos
768 2733 863 2754 omnes

105 2780 118 2796 ⁸
129 2779 236 2806 Jcreui.
249 2787 286 2813 VI,
306 2779 349 2806 16.
396 2779 407 2795 ⁸
420 2779 500 2807 Joan.
514 2787 570 2813 xlv,
586 2780 613 2807 6.

101 2825 160 2859 (24)
183 2824 251 2850 Cum
273 2825 360 2851 uidero
381 2833 437 2853 esse
460 2828 636 2859 meretricem,
660 2834 712 2856 etc.
745 2829 854 2857 Catenae

65 2869 134 2890 mss.
150 2869 157 2887 :
172 2859 264 2896 Ῑιόρνη
283 2859 342 2887 ἐστὶ
358 2861 511 2897 συνάγουσα
528 2863 690 2899 μισθώματα
701 2884 707 2896 ,
723 2863 796 2900 ψυχὴ
820 2865 860 2892 ὲν-

651 2781 660 2796 ⁷
673 2780 752 2810 Prov.
760 2782 789 2816 'v,
803 2784 831 2817 2,
846 2785 874 2814 5.

924 246 1005 274 nibus
1023 247 1070 282 qui
1090 247 1116 274 in
1137 247 1229 283 Moyse
1249 248 1386 282 leguntur,
1405 255 1438 276 ex
1457 248 1499 276 his
1513 255 1583 283 quos
1601 248 1627 275 in
1645 247 1712 276 Isaia

923 296 950 318 et
963 290 1090 325 Jcremia,
1108 297 1135 319 et
1149 293 1289 327 prophetis
1302 293 1414 328 reliquis
1427 293 1597 326 invenerunt,
1613 293 1715 321 intelli-

923 337 964 371 gis
981 344 1066 364 novas
1081 337 1220 365 doctrinas
1240 337 1448 366 fornicationem
1467 346 1529 366 esse
1548 338 1712 372 Jerusalem,

923 389 984 416 quae
1000 382 1114 409 aadilicat
1131 382 1247 417 lupanar
1261 390 1341 411 suum
1358 390 1410 410 non
1425 383 1452 410 in
1466 383 1541 410 omni
1556 383 1610 416 via,
1623 383 1710 410 sed-in

923 427 1011 461 capite
1024 427 1113 455 omnis
1126 427 1184 455 vim.
1195 427 1224 455 Si
1238 429 1310 455 enim
1322 433 1475 464 praeventus
1489 428 1550 463 quis
1562 427 1642 455 fuerit
1652 431 1714 463 post

922 473 1086 508 principium
1102 473 1198 509 Moysi,
1213 475 1357 502 exordium
1372 475 1578 510 prophetarum,
1597 475 1630 502 ad
1647 481 1712 508 pro-

922 517 1035 545 fundum
1053 519 1113 553 ejus
1130 524 1157 546 et
1175 519 1315 547 scientiam
1336 521 1459 547 omnium
1472 521 1623 555 pervenire,
1645 520 1713 547 nihil

921 569 1010 598 potest
1027 564 1116 592 facere
1130 565 1181 592 ista
1197 566 1325 593 meretrix
1340 566 1479 594 atdilicans
1492 567 1607 600 lupanar
1623 566 1650 594 in
1665 574 1712 594 ca-

921 611 975 646 pite
989 612 1080 639 oinnis
1094 613 1144 640 via:
1154 621 1161 644 ;
1173 621 1234 640 eum
1251 613 1349 648 quaerit
1363 613 1409 648 qui
1426 614 1543 648 primum
1561 613 1711 642 Ecclesiam

922 657 1081 692 ingreditur,
1096 658 1143 693 qui
1160 659 1221 685 lidei
1235 659 1367 686 elementa
1381 660 1505 694 suscipit,
1518 659 1564 694 qui
1580 660 1656 687 rudis
1669 662 1712 687 est

921 701 948 728 in
963 703 1151 735 sacramentis,
1167 711 1228 730 eum
1242 704 1288 738 qui
1302 704 1329 730 in
1340 704 1454 731 exordio
1469 705 1530 731 lidei
1545 704 1714 733 constitutus

921 752 962 775 est
976 748 1033 774 vult
1047 748 1222 775 introducere
1233 749 1259 775 in
1275 749 1389 783 lupanar
1403 757 1495 782 suum,
1508 749 1646 778 :edilicans
1658 758 1712 778 Ine-

921 794 1061 821 rctriciam
1079 793 1203 821 domum.
1223 793 1256 821 Et
1273 795 1336 829 quia
1355 793 1512 829 frequenter
1526 795 1669 822 fornicatio
1682 796 1709 823 in

922 839 1069 873 Scripturis
1081 840 1248 872 nominatur,
1261 847 1398 874 exponere
1409 840 1471 866 volo
1483 842 1618 868 sermonis
1630 841 1710 869 istius

920 893 1042 913 causam.
1059 884 1241 912 Ecclesiastici
1257 885 1303 919 qui
1319 884 1346 911 in
1363 883 1485 912 Ecclesia
1496 891 1561 913 sunt
1572 885 1706 921 magistri,

919 942 1009 961 mores
1023 939 1141 969 purgant
1160 938 1214 960 tam
1236 941 1301 961 SUOS
1315 941 1396 968 quam
1415 939 1539 965 suorum,
1563 937 1588 959 EI
1606 940 1639 960 ex
1659 932 1711 960 hac

919 981 1058 1016 diligentia
1073 980 1207 1007 aedificant
1220 979 1332 1006 domum
1353 979 1400 1007 Dei
1416 979 1578 1011 Ecclesiam,
1596 983 1623 1006 et
1637 986 1708 1014 opus

919 1034 1013 1054 eorum
1025 1026 1168 1053 :edilicatio
1184 1025 1230 1052 Dei
1244 1029 1295 1052 est.
1309 1024 1434 1052 Haeretici
1446 1025 1581 1052 aadilicant
1593 1025 1709 1060 lupanar

920 1073 947 1100 in
963 1072 1037 1100 omni
1053 1072 1114 1105 via;
1128 1076 1157 1099 ut
1170 1077 1233 1106 puta
1252 1072 1383 1107 magister
1394 1072 1428 1099 de
1442 1071 1549 1099 olllcina
1562 1071 1708 1105 Valentini,

919 1119 1050 1154 magister
1063 1118 1096 1146 de
1108 1122 1179 1146 ctetu
1192 1117 1331 1150 Basilidis,
1344 1118 1474 1149 magister
1486 1117 1518 1144 de
1533 1117 1710 1146 tabernaculo

919 1164 1074 1198 Marcionis,
1087 1171 1112 1192 et
1124 1170 1285 1192 cteterorum
1298 1164 1487 1191 haereticorum
1502 1163 1637 1190 :edilicant
1649 1171 1709 1191 me-

919 1211 1011 1238 retrici
1028 1211 1150 1240 domum.
1182 1210 1366 1246 Congrcgatio
1388 1210 1460 1236 enim
1482 1210 1604 1237 omnium
1629 1210 1709 1237 mali-

919 1265 1034 1292 gnorum
1048 1257 1162 1291 lupanar
1173 1262 1224 1284 est.
1240 1256 1294 1284 Sed
1309 1256 1373 1291 quid
1390 1255 1454 1282 dicit
1469 1254 1630 1290 Scriptura?
1641 1255 1708 1290 Fili,

919 1311 949 1329 ne
961 1303 1082 1329 intendas
1096 1303 1123 1329 in
1137 1302 1236 1330 malam
1249 1302 1395 1333 mulierem,
1409 1301 1459 1328 mel
1471 1301 1540 1328 enim
1551 1301 1667 1328 distillat
1676 1301 1708 1328 de

919 1348 996 1374 labiis
1019 1348 1136 1375 mulieris
1159 1348 1303 1375 meretricis
1315 1348 1335 1374 ⁷.
1361 1346 1439 1374 Unde
1460 1348 1484 1374 ei
1507 1347 1559 1374 mel
1578 1347 1706 1376 distillat?

919 1396 1034 1425 Distillat
1047 1397 1125 1424 enim'
1136 1397 1188 1424 mel
1206 1397 1239 1423 de
1254 1395 1333 1422 labiis
1347 1395 1471 1422 mulieris
1487 1395 1648 1421 meretricis.
1664 1393 1710 1421 In-

919 1451 1013 1479 gressa
1027 1448 1069 1470 cst
1086 1443 1118 1470 ad
1137 1443 1258 1478 Moysen,
1280 1442 1312 1469 ad
1332 1441 1440 1474 Isaiam,
1460 1441 1492 1468 ad
1509 1440 1666 1472 Jeremiam,
1680 1444 1709 1468 et

917 1490 950 1517 dc
961 1489 1109 1524 Scripturis
1122 1479 1216 1517 eorum
1230 1489 1281 1517 sibi
1296 1489 1375 1516 mella
1387 1488 1503 1524 collegit.
1520 1487 1592 1515 Vade
1605 1487 1638 1514 ad
1651 1487 1706 1514 hae-

879 1542 901 1571 c
919 1536 1018 1565 reticos
1040 1537 1194 1571 loquentes,
1219 1535 1277 1562 hac
1302 1535 1368 1562 dicit
1394 1534 1512 1570 Moyses,
1534 1534 1591 1561 hate
1609 1533 1705 1566 Isaias,

917 1581 974 1610 haec
988 1581 1132 1615 Jereznias,
1151 1586 1178 1609 et
1194 1581 1298 1609 videbis
1312 1581 1450 1616 quomodo
1466 1580 1500 1608 de
1515 1580 1595 1608 labiis
1609 1588 1704 1607 eorum

917 1635 972 1654 non
998 1628 1083 1655 fluant
1106 1628 1197 1661 mella,
1222 1627 1268 1654 seti
1293 1627 1425 1654 distillcnt
1449 1625 1652 1660 decerpentium
1674 1626 1709 1653 de

918 1671 1066 1707 Scripturis
1081 1673 1162 1700 verba
1177 1672 1352 1707 paucissima.
1366 1672 1399 1699 Et
1411 1671 1471 1698 ideo
1486 1673 1537 1698 mel
1551 1671 1664 1698 distillat
1674 1671 1708 1698 de

916 1717 996 1745 labiis
1014 1718 1135 1746 mulieris
1151 1717 1312 1745 meretricis.
1327 1719 1356 1744 In
1371 1717 1459 1751 capite
1473 1724 1538 1752 ergo
1551 1718 1642 1745 omnis
1652 1718 1705 1744 vim

918 1763 1034 1791 adillcat
1051 1764 1175 1799 lupanar.
1194 1764 1270 1798 Esto,
1289 1762 1456 1791 intellectum
1470 1762 1506 1789 sit
1522 1762 1647 1796 lupanar,
1663 1762 1708 1789 in-

918 1814 1097 1845 terpretemur
1111 1815 1137 1837 et
1149 1810 1240 1837 basem
1264 1816 1346 1845 quam
1361 1808 1387 1834 in
1403 1808 1531 1835 omnibus
1546 1808 1642 1843 plateis
1657 1815 1708 1842 po-

917 1855 971 1882 suit
985 1856 1112 1882 meretrix
1128 1855 1290 1883 Jerusalem.
1309 1855 1447 1890 Scriptum
1467 1858 1509 1882 est
1526 1854 1552 1880 in
1569 1853 1622 1880 alio
1634 1853 1705 1885 loco,

917 1901 1056 1938 quomodo
1074 1901 1101 1927 in
1118 1901 1214 1936 plateis
1227 1901 1371 1929 manifeste
1385 1900 1499 1927 advocat
1512 1904 1707 1935 praztereunm

917 1947 1046 1974 meretrix
1057 1956 1064 1980 ;
1077 1947 1152 1974 varie
1169 1947 1268 1982 quippe
1281 1951 1422 1982 peccatum
1436 1954 1487 1974 nos
1506 1947 1538 1973 ad
1551 1954 1580 1973 se
1598 1945 1706 1974 trahere

917 1992 1038 2026 festinat,
1056 1994 1113 2021 sive
1136 2002 1183 2028 per
1202 1994 1337 2027 haeresim,
1354 1993 1411 2021 sive
1427 2001 1475 2028 per
1494 1992 1619 2027 gentilcm
1637 1999 1706 2019 con-

918 2039 1109 2065 versationem.
1123 2038 1157 2065 Et
1171 2046 1219 2073 per
1232 2038 1313 2074 387
1325 2038 1448 2065 haeresim
1463 2038 1582 2073 quidem,
1596 2037 1706 2071 quando

917 2084 1030 2111 aediﬁcat
1046 2084 1161 2118 lupanar
1177 2084 1204 2110 in
1216 2084 1306 2119 capite
1322 2083 1413 2112 omnis
1427 2083 1477 2110 viae
1493 2091 1499 2115 ;
1517 2090 1564 2117 per
1578 2082 1704 2118 gentilem

917 2135 1007 2157 autem
1020 2130 1267 2162 conversationem,
1285 2130 1395 2165 quando
1406 2130 1501 2158 basem
1514 2130 1589 2164 ponit
1604 2130 1631 2156 in
1644 2137 1706 2157 om-

916 2177 999 2204 nibus
1012 2176 1117 2211 plnteis.
1132 2175 1201 2203 Lata
1217 2180 1256 2203 est
1274 2176 1346 2203 enim
1365 2183 1389 2204 et
1405 2181 1496 2211 patens
1510 2177 1551 2202 via
1562 2184 1621 2211 qua
1631 2176 1706 2203 ducit

918 2222 952 2249 ad
969 2222 1142 2256 perditionem
1153 2221 1175 2250 '.
1193 2221 1262 2249 Cum
1274 2229 1340 2256 ergo
1356 2229 1416 2256 quae
1433 2221 1510 2254 dicit,
1524 2225 1551 2248 et
1564 2221 1590 2247 in
1604 2220 1705 2255 quibus

917 2267 1057 2295 audientes
1079 2267 1215 2294 instruere
1237 2271 1365 2300 conatur,
1379 2266 1414 2294 de
1429 2266 1578 2302 Scripturis
1594 2266 1704 2298 asserit,

916 2314 1031 2340 aediﬁcat
1053 2313 1169 2347 lupanar
1191 2312 1218 2340 in
1243 2312 1333 2347 capite
1356 2313 1447 2340 omnis
1469 2312 1528 2340 viae.
1552 2311 1621 2338 Cum
1640 2319 1704 2338 vero

917 2360 1029 2387 moralis
1045 2360 1122 2387 locus
1140 2358 1222 2386 fuerit
1236 2357 1396 2391 dissolutus,
1412 2362 1439 2384 et
1452 2357 1591 2384 luxuriosa
1608 2357 1704 2391 praeci-

917 2406 994 2441 piens
1016 2405 1150 2432 lascivum
1171 2404 1264 2432 fecerit
1279 2404 1442 2436 auditorem,
1463 2403 1528 2438 quid
1549 2403 1623 2430 aliud
1639 2402 1704 2431 fecit

917 2461 998 2488 quam
1016 2453 1106 2479 basem
1121 2452 1213 2486 posuit
1229 2451 1256 2479 in
1274 2451 1348 2478 omni
1363 2450 1426 2476 via?

951 2500 979 2526 3.
1002 2498 1060 2525 Non
1081 2503 1118 2525 est
1137 2499 1208 2532 facta
1227 2501 1255 2523 ut
1276 2495 1400 2523 meretrix
1420 2501 1580 2529 congregans
1602 2501 1702 2520 merce-

915 2549 960 2572 des
970 2546 992 2571 ⁹.
1018 2544 1166 2571 Videamus
1187 2543 1356 2572 meretricem
1378 2541 1516 2569 mercedes
1535 2547 1702 2575 congregan-

916 2596 981 2624 tem,
1003 2595 1030 2618 et
1049 2590 1128 2617 aliam
1154 2597 1251 2617 rursus
1272 2596 1326 2616 non
1344 2592 1563 2623 congregantem.
1590 2585 1628 2613 De
1652 2586 1702 2613 hac

915 2636 987 2664 enim
1000 2636 1132 2670 queritur
1144 2633 1223 2669 quasi
1240 2634 1274 2660 de
1291 2633 1433 2660 meretrice
1449 2640 1502 2659 non
1522 2635 1702 2666 congregatus

917 2682 1068 2709 mercedes.
1093 2681 1161 2708 Cum
1182 2680 1277 2708 videro
1299 2687 1360 2707 esse
1382 2679 1551 2707 meretricem
1567 2677 1621 2713 (ξι)
1640 2684 1703 2712 qua!

892 2721 895 2723 ’
916 2735 970 2754 non
996 2730 1143 2761 congregct
1166 2725 1325 2758 mercedes,
1349 2728 1376 2751 et
1391 2725 1481 2760 legero
1505 2724 1539 2752 ad
1564 2724 1643 2751 istam
1659 2723 1703 2751 di-

911 2783 1024 2811 'illatth.
1037 2790 1084 2814 vn,
1099 2782 1142 2808 15.
1180 2781 1294 2809 'Eaech.
1309 2789 1365 2814 xvi,
1375 2780 1419 2808 5i.

906 2830 988 2858 δθῦσοι
1004 2828 1102 2866 ἐαμτὴν
1117 2827 1262 2866 μοιχᾱςτοαι
1279 2828 1337 2858 ταῖς
1353 2826 1554 2866 ἀγτικειμέξναιξ
1571 2827 1700 2866 δυνάμεσι

914 2865 958 2894 διὰ
969 2865 1018 2900 τῆς
1033 2862 1179 2900 apag-ix,
1198 2863 1241 2890 ἵνα
1258 2863 1472 2899 προπποιὴσηται
1485 2863 1568 2899 ἑαυτῇ
1581 2862 1615 2890 τὰ
1629 2866 1701 2900 rupi
