1882 3052
182 118 230 147 751

767 119 845 148 OHIG
850 119 931 148 ENfS
945 119 979 148 IN
996 120 1213 149 EZECHIELEM

1760 123 1813 150 732

182 185 269 212 ctum.
293 179 357 214 quia
381 179 452 207 facta
477 179 513 207 sit
534 184 564 207 ut
579 179 708 207 meretrix
731 187 785 207 non
803 188 972 216 congregans
986 182 1012 212 Δ
1061 181 1090 209 l.
1109 181 1161 215 Qui
1183 182 1247 217 legit
1271 182 1297 210 in
1325 182 1462 217 principio
1482 183 1631 218 prophetia:
1656 181 1809 212 Jerusalem

183 225 339 258 mercedes,
360 225 449 253 dicam
478 226 639 261 congregari
664 226 803 254 mercedes
827 234 888 254 esse
909 235 972 261 pec-

184 273 275 300 cando
290 272 401 300 divitem
417 272 485 304 fieri,
500 271 638 307 peccando
651 272 765 307 gloriam
786 272 814 299 in
831 273 970 300 saeculari-

166 309 170 314 ,
184 318 237 345 bus
251 326 423 353 comparare,
439 319 577 354 peccando
593 317 708 346 feliciter
722 319 749 345 in
764 319 867 346 mundo
879 327 969 354 agere.

184 363 301 396 Quando
316 371 365 399 per
381 369 533 399 peccatum,
548 369 577 391 ut
589 364 656 396 dixi,
670 364 722 392 ista
735 369 899 397 nascuntur,
915 365 972 392 for-

185 411 294 438 nicatur
309 411 402 438 anima
421 415 448 438 et
461 416 608 446 congregat
624 411 766 439 mercedes
781 411 970 440 fornicationis

183 463 255 489 suae,
278 456 410 492 gloriam,
425 456 537 484 divitias
559 461 586 484 et
602 457 707 492 reliqua
721 465 783 492 qua:
799 458 825 485 in
841 458 970 492 perditio-

182 509 246 530 nem
259 503 358 530 anima
376 511 432 530 suae
449 503 632 538 conquisivit;
648 504 760 538 quando
772 511 837 532 vero
852 503 971 532 fornica-

183 552 229 577 tur
245 553 272 576 et
292 556 346 576 non
356 549 413 583 agit
435 556 563 583 prospere
579 549 606 576 in
623 550 800 577 saecularibus
818 551 910 583 rebus,
923 550 969 578 sed

181 601 232 629 per
246 594 299 622 hoc
313 594 387 629 quod
400 595 523 629 peccavit
537 595 619 622 etiam
643 595 786 623 infeliciter
798 596 863 623 vivit
876 596 904 623 in
917 603 969 624 saa-

182 639 255 672 culo,
267 639 394 667 meretrix
406 644 447 667 est
459 648 512 667 non
525 648 694 676 congregans
704 641 847 669 mercedes
860 645 888 668 et
901 649 969 669 cott-

182 685 264 713 traria
277 684 390 718 faciens,
409 685 434 712 id
450 690 492 713 est
506 685 663 714 foruiéariis
675 686 815 714 mercedes
829 687 902 713 ultro
921 687 970 715 tri—

181 731 278 759 buens.
297 731 332 758 Et
361 737 389 758 tu
404 731 502 758 dedisti
516 733 646 759 mercedes
664 733 784 760 omnibus
803 734 968 760 amatoribus

182 777 233 804 tuis
246 777 280 804 ".
303 775 505 811 Nonnunquam
531 777 623 804 anima
640 777 737 804 divites
751 777 816 804 facit
827 777 883 812 (25)
898 785 970 805 ama-

181 827 254 850 tores
269 830 349 854 suos,
372 822 493 849 laetantes
513 822 539 848 in
553 829 586 849 eo
608 823 680 857 quod
697 823 851 858 acceperint
869 831 970 851 merce

183 868 231 897 des
244 868 279 896 ab
293 876 335 896 ea.
355 867 407 895 Sed
429 868 495 895 dicit
510 867 577 895 Inibi
590 868 716 896 auditor:
736 868 906 897 Manifestius
921 877 970 896 ex-

181 921 253 949 pone
266 913 403 948 quomodo
415 912 565 940 fornicetnr
583 913 673 940 anima
692 899 830 941 mercedes
841 914 965 942 tribuens

182 960 216 986 de
229 959 310 986 rebus
325 958 374 986 viri
387 959 440 986 sui.
460 959 506 986 Sic
519 959 591 986 enim
608 960 646 986 ait
667 964 694 987 et
710 959 736 986 in
752 959 889 994 praesenti,
903 964 930 987 et
942 960 969 987 iu

182 1005 244 1032 aliis
258 1004 415 1040 irequenter
428 1005 495 1034 locis
509 1013 600 1034 sermo
614 1005 734 1039 divinus,
748 1006 811 1040 quia
828 1006 971 1034 sustulerit

181 1059 214 1079 ea
232 1059 293 1086 qua
311 1056 375 1079 sunt
392 1051 461 1083 viri,
490 1057 517 1079 et
540 1052 645 1079 dederit
667 1052 795 1079 meretrix
818 1051 968 1080 Jerusalem

181 1098 349 1125 amatoribus
374 1098 442 1126 suis.
467 1097 538 1131 Quid
560 1104 600 1126 est
628 1099 678 1126 hoc
699 1099 772 1134 quod
794 1099 908 1134 largitus
928 1103 970 1126 est

180 1143 206 1171 ei
223 1143 263 1170 vir
280 1151 358 1176 suus,
373 1151 434 1179 quae
456 1148 548 1178 postea
571 1143 640 1171 facta
660 1143 783 1171 adultera
802 1151 884 1172 omne
895 1144 968 1179 quod

181 1190 285 1224 accepit
302 1189 386 1216 donat
410 1190 580 1218 amatoribus
598 1190 676 1217 suis?
693 1190 740 1217 Vir
761 1191 860 1217 animae
877 1197 968 1217 sermo

182 1234 228 1262 Dei
244 1240 296 1268 est,
318 1244 436 1272 sponsus
457 1242 563 1264 amator
578 1245 669 1267 verus,
687 1237 733 1271 qui
751 1236 825 1263 dedit
843 1237 868 1264 ei
886 1235 970 1264 casti-

180 1286 274 1314 tatem,
292 1282 364 1310 dedit
379 1283 524 1318 justitiam,
541 1283 615 1310 dedit
641 1287 738 1309 caetera
755 1282 837 1309 bona.
854 1282 968 1315 Quando

179 1335 244 1363 ergo
255 1329 372 1356 voluerit
391 1330 481 1356 anima
497 1328 574 1363 sequi
600 1327 775 1355 fortitudines
803 1327 967 1361 contrarias,

180 1373 208 1401 id
220 1378 272 1406 est,
287 1378 316 1400 ut
328 1374 434 1408 planius
451 1374 550 1406 dicam,
564 1374 656 1401 decem
670 1373 749 1401 annis
764 1374 860 1408 pudice
875 1373 968 1401 vivens

179 1419 213 1447 ad
230 1424 381 1447 extremum
398 1419 479 1447 fuerit
492 1419 635 1451 fornicata,
650 1419 748 1454 accipit
763 1420 833 1446 bona
846 1419 896 1446 viri
913 1418 966 1451 sui,

181 1473 242 1500 quae
260 1466 345 1493 multo
370 1470 490 1501 tempore
507 1474 569 1493 cum
596 1466 689 1493 labore
705 1466 860 1501 quasierat,
878 1469 905 1492 et
921 1465 967 1492 dat

181 1519 214 1539 ea
232 1512 401 1540 amatoribus
418 1512 486 1539 suis.
504 1512 554 1545 Qui
573 1512 744 1547 sanguinarii
765 1516 902 1541 amatores
923 1519 967 1538 ra-

179 1558 258 1592 piunt
278 1558 311 1585 ad
332 1566 362 1586 se
381 1558 494 1586 virtutes
521 1559 627 1586 miserae
648 1559 765 1591 animae,
789 1562 816 1586 et
840 1559 969 1586 incedunt

177 1603 338 1638 jactabundi
361 1611 443 1638 super
467 1604 570 1632 divitiis
597 1605 657 1638 eius
675 1609 701 1631 et
719 1605 814 1632 dicunt
836 1613 843 1630 :
867 1605 968 1632 abstuli

179 1649 205 1676 ei
220 1649 394 1677 decennalem
414 1650 577 1683 castitatem,
590 1651 677 1686 eripui
693 1651 729 1678 ab
742 1659 774 1678 ea
788 1651 968 1686 quinquennii

179 1694 325 1730 justitiam,
341 1696 475 1724 vindicavi
493 1696 557 1723 mihi
582 1697 754 1724 fortitudines
769 1697 828 1732 ejus
842 1707 849 1725 :
868 1698 968 1725 oblitus

179 1745 224 1769 est
248 1743 370 1769 omnium
392 1743 526 1770 bonorum
560 1743 619 1778 ejus
641 1742 712 1770 Deus
736 1751 796 1778 qua:
822 1743 968 1778 aliquando

179 1786 258 1821 fecit,
283 1787 413 1823 quoniam
443 1788 639 1822 c0mprchensa
667 1793 709 1816 est
736 1788 762 1815 in
787 1793 915 1823 peccato,
942 1792 969 1815 et

179 1832 280 1860 oblitus
307 1836 350 1860 est
370 1833 444 1868 ejus,
469 1835 532 1868 quia
558 1833 683 1861 confessa
709 1839 751 1861 est
774 1834 853 1861 nobis
879 1832 967 1861 atnica

180 1882 274 1905 nostra
299 1882 402 1905 secreta
425 1886 487 1913 quae
514 1878 648 1910 audierat,
675 1883 702 1906 et
733 1878 845 1906 tradidit
875 1878 967 1905 omnia

180 1923 252 1951 bona
272 1924 352 1951 nobis
368 1924 538 1952 amatoribus
554 1925 622 1952 suis.
641 1924 706 1958 Qua1
727 1924 874 1957 discentes,
893 1923 966 1951 omni

178 1969 302 1997 custodia
329 1977 471 1997 servemus
501 1977 549 1997 cor
581 1973 717 2002 nostrum,
741 1974 768 1997 et
796 1969 967 1997 attendamus

177 2015 323 2051 nequando
345 2023 376 2043 ea
395 2023 456 2051 qua:
473 2015 523 2042 viri
544 2019 609 2042 sunt
628 2015 771 2042 tradantur
796 2014 967 2042 amatoribus

179 2061 235 2088 suis
254 2069 260 2088 :
279 2060 345 2096 quin
361 2061 453 2095 potius
480 2060 627 2087 invitemus
652 2067 783 2095 sponsum
811 2066 966 2087 sermonem

176 2112 204 2134 et
229 2108 391 2142 veritatem,
421 2111 453 2135 ut
477 2107 556 2135 nobis
587 2107 671 2135 faciat
696 2112 859 2135 ornamenta
884 2115 966 2136 aurea

178 2152 262 2180 variis
286 2160 415 2187 expressa
440 2153 525 2187 signis
543 2161 590 2188 per
609 2153 685 2180 varia
708 2158 854 2188 praecepta,
877 2157 904 2180 et
919 2161 966 2181 or-

1022 228 1159 261 quomodo
1183 228 1320 262 increpata
1345 238 1380 256 sit
1403 237 1482 262 qnaSt
1509 229 1611 256 habens
1637 228 1760 256 radicem
1781 233 1808 257 et

1016 272 1225 306 .generationrm
1249 273 1283 300 de
1312 278 1383 303 terra
1403 274 1547 304 Chanaan.
1576 277 1681 308 patrem
1708 274 1807 300 Amor-

1021 317 1136 351 rlueum,
1157 323 1326 353 matremque
1345 319 1499 350 Cethazatn;
1517 318 1540 346 is
1561 319 1584 346 si
1607 319 1704 354 legerit
1726 320 1808 346 etiam

1022 363 1080 390 haec
1094 371 1155 398 quae
1169 371 1242 391 nunc
1256 364 1428 399 interpretari
1444 365 1565 396 nitimur,
1584 365 1690 399 putabit
1713 365 1808 392 eadem

1021 409 1119 444 repeti,
1144 414 1172 436 et
1198 418 1282 438 unum
1307 418 1458 438 sermonem
1485 411 1629 445 dupliciter
1654 412 1809 446 praedicari.

1022 453 1074 481 Sed
1082 455 1250 490 quidiligeus
1265 455 1349 482 lector
1360 461 1413 489 est,
1432 461 1459 484 et
1475 457 1509 484 ad
1523 465 1616 484 curam
1636 457 1697 491 ejus
1710 457 1810 484 divina:

1022 499 1170 535 Scriptura
1195 501 1375 535 signiﬁcantia
1390 503 1517 537 pertinet,
1533 506 1560 529 et
1572 501 1678 529 confert
1693 507 1809 537 praeter-

1021 546 1059 573 ita
1091 546 1270 580 prtesentibus
1289 552 1315 575 et
1334 548 1445 575 verbum
1462 547 1545 575 verbo
1567 549 1718 582 componit,
1735 548 1812 576 vide-

1021 591 1061 619 bit
1079 591 1260 619 diderentiam
1286 601 1340 620 non
1362 592 1513 620 fortuitain.
1536 593 1574 620 lbi
1597 594 1697 628 quippe
1719 594 1810 625 radix,

1021 637 1153 672 inquit",
1175 642 1235 671 tua,
1252 643 1276 665 et
1298 639 1431 673 generatio
1453 643 1499 665 tua
1520 639 1551 665 de
1572 644 1642 666 terra
1661 639 1810 671 Chanaan;

1020 684 1093 718 quod
1116 684 1144 711 in
1163 684 1288 719 praesenti
1315 692 1369 712 non
1384 684 1503 712 dicitur:
1529 684 1611 712 Pater
1633 690 1694 712 tuus
1713 685 1806 711 Amor-

1024 729 1123 761 rhwus,
1143 734 1168 756 et
1184 735 1267 756 mater
1282 735 1327 757 tua
1343 730 1546 766 Cet/twa;qttod
1558 738 1631 758 nunc
1650 738 1705 758 non
1724 729 1809 765 signi-

1021 775 1127 802 ﬁcatur.
1153 775 1185 802 Et
1200 775 1297 803 iterum
1314 776 1349 803 ibi
1365 776 1482 812 primum
1498 776 1608 811 ponitur
1623 788 1628 803 ;
1648 775 1734 803 Pater
1747 781 1809 803 tuus

1022 821 1218 853 Amorrhteus;
1240 822 1389 848 srcundtnn
1412 829 1419 847 :
1441 821 1529 848 Mater
1552 825 1598 847 tua
1618 820 1746 852 Cet/nea;
1766 820 1811 848 hic

1022 874 1087 894 vero
1101 876 1107 893 :
1122 866 1207 893 Mater
1229 872 1314 894 vestra
1335 866 1450 900 Cetha‘u,
1468 872 1492 894 et
1508 872 1582 901 pater
1601 871 1685 893 uester
1714 867 1810 892 Amor-

1022 912 1119 938 rlueus.
1144 911 1181 939 lbi
1203 912 1280 946 quasi
1300 912 1332 939 ad
1351 919 1432 939 unam
1457 919 1547 939 sermo
1570 912 1609 945 lit,
1626 912 1670 939 hic
1681 911 1762 946 quasi
1776 911 1808 938 ad

1021 958 1164 993 plurimus.
1178 957 1234 985 Nec
1245 958 1328 989 enim,
1343 963 1373 984 ut
1387 958 1511 992 superius
1525 958 1640 989 dixerat,
1657 957 1706 989 ait,
1724 962 1810 984 mater

1021 1008 1079 1037 tua,
1104 1003 1151 1030 sed
1182 1008 1265 1030 mater
1289 1007 1384 1030 vestra.
1410 1002 1525 1035 Quando
1556 1010 1622 1037 ergo
1648 1002 1810 1029 diﬂ‘unditnr

1020 1054 1174 1084 peccatum.
1189 1053 1216 1076 et
1238 1049 1346 1084 longius
1364 1049 1466 1076 malitia
1487 1049 1619 1084 procedit,
1637 1053 1664 1076 et
1682 1053 1810 1083 peccato-

1020 1104 1064 1124 res
1082 1103 1131 1123 sua
1148 1095 1217 1123 inter
1231 1103 1260 1123 se
1278 1100 1387 1130 peccata
1399 1095 1567 1129 discerpunt,
1591 1100 1656 1122 tunc
1674 1102 1729 1121 non
1747 1102 1807 1129 per.-

1020 1147 1094 1170 cator
1112 1150 1196 1174 unus,
1216 1149 1309 1169 verum
1332 1142 1359 1168 in
1376 1149 1430 1168 uno
1453 1146 1517 1168 sunt
1534 1141 1656 1176 plurimi,
1679 1140 1762 1167 sicuti
1783 1140 1810 1166 in

1019 1188 1132 1216 exordio
1150 1188 1260 1223 quando
1282 1192 1341 1214 erat
1358 1187 1522 1222 principium
1545 1186 1740 1221 delinquendi,
1763 1193 1810 1213 nec

1018 1234 1083 1262 dum
1100 1239 1179 1261 erant
1199 1238 1280 1261 tanta:
1302 1238 1410 1268 quant-.2
1432 1241 1504 1260 nunc
1526 1237 1590 1260 sunt
1608 1233 1808 1260 multitudines.

1021 1279 1097 1308 Unde
1114 1280 1185 1307 utile
1207 1279 1274 1306 mihi
1289 1279 1394 1306 videtur
1415 1286 1430 1305 a
1449 1278 1575 1313 pra-senti
1598 1285 1727 1305 sermone
1745 1285 1811 1312 pau-

1017 1324 1104 1352 lulum
1122 1324 1291 1351 recedentem
1312 1328 1437 1350 naturam
1459 1323 1634 1351 considerare
1646 1323 1752 1358 peccati
1770 1328 1811 1350 at-

1018 1378 1072 1406 que
1084 1371 1228 1397 virtutum.
1260 1369 1310 1397 Ubi
1324 1374 1434 1404 peceata
1451 1375 1524 1402 sunt,
1541 1370 1578 1397 ibi
1591 1375 1634 1398 est
1648 1370 1809 1402 multitudo,

1018 1415 1056 1443 ibi
1077 1416 1244 1450 schismata,
1271 1417 1307 1444 ibi
1322 1417 1455 1449 haereses,
1479 1416 1515 1443 ibi
1541 1416 1748 1448 dissensiones;
1765 1416 1811 1444 ubi

1017 1465 1110 1488 autem
1135 1461 1240 1495 virtus,
1263 1461 1300 1489 ibi
1323 1462 1517 1497 singularitas,
1544 1462 1580 1489 ibi
1606 1462 1684 1495 unio,
1704 1469 1739 1489 ex
1756 1470 1810 1496 quo

1018 1507 1142 1534 omnium
1159 1507 1327 1534 credentium
1341 1513 1399 1534 erat
1412 1515 1458 1535 cor
1468 1515 1552 1535 unum
1565 1512 1592 1534 et
1602 1508 1694 1535 anima
1709 1516 1764 1535 una
1777 1508 1808 1535 ³⁸.

1019 1553 1053 1580 Ει
1074 1557 1103 1580 ut
1129 1553 1299 1580 manifestius
1332 1553 1438 1587 dicam,
1474 1553 1637 1589 principium
1671 1555 1810 1582 malorum

1019 1599 1143 1627 omnium
1166 1603 1209 1627 est
1230 1599 1387 1633 multitudo,
1417 1600 1579 1635 principium
1608 1601 1692 1636 388
1717 1608 1808 1628 autem

1019 1645 1152 1673 bonorum
1167 1646 1367 1680 coangustatio,
1378 1649 1405 1672 et
1419 1653 1434 1672 a
1449 1646 1535 1673 turbis
1551 1646 1576 1672 in
1592 1647 1809 1681 singularitatem

1019 1691 1138 1719 redactio
1152 1701 1158 1718 ε
1174 1695 1203 1718 ut
1216 1695 1280 1726 puta
1298 1698 1348 1718 nos
1363 1698 1458 1718 ontnes
1472 1691 1494 1718 si
1511 1692 1632 1719 salvandi
1648 1700 1757 1724 sumus,
1775 1695 1809 1719 ad

1019 1737 1164 1769 unionem,
1183 1741 1213 1764 ut
1231 1736 1344 1771 perfecti
1369 1736 1519 1764 efﬁciamur
1542 1737 1569 1764 in
1594 1738 1689 1764 eodem
1714 1746 1810 1770 sensu,

1019 1786 1047 1809 et
1064 1782 1090 1809 in
1105 1781 1200 1809 eadem
1227 1782 1379 1814 sententia,
1403 1786 1429 1809 et
1447 1782 1533 1810 simus
1555 1791 1640 1810 untnn
1661 1791 1764 1818 corpus
1782 1788 1810 1810 et

1018 1836 1092 1855 unus
1118 1828 1241 1862 spiritus.
1273 1827 1301 1854 Si
1323 1835 1387 1855 vero
1413 1828 1479 1854 tales
1503 1828 1600 1860 simus,
1623 1833 1653 1855 ut
1679 1836 1734 1855 non
1759 1836 1811 1856 nos

1018 1873 1110 1900 unitas
1130 1873 1348 1906 circumscribat,
1362 1873 1407 1900 sed
1423 1873 1493 1900 etde
1509 1873 1587 1900 nobis
1602 1873 1655 1900 dici
1670 1877 1759 1908 possit
1771 1875 1809 1901 “z

1018 1917 1075 1953 Ego
1093 1918 1198 1952 quidem
1217 1926 1275 1944 sum
1288 1917 1381 1948 Pauli,
1408 1926 1454 1953 ego
1475 1926 1533 1945 vero
1553 1918 1659 1952 Apollo,
1682 1927 1727 1954 ego
1751 1928 1810 1946 cera

1018 1962 1123 1998 Cephte,
1140 1967 1167 1990 et
1184 1963 1274 1990 adhuc
1291 1970 1306 1990 a
1325 1963 1427 1990 malitia
1448 1963 1601 1991 scindimur
1615 1969 1697 1999 atque
1711 1965 1812 1992 dividi-

1018 2016 1090 2041 mur,
1107 2016 1161 2036 non
1181 2017 1277 2036 sutnus
1297 2008 1381 2035 futuri
1405 2009 1449 2036 ubi
1471 2013 1534 2036 sunt
1555 2009 1593 2036 illi
1609 2010 1657 2044 qui
1679 2010 1811 2045 redigun-

1017 2058 1063 2081 tur
1075 2053 1101 2080 in
1117 2054 1256 2081 unionem.
1274 2053 1340 2080 Nam
1358 2059 1388 2081 ut
1399 2053 1478 2081 Pater
1493 2059 1520 2082 et
1534 2054 1619 2082 Filius
1636 2064 1721 2083 unum
1734 2061 1811 2090 sunt,

1017 2100 1058 2128 sic
1076 2100 1123 2134 qui
1140 2107 1225 2126 unum
1253 2100 1378 2134 spiritum
1395 2100 1508 2131 habent,
1526 2100 1554 2127 in
1572 2101 1703 2128 unionem
1727 2110 1809 2130 coar-

1017 2149 1135 2172 ctantnr.
1153 2145 1198 2172 Ait
1214 2145 1314 2179 quippe
1330 2145 1455 2172 Salvator
1468 2146 1489 2161 ¹⁸
1504 2153 1510 2171 :
1525 2144 1581 2180 Ego
1593 2151 1617 2172 et
1630 2145 1711 2172 Pater
1729 2155 1811 2174 uirum

178 2199 233 2225 nati
257 2198 342 2226 επιξυιὶ
363 2206 548 2233 praeparentur
567 2199 627 2225 viro
647 2203 742 2225 nostro
764 2197 828 2225 Jesu
842 2198 921 2226 Gliris

1067 2199 1123 2223 ius;
1143 2196 1169 2218 et
1195 2200 1201 2218 :
1222 2191 1302 2217 Pater
1317 2197 1418 2223 sancte,
1445 2199 1518 2225 rogo,
1540 2196 1569 2218 ut
1591 2193 1660 2218 sicut
1677 2201 1724 2227 ego
1739 2199 1765 2220 et
1784 2199 1810 2220 tu

177 2244 220 2270 cui
242 2248 282 2271 est
301 2244 384 2279 gloria
407 2248 434 2271 et
454 2244 599 2278 imperium
621 2244 648 2271 in
669 2243 766 2271 saecula
789 2243 962 2272 saeculorum.

177 2289 275 2316 Amen.

457 2337 601 2366 llOMlLlA
620 2337 667 2365 1X.

177 2395 216 2422 De
233 2404 263 2422 eo
282 2397 352 2430 quod
372 2396 470 2423 dicitur
489 2396 510 2411 ‘°
526 2404 533 2421 :
558 2404 567 2420 ί
590 2395 678 2422 Mater
697 2401 782 2423 uestra
803 2395 917 2428 Cetha’a,
941 2401 967 2422 et

211 2437 287 2464 pater
301 2431 479 2464 Amorrha’us,
502 2440 512 2456 ι
532 2439 612 2465 usque
627 2431 647 2446 “
662 2441 668 2459 :
688 2440 697 2457 ι
711 2431 745 2458 Et
760 2439 867 2458 manum
884 2438 962 2466 egeno

210 2473 235 2493 et
248 2467 357 2500 pauperi
372 2474 421 2493 non
434 2465 594 2501 porrigebat.
614 2475 623 2492 ι

208 2534 230 2550 ’⁸
243 2534 341 2561 Elech.
355 2542 410 2567 3m,
423 2535 468 2562 53.
523 2535 622 2563 “ibid.
639 2535 685 2563 45.
732 2536 752 2551 “
768 2535 832 2562 ibid.
847 2536 893 2564 49.

173 2569 218 2596 3o.
255 2570 277 2585 ²⁸
290 2569 367 2597 Joan.
388 2578 453 2603 xvn,
472 2571 515 2603 ll,
532 2570 577 2598 21.
617 2570 747 2606 "Ephcs.
763 2571 859 2604 tv,'15.

176 2630 345 2666 ἀνθρώποις,
359 2631 437 2663 δόξαν
453 2632 500 2658 καὶ
516 2632 641 2658 πλοῦτον.
663 2630 789 2666 Meretrix
802 2639 961 2666 congregans

179 2666 307 2692 mercede:
317 2685 324 2696 ,
339 2675 369 2693 ea
384 2667 474 2693 anima
487 2671 526 2694 eu
541 2675 599 2701 qua:
617 2665 748 2700 peccando
772 2665 885 2700 seipsam
899 2665 965 2693 con-

180 2701 353 2736 stupraudom
366 2702 506 2728 contrariis
518 2701 690 2736 potestatibus
702 2702 844 2736 permittit,
857 2706 885 2727 ut
903 2701 964 2729 inde

183 2735 383 2771 apud‘homines
399 2737 449 2762 sibi
464 2735 575 2771 gloriam
588 2742 613 2763 et
628 2736 735 2763 divitias
752 2741 836 2770 paret.

220 2769 277 2807 (25)
293 2772 388 2807 Anima
398 2769 494 2807 divites
506 2772 581 2807 facit,
594 2776 646 2799 etc.
657 2769 766 2807 (latente
779 2779 844 2798 mss.
857 2781 863 2798 :
877 2771 966 2807 Πόρνη

186 2803 246 2830 ὲστὶ
271 2805 448 2842 ιιςίςρθαδιᾷοῦσα
473 2803 746 2842 μιὲθῲμζαταηψυχὴ
776 2808 837 2837 ταῖς
862 2803 967 2842 ήδοκίριῖξ

188 2837 357 2874 πθρνεὺἁασα
370 2840 398 2866 ἐν
411 2837 645 2876 ταῖξάκώᾶρταις
658 2837 852 2875 aditusnam
862 2837 969 2869 διδοῦσα-

941 2536 963 2552 ¹¹
972 2535 1037 2563 ibid.
1052 2535 1079 2562 5.

1017 2245 1097 2264 unum
1109 2244 1210 2266 suptus,
1224 2237 1262 2263 ita
1280 2242 1304 2263 et
1319 2237 1364 2263 isti
1379 2237 1406 2263 in
1421 2237 1496 2263 nobis
1512 2245 1594 2264 unum
1613 2238 1668 2264 sint
1682 2239 1715 2265 ”.
1730 2238 1765 2265 Et
1782 2240 1808 2266 in

1017 2281 1147 2316 Apostolo
1161 2281 1260 2316 legitur
1275 2282 1295 2298 ¹⁷
1308 2290 1314 2307 :
1330 2281 1415 2308 Donec
1439 2290 1608 2309 occurramus
1627 2291 1716 2309 omnes
1730 2283 1758 2309 in
1774 2284 1809 2310 vi-

1018 2337 1076 2355 rum
1089 2329 1231 2363 perfectum
1248 2333 1272 2354 et
1286 2329 1312 2354 iu
1326 2335 1474 2354 mensuram
1491 2328 1578 2354 a’tatis
1592 2329 1768 2362 plenitudinis
1784 2330 1810 2356 iu

1018 2375 1148 2402 unitatem
1177 2374 1287 2401 Christi.
1315 2373 1345 2400 Et
1369 2381 1497 2400 rursum:
1518 2372 1605 2399 Donec
1626 2375 1809 2408 perveniamus

1017 2428 1105 2447 omnes
1129 2420 1156 2446 in
1179 2419 1308 2445 unitatem
1326 2419 1444 2453 corporis
1469 2422 1494 2444 et
1512 2418 1622 2452 spiritus
1641 2417 1754 2447 Christi.
1771 2419 1807 2447 Ex

1015 2472 1069 2500 quo
1091 2463 1278 2499 significatur,
1302 2462 1365 2498 quia
1397 2462 1483 2490 virtus
1506 2470 1538 2490 ex
1556 2463 1683 2497 plurimis
1723 2472 1806 2491 unum

1128 2534 1151 2550 ¹³
1165 2534 1226 2561 Act:
1242 2541 1277 2567 tv,
1292 2534 1337 2561 5‘2.
1385 2533 1407 2550 ’θ’
1423 2534 1432 2560 Ι
1447 2534 1508 2560 Cor.
1524 2533 1608 2566 "1,4.
1647 2533 1669 2549 "
1683 2533 1764 2561 Joan.
1781 2542 1807 2564 ι.

1012 2632 1106 2662 αὑταῖς
1121 2630 1292 2665 μισθώματα.
1308 2628 1507 2665 ἓεμτιτειρὲχῡυιεκιι⁸
1517 2627 1550 2653 τὰ
1561 2627 1595 2665 ἔκ
1612 2627 1684 2665 θεοῦ
1698 2627 1806 2665 δροέντα

1015 2667 1083 2701 αὐτῇ
1106 2662 1216 2701 domu;
1230 2665 1277 2701 κᾳὶ
1293 2662 1362 2690 κατὰ
1376 2662 1425 2701 fit;
1436 2663 1542 2701 ρίκείᾳς
1558 2662 1690 2701 δυνᾴμεις
1707 2663 1805 2697 ὑπουρ-

1016 2695 1101 2737 γοῦἇα
1115 2695 1352 2737 γτοῖςίθελήμαπιν
1379 2698 1478 2737 αὑτῷν.
1508 2695 1637 2737 Μετεςς-ξώ
1657 2695 1804 2737 prtzrogaus

1017 2732 1157 2766 mercedes,
1174 2732 1316 2762 animaest
1329 2742 1388 2768 qua:
1398 2733 1565 2767 voluptatum
1579 2732 1712 2768 illecebris
1725 2732 1806 2767 forni-

1018 2777 1096 2799 catur
1113 2771 1141 2797 in
1159 2770 1272 2804 impuris
1292 2767 1464 2804 potestatibus
1475 2789 1482 2800 ,
1495 2768 1583 2804 eisque
1596 2767 1643 2794 dat
1662 2768 1801 2796 mercedes.

1019 2807 1089 2833 dona
1102 2813 1161 2840 qua:
1174 2801 1206 2832 ea
1223 2804 1275 2831 Deo
1289 2801 1389 2840 accepit
1406 2803 1460 2840 illis
1472 2801 1600 2840 prtrbcns,
1619 2808 1644 2829 et
1655 2825 1662 2836 ,
1680 2807 1806 2838 quantum

1020 2842 1048 2868 iu
1063 2850 1089 2868 se
1103 2837 1152 2874 est,
1166 2840 1273 2867 illarum
1289 2839 1466 2866 voluntatibus
1483 2837 1604 2865 serviens.
