1882 3052
201 119 253 147 735

785 118 864 146 ORIG
870 117 946 145 ENIS
965 117 999 146 IN
1019 117 1237 146 EZECHIELEM

1786 128 1837 157 736

203 179 382 206 sacerdotalis
399 179 467 206 ordo
488 185 515 206 et
538 179 662 207 lcviticns
676 179 787 215 gradus.
815 180 914 212 Quanti
932 187 992 215 pre-
1007 179 1207 214 Ajustilicatnr
1227 179 1262 207 ab
1282 178 1431 207 Jerusalem
1443 199 1450 212 ,
1474 178 1540 214 quia
1559 178 1594 206 ab
1607 186 1638 207 se
1660 177 1830 206 sceleratiora

205 226 306 261 sbyteri
323 225 461 252 constituti
481 225 556 253 obliti
580 230 644 252 sunt
658 225 820 253 humilitatis
838 235 844 253 :
861 226 939 261 quasi
954 226 994 253 id-

205 272 282 299 circo
301 271 403 299 fuerint
426 272 554 305 ordinati,
570 276 598 298 ut
614 271 731 299 humiles
746 279 806 299 esse
820 272 992 301 desisterent.

204 316 277 351 Quin
294 318 385 354 potius
399 318 578 346 humilitatem
593 318 669 353 sequi
683 318 834 346 debuera—nt
845 339 852 350 ,
876 320 938 353 quia
954 319 996 347 di-

206 363 339 399 gnitatem
355 362 464 391 fuerant
483 363 641 396 consecuti,
665 363 773 391 dicente
790 364 929 400 Scriptura
947 365 969 381 "
986 374 993 392 :

207 408 314 441 Quanto
334 417 444 444 magnus
467 409 567 444 fuerit,
586 414 660 436 tanta
674 408 787 436 humilia
811 410 933 440 teipaum.
962 410 996 437 Et

207 455 336 482 dilectum
353 455 502 490 Synagogre
526 460 550 482 te
572 455 646 487 facit.
664 456 783 484 nobilius
796 457 936 484 summitte
948 465 995 484 εει--

208 506 258 536 put
274 506 365 534 tuum;
384 502 479 529 ducent
495 506 520 529 te
533 502 720 535 instituorunt,
736 503 791 530 noli
808 503 925 534 elevari,
942 504 996 531 noli

207 546 264 573 fleri
286 547 312 573 in
332 546 372 573 eis
391 546 468 581 quasi
485 555 557 575 unus
576 555 608 574 ex
633 547 710 583 ipsis.
730 549 840 584 Oportet
854 549 997 581 humilem,

208 596 314 626 oportet
338 599 399 619 esse
421 592 572 626 dejectum,
597 598 703 628 oportet
728 593 820 629 fugere
841 595 995 629 superbiam

207 637 310 663 maloru
316 645 340 663 m
352 646 394 664 om
400 638 474 665 nium
483 642 573 674 caput.
583 638 729 666 Considera
739 639 911 674 Evangelinm
924 640 998 675 quali

207 683 436 711 condemnatione
461 684 590 712 Phariszei
609 685 736 720 superbia
753 690 781 712 et
790 685 903 720 jactatio
917 685 998 713 feria-

205 731 260 756 tur.
290 728 384 756 Stabat
408 729 565 758 Phariszeus
579 735 606 758 et
619 731 683 758 talia
710 731 780 758 intra
797 739 826 759 se
839 731 937 759 orabat
950 731 972 747 ⁸¹
989 741 996 759 :

207 774 289 808 Deus,
308 775 409 810 gratias
423 784 471 811 ago
490 776 548 808 tibi,
571 777 634 812 quia
651 785 701 804 non
720 785 778 804 nun
800 781 828 804 ut
850 778 937 804 ueteri
952 779 998 804 Im-

206 821 302 853 mines,
317 825 448 854 raptores,
464 822 560 855 iniqui.
585 822 700 849 adulteri
711 842 718 853 ,
736 827 760 849 et
775 828 803 849 ut
818 823 866 849 iste
879 823 997 857 publica-

1045 226 1200 259 commisit,
1216 232 1243 253 et
1256 225 1326 252 forte
1339 225 1490 252 Jerusalem
1509 225 1543 252 ab
1557 225 1609 252 alia
1623 224 1719 259 aliqua
1733 231 1792 260 qua
1802 231 1832 252 se

1045 272 1122 307 pejor
1145 276 1187 300 est
1210 271 1329 299 civitate.
1358 270 1404 299 Sic
1417 275 1459 298 est
1471 271 1582 306 quidam
1593 270 1789 305 justiﬁeandus
1799 269 1833 297 ab

1045 319 1225 351 Antichristo,
1242 319 1288 354 qui
1302 319 1335 346 ad
1349 318 1425 346 illum
1443 321 1639 352 comparatur,
1655 322 1683 344 et
1698 316 1773 343 illius
1786 315 1833 343 ini-

1046 365 1150 401 quitate
1174 373 1206 392 ac
1229 365 1380 393 sceleribus
1405 365 1495 392 minor
1520 363 1668 399 reperitur.
1696 362 1834 391 Pessinus

1046 419 1111 438 vero
1128 411 1234 438 daemon
1249 415 1300 444 est,
1316 415 1352 444 et,
1366 415 1395 437 ut
1409 411 1503 442 aiunt,
1521 410 1604 437 miser
1615 409 1663 444 qui
1681 409 1717 436 ab
1731 409 1779 436 illo
1791 408 1834 442 ju-

1046 458 1181 485 stiticatur
1196 465 1204 484 :
1223 456 1293 484 forte
1315 461 1343 484 et
1364 461 1441 491 pater
1456 456 1529 483 illius
1545 455 1579 483 ab
1592 463 1625 483 eo
1638 463 1693 482 non
1705 455 1836 489 justitica-

1047 507 1101 534 tur,
1118 503 1203 530 multo
1221 503 1266 530 iHo
1279 502 1439 530 sceleratior
1462 506 1597 536 repertus.
1626 500 1763 527 Dominus
1775 505 1835 526 vero

1047 556 1125 576 meus
1139 547 1219 576 Jesus
1232 548 1359 575 Christus
1378 547 1545 582 jnstiﬁcatnr
1562 547 1641 582 juxta
1655 545 1836 580 dispensatio-

1047 601 1108 620 nem
1125 594 1216 621 carnis
1233 601 1316 628 quant
1329 593 1363 620 ob
1380 597 1502 620 nostram
1524 591 1640 619 salutem
1658 590 1836 622 circumtulit,

1047 639 1082 667 ab
1098 639 1247 671 Abraham,
1261 640 1296 666 ab
1313 639 1398 670 lsaac.
1414 638 1448 666 ab
1461 637 1545 665 Jacob
1555 659 1562 671 ,
1577 642 1603 665 et
1618 646 1633 665 a
1647 638 1766 672 reliquis
1778 644 1838 671 pro-

1048 685 1147 720 phetis.
1178 684 1294 719 Quando
1310 685 1382 711 enim
1399 684 1528 711 omnibus
1548 683 1630 718 justis
1643 688 1671 710 et
1686 681 1836 718 prophetis,

1048 737 1080 757 ac
1093 731 1178 758 beatis
1193 731 1348 766 quibusque
1361 725 1388 757 in
1402 729 1634 764 comparationem
1650 730 1747 756 missis
1764 730 1836 756 iuve-

1048 776 1123 804 nitur
1144 777 1312 804 contrarium
1338 776 1401 804 huic
1425 776 1497 811 quod
1514 775 1614 803 dicitur
1629 776 1664 803 de
1677 775 1801 803 Sodoma
1812 779 1838 802 et

1049 822 1216 855 Jerusalem,
1242 822 1328 858 magis
1355 821 1476 858 glorifico
1501 820 1670 849 Salvatorem
1703 826 1837 848 nostrum.

206 874 268 894 nua.
289 866 386 900 Jejuno
402 867 440 894 bis
454 868 481 894 in
495 867 619 895 Sabbura.
643 868 674 895 At
689 876 753 895 vero
770 868 934 896 Pnblicanus
947 869 997 896 hu-
1014 860 1036 887 Β
1050 868 1128 902 Quod
1148 873 1238 896 autem
1261 869 1323 896 dico
1349 867 1502 896 istiusmodi
1517 872 1569 899 est,
1593 872 1618 895 et
1636 868 1692 895 Deo
1710 867 1840 903 largiente

209 911 310 938 milltcr
329 916 356 938 et
372 917 514 940 mansuete
531 913 638 948 longius
663 917 737 941 stans
758 922 811 941 nott
835 919 892 942 erat
913 922 997 942 ausus

212 965 300 991 neque
315 958 409 985 oculos
428 959 519 986 levare
529 980 535 991 ,
550 964 576 986 ct
596 959 702 987 dicebat
716 960 737 976 "
754 970 761 987 :
779 959 915 995 Propitius
930 966 996 994 esto,

211 1002 293 1036 Deus,
309 1004 374 1030 mihi
386 1005 528 1038 peccaturi.
553 1005 586 1035 Iit
599 1005 739 1033 descendit
752 1007 778 1033 in
794 1007 905 1034 domum
919 1015 997 1034 suam

209 1049 373 1083 publicanus
383 1050 559 1084 justilicatus.
574 1050 632 1078 Non
647 1051 805 1086 simpliciter
813 1052 996 1087 justificatns:

210 1094 258 1122 sed
273 1095 441 1130 justiﬂcatus
455 1097 659 1132 comparatione
673 1097 815 1126 Pbarismi.
844 1098 999 1127 Observan-

209 1140 262 1168 dus
289 1141 389 1177 quippe
419 1147 461 1169 est
493 1142 701 1178 diligentissime
734 1145 824 1173 omnis
851 1145 999 1180 Scripturze

211 1193 312 1218 sermo.
327 1187 404 1219 ordo,
419 1188 559 1222 junctura.
593 1189 672 1216 Aliud
689 1194 729 1217 est
742 1190 900 1224 justiticari,
925 1191 999 1219 aliud

210 1240 242 1259 ex
257 1233 311 1260 alio
333 1233 490 1267 justillcari.
518 1234 613 1262 Simile
629 1240 669 1262 est
687 1236 861 1270 publicanum
876 1245 890 1264 a
903 1237 1000 1264 Phari-

210 1286 265 1305 steo
277 1279 456 1313 justiﬁeatum
472 1280 556 1308 fuisse
567 1302 573 1312 ,
592 1281 629 1308 illi
646 1282 716 1315 quod
732 1282 848 1309 Sodoma
863 1287 889 1310 et
905 1282 1001 1311 Sama-

209 1325 248 1351 ria
270 1333 303 1352 ex
326 1327 531 1362 comparatione
552 1327 711 1361 peccatricis
729 1326 877 1356 Jerusalem
899 1329 1000 1364 justiti-

209 1375 278 1397 catae
292 1374 366 1398 sunt.
396 1371 427 1398 Et
440 1380 551 1399 necesse
564 1377 606 1400 est
622 1381 671 1401 nos
687 1373 713 1401 id
726 1374 807 1408 seire,
827 1374 890 1409 quia
913 1383 999 1404 unus-

209 1416 328 1451 quisque
353 1421 474 1444 nostrum
493 1416 519 1444 in
535 1417 579 1444 die
592 1417 688 1452 judicii
711 1419 745 1445 ab
760 1419 999 1454 aliojustilicetur,

211 1464 238 1486 et
251 1460 285 1486 ab
302 1460 356 1487 alio
370 1461 578 1489 condemnetur.
598 1461 685 1490 Etiam
702 1471 763 1490 cum
778 1463 911 1491 fuerimus
923 1464 1001 1500 justi-

210 1506 283 1533 fleati
299 1514 331 1533 ex
345 1507 410 1540 alio,
426 1507 532 1541 justitia
549 1508 594 1535 illa
607 1516 661 1536 non
675 1513 730 1536 tam
744 1509 832 1537 laudis
847 1518 928 1545 quam
945 1511 1000 1538 eri-

213 1552 295 1580 minis
310 1553 371 1580 loco
386 1553 507 1588 ponitur.
525 1553 626 1589 Utputa
639 1554 660 1582 si
676 1555 802 1583 iuventus
821 1556 896 1584 fuero
913 1556 1000 1584 Sede.-

214 1598 306 1625 mitica
328 1599 427 1626 habere
441 1604 561 1634 peccata,
579 1604 604 1627 et
623 1600 693 1628 alius
716 1600 890 1635 protrahatur
903 1602 929 1629 in
945 1610 1002 1630 me-

212 1642 288 1669 dium
303 1643 349 1677 qui
363 1643 482 1678 duplicia
495 1644 597 1672 scelera
610 1645 787 1678 commiserit,
799 1646 934 1681 justilicor
945 1648 1003 1682 qni-

213 1689 288 1721 (lem,
315 1689 361 1716 sed
386 1689 523 1724 justillcor
547 1697 600 1718 non
625 1696 653 1718 ut
676 1691 780 1726 justus,
806 1700 899 1719 verum
926 1699 955 1720 ut
967 1701 1002 1721 ex

212 1735 416 1769 comparatione
441 1735 500 1770 ejus
514 1736 559 1772 qui
582 1737 658 1772 plura
675 1738 823 1770 commisit,
834 1737 942 1773 judicor
958 1739 1002 1774 ju-

214 1783 287 1811 stus,
310 1786 372 1806 cum
387 1787 401 1805 a
415 1779 520 1814 justitia
534 1781 612 1817 longe
625 1781 688 1809 situ.
721 1780 767 1809 Va:
780 1781 817 1808 illi
835 1783 938 1810 homini
954 1783 1002 1819 qui

212 1831 229 1853 a
254 1825 348 1852 mnltis
372 1826 559 1860 peccatoribus
587 1827 769 1862 justilicatur;
793 1832 822 1856 ut
845 1829 1001 1856 econ’rario

213 1871 330 1898 multum
348 1871 443 1899 beatus
466 1873 511 1907 qui
537 1875 743 1908 comparatione
753 1875 891 1910 justorum
909 1875 1002 1910 justus

214 1917 376 1946 ostenditur.
404 1917 559 1946 invenimus
579 1919 606 1947 in
627 1919 775 1956 Scriptura:
789 1921 914 1949 laudibus
926 1922 1002 1956 posi-

212 1966 283 1994 tum.
302 1963 382 1991 bonis
396 1972 457 1992 esse
477 1966 633 1994 meliorem:
653 1972 747 2002 utputa
764 1968 856 1995 nullus
879 1969 919 1996 sic
939 1968 1002 1996 fecit

212 2014 318 2037 rectum
336 2015 399 2038 ante
420 2011 517 2039 faciem
531 2011 657 2046 Domini,
672 2019 703 2041 ut
716 2015 760 2041 ille
771 2036 778 2047 ,
793 2020 821 2042 et
837 2015 896 2048 ille,
911 2016 1002 2044 nullus

212 2057 253 2083 sic
266 2055 372 2083 Pascha
400 2057 546 2087 celebravit
573 2064 603 2086 ut
615 2059 715 2088 Josias.
744 2060 782 2088 Ex
805 2069 860 2096 quo
881 2063 1003 2090 Ostendi-

214 2106 258 2129 tur
276 2104 507 2136 comparationem
527 2103 585 2131 fieri
610 2105 765 2140 justorum,
788 2111 816 2134 et
837 2106 913 2134 illuni
940 2116 1003 2136 vere

213 2155 274 2174 esse
286 2148 391 2182 justum
407 2149 452 2183 qui
471 2150 511 2176 sic
521 2149 663 2184 justiticari
680 2157 826 2180 mereatur.
855 2152 962 2181 Utinam
976 2159 1003 2182 et

215 2200 266 2241 ego
282 2193 397 2221 collatus
412 2195 582 2230 sapientibus
598 2196 708 2231 sapiens
724 2198 854 2232 reperiar,
875 2203 902 2227 et
921 2200 1004 2234 juslis
1021 2212 1042 2241 ο

213 2238 319 2274 judicer
334 2240 435 2275 justus.
468 2240 537 2268 Nolo
555 2242 655 2278 quippe
675 2243 820 2278 justiﬁcari
841 2245 876 2273 ab
890 2245 1003 2282 iniquis,

214 2285 278 2320 quia
294 2285 355 2312 talis
366 2285 474 2320 justitia
490 2286 638 2315 criminosa
652 2292 704 2317 est.

251 2331 277 2358 5.
299 2331 362 2358 Haec
376 2331 530 2366 anticipans
543 2333 650 2362 locutus
665 2342 742 2366 sum,
760 2335 824 2367 qu'a
843 2336 869 2363 in
888 2335 930 2364 his
944 2344 1005 2372 quae

214 2377 283 2404 let-la
306 2382 369 2404 sunt
394 2378 496 2404 dicitur
510 2378 532 2394 ³³
555 2387 561 2406 :
589 2378 751 2414 luxti/icain
770 2389 871 2408 sorores
895 2387 955 2409 tuas
977 2384 1003 2410 in

215 2424 336 2450 erunibus
361 2424 546 2458 iniquitatibus
563 2425 615 2452 (uis
637 2434 702 2462 quas
724 2426 821 2460 fecisti.
842 2427 1002 2456 Justiiicalae

217 2475 282 2498 sunt
294 2470 366 2497 enim
382 2469 503 2499 Samaria
518 2474 546 2498 et
558 2470 672 2497 Sodoma
688 2479 719 2498 ex
734 2471 918 2506 iniquitatibUs
931 2473 1006 2500 Jeru-

219 2517 312 2544 salem.
326 2516 357 2543 ln
371 2516 489 2543 omnibus
500 2516 682 2551 iniquitatibus
696 2517 747 2543 tuis
757 2526 822 2552 quas
837 2518 920 2552 fecisti
928 2519 1006 2554 justi-

219 2562 306 2596 [icain
320 2562 381 2588 illa:
395 2570 472 2596 super
485 2566 518 2588 te.
536 2561 638 2590 idcirco
654 2562 807 2597 diligentius
822 2564 1004 2598 attendamus,

221 2613 250 2635 nt
273 2608 410 2643 possimus
430 2615 576 2643 agnoscere
596 2615 690 2635 onlnes
709 2616 759 2635 nos
780 2608 806 2635 in
824 2609 867 2636 die
879 2609 972 2644 judicii
989 2618 1005 2640 a

221 2654 358 2687 pejoribus
380 2654 480 2681 nostris
502 2654 702 2687 justiticandos,
721 2658 749 2680 et
771 2662 876 2683 rursum
896 2663 910 2682 a
927 2657 1006 2688 nobis

216 2697 285 2724 alios
305 2697 460 2732 justiﬁcari.
493 2697 570 2725 Unus
585 2698 660 2725 solus
682 2698 782 2733 estqui
795 2698 960 2734 justiﬁeatur
972 2702 1006 2729 ab

215 2743 353 2776 omnibus,
367 2748 394 2771 et
405 2744 462 2778 ipse
475 2744 579 2771 nullum
594 2744 737 2779 justilicat.
767 2743 868 2780 Utputa
886 2745 1005 2775 Sodoma

269 2799 291 2814 ³ο
304 2798 385 2826 Eceli.
401 2808 444 2833 nt,
456 2800 501 2828 ‘20.
551 2801 573 2817 "
590 2801 654 2828 an.
670 2809 736 2828 xrnt
747 2822 754 2834 ,
769 2801 811 2829 ll.

232 2833 272 2860 ιι).
315 2835 336 2850 ³⁵
347 2835 425 2862 Joan.
441 2843 461 2869 ι,
476 2836 502 2863 5.
542 2837 563 2852 ³⁷
582 2835 681 2872 Ephcs.
695 2837 788 2870 Vt,12.

851 2803 874 2818 ⁸⁸
889 2803 954 2831 ibid.
971 2803 1013 2831 l3.

1049 915 1194 942 orantibus
1218 915 1297 942 vobis
1317 915 1442 950 przebebo
1459 914 1492 941 de
1506 913 1655 949 Scripturis
1670 914 1840 949 explanatio

1049 968 1122 989 nem.
1162 960 1236 988 Fecit
1260 960 1377 988 Sodoma
1398 967 1554 996 peccatum;
1578 960 1705 987 Samaria
1730 967 1841 995 quoque

1048 1007 1188 1042 peccavit,
1213 1007 1401 1042 iniquitatibus
1425 1007 1523 1034 obruta
1544 1012 1587 1034 est
1601 1006 1774 1038 Ierusalem,
1794 1005 1840 1033 sed

1049 1052 1156 1080 minora
1184 1057 1296 1088 peccata
1323 1060 1338 1080 a
1366 1052 1518 1088 majoribus
1546 1052 1756 1088 justilicautur,
1790 1051 1840 1078 sub

1050 1099 1175 1134 exemplo
1189 1106 1244 1134 quo
1258 1097 1376 1127 Sodoma
1393 1098 1562 1133 justiticatur
1576 1106 1592 1126 a
1611 1106 1708 1127 sorore
1728 1106 1779 1126 sua
1795 1097 1840 1125 Je-

1050 1147 1179 1178 rusalem.
1209 1145 1351 1180 Quomodo
1373 1146 1456 1181 igitur
1479 1146 1607 1181 iniquitas
1629 1146 1783 1181 justiticat,
1802 1145 1841 1173 sic

1050 1192 1215 1220 condemnat
1229 1192 1376 1227 aiiquando
1389 1191 1506 1227 justitia.
1535 1191 1636 1219 Verum
1648 1211 1655 1224 ,
1668 1199 1764 1226 quatso
1773 1212 1782 1224 ,
1795 1199 1841 1218 ex-

1050 1243 1142 1273 specta
1155 1237 1302 1272 paulisper,
1317 1236 1404 1264 donec
1415 1237 1538 1264 doccaris
1553 1236 1787 1271 quemadmodum
1801 1237 1841 1263 d‘k

1050 1288 1128 1311 catur
1151 1283 1334 1311 condemnare
1354 1283 1470 1318 justitia.
1499 1282 1631 1318 lniquitas
1653 1290 1716 1310 mea
1735 1283 1841 1318 justiti:

1050 1334 1093 1357 est
1105 1329 1308 1364 comparatione
1321 1329 1433 1364 majoris
1447 1329 1609 1364 iniquitatis.
1635 1328 1682 1356 Sic
1695 1333 1724 1356 et
1736 1329 1842 1363 justiti:

1050 1382 1111 1402 mea
1126 1383 1159 1402 ex
1180 1375 1383 1410 comparatione
1399 1375 1556 1410 multiplicis
1575 1374 1690 1409 justitia;
1713 1374 1843 1409 iniquitas

1050 1425 1202 1456 reputatur.
1225 1420 1369 1455 Propterea
1384 1429 1437 1447 non
1448 1420 1644 1455 justiﬁcabitur
1658 1421 1685 1447 in
1703 1426 1843 1455 conspectu.

1052 1471 1096 1494 tuo
1113 1467 1197 1494 omnis
1213 1467 1298 1493 vivens
1311 1465 1343 1492 ".
1368 1466 1462 1493 Fuerit
1473 1466 1537 1494 licet
1554 1466 1645 1501 justus
1658 1466 1745 1501 390
1758 1466 1844 1493 Abra-

1052 1513 1126 1554 ham,
1135 1516 1163 1540 et
1171 1512 1262 1548 justus
1271 1511 1387 1548 Moyses,
1396 1512 1489 1547 justus
1497 1513 1686 1547 unusquisque
1696 1512 1844 1541 illustrium

1055 1557 1174 1584 virorum
1198 1566 1206 1584 :
1225 1556 1272 1584 sed
1292 1556 1325 1584 ad
1342 1557 1574 1592 comparationem
1589 1556 1693 1584 Christi
1709 1565 1767 1584 non
1779 1560 1844 1585 sunt.

1052 1602 1130 1638 justi.
1152 1602 1212 1630 Lux
1224 1610 1318 1629 eorum
1334 1610 1395 1629 cum
1412 1603 1473 1637 ejus
1488 1602 1548 1630 luce
1560 1603 1713 1638 composita
1727 1604 1845 1631 tenebrs

1054 1649 1236 1683 reperiuntur.
1268 1647 1301 1675 Et
1324 1648 1461 1683 quomodo
1483 1648 1575 1676 lunten
1595 1649 1716 1676 lucernae
1731 1649 1766 1677 ad
1781 1649 1844 1677 solis

1054 1694 1146 1721 radios
1160 1694 1340 1725 obscuratur,
1353 1696 1379 1719 et
1396 1692 1468 1719 velut
1481 1693 1533 1720 alia
1551 1693 1676 1727 quaedam
1696 1700 1773 1720 caeca
1787 1700 1845 1719 ma-

1056 1739 1136 1767 teries
1165 1739 1397 1771 contenebrescit;
1420 1738 1460 1765 sic
1483 1738 1546 1765 licet
1571 1738 1674 1774 fulgeat
1704 1738 1840 1773 justontut

1054 1785 1177 1812 omnium
1202 1784 1293 1811 lumen
1317 1787 1380 1810 ante
1402 1783 1545 1814 homines,
1564 1790 1618 1810 non
1643 1787 1738 1810 tamen
1764 1783 1841 1818 fulget

1056 1835 1120 1858 ante
1134 1829 1284 1857 Christum.
1312 1828 1411 1856 Luceat
1424 1828 1523 1863 quippe
1537 1828 1624 1855 lumen
1642 1833 1760 1855 uestrum
1770 1849 1778 1862 ,
1793 1836 1842 1855 non

1056 1876 1214 1911 simpliciter
1230 1876 1332 1903 dictum
1345 1879 1386 1903 est
1396 1895 1405 1909 ,
1422 1875 1469 1903 sai
1493 1875 1579 1902 lateat
1601 1880 1664 1902 ante
1678 1875 1798 1902 homines
1812 1875 1842 1902 ".

1055 1922 1124 1950 Ante
1137 1921 1276 1949 Christum
1294 1929 1347 1949 non
1365 1925 1452 1957 potest
1465 1922 1556 1952 lumen
1572 1920 1677 1956 fulgere
1691 1921 1842 1956 justorum.

1058 1967 1093 1995 Ut
1114 1967 1242 2003 splendor
1258 1968 1328 1996 lunae
1346 1973 1374 1995 et
1389 1968 1517 1996 micantia
1533 1967 1595 1995 caeli
1619 1967 1710 1995 sidera
1721 1988 1729 2001 ,
1756 1967 1845 2003 prius-

1056 2022 1138 2049 quam
1155 2014 1196 2042 sol
1210 2016 1325 2047 oriatur,
1343 2014 1370 2040 in
1386 2014 1550 2042 stationibus
1566 2013 1623 2041 suis
1639 2013 1770 2047 rutilant,
1786 2019 1847 2041 orto

1057 2067 1122 2087 vero
1138 2060 1195 2088 sole
1207 2060 1429 2094 abseonduntur;
1444 2059 1484 2087 sic
1501 2059 1591 2086 lumen
1608 2059 1741 2087 Ecclesia:
1759 2064 1791 2087 ut
1808 2060 1848 2087 lu-

1056 2113 1118 2132 men
1136 2105 1217 2138 lunm,
1240 2105 1399 2140 priusquam
1422 2106 1526 2132 oriatur
1549 2105 1641 2132 lumen
1658 2105 1727 2132 illud
1751 2113 1847 2133 verum

1056 2151 1122 2179 solis
1134 2151 1263 2185 jnstitite,
1279 2151 1451 2186 resplendet,
1467 2156 1494 2179 et
1506 2151 1610 2179 clarum
1626 2156 1668 2179 est
1679 2156 1746 2179 ante
1760 2152 1850 2179 homi-

1057 2204 1122 2230 nes;
1141 2204 1204 2224 cum
1219 2202 1309 2224 autem
1335 2197 1461 2225 Christus
1477 2197 1592 2229 venerit,
1621 2202 1686 2224 ante
1702 2205 1768 2224 eum
1782 2205 1848 2225 con-

1056 2243 1234 2271 tenebrescet.
1264 2243 1369 2270 Dicitur
1381 2248 1409 2270 et
1422 2243 1486 2271 alibi
1500 2243 1523 2259 “
1538 2252 1545 2270 :
1564 2242 1623 2270 Lua;
1634 2243 1662 2269 in
1677 2243 1792 2270 tenebris
1806 2243 1847 2270 lu-

1055 2293 1104 2316 cet.
1122 2288 1188 2323 Quae
1202 2292 1244 2316 est
1256 2289 1300 2316 illa
1316 2289 1363 2316 lux
1378 2296 1440 2324 quae
1455 2289 1526 2317 lucet
1542 2289 1569 2316 in
1590 2289 1731 2316 tenebris?
1755 2288 1847 2316 Justu-

1054 2341 1116 2362 rum
1133 2334 1179 2362 lux
1197 2335 1224 2362 in
1242 2335 1361 2363 tenebris
1378 2335 1460 2363 lueet.
1478 2335 1507 2362 In
1524 2335 1623 2370 quibus
1635 2336 1779 2362 tenebris!
1796 2335 1846 2363 Ubi

1055 2384 1093 2407 ert
1105 2380 1179 2407 nobis
1192 2385 1324 2408 certamen
1339 2381 1463 2408 adversus
1475 2387 1586 2408 rectores
1603 2381 1774 2407 tenebrarum
1785 2382 1847 2407 iste-

1057 2435 1114 2453 rum
1126 2426 1159 2453 ³⁷.
1181 2425 1243 2454 Herc
1257 2426 1303 2460 qui
1320 2426 1477 2462 diligentius
1491 2419 1658 2462 longiusque
1671 2427 1844 2459 diseusscrit,

1057 2479 1111 2498 non
1127 2471 1226 2506 poterit
1240 2470 1340 2502 inﬂari,
1362 2471 1456 2498 tidens
1472 2470 1562 2498 lumen
1577 2479 1658 2498 suum
1675 2471 1711 2498 ad
1731 2479 1845 2505 compa-

1056 2517 1189 2545 rationem
1210 2517 1322 2552 majoris
1337 2516 1449 2547 lumiuis
1472 2517 1596 2545 tenebras
1610 2517 1744 2551 reputari.
1775 2515 1844 2550 Quid

1056 2569 1098 2593 est
1119 2564 1226 2599 justitia
1253 2571 1312 2591 mea
1336 2563 1443 2591 etiamsi
1471 2562 1572 2593 Paulus
1596 2563 1738 2598 apostolus
1762 2561 1845 2590 liam?

1057 2610 1128 2644 Quid
1155 2610 1286 2643 castitas,
1313 2609 1421 2637 etiamsi
1451 2608 1573 2644 Ioseph?
1599 2608 1670 2642 Quid
1703 2608 1844 2639 fortitudo.

1058 2657 1165 2684 etiamsi
1181 2655 1266 2683 Jutlas
1282 2655 1453 2683 Machameus
1467 2655 1618 2682 exsistant?
1637 2654 1708 2687 Quid
1724 2654 1777 2681 alia
1793 2654 1846 2680 vir-

1059 2709 1103 2731 tus
1119 2702 1268 2736 sapientiae,
1287 2702 1394 2729 etiamsi
1411 2701 1539 2728 Salomon
1556 2708 1714 2735 appaream,
1729 2700 1762 2727 ad
1775 2707 1846 2727 cout-

1059 2748 1228 2784 parationem
1254 2747 1300 2775 Dei
1323 2752 1350 2776 et
1373 2747 1406 2774 ad
1427 2755 1521 2774 eorum
1550 2746 1596 2781 qui
1617 2746 1747 2773 meliores
1765 2744 1847 2773 sunt!

1055 2804 1077 2820 ³³
1093 2803 1190 2832 Ezecb.
1204 2812 1258 2837 xvi,
1277 2803 1320 2831 Si.
1361 2803 1383 2818 ”
1399 2803 1468 2832 Psal.
1490 2810 1574 2836 cum,
1587 2802 1616 2829 Ἄ.
1656 2803 1679 2819 ³⁸
1697 2802 1793 2830 Matth.
1805 2809 1829 2833 ν,
