1882 3052
59 125 121 154 737

758 129 897 158 HOMILIA
915 130 963 160 IX.

1645 139 1696 169 758

60 185 157 220 Ergo,
171 189 201 212 ut
212 185 304 212 dicere
316 193 488 220 coeperamus
497 205 504 218 ,
527 185 658 222 iniquitas
672 186 820 223 justiﬁcat,
835 194 862 217 et
875 192 898 220 Α
911 195 989 218 erant
1003 196 1112 226 peccata
1124 192 1257 228 Sodomae,
1271 199 1300 222 ut
1315 194 1342 222 in
1357 195 1499 224 saturitate
1512 204 1612 231 panum
1626 203 1653 226 et
1668 199 1695 226 in

56 231 178 266 iustitia
194 231 313 258 aliorum
328 232 534 266 comparatione
544 233 720 266 condemnat,
738 234 840 263 idcirco
854 244 860 262 :

64 275 104 303 Ut
117 276 281 311 justiﬁceris
295 277 458 303 sermonibus
473 277 537 309 tuis,
552 283 577 304 et
591 278 680 305 uincas
694 287 753 306 cum
760 280 863 313 judica-

61 323 107 349 ris
124 323 151 338 ³⁸
161 342 168 354 ,
193 323 293 350 dicitur
305 322 341 349 ad
358 322 454 350 Deum.
483 322 513 350 Si
531 332 574 351 me
585 325 642 352 vult
656 325 762 353 salvere
776 326 859 358 Deus,

63 376 125 395 non
153 369 230 395 affert
252 369 281 396 in
303 368 437 403 judicium
455 369 546 397 lumen
565 378 664 403 suum;
685 371 707 399 si
729 372 786 399 vult
800 379 861 400 esse

61 414 250 445 incolumem,
267 421 322 440 non
338 413 423 440 defert
440 413 531 441 lumen
549 414 652 442 Christi
664 415 721 449 sui;
737 417 860 452 alioquin

60 460 166 493 puniet
182 467 239 491 me;
256 458 344 486 defert
356 466 421 486 vero
440 459 530 487 lumen
545 460 681 488 minorum
691 481 699 494 ,
720 467 859 498 comparat

61 505 137 532 mihi
165 504 308 531 inferiores
323 513 458 540 quosque.
488 505 597 538 Quanto
610 507 729 542 amplius
741 509 859 543 majores

61 550 138 577 mihi
157 550 338 585 melioresque
355 551 511 585 contulerit,
535 556 609 579 tanto
623 554 683 588 plus
697 553 787 588 justus
799 562 856 588 ero,

61 595 87 622 si
105 595 147 622 illi
165 602 180 622 a
197 603 240 622 me
254 596 353 630 reperti
375 596 477 624 fuerint
498 597 629 626 minores.
664 598 794 627 Similiter
816 606 858 629 est

61 642 133 668 illud
149 642 316 677 intelligere,
332 643 404 678 quod
419 644 453 671 ab
465 644 593 679 Apostolo
616 646 716 674 dicitur
733 648 754 664 ”
769 657 775 675 :
795 649 857 676 Alia

60 687 158 722 gloria
170 688 245 719 solis,
262 687 317 714 alia
333 688 419 723 gloria
432 689 512 722 (urite,
530 691 585 717 alia
602 692 688 726 gloria
701 693 856 727 stellarum;

60 733 147 759 stella
161 733 232 759 enim
251 742 267 760 α
283 734 361 761 stella
377 735 465 769 differt
485 737 511 763 in
525 737 669 771 claritate;
685 740 723 766 sic
740 748 856 768 resurre-

60 779 119 804 ctio
134 783 310 807 mortuorum.
325 779 406 808 Verbi
421 782 518 816 gratia,
530 782 636 818 fulgens
649 785 752 812 etillud
766 787 854 821 sidus,

59 825 162 851 nonin
177 831 323 860 conspectu
339 827 479 855 lucidioris
495 829 593 861 stellae,
610 830 657 858 sed
675 831 853 866 obscurioris,

59 869 162 896 micat.
184 869 251 902 Quis
266 876 388 898 nostrum
402 878 487 907 potest
502 874 535 901 ad
547 874 633 903 instar
646 875 748 911 fulgere
762 878 855 906 lunae?

60 913 135 948 Quis
148 915 289 943 lucidioris
306 917 425 944 siderum
442 926 587 947 coruscare
602 921 725 949 lumine!
751 923 855 952 Secun-

59 966 129 990 dum
148 963 176 990 id
189 963 263 998 quod
278 963 409 999 scriptum
423 969 466 992 est
481 965 507 992 in
524 965 635 994 Danicle
647 967 668 984 “
684 977 690 995 :
705 968 852 1005 Fulgebunt

58 1009 133 1036 sicut
150 1009 229 1036 stella
245 1010 272 1036 in
287 1011 397 1038 secula.

95 1053 125 1080 4.
158 1053 193 1081 Et
219 1054 276 1082 haec
298 1055 407 1090 quidem
432 1057 586 1086 necessario
613 1059 803 1096 disputamus,
821 1066 852 1090 ut

57 1099 161 1134 procul
179 1108 194 1127 a
207 1100 333 1135 superbia
345 1102 504 1130 recedamus
518 1113 525 1131 :
540 1103 737 1134 Sodomiticum
751 1109 851 1144 quippe

56 1150 208 1180 peccatum
225 1151 267 1174 est
291 1148 400 1182 superbi
422 1149 562 1183 iniquitas.
592 1150 654 1179 Haec
669 1151 849 1182 Sodomorum

55 1192 169 1218 sor0ris
184 1196 236 1219 tuas
249 1194 377 1227 superbia
390 1195 460 1222 unde
474 1200 610 1230 nascatur,
629 1202 655 1225 et
670 1206 738 1233 quas
752 1199 850 1228 habeat

56 1237 181 1270 radices,
209 1238 330 1273 adjtmgit
346 1239 367 1255 ⁸¹
390 1249 397 1267 :
417 1239 450 1267 In
471 1243 616 1269 saturitate
636 1251 751 1277 panum,
774 1250 798 1272 et
820 1247 848 1273 in

55 1282 230 1309 abundantia
241 1284 390 1318 afﬂuebant.
403 1284 431 1312 Si
445 1286 494 1312 soli
510 1287 606 1314 littera;
616 1289 748 1321 attendas,
763 1292 847 1319 multa

54 1327 230 1355 abundantia
239 1329 391 1364 antiquitus
408 1331 434 1358 in
450 1330 577 1360 Sodomis
591 1333 652 1361 fuit.
668 1334 732 1362 Erat
746 1336 847 1372 quippe

54 1375 132 1399 terra
151 1380 248 1400 eorum
264 1378 294 1400 ut
307 1375 451 1409 paradisus
475 1376 531 1409 Dei,
549 1381 576 1404 et
589 1383 619 1405 ut
639 1383 709 1407 terra
724 1379 844 1417 Egypti.

54 1414 84 1442 Si
110 1420 204 1443 autem
227 1425 242 1444 a
265 1419 367 1445 carnali
386 1420 522 1448 intellectu
548 1422 581 1449 ad
604 1414 846 1458 spiritalem—con-

51 1463 213 1493 seeaderis,
231 1467 259 1490 ut
274 1464 366 1493 videas
378 1467 514 1501 quomodo
526 1469 650 1503 superbia
663 1469 843 1500 Sodomorum

51 1508 82 1535 in
98 1509 245 1537 saturitate
258 1518 358 1545 panum
375 1516 402 1539 et
415 1512 441 1539 in
455 1513 620 1542 abundantia
636 1515 754 1551 ﬂuxerit,
768 1519 843 1546 utili-
856 1524 878 1554 ο

51 1559 142 1582 tatem
155 1555 248 1590 capies
260 1560 288 1583 et
302 1557 334 1584 ad
349 1557 411 1585 vita:
424 1558 552 1593 ofﬁcium,
564 1565 590 1588 et
605 1562 638 1589 ad
654 1563 705 1590 alia
720 1564 843 1598 quaedam

50 1601 162 1636 majora
175 1603 326 1637 majoribus
340 1605 509 1640 corrigenda.
526 1607 715 1643 Proponamus
725 1611 842 1645 primum

50 1647 79 1674 id
96 1648 174 1682 quod
190 1652 253 1675 ante
265 1649 365 1677 multos
377 1650 435 1678 dies
448 1652 547 1679 lectum
561 1658 618 1687 est,
635 1654 745 1683 divitem
759 1657 842 1684 vesti-

51 1697 114 1720 tum
133 1692 218 1728 bysso
238 1698 266 1721 et
281 1702 400 1729 purpura
418 1697 538 1730 quotidie
555 1698 660 1726 deliciis
682 1700 843 1736 luxuriaque

49 1739 192 1766 laetantem
203 1758 211 1771 ,
227 1744 255 1766 et
276 1738 409 1769 Lazarum
430 1742 573 1770 vulnerum
592 1744 652 1771 tabe
666 1749 693 1772 et
708 1746 840 1774 vermium

47 1784 157 1819 pedore
175 1783 330 1812 confectum
343 1804 351 1818 ,
367 1791 531 1820 quaerentem
546 1788 671 1816 solatium
692 1789 772 1818 famis
785 1799 842 1819 suta

47 1830 141 1857 micas
152 1838 214 1865 quae
226 1831 259 1858 de
274 1839 367 1858 mensa
383 1832 442 1867 ejus
457 1833 619 1862 decidebant
630 1835 664 1861 δ’.
684 1834 841 1871 Opportune

46 1882 145 1902 autem
163 1883 236 1903 nunc
251 1876 278 1903 in
295 1876 366 1904 hunc
381 1877 470 1905 locum
485 1879 637 1914 exemplum
650 1881 721 1908 istud
733 1882 839 1917 incidit,

46 1926 78 1948 ut
104 1921 281 1955 perspicuum
307 1922 354 1949 ﬁat
377 1931 438 1958 qua;
465 1924 597 1959 iniquitas
620 1926 715 1954 divitis
745 1927 837 1956 fuerit.

43 1967 187 2001 Locuples
200 1972 269 2000 erat,
285 1968 440 1997 abundabat
451 1970 565 1998 deliciis.
587 1971 646 1999 Non
670 1973 742 2001 enim
757 1982 840 2002 accu-

44 2013 124 2040 savit
145 2020 209 2040 eum
225 2012 387 2049 Scriptura,
411 2016 491 2051 quasi
509 2016 619 2045 divitias
642 2019 669 2045 in
696 2019 838 2055 iniquitate

42 2058 219 2094 possederit;
239 2067 292 2087 non
308 2067 370 2087 eum
386 2061 546 2090 criminatus
557 2067 599 2090 est
613 2071 704 2091 sermo
717 2065 836 2099 divinus,

41 2105 121 2140 quod
139 2106 331 2133 meretricibus
342 2106 415 2134 dedit
428 2116 435 2134 :
450 2115 502 2135 non
516 2109 690 2143 homicidam,
705 2117 751 2139 aut
763 2113 837 2141 aliud

41 2151 236 2187 quodcunque
249 2152 384 2179 scelerum
400 2152 555 2181 facientem.
572 2154 625 2182 Sed
641 2155 665 2183 si
678 2158 835 2186 consideres

914 235 1081 263 abundantia
1103 235 1194 270 fuerit,
1213 239 1275 267 talis
1299 243 1389 267 autem
1410 244 1452 268 est
1468 245 1495 268 et
1512 241 1588 269 dives
1603 243 1650 277 qui
1669 244 1696 270 in

913 279 1059 316 Evangelia
1075 282 1251 316 describitur,
1271 285 1338 312 nulli
1354 285 1466 313 dubium
1484 288 1550 322 quin
1564 288 1640 316 dives
1653 289 1698 316 ille

912 325 1051 354 Sodomita
1065 327 1109 355 sit.
1117 328 1260 361 Quomodo
1275 335 1365 358 autem
1376 331 1493 359 Sodoma
1502 337 1529 360 et
1541 334 1602 361 tiliae
1611 334 1696 361 Sodo-

910 379 1018 399 morum
1047 375 1170 408 superbte
1199 375 1320 408 luerunt,
1351 376 1417 404 tales
1448 383 1512 405 sunt
1537 384 1696 413 arrogantes

910 417 1018 449 animae,
1041 423 1069 445 et
1092 418 1154 446 ﬁliae
1172 419 1353 448 Sodomorum
1377 430 1547 458 quaecunque
1568 425 1694 452 nesciunt

909 461 1012 488 dictum
1031 462 1053 478 ⁵³
1074 471 1080 490 :
1103 463 1195 490 Omni:
1218 465 1263 499 qui
1284 473 1311 492 re
1331 466 1446 499 exultat,
1461 468 1656 501 humiliabitur,
1669 473 1694 496 et

908 507 953 542 qui
965 516 992 535 se
1003 507 1126 535 humiliat
1139 510 1308 538 exaltabitur.

942 552 969 579 5.
989 552 1046 579 Hoc
1061 559 1117 580 erat
1128 554 1152 581 ei
1161 559 1187 581 et
1198 555 1305 590 filiabus
1321 556 1379 591 ejus
1391 556 1424 584 ⁸⁸.
1450 557 1552 585 Dehinc
1569 559 1694 594 sequitur

908 597 982 625 aliud
996 597 1122 626 Sodoma:
1135 599 1263 627 delictum
1274 619 1282 633 ,
1300 602 1373 636 quod
1391 602 1523 630 debemus
1542 604 1642 636 dicere,
1656 612 1692 633 ne

908 642 935 670 in
951 643 1033 671 simili
1055 644 1170 672 crimine
1192 646 1368 680 reperiamur.
1391 647 1426 675 Et
1445 656 1552 675 manum
1568 651 1691 684 pauperis

906 693 931 715 et
947 690 1044 724 egentis
1064 698 1115 717 non
1141 691 1300 726 suscipiebat
1318 692 1351 720 ".
1377 693 1525 721 Considera
1549 695 1692 730 diligenter

908 735 1141 763 enumerationem
1165 741 1338 771 peccatorum
1363 737 1497 766 Sodomae.
1515 741 1571 775 Ego
1590 741 1648 776 ipse
1666 744 1690 769 si

902 780 980 814 juxta
1003 780 1074 808 vires
1094 789 1169 809 meas
1194 790 1304 810 manum
1327 785 1452 819 pauperis
1469 790 1496 812 et
1520 787 1608 820 gentis
1634 795 1690 814 non

906 826 1055 860 adjuvero,
1071 826 1266 855 Sodomiticum
1284 829 1370 857 habeo
1388 835 1540 863 peccatum.
1562 831 1691 867 Sequitur

906 872 957 899 alia
972 873 1119 900 accusatio.
1135 873 1170 899 Et
1185 875 1292 908 superbe
1303 875 1466 910 gloriabatur
1476 876 1510 904 “.
1531 876 1562 903 Et
1575 878 1687 912 jactatio

904 917 998 952 gloriae
1014 918 1211 946 Sodomiticum
1227 920 1330 947 crimen
1345 926 1396 948 est.
1422 920 1491 948 Sunt
1508 927 1598 950 autent
1615 931 1690 958 quaa-

903 962 965 989 dam
981 962 1107 998 AEgyptia
1123 969 1250 999 peccata,
1266 966 1388 1000 quaedam
1413 966 1595 1001 Sodomitica;
1625 973 1689 996 sunt

902 1008 955 1035 alia
973 1008 1154 1044 Babylonica,
1177 1010 1229 1037 alia
1245 1010 1371 1046 Assyria,
1394 1012 1446 1039 alia
1461 1012 1618 1045 Moabitica,
1635 1015 1687 1041 alia

901 1053 1094 1082 Ammanitica.
1123 1054 1188 1087 Quis
1218 1056 1322 1090 sapiens
1346 1061 1371 1083 et
1392 1057 1522 1092 intelliget
1550 1059 1622 1085 ista?
1640 1065 1686 1087 aut

900 1099 959 1134 quis
980 1099 1130 1135 intelligens
1151 1105 1176 1127 et
1195 1106 1318 1136 agnoscet
1338 1110 1368 1128 ea
1382 1102 1424 1129 ετξ
1462 1103 1687 1140 Quotiescunque

901 1144 1016 1179 legimus
1033 1153 1064 1173 ea
1083 1154 1144 1181 quae
1167 1146 1200 1174 de
1216 1146 1396 1174 Sodomorum
1422 1148 1600 1177 subversione
1618 1158 1687 1178 con-

901 1191 1003 1225 scripta
1036 1196 1114 1224 sunt,
1147 1200 1203 1220 non
1227 1193 1366 1226 dicamus,
1401 1194 1570 1223 miserabiles
1597 1195 1687 1223 Sodo—

901 1237 984 1268 mitas,
1002 1245 1119 1272 quorum
1134 1238 1247 1266 ulterius
1261 1239 1366 1267 fructus
1378 1243 1449 1267 terra
1462 1247 1516 1267 non
1529 1241 1617 1273 affert,
1635 1242 1686 1269 nti—

899 1282 1028 1310 serabiles
1042 1282 1121 1318 391
1139 1284 1307 1318 multumque
1330 1285 1484 1320 plangendi,
1503 1287 1550 1321 qui
1570 1291 1625 1314 tam
1639 1287 1685 1314 lu-

898 1328 993 1362 gubria
1009 1333 1035 1356 et
1049 1332 1104 1356 tam
1121 1329 1178 1356 dira
1193 1329 1314 1364 perpessi
1331 1334 1395 1357 sunt
1408 1339 1418 1358 :
1432 1332 1497 1365 quin
1513 1336 1602 1366 potlus
1615 1339 1684 1359 con-

896 1379 1036 1402 vertamus
1051 1375 1123 1402 hunc
1138 1375 1167 1402 in
1181 1375 1261 1403 corda
1285 1381 1378 1404 nostra
1397 1384 1560 1410 sermonem,
1578 1385 1684 1406 scrute-

896 1427 958 1446 mur
971 1427 1052 1447 renes
1066 1424 1093 1447 et
1104 1420 1282 1456 cogitationes
1294 1425 1414 1454 nostras,
1423 1426 1449 1448 et
1458 1426 1523 1450 tunc
1531 1423 1684 1452 videbimus

895 1472 943 1493 eos
957 1473 1026 1500 quos
1041 1465 1205 1500 plangimus,
1219 1466 1245 1493 in
1261 1466 1341 1494 nobis
1355 1467 1519 1495 intrinsecus
1538 1469 1683 1502 contineri,

894 1516 922 1538 et
939 1512 1003 1546 quia
1026 1511 1191 1539 Sodomitica
1207 1517 1234 1539 et
1255 1511 1381 1547 Egyptia
1401 1516 1429 1539 et
1447 1513 1569 1549 Assyria,
1586 1518 1613 1541 et
1629 1514 1683 1542 alia

895 1557 1020 1584 universa
1038 1561 1148 1591 peccata
1167 1565 1228 1593 qua:
1249 1558 1386 1593 castigans
1408 1558 1548 1594 Scriptura
1566 1567 1681 1587 enume-

894 1608 946 1635 rat,
960 1607 1102 1631 versentur
1116 1603 1143 1630 in
1160 1604 1248 1631 nobis.
1271 1603 1386 1631 Polliciti
1405 1613 1486 1640 supra
1503 1613 1598 1633 sumus
1621 1613 1680 1634 ma-

891 1647 937 1683 jus
952 1647 1053 1682 aliquid
1069 1647 1102 1674 de
1119 1647 1257 1683 Scriptura
1275 1648 1407 1676 dicturos.
1426 1648 1550 1677 Sodoma;
1564 1651 1591 1677 in
1605 1656 1681 1678 satu-

893 1693 973 1721 ritate
1000 1694 1093 1729 pauis,
1118 1698 1146 1722 et
1170 1693 1198 1721 in
1220 1693 1386 1722 abundantia
1411 1700 1492 1730 atque
1517 1695 1632 1730 deliciis,
1654 1701 1682 1723 et

893 1740 1045 1767 istiusmodi
1064 1740 1182 1775 peccatis
1201 1740 1367 1775 delinquenti
1384 1741 1426 1768 lex
1446 1741 1681 1776 loquitur":At-

892 1786 967 1814 tende
989 1787 1083 1818 tibi,ne
1098 1787 1233 1814 comedens
1251 1791 1276 1814 et
1295 1786 1382 1814 bibens
1403 1787 1525 1822 repletus,
1542 1792 1568 1814 et
1589 1788 1679 1814 domos

891 1831 973 1858 bona:
987 1831 1134 1866 wdiﬁcuns,
1150 1831 1239 1858 ovibus
1253 1831 1306 1858 luit
1319 1836 1342 1858 et
1357 1831 1436 1858 bobus
1449 1833 1501 1858 tuis
1517 1833 1681 1866 multiplico-

891 1879 925 1904 tit
949 1877 1007 1911 tibi,
1031 1882 1140 1912 argento
1164 1884 1188 1904 et
1213 1886 1280 1904 auro
1302 1877 1494 1911 multiplicatus
1516 1878 1678 1905 obliviscaris

889 1923 1031 1950 Domitiani
1048 1922 1142 1949 Deum.
1165 1922 1198 1949 Et
1215 1923 1240 1949 in
1265 1922 1318 1950 alio
1344 1923 1425 1950 loco:
1451 1923 1634 1956 manducavit,
1651 1928 1678 1950 ct

889 1969 967 2001 bibit,
984 1973 1011 1996 et
1027 1972 1165 1997 saturatos
1180 1972 1231 2001 est,
1252 1973 1278 1996 et
1295 1968 1473 2000 iucrassatus,
1495 1968 1678 1996 recnlcitravit

888 2015 1002 2043 dilectus
1010 2014 1041 2040 ".
1057 2013 1161 2041 Similia
1178 2014 1220 2042 his
1234 2014 1362 2041 Salomon
1375 2015 1401 2041 in
1415 2013 1572 2042 Proverbiis
1586 2015 1625 2042 ait
1636 2011 1675 2042 '°:

888 2060 1047 2088 Constituite
1066 2060 1130 2086 mihi
1144 2064 1231 2086 autem
1251 2060 1398 2086 necessaria
1412 2064 1435 2086 et
1455 2060 1626 2094 suﬁcientia.
1645 2063 1675 2086 ut

887 2114 938 2133 non
954 2105 1065 2140 repletus
1079 2104 1192 2131 utendos;
1208 2104 1282 2138 ﬁam,
1300 2109 1324 2130 et
1340 2103 1438 2136 dicam,
1450 2102 1511 2136 Qui:
1527 2112 1567 2130 me
1585 2103 1676 2130 uidet?

887 2156 934 2178 aut
946 2159 1021 2186 egens
1035 2151 1118 2185 furer,
1133 2154 1157 2177 et
1166 2149 1264 2184 jurabo
1280 2158 1372 2176 nomen
1385 2149 1442 2177 Dei.
1454 2149 1673 2184 Simpliciterque

42 2198 98 2225 hoc
120 2197 196 2232 quod
213 2197 240 2224 in
258 2199 384 2232 praesenti
404 2199 535 2234 scriptum
559 2205 609 2233 est,
633 2205 662 2229 et
678 2202 743 2230 illud
762 2204 835 2238 quod
850 2198 873 2224 ι)
887 2197 1031 2225 dicendum
1049 2196 1113 2231 quia
1129 2196 1197 2223 nihil
1217 2196 1257 2223 sic
1279 2196 1305 2222 in
1327 2196 1511 2230 arrogantiam
1532 2195 1627 2228 elevet,
1645 2200 1674 2223 ut

40 2244 70 2271 in
83 2243 236 2277 Evangelio
247 2243 358 2277 dicitur,
369 2245 473 2273 videbis
486 2246 548 2281 quia
559 2251 587 2273 et
600 2247 673 2274 illius
685 2249 834 2277 maximum

40 2294 191 2325 peccatum
204 2289 276 2317 inter
288 2291 413 2318 universa
429 2296 537 2326 peccata
552 2292 679 2327 superbia
694 2293 793 2321 fuerit:
806 2296 833 2322 in

40 2336 192 2363 saturitate
215 2343 327 2370 panum,
351 2341 377 2364 et
401 2337 428 2364 in
450 2338 617 2366 abundantia
639 2340 752 2368 allluens
778 2349 833 2369 non

39 2381 141 2409 habuit
156 2381 342 2409 miserationis
360 2381 485 2410 affectum
501 2383 535 2410 ad
551 2391 613 2411 eum
630 2384 676 2419 qui
693 2390 755 2412 ante
769 2394 834 2420 por—

38 2434 84 2456 tas
99 2435 170 2455 suas
180 2427 322 2455 confectus
334 2428 470 2456 ulceribus
480 2429 601 2464 jacehat;
623 2430 669 2458 sed
684 2431 711 2458 in
728 2435 830 2459 tantam

38 2472 204 2509 superbiam
225 2473 313 2500 elatus
336 2478 378 2500 est
400 2474 554 2509 despiciens
579 2480 775 2510 paupertatem,
801 2482 831 2504 ut

38 2527 96 2547 non
114 2523 289 2553 computaret
305 2526 393 2554 neque
409 2519 566 2547 inferiorum
584 2521 725 2555 supplicia,
744 2529 835 2557 neque

36 2566 206 2596 communia
225 2566 402 2593 humanitatis
415 2566 475 2600 jura
485 2587 492 2598 ,
511 2566 574 2601 quia
590 2571 726 2600 oporteret
741 2567 831 2594 homi-

35 2621 100 2641 nem
131 2612 254 2638 hnmana
278 2618 386 2645 sapere,
409 2616 435 2638 et
457 2611 485 2638 in
505 2612 601 2639 alienis
631 2611 831 2640 calamitatibus

34 2666 87 2694 pro
110 2656 198 2684 simili
221 2656 378 2683 conditione
400 2656 442 2683 sui
467 2656 669 2691 quodammodo
694 2657 828 2684 misereri.

35 2705 84 2732 Est
107 2703 195 2739 igitur
221 2706 250 2729 et
273 2702 349 2729 dives
371 2702 416 2730 ille
433 2702 583 2730 Sodomita.
613 2702 642 2729 Si
667 2701 739 2730 enim
766 2703 829 2730 talia

886 2244 987 2271 divitiae
1000 2247 1028 2271 et
1048 2242 1188 2274 saturitas,
1216 2245 1244 2268 et
1273 2241 1350 2268 cibus
1374 2248 1457 2276 opum
1482 2241 1672 2275 plurimarum,

886 2289 1002 2324 dignitas
1014 2296 1124 2323 quoque
1140 2292 1167 2315 et
1189 2291 1319 2322 potestas.
1346 2286 1394 2314 Est
1417 2290 1507 2314 autem
1533 2287 1615 2315 etiam
1638 2287 1672 2315 ad

886 2335 982 2362 altiora
1010 2339 1208 2369 transgressum
1230 2333 1330 2364 videre,
1351 2333 1415 2367 quia
1442 2333 1596 2367 superbiam
1619 2332 1674 2360 fre—

886 2385 999 2416 quenter
1013 2380 1142 2411 nutriam,
1158 2379 1181 2406 si
1197 2378 1316 2405 divinum
1335 2386 1486 2405 sermonem
1502 2378 1671 2410 intellexero,

885 2428 907 2455 si
922 2427 1071 2461 sapientiOr
1084 2425 1190 2453 caneris
1204 2424 1290 2452 fuero.
1309 2423 1427 2451 Scientia
1438 2423 1537 2458 quippe
1551 2423 1626 2458 inﬂat
1637 2423 1671 2455 δι,

885 2481 938 2499 non
951 2480 1001 2507 ego
1017 2472 1088 2504 dico,
1110 2471 1156 2498 sed
1172 2471 1327 2506 Apostolus.
1348 2469 1381 2496 Et
1402 2469 1464 2496 ideo
1482 2477 1578 2496 vereor
1593 2477 1627 2496 ne
1644 2474 1672 2496 ct

883 2518 940 2553 ipse
963 2517 1102 2545 sustollar.
1126 2515 1228 2544 Dantur
1253 2519 1279 2543 et
1305 2514 1468 2542 charismata
1492 2513 1525 2540 ad
1550 2513 1576 2540 id
1598 2514 1669 2547 quod

882 2564 999 2599 expedit.
1017 2563 1044 2590 Si
1067 2563 1100 2590 ad
1121 2562 1173 2590 hoc
1194 2562 1293 2589 danzur
1311 2559 1384 2595 quod
1407 2559 1524 2594 expedit,
1546 2558 1608 2593 quis
1629 2563 1671 2587 est

882 2609 926 2637 ille
942 2610 985 2637 cui
1011 2616 1064 2636 non
1087 2607 1213 2642 expedit?
1233 2606 1265 2633 Et
1285 2613 1335 2633 cur
1356 2612 1410 2632 non
1437 2604 1572 2639 expediat,
1593 2604 1667 2631 audi.

881 2654 994 2689 Inferior
1005 2653 1115 2688 subjicit
1127 2652 1290 2679 inﬂationem
1301 2656 1327 2678 et
1337 2650 1482 2685 quamdam
1495 2649 1666 2684 placitionem

881 2700 934 2733 sui,
955 2700 1019 2727 dum
1046 2706 1075 2726 sc
1104 2701 1181 2733 putat
1204 2697 1273 2723 inter
1295 2700 1409 2723 caeteros
1434 2695 1564 2722 eminere.
1591 2693 1669 2729 Saepe

81 2773 105 2789 ”
118 2771 191 2799 Psal.
209 2779 236 2803 t.,
255 2770 281 2797 6.
322 2770 365 2797 "l
380 2769 442 2797 Cor.
456 2778 501 2804 xv,
512 2770 556 2801 bl,
571 2769 616 2796 42.
654 2769 677 2785 ⁸ο
689 2769 758 2796 Dan.
773 2777 822 2800 xu,

942 2767 1108 2804 Ezech.7xv;t,
1123 2765 1167 2792 49.
1200 2763 1222 2780 ⁴¹
1238 2763 1304 2804 an.
1317 2771 1371 2804 x-vnt.
1447 2763 1512 2804 buc.
1531 2771 1607 2804 xviii:
1621 2763 1667 2793 Η.

527 2806 550 2821 ⁴⁸
567 2805 630 2832 ibid.
643 2804 687 2831 50.

34 2810 56 2826 ⁸³
69 2808 174 2835 Ezech.
190 2813 247 2838 xvt,
264 2806 307 2833 49.
366 2806 389 2822 ⁸⁵
404 2806 469 2833 ibid.
527 2806 550 2821 “
567 2806 630 2832 ibid.
643 2806 687 2831 50.
742 2806 763 2820 ⁸⁷
782 2806 794 2831 ί

36 2852 126 2872 uxtt.
144 2843 187 2870 15.
229 2842 253 2858 ³ο
270 2841 350 2868 Prov.
368 2849 432 2872 xxx,
449 2841 476 2872 8,
490 2840 517 2868 9.
560 2840 582 2857 "
598 2839 680 2867 lCor.
694 2847 752 2872 vnt,
769 2839 794 2866 l.

36 2852 126 2876 xxxii,
144 2843 187 2870 l5.
229 2842 253 2858 "
270 2841 350 2868 Prov.
368 2849 432 2874 xxx,
449 2841 476 2873 8,
490 2840 517 2868 9.

742 2804 763 2820 "
782 2804 852 2832 Osce
867 2812 923 2837 xw,
943 2804 985 2831 10.

1039 2802 1061 2818 ’δ”
1076 2801 1154 2828 Deut.
1169 2807 1227 2833 VIII,
1250 2799 1294 2832 tt,
1326 2798 1370 2833 12,
1396 2798 1496 2832 15,14.
1550 2797 1661 2827 "Deut.
