1882 3052
203 119 258 147 739

788 117 915 144 ORIUEN
932 117 951 143 S
971 117 1002 143 ΙΝ
1022 116 1237 143 EZECIIIELEM

1777 114 1827 142 τυ)

203 180 286 215 igitur
307 179 437 207 saturitas
460 186 561 214 panum
578 182 606 205 et
624 177 789 207 abundantia
813 177 926 205 materia
951 181 994 204 est
1009 178 1029 206 Α
1045 181 1106 210 Post
1118 176 1288 204 confusionis
1301 185 1383 212 opera
1396 184 1457 205 esse
1472 177 1643 206 erubescere,
1663 179 1692 202 ct
1711 182 1761 209 pro
1773 182 1827 202 see-

203 225 375 260 arrogantiae.
393 224 469 258 Saepe
486 229 576 250 autem
599 228 626 250 et
645 223 679 250 de
702 222 890 258 spiritualihus
911 221 992 249 donis

204 271 339 305 superbia:
363 270 467 297 crimen
494 270 626 300 exoritur,
651 273 678 296 et
705 276 760 295 non
781 273 824 295 est
848 267 992 302 utrobique

204 316 361 344 discrimen.
376 315 479 342 Tantus
489 315 530 341 vir
540 314 678 348 apostolus
691 313 791 341 Paulus
806 315 991 341 necessarium

205 359 301 387 habuit
316 359 460 393 colaphum
477 358 563 393 angeli
577 357 696 390 Satanae,
713 362 743 384 ut
757 364 819 385 eum
837 357 992 391 colaphiza-

204 411 246 433 ret
265 413 298 433 nc
311 405 463 432 elevaretur
477 403 602 433 multum.
627 403 691 438 quia
707 410 791 430 orans
805 406 831 430 et
843 402 993 436 deprecans

204 451 290 479 Deum
307 449 461 484 impetravit
475 456 523 483 pro
543 449 636 475 multis
649 455 720 482 saepe
733 447 804 482 quod
822 447 912 482 petiit;
929 454 992 475 cum

203 502 294 524 autent
312 497 392 523 etiam
409 501 457 529 pro
472 495 522 521 hoc
541 494 671 528 petiisset,
693 501 743 521 nec
759 498 833 521 esset
853 494 925 528 quod
945 501 994 528 pe-

205 542 283 569 tierat
297 544 468 572 consecutus,
480 540 580 566 dictum
591 544 631 566 est
643 540 668 566 ei
680 539 722 566 ἰι
737 538 838 574 Sufﬁcit
849 540 993 574 tibigratia

203 596 272 618 tum,
290 587 370 613 virtus
393 586 462 612 enim
484 586 511 611 in
537 586 692 619 infirmitate
714 586 861 620 perﬁcitur.
881 585 993 620 Oportet

203 634 293 666 itaque
309 632 402 658 timere
415 639 476 658 eum
492 631 538 665 qui
555 631 644 657 adhuc
658 631 684 657 in
703 639 803 666 genere
817 631 949 665 humano,
966 636 993 659 ct

203 679 229 705 iu
246 680 297 705 hac
312 678 440 713 praesenti
462 679 521 705 luce
540 682 673 710 versatur,
698 685 751 704 non
771 678 859 706 solum
881 686 912 706 ea
932 687 993 714 qua:

202 725 273 752 bona
291 727 421 759 putantur
438 724 464 750 in
479 723 590 756 sarculo,
608 723 654 750 sed
670 723 751 750 etiam
767 731 827 758 qua:
844 731 907 751 vere
922 724 992 751 bona

201 775 264 799 sttnt
279 780 285 797 :
298 770 361 806 quia
375 778 473 805 magna
487 777 541 797 non
553 777 700 805 possumus
713 770 858 801 sustinere.
873 770 993 798 Exhibeo

201 817 234 844 ad
251 817 437 851 probationem
458 816 599 850 persentis
620 816 761 844 sententiae
779 816 921 844 historiam
940 815 993 843 Da-

201 863 259 895 vid,
278 863 304 889 in
319 870 371 897 qua
387 862 569 890 conscribitur
586 862 612 889 in
626 861 718 889 Uriam
738 870 801 889 cum
821 862 992 890 commisisse

202 912 356 943 peccatum.
378 908 448 934 Ante
466 906 558 934 Uriam
580 907 683 934 nullum
707 907 834 935 delictqu
859 907 993 941 reperitur

204 953 231 979 in
260 952 368 980 David:
393 953 488 980 beatus
512 953 594 980 homo
618 957 688 986 erat,
711 957 739 980 et
760 953 818 980 sine
834 953 942 988 querela
964 952 991 979 in

203 1003 350 1033 conspectu
365 998 422 1025 Dei.
435 998 503 1031 Qui:
522 1005 586 1025 vero
599 999 727 1026 conscius
748 998 801 1026 sibi
818 999 879 1026 vitae
894 999 993 1025 imma-

203 1045 300 1072 culata:
320 1045 427 1072 locutus
447 1049 487 1072 cst
509 1045 582 1079 quod
606 1052 660 1072 non
683 1045 814 1072 debuerat
836 1044 929 1072 dicens
946 1045 991 1072 "2

203 1090 322 1123 Exaudi,
338 1089 459 1122 Domine,
475 1090 613 1125 justitiam
632 1098 732 1123 meum;
751 1090 856 1117 intende
870 1091 994 1125 depreca-

204 1137 269 1164 tiom‘
282 1144 354 1163 mea.
369 1135 484 1163 Auribus
499 1137 602 1171 percipe
622 1137 769 1163 oralionem
787 1144 870 1162 meum
891 1144 941 1163 non
964 1136 993 1162 in

202 1182 280 1210 labiis
293 1182 403 1209 dolosis.
419 1182 459 1209 De
474 1183 548 1210 uultu
565 1188 609 1210 tuo
621 1183 753 1219 judicium
772 1191 855 1208 meum
871 1182 992 1217 prodeat;

203 1229 272 1255 oculi
295 1228 333 1255 tui
350 1228 454 1255 videant
468 1229 616 1264 (equitata.
638 1229 763 1256 Probasti
787 1237 832 1256 cor
853 1237 949 1263 meum,
966 1235 992 1258 et

202 1275 316 1302 t-isitasti
331 1279 415 1307 nocte;
427 1275 487 1310 igua
502 1283 542 1302 me
555 1276 726 1307 nominasti,
738 1280 762 1301 et
778 1283 828 1302 non
839 1280 878 1302 est
889 1277 992 1303 iuventa

203 1322 230 1349 in
246 1330 285 1349 me
297 1321 442 1356 iniquitas;
458 1325 485 1348 et
501 1322 558 1348 haec
574 1321 652 1353 dixit,
665 1322 730 1355 quia
745 1321 863 1348 visitatio
876 1321 923 1349 Dei
936 1329 994 1356 pro-

203 1372 263 1403 pter
276 1368 472 1395 conscientiam
493 1371 521 1394 et
542 1368 603 1394 vitae
623 1367 818 1394 beatitudinem
839 1368 927 1395 eidem
950 1375 994 1396 re-

206 1419 424 1450 praesentaretur,
443 1419 561 1441 tentatus
577 1418 629 1446 est,
649 1413 767 1441 nudatus
781 1414 883 1441 autilio
906 1419 935 1441 ut
952 1414 994 1441 vi-

205 1462 281 1489 deret
306 1461 370 1496 quid
400 1461 521 1488 humana
546 1460 632 1495 possit
660 1460 815 1488 inﬁrmitas.
842 1460 994 1488 Recedente

205 1508 304 1542 quippe
321 1507 446 1542 pt'tesidio
466 1506 528 1540 Dei,
546 1506 591 1534 ille
609 1506 790 1538 castissimus,
809 1506 853 1534 ille
873 1507 992 1534 admira-

207 1551 267 1580 bi'is
294 1552 319 1579 in
347 1552 495 1587 pudicitia,
519 1551 567 1587 qui
596 1552 738 1579 audierat:
763 1551 793 1579 Si
818 1550 910 1578 mundi
931 1556 991 1579 sunt

204 1597 289 1632 pueri,
312 1597 427 1624 maxime
450 1605 466 1623 a
486 1598 595 1625 muliere
606 1597 638 1630 “,
659 1602 686 1624 et
704 1601 847 1632 acceperat
864 1597 994 1625 Euchari-

205 1642 285 1670 stiatn
302 1643 381 1677 quasi
400 1643 533 1675 mundus,
550 1650 604 1670 non
625 1643 714 1677 potuit
733 1650 925 1677 perseverare,
946 1643 993 1671 sed

205 1689 232 1715 iu
246 1696 279 1716 eo
295 1694 418 1723 repertus
431 1692 472 1715 est
486 1688 611 1722 crimine,
628 1688 654 1715 in
670 1696 724 1723 quo
739 1689 789 1716 sibi
811 1689 889 1723 quasi
905 1689 994 1715 conti-

205 1742 273 1762 ncns
290 1733 479 1769 applaudchat.
501 1733 531 1760 Si
546 1734 608 1768 quis
632 1741 695 1769 ergo
720 1734 846 1761 conscius
868 1734 994 1768 puritatis

205 1787 262 1807 sum
276 1780 395 1815 scipsum
417 1780 607 1815 glorificaverit
630 1788 684 1807 non
707 1781 811 1808 habens
833 1781 993 1808 memoriam

206 1826 278 1853 illius
295 1826 356 1853 dicti
370 1826 394 1842 ⁵⁵
408 1834 416 1854 τ
430 1825 501 1858 Quid
516 1832 603 1853 autem
619 1826 696 1853 habes
710 1826 779 1861 quod
791 1834 842 1853 non
858 1827 995 1861 accepisti?

206 1871 236 1898 Si
248 1877 334 1898 autem
350 1871 483 1906 accepisti,
496 1872 559 1907 quid
568 1872 691 1907 gloriaris
698 1872 775 1907 quasi
785 1880 835 1899 non
845 1872 974 1906 acceperis
983 1872 996 1899 9

205 1916 378 1951 relinquitur,
391 1920 418 1943 et
432 1916 577 1944 derelictus
588 1917 668 1944 discit
679 1917 874 1951 experimento,
889 1917 952 1951 quia
967 1917 995 1944 in

205 1963 248 1990 his
257 1962 336 1990 bonis
343 1970 458 1997 quorum
473 1962 523 1989 sibi
536 1963 664 1990 conscius
671 1967 740 1994 erat,
748 1970 801 1989 non
815 1966 869 1989 tam
880 1963 938 1996 ipse
952 1962 996 1990 sui

205 2008 310 2036 exstitit
317 2015 411 2041 causa,
420 2016 500 2043 quam
510 2008 556 2042 qui
573 2008 644 2036 Deus
651 2009 781 2036 virtutum
795 2008 918 2036 omnium
933 2008 996 2036 fons

205 2058 254 2081 est.
268 2052 306 2080 Ex
314 2053 416 2088 quibus
424 2058 537 2087 apparet
549 2057 577 2080 et
590 2054 758 2080 saturitatem
771 2053 996 2088 panum,etdona

205 2099 339 2133 spiritalia
354 2099 378 2126 ei
401 2099 448 2133 qui
470 2106 501 2126 ea
522 2106 574 2125 non
594 2104 682 2134 potest
699 2105 844 2131 sustinere.
865 2107 995 2134 generare

207 2144 373 2178 superbiam.
387 2143 491 2172 Idcirco
505 2144 641 2179 fugiamus
657 2153 672 2172 a
691 2145 810 2173 Sodoma
831 2151 857 2174 et
878 2148 996 2181 peccatis

1042 222 1144 250 toribus
1156 222 1214 249 suis
1228 224 1395 250 verecundos
1414 223 1509 251 oculos
1529 221 1646 257 dejicere
1656 241 1665 254 ,
1688 227 1778 255 neque
1791 222 1826 249 sic

1043 268 1150 302 procaci
1172 268 1247 295 vultu
1271 268 1405 301 incedere,
1420 269 1499 304 quasi
1518 268 1587 295 nihil
1603 267 1717 294 omnino
1736 274 1828 302 ναῦν

1043 314 1122 341 verit.
1149 314 1254 341 Bonum
1278 319 1320 342 est
1341 315 1440 350 quippe
1467 319 1529 350 post
1551 313 1725 342 confusionis
1751 321 1827 349 opera

1043 359 1194 386 confundi:
1210 359 1273 395 quia
1289 367 1359 394 szrpe
1371 364 1399 387 ct
1413 360 1465 387 hoc
1485 359 1596 387 malitia:
1617 358 1715 386 artifex
1737 359 1827 393 inope<

1043 410 1130 439 ratur,
1152 414 1187 433 ne
1211 412 1337 442 peccator
1351 409 1384 435 ad
1408 408 1595 442 pmnitcntiam
1617 407 1721 438 redeat.
1746 411 1774 434 et
1794 407 1829 434 sic

1043 456 1104 485 agat
1119 451 1198 485 quasi
1216 452 1307 479 adhuc
1321 452 1349 479 in
1362 452 1466 487 jnstitia
1482 457 1645 487 perseveret.
1664 452 1765 480 Videre
1776 459 1830 487 pos-

1043 503 1149 528 sumus,
1163 501 1190 524 et.
1202 504 1235 524 ex
1251 498 1409 532 quotidiana
1425 499 1479 526 vita
1496 499 1601 526 discere
1620 499 1723 525 multos
1744 498 1831 524 homi-

1044 549 1107 569 num
1124 547 1185 577 post
1196 547 1306 578 peccata
1321 551 1370 571 sua
1384 551 1437 571 non
1462 544 1550 572 soluat
1571 552 1624 571 non
1650 544 1744 578 lugere
1762 543 1831 578 quod

1043 586 1183 621 fecerunt,
1210 596 1304 615 verum
1332 589 1414 616 etiam
1439 589 1545 623 procaci
1575 588 1664 616 fronte
1690 588 1832 616 defendere

1042 633 1169 668 proprias
1182 635 1285 662 ruinas.
1301 634 1410 662 Grande
1426 635 1517 669 itaque
1533 634 1694 662 beneficium
1710 635 1737 660 in
1756 632 1831 660 Jeru-

1043 680 1127 707 salem
1142 685 1329 712 conservatur,
1341 683 1364 708 si
1377 686 1464 708 tatnen
1481 681 1573 708 credat
1584 680 1685 707 dit-cati
1699 679 1830 706 Domino:

1044 725 1078 753 Et
1094 731 1121 752 tu
1137 726 1304 761 confundere.
1328 723 1420 762 Neque
1434 732 1512 762 putes
1532 727 1565 753 ad
1587 725 1759 753 Hierusalem
1777 731 1832 753 tau-

1043 776 1100 799 tum
1121 773 1178 799 haec
1190 780 1251 800 esse
1267 774 1350 805 dicta,
1377 778 1404 800 et
1425 781 1479 799 non
1505 772 1538 799 ad
1566 772 1691 807 singulos
1710 777 1832 799 nostrum

1043 819 1088 852 qui
1103 818 1209 846 delictis
1223 824 1348 846 tenemur
1360 819 1482 845 obnoxii.
1501 817 1696 852 Unusquisque
1708 818 1781 844 enim
1793 825 1834 845 sc—

1043 863 1132 898 ipsunt
1153 864 1317 896 consideret,
1338 864 1403 899 quid
1424 863 1518 891 fecerit
1536 863 1698 890 confusione
1711 864 1832 898 dignum,

1044 908 1109 943 quid
1125 913 1203 944 turpe
1219 909 1326 936 locutus
1343 909 1388 942 sit,
1408 917 1491 943 super
1512 917 1567 944 quo
1589 917 1643 936 non
1664 909 1766 936 habeat
1786 917 1834 935 au-

1043 954 1148 983 daciam
1161 955 1241 989 quasi
1260 955 1334 982 dicto
1355 956 1438 987 bono,
1453 955 1517 990 quid
1532 955 1613 990 392
1632 955 1764 990 cogitarit
1784 955 1834 981 tale

1042 1001 1114 1035 quod
1131 1001 1230 1028 rubore
1255 1001 1366 1036 dignum
1378 1001 1484 1029 videtur
1499 1002 1532 1029 ah
1545 1010 1578 1029 eo
1587 1002 1633 1037 qui
1648 1001 1742 1029 cordis
1753 1006 1780 1028 et
1794 1010 1834 1028 rc-

1043 1047 1086 1074 nis
1104 1047 1209 1074 occulta
1220 1047 1391 1080 considerat;
1410 1052 1513 1074 etcum
1532 1047 1676 1082 diligenter
1689 1047 1833 1082 pervideri:

1043 1092 1234 1127 cogitationes,
1250 1092 1332 1124 facta,
1350 1099 1500 1124 sermones,
1522 1096 1587 1120 tunc
1603 1093 1698 1119 audiet
1719 1092 1833 1127 prophe-

1044 1140 1099 1163 tam
1116 1136 1248 1165 diccntcm
1263 1146 1270 1164 :
1287 1136 1321 1163 Et
1336 1142 1363 1165 tr
1380 1137 1548 1171 confundere.
1570 1136 1635 1163 Post
1652 1137 1726 1172 quod
1742 1144 1759 1164 a
1774 1144 1833 1170 pro-

1042 1182 1123 1217 pheta
1137 1182 1262 1217 jungitttr
1272 1182 1295 1198 ¹⁸
1308 1191 1315 1210 :
1330 1182 1365 1209 Et
1380 1184 1469 1218 accipe
1482 1183 1654 1218 ignominiam
1671 1187 1745 1209 tuam
1759 1183 1787 1209 in
1805 1190 1833 1208 eo

1042 1228 1111 1263 quod
1122 1228 1280 1264 justiﬁcusti
1297 1237 1399 1256 sorores
1418 1234 1488 1257 tuas.
1501 1229 1630 1265 Sequitur
1643 1228 1832 1256 confusioncnt

1044 1271 1203 1308 ignominia,
1223 1277 1251 1301 et
1273 1274 1320 1301 dat
1344 1274 1417 1301 Deus
1441 1274 1466 1301 ei
1490 1274 1537 1308 qni
1566 1273 1730 1301 confusione
1753 1273 1832 1308 digna

1044 1319 1144 1354 gessit,
1165 1319 1247 1346 etiam
1272 1319 1466 1354 ignominiam,
1483 1319 1603 1354 dixitque
1626 1319 1660 1346 ad
1688 1326 1752 1346 cum
1771 1327 1779 1345 :
1800 1318 1833 1344 Et

1042 1366 1131 1400 accipe
1147 1366 1321 1401 ignominiam
1341 1370 1422 1393 tuam.
1441 1365 1546 1393 Poteris
1571 1369 1663 1392 autem
1684 1364 1834 1399 intelligere

1044 1412 1116 1448 quod
1141 1412 1252 1446 dicitur,
1274 1412 1298 1439 si
1325 1412 1544 1439 consideravcris
1570 1419 1631 1446 qua:
1655 1411 1780 1445 quotidie
1807 1411 1833 1437 in

1044 1458 1198 1486 civitatibus
1211 1459 1286 1485 liant.
1302 1457 1479 1485 lnhonoratio
1496 1457 1547 1485 civi
1567 1457 1655 1484 estde
1675 1456 1764 1491 patria
1786 1464 1832 1483 sua

1044 1504 1180 1536 exsulare,
1194 1508 1222 1531 et
1233 1503 1344 1531 infamia
1357 1503 1498 1530 decurioni
1517 1503 1593 1530 eradi
1610 1504 1643 1530 de
1660 1503 1723 1530 albo
1739 1502 1833 1532 curia'.

1044 1555 1071 1577 et
1083 1550 1271 1584 cujuscunque
1284 1549 1395 1576 alterius
1409 1548 1573 1576 conditionis
1587 1547 1691 1575 homini
1718 1548 1834 1583 relinqui

1044 1595 1154 1630 quidem
1171 1595 1197 1622 in
1211 1595 1275 1626 vita,
1289 1595 1335 1622 sed
1347 1602 1407 1622 cum
1418 1593 1578 1629 ignominia,
1594 1594 1653 1621 sive
1668 1595 1694 1621 in
1707 1594 1835 1629 operibus

1043 1641 1177 1677 publicis,
1201 1641 1259 1669 sive
1280 1641 1305 1669 in
1331 1641 1419 1668 insula
1445 1641 1535 1673 aliqua
1557 1640 1714 1667 solitudinis
1734 1640 1833 1666 vivere.

1043 1686 1165 1722 lntellige
1175 1692 1265 1714 autem
1292 1686 1357 1713 mihi
1384 1687 1488 1721 justum
1510 1686 1629 1720 judicent
1647 1686 1672 1714 ei
1692 1686 1741 1720 qui
1755 1686 1834 1720 digna

1043 1729 1155 1757 infamia
1169 1729 1264 1757 fecerit
1278 1729 1411 1756 dicentem
1427 1738 1433 1755 :
1449 1728 1471 1756 Ο
1485 1734 1511 1756 tu
1535 1730 1580 1763 qui
1602 1736 1691 1763 pretia:
1710 1736 1775 1755 rcus
1794 1736 1833 1759 es,

1044 1776 1100 1803 noli
1116 1775 1243 1803 exsilium
1268 1780 1343 1802 tuum
1365 1783 1427 1802 eum
1452 1782 1570 1803 mazrorc
1594 1775 1735 1809 suscipere
1753 1783 1760 1801 :
1782 1781 1834 1801 non

1044 1820 1117 1848 enim
1141 1821 1288 1848 mereberis
1310 1820 1536 1853 misericordiam.
1555 1821 1578 1848 si
1593 1820 1722 1848 irasceris
1734 1821 1768 1847 ad
1780 1827 1835 1855 pm-

1045 1874 1126 1900 nam;
1145 1866 1210 1902 qttin
1228 1866 1319 1901 potius
1335 1866 1455 1901 intellige
1469 1866 1552 1901 digne
1573 1869 1600 1893 te
1622 1866 1680 1900 pati
1695 1866 1769 1901 quod
1790 1873 1835 1900 pa-

1046 1913 1126 1947 teris;
1146 1918 1174 1940 et
1187 1920 1249 1941 cum
1267 1917 1292 1940 te
1308 1912 1506 1943 humiliaveris,
1518 1916 1600 1945 atque
1615 1912 1721 1939 dixeris
1730 1912 1833 1947 justum

1044 1960 1078 1988 de
1093 1964 1118 1987 te
1133 1959 1235 1986 factum
1250 1967 1312 1986 esse
1326 1959 1470 1994 judicium,
1484 1957 1597 1985 forsitan
1617 1958 1834 1986 misericordiam

1044 2005 1220 2040 consequeris
1244 2005 1278 2032 ab
1291 2011 1324 2032 eo
1338 2003 1385 2039 qui
1405 2007 1565 2038 potestpost
1578 2003 1836 2030 condemnationem

1045 2051 1078 2079 ad
1103 2051 1248 2086 pristinum
1271 2054 1297 2078 te
1320 2055 1421 2078 statum
1439 2056 1577 2077 revocare.
1598 2048 1745 2082 Quomodo
1763 2049 1835 2076 enim

1044 2098 1107 2126 licet
1126 2105 1225 2132 magno
1239 2097 1353 2132 principi
1375 2096 1492 2124 liberare
1508 2096 1626 2130 aliquem
1642 2096 1677 2123 de
1691 2097 1795 2126 insula.
1811 2100 1836 2122 et

1045 2145 1191 2177 deexsilio,
1205 2148 1232 2171 et
1244 2144 1279 2171 de
1295 2142 1411 2178 publicis
1424 2142 1558 2173 vinculis;
1572 2142 1661 2169 multo
1674 2143 1765 2177 magis
1776 2141 1836 2168 licet

206 2191 283 2224 ejus;
307 2189 443 2226 fugiamus
468 2198 484 2218 a
510 2190 644 2225 Samaria,
660 2197 687 2220 et
713 2193 872 2220 criminibus
893 2193 994 2228 quibus
1010 2193 1032 2221 D
1047 2190 1231 2219 universitatis
1260 2189 1316 2217 Deo
1350 2197 1412 2217 eum
1437 2189 1483 2225 qui
1517 2189 1697 2216 inhonOratus
1720 2193 1784 2220 est,
1811 2188 1836 2214 in

208 2235 356 2270 castigatur
377 2236 476 2264 misera
499 2235 661 2270 Jerusalem,
678 2241 708 2264 ut
731 2237 758 2264 in
782 2238 917 2266 universis
939 2238 995 2266 Deo

208 2282 288 2310 nobis
305 2281 490 2310 fortitudinem
508 2283 692 2316 ministrante,
711 2283 891 2311 humilitatem
911 2289 938 2312 et
951 2284 997 2319 ju-

207 2329 308 2356 stitiam
323 2336 523 2363 consequamur
537 2329 564 2356 in
579 2329 687 2357 Christo
699 2329 774 2363 Jcsn,
787 2330 830 2358 cui
850 2335 892 2358 est
910 2331 996 2367 gloria

207 2379 235 2403 et
250 2374 392 2410 imperium
412 2375 437 2401 in
454 2375 552 2402 saecula
566 2376 737 2403 saaculorum.
758 2377 854 2404 Amen.

505 2430 646 2459 HOMILIA
666 2432 700 2461 Χ.

208 2475 248 2503 De
260 2485 289 2504 ea
304 2478 373 2512 quod
386 2478 515 2513 scriptum
529 2485 566 2506 est
578 2479 600 2496 "
614 2489 621 2495 -
636 2488 644 2505 ι
665 2479 735 2514 Ergo
747 2484 771 2507 et
786 2484 813 2506 tu
825 2479 992 2514 confundere.

243 2517 358 2549 etporta
375 2513 547 2548 ignominiam
566 2519 655 2546 tuam;
672 2525 680 2541 ι
696 2513 775 2549 usque
783 2515 824 2542 ":
841 2523 850 2540 t
866 2513 901 2542 Et
911 2515 995 2542 susci-

243 2547 303 2574 tabo
317 2556 363 2583 ego
380 2547 564 2577 (ammentum
577 2558 662 2577 meum
673 2547 768 2577 tecum.
784 2559 793 2575 ι

243 2603 270 2631 i.
288 2603 408 2632 Primum
425 2605 533 2640 quidem
548 2609 600 2639 est,
618 2606 722 2633 nullum
740 2613 808 2641 Opus
822 2605 911 2633 facere
926 2613 994 2633 cett-

208 2649 335 2684 fusionis,
351 2651 398 2678 sed
413 2651 504 2678 omnia
522 2651 584 2678 talia
603 2659 664 2686 quae
681 2657 796 2687 possunt
813 2651 896 2680 Deum
910 2652 994 2679 libera

209 2695 297 2723 fronte
310 2696 453 2731 respicere.
471 2696 540 2730 Quia
556 2705 629 2730 vero,
647 2702 678 2725 ut
694 2698 829 2731 homines,
849 2705 919 2734 saepe
931 2706 994 2734 pec-

209 2748 314 2774 camus,
335 2742 476 2770 sciendum
492 2744 651 2776 secundam.
671 2748 700 2772 nt
719 2749 757 2771 tta
777 2744 877 2779 dicam,
899 2752 994 2772 navem

1046 2238 1176 2265 honorem
1197 2236 1342 2272 pristinum
1370 2235 1521 2267 restituere,
1546 2235 1570 2262 si
1594 2239 1686 2261 tamen
1712 2235 1836 2261 sentiens

1045 2284 1174 2312 delictum
1189 2291 1269 2311 suum
1285 2282 1430 2310 confessus
1442 2281 1523 2308 fuerit
1533 2280 1615 2315 digne
1627 2287 1657 2308 se
1668 2280 1835 2308 sustinuisse

1046 2330 1119 2365 quod
1137 2336 1235 2364 passus
1247 2332 1299 2356 est.
1317 2328 1393 2356 Dabo
1405 2332 1433 2355 et
1448 2327 1521 2354 aliud
1534 2326 1689 2361 exemplum
1702 2328 1741 2354 de
1753 2327 1836 2354 cccle-

1047 2375 1154 2404 siastica
1165 2375 1372 2403 consuetudine.
1392 2373 1506 2401 Infamia
1520 2377 1561 2400 est
1582 2379 1598 2398 a
1613 2373 1718 2407 populo
1742 2372 1791 2400 Dei
1810 2377 1835 2399 et

1048 2421 1169 2450 Ecclesia
1192 2421 1325 2456 separari.
1351 2420 1476 2448 Dedecus
1506 2423 1548 2446 est
1575 2418 1603 2445 in
1624 2417 1750 2446 Ecclesia
1777 2427 1834 2446 sur-

1049 2475 1112 2503 gere
1126 2467 1161 2495 de
1176 2475 1307 2495 consessu
1320 2466 1491 2502 presbyterii,
1509 2465 1604 2500 projici
1623 2465 1658 2492 de
1673 2464 1834 2492 diaconatus

1047 2514 1143 2549 gradu.
1164 2513 1198 2540 Et
1212 2513 1322 2548 quidem
1336 2519 1431 2540 eorum
1442 2513 1487 2547 qui
1506 2511 1684 2546 abjiciuntur,
1699 2511 1747 2537 alii
1765 2510 1834 2537 sedi-

1048 2560 1136 2587 tiones
1154 2561 1335 2588 wtntnovent,
1350 2556 1393 2584 alii
1408 2563 1473 2583 vero
1482 2555 1614 2590 judicium
1636 2555 1663 2581 in
1686 2562 1718 2581 se
1733 2552 1832 2580 factum

1047 2612 1109 2633 cum
1125 2604 1198 2631 omni
1215 2603 1366 2631 humilitate
1385 2601 1548 2637 suscipiunt.
1565 2600 1730 2635 Quicunque
1753 2600 1833 2633 igitur

1046 2651 1202 2685 exiguntur.
1221 2654 1251 2676 et
1272 2648 1365 2676 dolore
1386 2647 1566 2682 depositionis
1587 2655 1645 2674 sua:
1667 2647 1832 2682 congregant

1046 2697 1162 2733 populos
1175 2696 1208 2723 ad
1226 2696 1345 2724 schisma
1358 2693 1523 2726 faciendum,
1539 2698 1566 2721 et
1579 2693 1729 2721 sollicitant
1743 2692 1832 2719 multi-

1047 2743 1168 2771 tudinem
1185 2742 1365 2777 malignorum
1377 2761 1385 2774 ,
1409 2749 1463 2768 non
1483 2740 1620 2774 accipiunt
1644 2739 1830 2766 inhonoratio-

254 2797 277 2813 "
322 2797 387 2837 cor:
404 2806 453 2837 sit,
466 2799 494 2826 9.
530 2799 553 2815 ⁸⁸
566 2799 637 2828 Psal.
654 2810 708 2832 xw.
723 2802 749 2837 1,
763 2801 792 2836 2,
806 2801 832 2829 ’5.
871 2801 894 2818 ⁵⁸
910 2801 992 2836 Ηὶειε.

1084 2801 1101 2828 ι.
1139 2800 1162 2816 "
1174 2799 1183 2826 l
1195 2800 1271 2832 Con,
1288 2806 1324 2832 tv,
1340 2799 1365 2826 7.
1402 2797 1545 2831 "Ezech.,
1561 2804 1617 2830 xvr,
1634 2796 1679 2824 52.
1719 2797 1741 2813 "
1767 2793 1827 2823 ili-d-

210 2831 254 2859 ῡο.
289 2833 312 2849 ’⁵
334 2834 397 2862 Ibid.
410 2831 455 2863 52;
