1882 3052
85 131 131 158 741

781 132 918 160 ΙΙΟΜΙΙΛΑ
940 133 973 160 Χ.

1660 136 1714 163 762

83 198 146 217 ncm
162 198 241 218 suam
261 191 288 218 in
306 192 448 226 praesenti,
469 193 516 220 sed
535 192 720 220 thesaurizant
742 193 793 220 sibi
815 194 872 220 the—
887 196 909 224 Α
926 197 1062 220 averterat
1078 192 1251 220 aversionem
1274 191 1307 219 ad
1327 192 1439 220 meliora
1458 193 1590 220 comertit
1603 202 1610 220 :
1624 195 1711 228 primo

83 242 197 263 saurum
221 237 248 264 in
271 238 314 264 die
334 237 390 265 irae.
406 238 457 271 Qui
475 243 565 266 autem
587 246 648 266 cum
671 239 746 266 omni
763 239 871 266 humili-

83 283 150 311 tate,
174 281 233 308 sive
255 281 345 317 digne,
371 283 428 310 sive
453 283 563 319 indigne
586 283 701 318 depositi
721 289 795 316 sunt,
820 284 873 312 Deo

81 325 218 360 judicium
234 327 437 363 derelinquunt,
452 335 478 356 et
495 329 629 363 patienter
645 329 780 358 sustinent
799 330 872 365 quod

83 372 118 400 de
139 381 168 400 se
186 373 337 408 judicatum
362 378 414 407 est,
434 375 479 402 isti
495 380 521 402 et
541 383 555 401 a
578 375 633 403 Deo
655 375 872 403 misericordiam

83 423 297 453 consequentur,
320 424 348 447 et
371 419 527 455 frequenter
551 420 632 448 etiam
658 421 691 448 ab
718 421 874 450 hominibus

83 468 248 491 revocantur
257 465 284 492 in
297 466 441 500 pristinum
454 467 578 501 gradum,
589 472 615 494 et
627 467 654 494 in
666 467 777 502 gloriam
790 476 873 503 quam

83 509 246 537 amiserant.
262 510 390 538 Doctrina
405 519 470 547 ergo
484 513 587 546 optima
601 518 652 546 est,
671 513 807 548 quomodo
823 514 874 542 hoc

83 553 158 587 quod
175 554 294 582 dicitur:
314 555 348 581 Et
373 561 401 582 tu
423 556 592 590 confundere,
614 558 653 585 sic
670 563 697 585 et
716 558 781 585 illud
803 559 874 593 quod

82 605 210 634 sequitur
223 608 229 626 :
243 599 277 626 Et
294 601 382 635 accipe
397 601 570 636 ignominiam
586 608 669 629 tuam.
684 603 717 630 Et
732 603 789 630 haec
801 603 873 635 dico,

83 649 114 672 ut
140 645 344 680 profundiorem
365 648 481 682 aliquem
499 656 608 676 sensum
630 649 663 677 de
683 649 773 677 futura
798 650 876 677 inbo-

83 691 229 718 noratione
256 692 436 727 interponam.
466 693 498 720 Et
523 694 558 721 ibi
585 695 683 730 quippe
706 695 759 722 erit
783 695 874 731 aliqua

83 737 236 771 ignominia
256 737 298 765 his
310 739 355 773 qui
372 739 483 774 dignum
496 748 564 775 opus
575 741 722 776 ignominia
741 741 874 775 fecerunt,

83 782 221 817 siquidem
244 791 386 820 resurgent
408 785 452 812 alii
471 786 497 812 in
518 787 601 813 vitam
620 791 765 820 aeternam,
782 792 808 814 et
829 788 874 814 alii

84 829 112 855 in
135 830 313 863 oppmbrrum
338 835 364 858 et
386 831 574 859 confusionem
597 837 726 860 teternam
748 833 781 862 ".
804 833 873 866 Quid

925 237 1118 269 Sodomorum,
1130 237 1227 265 deinde
1239 236 1378 270 Samaria,
1390 237 1469 265 tertio
1479 245 1543 265 vero
1551 237 1711 266 Jerusalem.

923 281 992 309 Cum
1006 286 1108 312 autem.
1123 282 1171 314 ait,
1183 287 1307 309 avertero
1325 283 1495 310 aversionem
1517 282 1711 316 Sodomorum,

924 331 948 353 et
966 327 1107 359 Samariae,
1121 332 1148 354 et
1159 327 1319 360 Jerusalem,
1333 331 1399 355 tunc
1419 327 1447 354 in
1469 328 1613 362 antiquum
1632 329 1712 356 resti-

925 377 1051 405 tuentur,
1076 373 1194 407 primum
1219 373 1356 407 Sodoma,
1378 373 1457 408 cujus
1481 374 1588 408 priores
1613 376 1710 402 avertit

925 419 1096 451 aversiones;
1117 420 1237 446 secundo
1255 419 1388 452 Samaria,
1402 427 1484 454 quam
1503 421 1623 448 secundo
1643 429 1711 449 con-

924 466 1050 498 verterit;
1085 466 1166 494 tertio
1192 465 1359 499 Jerusalem,
1378 467 1422 494 cui
1446 467 1532 494 tertias
1555 468 1712 497 aversiones

924 511 1090 538 tribuuntur.
1118 511 1201 547 Igitur
1224 513 1352 540 sanitates
1379 514 1555 547 peccantibus
1581 514 1609 541 in
1636 521 1712 542 aver-

925 559 1001 585 sione
1036 557 1219 585 Sodomorum
1250 563 1277 585 et
1311 559 1426 586 tiliarum
1461 560 1538 594 ejus,
1573 559 1600 586 in
1634 567 1712 587 aver-

925 604 1002 630 sione
1033 603 1120 638 ipsius
1145 603 1312 636 Jerusalem,
1341 608 1368 632 et
1405 605 1563 632 tribuuntur
1591 606 1635 633 his
1663 605 1712 640 qui

925 649 1011 684 magis
1037 655 1163 677 amantur
1188 657 1204 677 a
1229 650 1298 683 Deo,
1330 651 1445 679 tardius.
1474 651 1592 679 Sodoma
1627 652 1710 687 quip-

924 703 958 730 pe
982 695 1130 730 iustiﬁcata
1155 696 1190 723 ab
1218 695 1387 728 Jerusalem,
1415 697 1502 731 prima
1532 699 1711 732 consequitur

924 740 1157 772 misericordiam,
1193 740 1220 767 id
1256 746 1297 768 est
1329 741 1455 777 gentiles.
1487 741 1611 769 Samaria
1644 750 1711 770 vero

923 785 1004 820 393
1021 786 1072 812 hoc
1083 791 1134 818 est,
1152 785 1283 819 haeretici,
1307 786 1335 813 in
1354 787 1475 814 secundo
1496 787 1557 814 loco
1572 787 1713 822 accipiunt

925 833 1080 860 sanitatem.
1094 831 1187 859 Tertio
1203 838 1266 858 vero
1280 832 1358 866 quasi
1378 832 1480 867 indigni
1498 833 1639 860 velooioris
1653 840 1710 861 me-

82 881 176 904 antem
189 882 232 904 cst
248 878 299 905 hoc
311 878 384 905 aliud
397 879 448 906 nisi
463 886 570 913 prunam
588 878 707 906 infamiae
721 879 874 907 sustineret
889 868 910 896 Β
925 878 992 905 dolat
1006 877 1033 904 in
1046 877 1190 912 pristinum
1209 881 1308 904 statum
1331 877 1513 904 restituuntur
1535 878 1582 912 qui
1601 877 1711 905 inerunt

82 921 154 948 Dum
167 929 232 957 rrgo
243 923 330 951 adhuc
346 924 408 951 licet
423 924 513 955 nobis,
523 924 652 951 debemus
666 924 872 952 minorationem

81 971 207 992 nostram
224 968 356 1001 patienter
371 967 453 1000 ferre,
475 973 504 995 ut
518 976 580 995 cum
599 969 642 995 hic
665 969 804 997 tristitiam
818 969 875 996 for-

80 1011 147 1038 titer
172 1013 394 1045 sustinuerimus,
413 1014 439 1040 in
465 1013 557 1040 futuro
579 1021 608 1041 εδ
618 1014 680 1041 culo
705 1022 872 1048 moveamus,

79 1061 109 1084 ut
126 1057 165 1083 ita
179 1057 278 1090 dicam,
292 1058 394 1086 viscera
418 1059 611 1087 misericordiae
630 1059 688 1091 Dei,
705 1064 732 1087 et
751 1060 874 1096 benigni-

77 1107 166 1130 tatem
181 1103 253 1138 ejus,
269 1109 299 1131 ut
320 1113 371 1132 nos
389 1111 497 1133 revocet
515 1106 542 1133 in
563 1106 708 1141 pristinum
727 1110 826 1134 statum
840 1107 874 1134 de

80 1148 235 1184 ignominia
252 1155 279 1178 et
297 1151 476 1184 confusione;
494 1153 631 1188 quomodo
654 1155 807 1181 econtrario
822 1154 874 1181 im-

79 1195 214 1230 possibile
230 1201 272 1223 est
287 1197 385 1231 lapidei
399 1198 491 1226 cordis
515 1199 632 1233 aliquem
650 1203 676 1226 et
691 1199 800 1234 penitus
817 1207 872 1227 non

79 1241 245 1268 sentientem
260 1242 389 1270 delictum
403 1251 494 1275 suum,
511 1248 538 1271 et
558 1249 620 1271 ante
635 1244 739 1271 vultum
752 1244 798 1272 Dei
815 1254 874 1273 om-

79 1286 233 1320 ttipotentis
254 1289 472 1323 superbientem,
492 1291 702 1318 miscricordiam
731 1292 871 1327 consequi.

79 1329 216 1360 Videmus
229 1333 300 1360 enim
316 1334 449 1368 quosdam
471 1335 557 1364 bonos
579 1336 688 1371 quidem
708 1337 823 1364 libenter
839 1337 872 1365 de

79 1384 113 1405 se
130 1377 214 1405 latam
230 1378 301 1406 ferre
314 1381 487 1412 sententiam,
500 1385 527 1409 et
542 1382 577 1409 ob
594 1382 706 1409 salutem
725 1390 803 1410 suam
824 1382 871 1410 Del

77 1423 372 1460 justiﬁearcjudicium
384 1435 391 1458 ;
405 1427 492 1454 malos
503 1435 568 1454 vero
579 1427 768 1462 blasphemare
781 1428 873 1456 adver-

78 1477 130 1497 sus
155 1471 355 1505 providentiam
373 1471 430 1505 Dei,
450 1477 477 1500 ct
497 1473 588 1501 dicere
605 1483 610 1500 :
627 1472 687 1501 Non
707 1481 768 1501 sum
792 1474 872 1510 digne

78 1515 258 1550 adiudicatus
271 1517 335 1545 huic
348 1518 478 1551 infamize,
492 1519 591 1554 injuste
612 1519 664 1547 ista
681 1519 826 1554 perpetior.
841 1519 870 1546 Si

76 1560 263 1595 justiticamus
276 1561 490 1596 Providentiam,
509 1563 640 1591 solvimus
661 1569 780 1591 nostram
800 1563 870 1591 infa-

77 1607 176 1635 miam.
199 1607 227 1635 Si
239 1616 303 1636 vero
314 1617 368 1636 non
381 1609 528 1644 recipimus
542 1609 644 1644 judicia
667 1608 724 1642 Dei,
739 1607 871 1644 multipli-

77 1661 179 1681 camus
194 1653 345 1682 infamiam.
360 1654 504 1688 Quomodo
524 1660 613 1682 autem
627 1654 778 1688 infamiam,
792 1654 831 1682 sic
844 1657 872 1682 et

78 1700 227 1734 supplicia,
244 1700 283 1728 sic
296 1705 324 1728 et
339 1705 445 1728 caetera.
458 1700 524 1734 Quae
542 1704 606 1728 sunt
624 1701 694 1727 enim
710 1700 783 1733 huic,
801 1708 874 1728 acet-

77 1744 147 1772 dere
171 1750 372 1773 consueverunt
385 1746 427 1773 his
442 1745 490 1782 qui
506 1753 522 1773 a
541 1745 596 1773 Deo
615 1753 664 1781 pro
684 1745 789 1774 delictis
809 1753 873 1781 pro-

77 1791 150 1826 priis
167 1792 338 1819 condemnati
352 1796 426 1820 sunt.

116 1835 146 1862 2.
162 1835 197 1863 Et
214 1840 243 1862 tu
259 1836 430 1871 confundere,
451 1840 476 1864 et
497 1837 585 1872 accipe
602 1836 774 1872 ignominiam
799 1841 872 1863 tuam

77 1881 107 1908 in
127 1890 158 1908 eo
183 1883 252 1918 quod
256 1880 417 1918 justiﬁcasti
426 1891 527 1910 sorores
549 1888 620 1910 tuas.
646 1881 712 1911 Plus
735 1891 873 1911 meremur

77 1927 271 1963 ignominiam,
283 1928 392 1963 quando
404 1929 470 1957 talia
482 1929 598 1956 facimus
609 1929 708 1964 quibus
718 1934 873 1964 peccatores

78 1974 127 2001 alii
140 1974 342 2008 justilloentur:
360 1978 390 2001 ut
403 1975 606 2010 comparatione
619 1975 779 2002 delictorum
798 1982 873 2001 meo-

75 2028 156 2052 rum,
172 2020 308 2048 malorum
323 2021 426 2048 scelera
448 2021 598 2056 antiquitus
620 2021 799 2048 condemnata
820 2020 873 2047 mi-

76 2064 232 2092 sericordia
255 2064 365 2097 liberet,
383 2073 416 2093 eo
430 2066 502 2100 quod
524 2073 575 2101 ego
596 2065 764 2100 snhsequens
781 2065 872 2100 pejora

79 2110 282 2138 commiserim.
305 2110 409 2138 Dicitur
424 2119 489 2146 ergo
512 2112 545 2139 ad
564 2112 740 2146 peccatricem
760 2111 873 2138 Jerusa-

77 2156 154 2183 lem:
170 2155 264 2191 Accipe
274 2156 444 2191 ignominiam
461 2162 534 2183 luant
548 2157 575 2183 in
585 2165 615 2184 eo
628 2157 697 2192 quod
713 2156 870 2192 justiﬁcasti

924 923 958 950 de
971 922 1133 951 Jerusalem.
1149 923 1219 950 Ante
1228 930 1293 958 ergo
1308 923 1431 958 gentiles,
1445 927 1508 951 ante
1524 923 1643 950 haeretici
1658 924 1711 951 cle-

925 969 1053 996 mentiam
1068 974 1282 1004 consequentur,
1299 976 1381 1004 quam
1395 977 1458 1001 nos,
1475 970 1499 997 si
1519 974 1609 997 tamen
1623 969 1708 997 fueri-

924 1023 986 1042 mus
1001 1015 1089 1050 impii,
1106 1014 1128 1042 si
1143 1019 1170 1042 et
1191 1022 1242 1042 nos
1256 1019 1366 1050 peccata
1386 1015 1579 1051 depresserint.
1601 1015 1709 1049 Quanto

922 1061 994 1088 enim
1019 1061 1159 1096 propiores
1182 1061 1316 1089 fuerimus
1331 1060 1397 1093 Deo,
1415 1066 1442 1088 et
1457 1061 1491 1088 ad
1513 1061 1708 1089 beatitudinem

922 1106 1080 1139 viciniores,
1093 1111 1170 1134 tanta
1182 1114 1243 1134 eum
1259 1106 1461 1142 peceaverimus
1480 1107 1590 1142 longius
1612 1107 1710 1136 flemus

923 1152 958 1179 ab
973 1160 1015 1184 ea,
1037 1152 1155 1186 proximi
1172 1151 1333 1179 terribilium
1353 1151 1591 1187 maximorumque
1611 1159 1710 1187 pinna-

923 1206 995 1225 rutn.
1008 1198 1115 1226 Justum
1132 1203 1175 1226 est
1194 1198 1294 1233 quippe
1306 1198 1440 1233 judicium
1461 1198 1527 1230 Dei,
1549 1202 1576 1226 et
1593 1203 1710 1233 potentes

922 1248 1040 1279 potenter
1054 1247 1184 1270 tormenta
1197 1244 1337 1277 patiuntur
1349 1244 1382 1271 “.
1397 1243 1448 1277 Qui
1471 1248 1562 1271 autem
1577 1245 1709 1274 minimus

922 1294 974 1322 est,
991 1293 1110 1316 moretur
1122 1289 1202 1317 citius
1218 1289 1444 1316 misericordiam.
1465 1289 1575 1318 Minima
1601 1295 1642 1319 est
1659 1290 1710 1318 So-

922 1335 1014 1367 doma,
1030 1340 1058 1362 et
1071 1339 1131 1370 post
1145 1342 1206 1362 eam
1224 1335 1252 1362 iu
1265 1335 1467 1369 comparatione
1482 1335 1635 1363 Jerusalem
1659 1337 1710 1364 mi-

922 1381 1012 1414 nima;
1028 1388 1084 1408 non
1107 1385 1198 1408 tamen
1221 1380 1294 1408 sicut
1310 1379 1439 1412 Sodoma,
1462 1380 1585 1408 Samaria
1607 1387 1668 1414 est;
1682 1387 1710 1409 ct

922 1427 983 1454 ideo
1002 1427 1120 1462 primum
1135 1427 1242 1453 illarum
1262 1426 1359 1453 avertit
1379 1426 1552 1458 aversiones,
1572 1433 1600 1454 et
1616 1432 1708 1462 palea

921 1472 1083 1506 Jerusalem,
1097 1473 1191 1500 dicens
1205 1473 1228 1488 θ’
1244 1481 1251 1499 :
1268 1473 1423 1498 Avertumct
1445 1473 1606 1499 asersionem
1624 1478 1707 1500 usam.

923 1519 1014 1546 Tertio
1030 1519 1102 1546 enim
1118 1519 1202 1554 gradu
1219 1518 1269 1546 hoc
1286 1519 1386 1546 dicitur
1396 1519 1428 1545 ad
1442 1517 1604 1546 Jerusalem.
1618 1519 1708 1546 Unum

921 1565 1032 1600 quando
1047 1565 1141 1592 avertit
1159 1565 1327 1592 aversionem
1339 1572 1437 1596 meam,
1453 1565 1476 1592 si
1489 1565 1613 1592 inventus
1631 1565 1709 1592 fuero

921 1609 1082 1642 Jerusalem,
1095 1614 1121 1636 et
1135 1614 1260 1643 peccator
1274 1609 1300 1636 in
1318 1609 1407 1636 medio
1427 1617 1551 1637 sororum
1573 1618 1706 1638 mearum.

922 1653 990 1681 Cum
1013 1654 1125 1681 audiero
1146 1663 1153 1681 :
1178 1653 1211 1681 Ut
1233 1654 1303 1688 feras
1326 1659 1484 1681 tormentum
1507 1659 1581 1681 tuum
1597 1654 1629 1681 ⁸³.
1646 1655 1709 1682 ldco

922 1699 1001 1726 tertio
1015 1699 1075 1726 loco
1091 1699 1128 1725 ait
1149 1707 1155 1725 :
1181 1699 1303 1725 Avertam
1324 1700 1485 1726 eversionem
1505 1704 1589 1733 tuam,-
1603 1706 1630 1727 et
1645 1705 1709 1735 post

920 1751 1036 1771 omnes:
1055 1743 1088 1771 Ut
1110 1744 1180 1779 [eras
1202 1749 1360 1771 tormentum
1376 1749 1467 1776 tuum,
1490 1751 1515 1772 et
1531 1745 1709 1772 dehonestaris

920 1790 955 1817 de
968 1790 1090 1817 omnibus
1103 1798 1162 1825 quae
1179 1790 1275 1824 fecisti.
1291 1789 1339 1817 Est
1357 1791 1480 1824 quaedam
1499 1798 1628 1818 mensura
1645 1799 1709 1826 pec-

922 1835 987 1867 cati,
998 1843 1081 1871 quam
1095 1836 1283 1870 unusquisque
1295 1835 1404 1870 recipiet
1417 1843 1466 1869 pro
1477 1843 1510 1862 eo
1525 1836 1597 1870 quod
1612 1844 1709 1871 pecca-

923 1882 970 1910 vit.
987 1882 1016 1909 Si
1032 1882 1152 1908 habuero
1166 1881 1365 1916 quinquaginta
1376 1885 1498 1915 peccata,
1510 1882 1708 1917 quinquaginta

922 1928 1011 1955 habeo
1034 1927 1216 1963 ignominias;
1242 1927 1265 1954 si
1291 1930 1411 1959 centum,
1433 1926 1615 1961 duplicabitur
1639 1927 1708 1955 mihi

922 1982 1002 2009 paena
1025 1981 1074 2008 pro
1096 1973 1192 2004 factis,
1215 1977 1242 2000 et
1258 1979 1307 2007 pro
1333 1972 1520 2007 magnitudine
1547 1973 1707 2000 delictorum

922 2021 1057 2048 tribuetur
1071 2019 1138 2046 mihi
1150 2019 1309 2054 ignominia.
1321 2018 1446 2045 Maximis
1458 2018 1575 2053 peccatis
1589 2026 1706 2054 magnus

920 2065 1060 2093 cruciatus
1074 2064 1241 2099 adjungitur.
1255 2063 1327 2092 Deus
1341 2069 1431 2092 autem
1443 2064 1518 2092 solus
1528 2072 1610 2092 verus
1621 2064 1707 2099 judex

922 2111 1125 2146 magnitudines
1137 2115 1321 2146 peccatorum,
1335 2115 1363 2137 et
1381 2109 1537 2145 ignominiae
1549 2111 1705 2146 qualitates,

922 2161 949 2184 et
964 2155 1068 2190 peccati
1084 2163 1226 2182 numerum
1235 2159 1324 2188 potest
1338 2154 1487 2189 pervidere.
1501 2155 1605 2183 Dicitur
1616 2154 1708 2191 itaque

75 2209 185 2229 sorores
205 2207 276 2229 tuas.
298 2201 399 2230 Deinde
421 2203 443 2229 si
465 2203 528 2237 quis
549 2203 695 2237 complevit
717 2203 769 2229 hoc
792 2201 865 2237 quod
885 2202 907 2229 ι)
921 2204 955 2229 ad
972 2201 1123 2229 Jerusalem
1141 2210 1148 2228 :
1166 2200 1200 2227 Ut
1213 2201 1283 2235 feras
1299 2206 1457 2228 tormentum
1473 2205 1583 2228 tuamet
1596 2202 1708 2230 delictu-

76 2246 215 2282 scriptum
239 2251 306 2274 est:
326 2246 509 2281 Confundcre;
529 2247 553 2274 si
571 2248 634 2282 quis
653 2252 813 2282 [u‘osecutus
829 2251 870 2274 est

76 2294 244 2322 sententiam
255 2293 303 2321 Dei
314 2299 470 2329 sequentem
484 2302 492 2321 :
505 2294 600 2328 Accipe
613 2294 786 2328 ignominiam
797 2298 870 2320 tum

74 2342 106 2368 in
132 2348 164 2367 eo
188 2340 258 2374 quod
270 2340 428 2374 jnsti/icasti
452 2347 553 2367 sorores
577 2345 656 2372 tuas;
678 2340 769 2367 videat
788 2340 869 2367 etiam

76 2386 209 2422 gratiam.
221 2386 360 2421 quomodo
378 2394 427 2421 pro
445 2385 606 2413 confusione
629 2385 793 2413 vicissitudo
813 2386 871 2412 cle-

74 2432 190 2460 mentite
203 2432 372 2464 restituatur,
391 2434 454 2467 quia
466 2439 520 2459 non
532 2431 726 2466 contempserit
737 2431 871 2466 judicium

77 2479 140 2511 Dei,
158 2478 207 2506 sed
225 2485 288 2505 cum
308 2478 383 2505 omni
405 2478 559 2505 humilitate
580 2477 733 2512 susceperit
749 2476 822 2512 quod
837 2476 872 2504 de

76 2531 106 2550 se
139 2522 229 2550 'uerat
255 2522 417 2557 iudicatum.
452 2523 522 2557 Quid
554 2530 620 2558 ergo
649 2522 871 2557 rem-omittitur?

75 2570 206 2596 Avertam
222 2568 370 2596 eversiones
388 2577 479 2596 eorum
499 2569 633 2596 aversione
652 2567 828 2596 Sodomorum
844 2571 870 2594 et

75 2623 203 2642 sororum
224 2614 298 2648 eius,
323 2616 351 2641 in
368 2623 397 2642 eo
413 2615 483 2650 quod
501 2615 661 2650 justi/iusti
685 2621 787 2640 sorores
809 2617 870 2640 tua;

74 2660 225 2687 Sodomam
247 2664 273 2687 et
293 2659 443 2687 Samariam
464 2660 498 2687 ‘°.
523 2659 669 2687 Sodomam
692 2658 824 2685 minorem
843 2661 871 2684 et

75 2705 237 2733 Samariam
261 2706 415 2739 seniorem,
445 2710 475 2733 ut
499 2706 526 2733 in
551 2704 694 2740 praeteritis
720 2704 841 2732 diximus
861 2712 868 2731 :

73 2752 204 2780 Acerram
222 2752 383 2779 aversioncm
403 2759 505 2784 eorum,
526 2751 552 2778 id
572 2755 628 2782 est,
650 2751 732 2778 trium
752 2757 868 2785 quarutn

112 2810 135 2826 ”
152 2809 221 2836 Dan.
236 2816 286 2839 xu,
299 2809 327 2836 2.
366 2809 388 2825 ‘°
402 2809 498 2837 Ezech.
516 2816 571 2842 xvi,
585 2808 629 2836 55.

73 2846 96 2862 ⁸⁸
111 2845 185 2873 Psal.
205 2852 310 2871 usui.

678 2807 698 2824 ⁶¹
714 2807 777 2843 Sap.
792 2815 830 2840 vi,
848 2806 874 2834 7.

921 2248 999 2275 steris
1011 2247 1043 2274 de
1057 2247 1175 2274 omnibus
1183 2254 1241 2280 quae
1251 2246 1336 2280 fecisti
1351 2246 1379 2272 in
1391 2245 1571 2274 exacerbantia
1583 2255 1632 2274 me.
1642 2246 1708 2275 Vide

921 2292 1076 2321 econtrario
1097 2291 1309 2319 satisfacientem
1333 2291 1435 2323 Deum,
1460 2294 1488 2318 et
1505 2292 1708 2325 quodammodo

921 2347 971 2374 per
993 2339 1050 2366 haec
1065 2338 1147 2365 verba
1163 2341 1305 2364 testantem
1325 2337 1398 2371 quod
1422 2336 1488 2364 iram
1503 2337 1561 2371 ipse
1583 2345 1636 2364 non
1660 2338 1710 2365 lia-

920 2384 994 2417 beat,
1008 2383 1054 2411 sed
1071 2386 1198 2418 peccator
1213 2382 1264 2410 sibi
1277 2382 1310 2410 ad
1323 2382 1391 2409 iram
1407 2381 1526 2409 concitet
1539 2381 1635 2409 Deum.
1652 2381 1708 2410 Un-

918 2429 952 2457 de
967 2434 994 2456 et
1009 2428 1155 2463 Apostolus
1170 2427 1207 2455 ait
1221 2427 1243 2444 “
1256 2436 1264 2455 :
1275 2428 1317 2455 An
1327 2428 1436 2456 diuitias
1452 2427 1581 2454 bonitatis
1595 2433 1620 2454 et
1633 2436 1708 2455 man-

918 2473 1070 2501 suetudinis
1076 2473 1144 2507 ejua,
1158 2479 1183 2500 et
1195 2473 1403 2508 touganimitatir
1412 2473 1570 2505 contemnis,
1582 2473 1708 2507 ignorans

919 2519 1044 2554 quoniam
1067 2518 1170 2544 bonitas
1192 2517 1241 2544 Dei
1259 2518 1294 2544 ad
1321 2518 1500 2552 pmitentiam
1526 2522 1549 2544 te
1571 2518 1709 2544 adducat?

919 2564 1005 2591 Juxta
1020 2568 1108 2591 autem
1128 2563 1257 2590 duritiam
1278 2568 1351 2590 luant
1369 2567 1393 2590 et
1408 2562 1570 2597 impcnitcns
1586 2571 1631 2588 cor
1653 2565 1709 2588 tlte-

920 2609 1041 2636 κιαι-ἕως
1061 2609 1108 2636 tibi
1121 2608 1201 2636 iram.
1221 2608 1361 2642 Separavit
1374 2608 1418 2635 hic
1433 2615 1523 2635 sermo
1538 2607 1707 2634 iracundiam

921 2664 937 2683 a
955 2655 1018 2683 Deo.
1036 2654 1140 2682 Revera
1153 2655 1226 2681 enim
1239 2654 1380 2681 iracundia
1394 2654 1468 2681 aliud
1485 2653 1613 2688 quiddam
1626 2661 1641 2680 a
1654 2652 1708 2680 Deo

921 2706 973 2733 est,
988 2709 1038 2728 nec
1053 2700 1078 2728 ei
1093 2705 1122 2727 ut
1138 2700 1218 2727 insita
1231 2699 1384 2734 copulatur.
1401 2698 1480 2726 Unde
1491 2703 1518 2726 ct
1535 2699 1568 2726 de
1585 2701 1709 2732 peceato-

923 2748 999 2776 ribus
1011 2747 1112 2775 dicitur
1126 2747 1148 2762 "
1161 2755 1168 2773 :
1184 2745 1302 2772 Emisisti
1316 2745 1384 2772 iram
1397 2750 1478 2777 tuam,
1493 2749 1517 2772 et
1530 2744 1641 2771 conrodit
1654 2751 1707 2770 eos.

925 2805 947 2821 ’ί
961 2803 1058 2831 Ezech.
1078 2810 1133 2836 ιιι,
1149 2802 1192 2829 55.
1240 2801 1263 2817 “
1282 2801 1348 2829 ibid.
1363 2800 1407 2828 54.
1461 2800 1483 2816 ⁸⁸
1500 2799 1578 2828 ROm.
1598 2809 1627 2833 tt,
1641 2800 1708 2833 ιβ.
