  <div class='ocr_page' id='page_1' title='image "/cluster/home/n/w/nwhite01/storage/ocr_20150623/13/njp.32101077772430/461.png"; bbox 0 0 1882 3052; ppageno 0'>
   <div class='ocr_carea' id='block_1_1' title="bbox 177 107 228 135">
    <p class='ocr_par' dir='ltr' id='par_1_1' title="bbox 177 107 228 135">
     <span class='ocr_line' id='line_1_1' title="bbox 177 107 228 135; baseline -0.02 0"><span class='ocrx_word' id='word_1_1' title='bbox 177 107 228 135; x_wconf 66' lang='grc'><strong>743</strong></span> 
     </span>
    </p>
   </div>
   <div class='ocr_carea' id='block_1_2' title="bbox 760 101 1214 132">
    <p class='ocr_par' dir='ltr' id='par_1_2' title="bbox 760 101 1214 132">
     <span class='ocr_line' id='line_1_2' title="bbox 760 101 1214 132; baseline -0.007 0"><span class='ocrx_word' id='word_1_2' title='bbox 760 103 921 132; x_wconf 76' lang='lat' dir='ltr'><strong>ORIGENIS</strong></span> <span class='ocrx_word' id='word_1_3' title='bbox 942 101 975 129; x_wconf 77' lang='lat' dir='ltr'><strong>IN</strong></span> <span class='ocrx_word' id='word_1_4' title='bbox 995 101 1214 130; x_wconf 66' lang='lat' dir='ltr'><strong>EZEClilElEiI</strong></span> 
     </span>
    </p>
   </div>
   <div class='ocr_carea' id='block_1_3' title="bbox 1764 97 1810 124">
    <p class='ocr_par' dir='ltr' id='par_1_3' title="bbox 1764 97 1810 124">
     <span class='ocr_line' id='line_1_3' title="bbox 1764 97 1810 124; baseline 0.022 -1"><span class='ocrx_word' id='word_1_5' title='bbox 1764 97 1791 123; x_wconf 30' lang='lat'><strong>7.!</strong></span> <span class='ocrx_word' id='word_1_6' title='bbox 1798 97 1810 124; x_wconf 76' lang='grc' dir='ltr'>ι</span> 
     </span>
    </p>
   </div>
   <div class='ocr_carea' id='block_1_4' title="bbox 175 158 1809 200">
    <p class='ocr_par' dir='ltr' id='par_1_4' title="bbox 175 158 1809 200">
     <span class='ocr_line' id='line_1_4' title="bbox 175 158 1809 200; baseline -0.007 -7"><span class='ocrx_word' id='word_1_7' title='bbox 175 164 261 194; x_wconf 82' lang='lat' dir='ltr'><strong>Nemo</strong></span> <span class='ocrx_word' id='word_1_8' title='bbox 276 164 350 200; x_wconf 87' lang='lat' dir='ltr'><strong>quod</strong></span> <span class='ocrx_word' id='word_1_9' title='bbox 376 164 429 193; x_wconf 84' lang='lat' dir='ltr'><strong>sibi</strong></span> <span class='ocrx_word' id='word_1_10' title='bbox 446 164 551 193; x_wconf 85' lang='lat' dir='ltr'><strong>socium</strong></span> <span class='ocrx_word' id='word_1_11' title='bbox 569 168 611 192; x_wconf 90' lang='lat' dir='ltr'><strong>est</strong></span> <span class='ocrx_word' id='word_1_12' title='bbox 632 168 659 191; x_wconf 87' lang='lat' dir='ltr'><strong>et</strong></span> <span class='ocrx_word' id='word_1_13' title='bbox 678 169 821 200; x_wconf 72' lang='lat' dir='ltr'><strong>cognatum</strong></span> <span class='ocrx_word' id='word_1_14' title='bbox 839 163 964 191; x_wconf 77' lang='lat' dir='ltr'><strong>emittere</strong></span> <span class='ocrx_word' id='word_1_15' title='bbox 979 164 999 192; x_wconf 78' lang='grc' dir='ltr'><strong>Α</strong></span> <span class='ocrx_word' id='word_1_16' title='bbox 1016 163 1105 195; x_wconf 81' lang='lat' dir='ltr'><strong>lu0,in</strong></span> <span class='ocrx_word' id='word_1_17' title='bbox 1121 162 1212 189; x_wconf 81' lang='lat' dir='ltr'><strong>diebus</strong></span> <span class='ocrx_word' id='word_1_18' title='bbox 1225 162 1354 196; x_wconf 72' lang='lat' dir='ltr'><strong>superbia:</strong></span> <span class='ocrx_word' id='word_1_19' title='bbox 1370 167 1432 192; x_wconf 69' lang='lat' dir='ltr'><strong>utar,</strong></span> <span class='ocrx_word' id='word_1_20' title='bbox 1446 158 1668 196; x_wconf 78' lang='lat' dir='ltr'><strong>quemadmodum</strong></span> <span class='ocrx_word' id='word_1_21' title='bbox 1683 164 1753 183; x_wconf 77' lang='lat' dir='ltr'><strong>nunc</strong></span> <span class='ocrx_word' id='word_1_22' title='bbox 1766 165 1809 190; x_wconf 84' lang='lat' dir='ltr'><strong>op-</strong></span> 
     </span>
    </p>
   </div>
   <div class='ocr_carea' id='block_1_5' title="bbox 175 209 964 247">
    <p class='ocr_par' dir='ltr' id='par_1_5' title="bbox 175 209 964 247">
     <span class='ocr_line' id='line_1_5' title="bbox 175 209 964 247; baseline -0.005 -7"><span class='ocrx_word' id='word_1_23' title='bbox 175 216 275 247; x_wconf 86' lang='lat' dir='ltr'><strong>potest,</strong></span> <span class='ocrx_word' id='word_1_24' title='bbox 292 219 385 239; x_wconf 81' lang='lat' dir='ltr'><strong>verum</strong></span> <span class='ocrx_word' id='word_1_25' title='bbox 411 211 545 239; x_wconf 70' lang='lat' dir='ltr'><strong>emittitur</strong></span> <span class='ocrx_word' id='word_1_26' title='bbox 567 211 639 246; x_wconf 90' lang='lat' dir='ltr'><strong>quod</strong></span> <span class='ocrx_word' id='word_1_27' title='bbox 654 210 728 237; x_wconf 81' lang='lat' dir='ltr'><strong>aliud</strong></span> <span class='ocrx_word' id='word_1_28' title='bbox 749 215 791 238; x_wconf 89' lang='lat' dir='ltr'><strong>est</strong></span> <span class='ocrx_word' id='word_1_29' title='bbox 811 210 846 237; x_wconf 90' lang='lat' dir='ltr'><strong>ab</strong></span> <span class='ocrx_word' id='word_1_30' title='bbox 866 217 899 237; x_wconf 90' lang='lat' dir='ltr'><strong>eo</strong></span> <span class='ocrx_word' id='word_1_31' title='bbox 917 209 964 244; x_wconf 86' lang='lat' dir='ltr'><strong>qui</strong></span> 
     </span>
    </p>
   </div>
   <div class='ocr_carea' id='block_1_6' title="bbox 176 255 965 292">
    <p class='ocr_par' dir='ltr' id='par_1_6' title="bbox 176 255 965 292">
     <span class='ocr_line' id='line_1_6' title="bbox 176 255 965 292; baseline -0.001 -8"><span class='ocrx_word' id='word_1_32' title='bbox 176 258 286 285; x_wconf 84' lang='lat' dir='ltr'><strong>emittit.</strong></span> <span class='ocrx_word' id='word_1_33' title='bbox 308 257 352 285; x_wconf 90' lang='lat' dir='ltr'><strong>Sic</strong></span> <span class='ocrx_word' id='word_1_34' title='bbox 374 263 402 284; x_wconf 91' lang='lat' dir='ltr'><strong>et</strong></span> <span class='ocrx_word' id='word_1_35' title='bbox 425 265 475 284; x_wconf 89' lang='lat' dir='ltr'><strong>nos</strong></span> <span class='ocrx_word' id='word_1_36' title='bbox 498 257 635 292; x_wconf 85' lang='lat' dir='ltr'><strong>peccando</strong></span> <span class='ocrx_word' id='word_1_37' title='bbox 655 257 798 284; x_wconf 83' lang='lat' dir='ltr'><strong>irritamus</strong></span> <span class='ocrx_word' id='word_1_38' title='bbox 816 255 914 289; x_wconf 89' lang='lat' dir='ltr'><strong>Deum,</strong></span> <span class='ocrx_word' id='word_1_39' title='bbox 936 259 965 283; x_wconf 88' lang='lat' dir='ltr'><strong>ut</strong></span> 
     </span>
    </p>
   </div>
   <div class='ocr_carea' id='block_1_7' title="bbox 176 302 698 338">
    <p class='ocr_par' dir='ltr' id='par_1_7' title="bbox 176 302 698 338">
     <span class='ocr_line' id='line_1_7' title="bbox 176 302 698 338; baseline -0.004 -7"><span class='ocrx_word' id='word_1_40' title='bbox 176 303 267 331; x_wconf 83' lang='lat' dir='ltr'><strong>mittat</strong></span> <span class='ocrx_word' id='word_1_41' title='bbox 279 303 347 330; x_wconf 87' lang='lat' dir='ltr'><strong>iram</strong></span> <span class='ocrx_word' id='word_1_42' title='bbox 365 311 446 338; x_wconf 87' lang='lat' dir='ltr'><strong>quam</strong></span> <span class='ocrx_word' id='word_1_43' title='bbox 465 303 523 338; x_wconf 88' lang='lat' dir='ltr'><strong>ipse</strong></span> <span class='ocrx_word' id='word_1_44' title='bbox 538 310 592 329; x_wconf 92' lang='lat' dir='ltr'><strong>non</strong></span> <span class='ocrx_word' id='word_1_45' title='bbox 608 302 698 330; x_wconf 82' lang='lat' dir='ltr'><strong>habet.</strong></span> 
     </span>
    </p>
   </div>
   <div class='ocr_carea' id='block_1_8' title="bbox 212 348 964 383">
    <p class='ocr_par' dir='ltr' id='par_1_8' title="bbox 212 348 964 383">
     <span class='ocr_line' id='line_1_8' title="bbox 212 348 964 383; baseline -0.003 -6"><span class='ocrx_word' id='word_1_46' title='bbox 212 350 239 377; x_wconf 80' lang='lat'><strong>5.</strong></span> <span class='ocrx_word' id='word_1_47' title='bbox 255 349 318 377; x_wconf 91' lang='lat' dir='ltr'><strong>Post</strong></span> <span class='ocrx_word' id='word_1_48' title='bbox 330 350 396 381; x_wconf 69' lang='lat' dir='ltr'><strong>haec,</strong></span> <span class='ocrx_word' id='word_1_49' title='bbox 411 348 440 378; x_wconf 84' lang='lat' dir='ltr'><strong>id</strong></span> <span class='ocrx_word' id='word_1_50' title='bbox 453 353 496 376; x_wconf 88' lang='lat' dir='ltr'><strong>est</strong></span> <span class='ocrx_word' id='word_1_51' title='bbox 514 353 575 383; x_wconf 80' lang='lat' dir='ltr'><strong>post</strong></span> <span class='ocrx_word' id='word_1_52' title='bbox 592 348 777 381; x_wconf 85' lang='lat' dir='ltr'><strong>aversionem,</strong></span> <span class='ocrx_word' id='word_1_53' title='bbox 802 348 904 376; x_wconf 88' lang='lat' dir='ltr'><strong>dicitur</strong></span> <span class='ocrx_word' id='word_1_54' title='bbox 915 348 937 367; x_wconf 74' lang='lat'><strong>“</strong></span> <span class='ocrx_word' id='word_1_55' title='bbox 956 356 964 374; x_wconf 89' lang='lat'><strong>:</strong></span> 
     </span>
    </p>
   </div>
   <div class='ocr_carea' id='block_1_9' title="bbox 178 393 966 428">
    <p class='ocr_par' dir='ltr' id='par_1_9' title="bbox 178 393 966 428">
     <span class='ocr_line' id='line_1_9' title="bbox 178 393 966 428; baseline -0.005 -4"><span class='ocrx_word' id='word_1_56' title='bbox 178 395 293 424; x_wconf 82' lang='lat' dir='ltr'><strong>Sodoma</strong></span> <span class='ocrx_word' id='word_1_57' title='bbox 314 402 390 422; x_wconf 75' lang='lat' dir='ltr'><strong>soror</strong></span> <span class='ocrx_word' id='word_1_58' title='bbox 406 399 467 426; x_wconf 83' lang='lat' dir='ltr'><strong>tua,</strong></span> <span class='ocrx_word' id='word_1_59' title='bbox 489 398 514 421; x_wconf 89' lang='lat' dir='ltr'><strong>et</strong></span> <span class='ocrx_word' id='word_1_60' title='bbox 535 393 599 428; x_wconf 67' lang='lat' dir='ltr'><strong>ﬁlim</strong></span> <span class='ocrx_word' id='word_1_61' title='bbox 620 395 678 428; x_wconf 84' lang='lat' dir='ltr'><strong>ejus</strong></span> <span class='ocrx_word' id='word_1_62' title='bbox 700 395 873 420; x_wconf 76' lang='lat' dir='ltr'><strong>restituentur</strong></span> <span class='ocrx_word' id='word_1_63' title='bbox 897 394 966 420; x_wconf 75' lang='lat' dir='ltr'><strong>sicut</strong></span> 
     </span>
    </p>
   </div>
   <div class='ocr_carea' id='block_1_10' title="bbox 176 440 967 476">
    <p class='ocr_par' dir='ltr' id='par_1_10' title="bbox 176 440 967 476">
     <span class='ocr_line' id='line_1_10' title="bbox 176 440 967 476; baseline -0.005 -5"><span class='ocrx_word' id='word_1_64' title='bbox 176 448 252 471; x_wconf 83' lang='lat' dir='ltr'><strong>erant</strong></span> <span class='ocrx_word' id='word_1_65' title='bbox 266 443 297 470; x_wconf 83' lang='lat' dir='ltr'><strong>ab</strong></span> <span class='ocrx_word' id='word_1_66' title='bbox 311 442 398 469; x_wconf 71' lang='lat' dir='ltr'><strong>initio.</strong></span> <span class='ocrx_word' id='word_1_67' title='bbox 417 441 502 469; x_wconf 84' lang='lat' dir='ltr'><strong>Venio</strong></span> <span class='ocrx_word' id='word_1_68' title='bbox 522 441 555 468; x_wconf 90' lang='lat' dir='ltr'><strong>ad</strong></span> <span class='ocrx_word' id='word_1_69' title='bbox 572 440 703 476; x_wconf 78' lang='lat' dir='ltr'><strong>imagines</strong></span> <span class='ocrx_word' id='word_1_70' title='bbox 712 444 740 468; x_wconf 87' lang='lat' dir='ltr'><strong>et</strong></span> <span class='ocrx_word' id='word_1_71' title='bbox 754 440 866 476; x_wconf 80' lang='lat' dir='ltr'><strong>tiguras,</strong></span> <span class='ocrx_word' id='word_1_72' title='bbox 880 444 907 467; x_wconf 90' lang='lat' dir='ltr'><strong>et</strong></span> <span class='ocrx_word' id='word_1_73' title='bbox 925 440 967 467; x_wconf 85' lang='lat' dir='ltr'><strong>vi-</strong></span> 
     </span>
    </p>
   </div>
   <div class='ocr_carea' id='block_1_11' title="bbox 177 485 967 523">
    <p class='ocr_par' dir='ltr' id='par_1_11' title="bbox 177 485 967 523">
     <span class='ocr_line' id='line_1_11' title="bbox 177 485 967 523; baseline -0.005 -7"><span class='ocrx_word' id='word_1_74' title='bbox 177 489 228 516; x_wconf 84' lang='lat' dir='ltr'><strong>deo</strong></span> <span class='ocrx_word' id='word_1_75' title='bbox 243 492 344 523; x_wconf 87' lang='lat' dir='ltr'><strong>quanto</strong></span> <span class='ocrx_word' id='word_1_76' title='bbox 358 492 479 522; x_wconf 86' lang='lat' dir='ltr'><strong>tempore</strong></span> <span class='ocrx_word' id='word_1_77' title='bbox 491 486 648 514; x_wconf 83' lang='lat' dir='ltr'><strong>excruciata</strong></span> <span class='ocrx_word' id='word_1_78' title='bbox 665 485 784 514; x_wconf 77' lang='lat' dir='ltr'><strong>Sodoma</strong></span> <span class='ocrx_word' id='word_1_79' title='bbox 807 486 967 513; x_wconf 80' lang='lat' dir='ltr'><strong>restituatur</strong></span> 
     </span>
    </p>
   </div>
   <div class='ocr_carea' id='block_1_12' title="bbox 176 532 965 568">
    <p class='ocr_par' dir='ltr' id='par_1_12' title="bbox 176 532 965 568">
     <span class='ocr_line' id='line_1_12' title="bbox 176 532 965 568; baseline -0.003 -7"><span class='ocrx_word' id='word_1_80' title='bbox 176 533 205 561; x_wconf 81' lang='lat' dir='ltr'><strong>in</strong></span> <span class='ocrx_word' id='word_1_81' title='bbox 217 534 370 568; x_wconf 87' lang='lat' dir='ltr'><strong>antiquum.</strong></span> <span class='ocrx_word' id='word_1_82' title='bbox 389 532 418 560; x_wconf 87' lang='lat' dir='ltr'><strong>Si</strong></span> <span class='ocrx_word' id='word_1_83' title='bbox 430 537 521 560; x_wconf 87' lang='lat' dir='ltr'><strong>autem</strong></span> <span class='ocrx_word' id='word_1_84' title='bbox 535 532 561 559; x_wconf 91' lang='lat' dir='ltr'><strong>id</strong></span> <span class='ocrx_word' id='word_1_85' title='bbox 578 532 650 567; x_wconf 87' lang='lat' dir='ltr'><strong>quod</strong></span> <span class='ocrx_word' id='word_1_86' title='bbox 667 539 715 567; x_wconf 83' lang='lat' dir='ltr'><strong>per</strong></span> <span class='ocrx_word' id='word_1_87' title='bbox 729 532 843 567; x_wconf 76' lang='lat' dir='ltr'><strong>figuram</strong></span> <span class='ocrx_word' id='word_1_88' title='bbox 861 532 965 559; x_wconf 89' lang='lat' dir='ltr'><strong>dictum</strong></span> 
     </span>
    </p>
   </div>
   <div class='ocr_carea' id='block_1_13' title="bbox 177 577 966 613">
    <p class='ocr_par' dir='ltr' id='par_1_13' title="bbox 177 577 966 613">
     <span class='ocr_line' id='line_1_13' title="bbox 177 577 966 613; baseline -0.004 -6"><span class='ocrx_word' id='word_1_89' title='bbox 177 583 219 607; x_wconf 88' lang='lat' dir='ltr'><strong>est</strong></span> <span class='ocrx_word' id='word_1_90' title='bbox 236 579 272 606; x_wconf 89' lang='lat' dir='ltr'><strong>ita</strong></span> <span class='ocrx_word' id='word_1_91' title='bbox 290 586 319 606; x_wconf 87' lang='lat' dir='ltr'><strong>se</strong></span> <span class='ocrx_word' id='word_1_92' title='bbox 335 579 426 611; x_wconf 84' lang='lat' dir='ltr'><strong>habet,</strong></span> <span class='ocrx_word' id='word_1_93' title='bbox 442 578 507 613; x_wconf 91' lang='lat' dir='ltr'><strong>quid</strong></span> <span class='ocrx_word' id='word_1_94' title='bbox 529 577 564 605; x_wconf 89' lang='lat' dir='ltr'><strong>de</strong></span> <span class='ocrx_word' id='word_1_95' title='bbox 580 584 613 605; x_wconf 91' lang='lat' dir='ltr'><strong>eo</strong></span> <span class='ocrx_word' id='word_1_96' title='bbox 629 577 674 605; x_wconf 85' lang='lat' dir='ltr'><strong>ﬂet</strong></span> <span class='ocrx_word' id='word_1_97' title='bbox 689 578 735 611; x_wconf 88' lang='lat' dir='ltr'><strong>qui</strong></span> <span class='ocrx_word' id='word_1_98' title='bbox 761 585 824 605; x_wconf 85' lang='lat' dir='ltr'><strong>vere</strong></span> <span class='ocrx_word' id='word_1_99' title='bbox 846 577 966 605; x_wconf 85' lang='lat' dir='ltr'><strong>Sodoma</strong></span> 
     </span>
    </p>
   </div>
   <div class='ocr_carea' id='block_1_14' title="bbox 177 624 966 660">
    <p class='ocr_par' dir='ltr' id='par_1_14' title="bbox 177 624 966 660">
     <span class='ocr_line' id='line_1_14' title="bbox 177 624 966 660; baseline -0.003 -7"><span class='ocrx_word' id='word_1_100' title='bbox 177 624 280 653; x_wconf 79' lang='lat' dir='ltr'><strong>fuerit?</strong></span> <span class='ocrx_word' id='word_1_101' title='bbox 303 624 401 652; x_wconf 87' lang='lat' dir='ltr'><strong>Statim</strong></span> <span class='ocrx_word' id='word_1_102' title='bbox 427 628 490 659; x_wconf 85' lang='lat' dir='ltr'><strong>post</strong></span> <span class='ocrx_word' id='word_1_103' title='bbox 510 624 643 652; x_wconf 80' lang='lat' dir='ltr'><strong>diluvium</strong></span> <span class='ocrx_word' id='word_1_104' title='bbox 665 624 770 652; x_wconf 87' lang='lat' dir='ltr'><strong>decima</strong></span> <span class='ocrx_word' id='word_1_105' title='bbox 791 624 966 660; x_wconf 77' lang='lat' dir='ltr'><strong>generatione</strong></span> 
     </span>
    </p>
   </div>
   <div class='ocr_carea' id='block_1_15' title="bbox 176 670 964 706">
    <p class='ocr_par' dir='ltr' id='par_1_15' title="bbox 176 670 964 706">
     <span class='ocr_line' id='line_1_15' title="bbox 176 670 964 706; baseline 0.001 -8"><span class='ocrx_word' id='word_1_106' title='bbox 176 679 256 705; x_wconf 85' lang='lat' dir='ltr'><strong>passa</strong></span> <span class='ocrx_word' id='word_1_107' title='bbox 272 674 314 698; x_wconf 85' lang='lat' dir='ltr'><strong>est</strong></span> <span class='ocrx_word' id='word_1_108' title='bbox 335 670 455 698; x_wconf 80' lang='lat' dir='ltr'><strong>Sodoma</strong></span> <span class='ocrx_word' id='word_1_109' title='bbox 473 678 505 698; x_wconf 87' lang='lat' dir='ltr'><strong>ea</strong></span> <span class='ocrx_word' id='word_1_110' title='bbox 527 678 588 705; x_wconf 65' lang='lat' dir='ltr'><strong>qua:</strong></span> <span class='ocrx_word' id='word_1_111' title='bbox 613 671 640 698; x_wconf 91' lang='lat' dir='ltr'><strong>in</strong></span> <span class='ocrx_word' id='word_1_112' title='bbox 664 670 761 699; x_wconf 89' lang='lat' dir='ltr'><strong>Genesi</strong></span> <span class='ocrx_word' id='word_1_113' title='bbox 788 672 914 706; x_wconf 83' lang='lat' dir='ltr'><strong>leguntur</strong></span> <span class='ocrx_word' id='word_1_114' title='bbox 931 673 964 699; x_wconf 81' lang='grc'><strong>⁸⁷.</strong></span> 
     </span>
    </p>
   </div>
   <div class='ocr_carea' id='block_1_16' title="bbox 176 716 966 753">
    <p class='ocr_par' dir='ltr' id='par_1_16' title="bbox 176 716 966 753">
     <span class='ocr_line' id='line_1_16' title="bbox 176 716 966 753; baseline 0.001 -9"><span class='ocrx_word' id='word_1_115' title='bbox 176 717 241 744; x_wconf 88' lang='lat' dir='ltr'><strong>Erat</strong></span> <span class='ocrx_word' id='word_1_116' title='bbox 256 717 328 745; x_wconf 93' lang='lat' dir='ltr'><strong>enim</strong></span> <span class='ocrx_word' id='word_1_117' title='bbox 342 718 419 752; x_wconf 92' lang='lat' dir='ltr'><strong>prius</strong></span> <span class='ocrx_word' id='word_1_118' title='bbox 434 717 513 752; x_wconf 83' lang='lat' dir='ltr'><strong>quasi</strong></span> <span class='ocrx_word' id='word_1_119' title='bbox 530 717 674 752; x_wconf 85' lang='lat' dir='ltr'><strong>paradisus</strong></span> <span class='ocrx_word' id='word_1_120' title='bbox 686 716 744 749; x_wconf 86' lang='lat' dir='ltr'><strong>Dei,</strong></span> <span class='ocrx_word' id='word_1_121' title='bbox 759 722 786 745; x_wconf 85' lang='lat' dir='ltr'><strong>et</strong></span> <span class='ocrx_word' id='word_1_122' title='bbox 799 718 878 753; x_wconf 85' lang='lat' dir='ltr'><strong>quasi</strong></span> <span class='ocrx_word' id='word_1_123' title='bbox 894 723 966 746; x_wconf 86' lang='lat' dir='ltr'><strong>terra</strong></span> 
     </span>
    </p>
   </div>
   <div class='ocr_carea' id='block_1_17' title="bbox 177 762 966 799">
    <p class='ocr_par' dir='ltr' id='par_1_17' title="bbox 177 762 966 799">
     <span class='ocr_line' id='line_1_17' title="bbox 177 762 966 799; baseline 0.001 -8"><span class='ocrx_word' id='word_1_124' title='bbox 177 763 296 799; x_wconf 67' lang='lat' dir='ltr'><strong>Egypti;</strong></span> <span class='ocrx_word' id='word_1_125' title='bbox 315 768 502 791; x_wconf 88' lang='lat' dir='ltr'><strong>verumtamen</strong></span> <span class='ocrx_word' id='word_1_126' title='bbox 519 763 622 791; x_wconf 87' lang='lat' dir='ltr'><strong>factum</strong></span> <span class='ocrx_word' id='word_1_127' title='bbox 646 768 689 791; x_wconf 87' lang='lat' dir='ltr'><strong>est</strong></span> <span class='ocrx_word' id='word_1_128' title='bbox 705 762 831 791; x_wconf 67' lang='lat' dir='ltr'><strong>Sodomae</strong></span> <span class='ocrx_word' id='word_1_129' title='bbox 853 765 877 791; x_wconf 92' lang='lat' dir='ltr'><strong>id</strong></span> <span class='ocrx_word' id='word_1_130' title='bbox 893 765 966 799; x_wconf 87' lang='lat' dir='ltr'><strong>quod</strong></span> 
     </span>
    </p>
   </div>
   <div class='ocr_carea' id='block_1_18' title="bbox 176 810 965 845">
    <p class='ocr_par' dir='ltr' id='par_1_18' title="bbox 176 810 965 845">
     <span class='ocr_line' id='line_1_18' title="bbox 176 810 965 845; baseline 0.004 -9"><span class='ocrx_word' id='word_1_131' title='bbox 176 810 258 837; x_wconf 89' lang='lat' dir='ltr'><strong>etiam</strong></span> <span class='ocrx_word' id='word_1_132' title='bbox 282 818 355 838; x_wconf 92' lang='lat' dir='ltr'><strong>nunc</strong></span> <span class='ocrx_word' id='word_1_133' title='bbox 378 810 501 845; x_wconf 81' lang='lat' dir='ltr'><strong>vestigiis</strong></span> <span class='ocrx_word' id='word_1_134' title='bbox 524 810 643 844; x_wconf 82' lang='lat' dir='ltr'><strong>regionis</strong></span> <span class='ocrx_word' id='word_1_135' title='bbox 670 810 729 845; x_wconf 89' lang='lat' dir='ltr'><strong>ejus</strong></span> <span class='ocrx_word' id='word_1_136' title='bbox 750 811 867 845; x_wconf 88' lang='lat' dir='ltr'><strong>perspici</strong></span> <span class='ocrx_word' id='word_1_137' title='bbox 891 812 965 839; x_wconf 90' lang='lat' dir='ltr'><strong>licet.</strong></span> 
     </span>
    </p>
   </div>
   <div class='ocr_carea' id='block_1_19' title="bbox 1017 203 1810 242">
    <p class='ocr_par' dir='ltr' id='par_1_19' title="bbox 1017 203 1810 242">
     <span class='ocr_line' id='line_1_19' title="bbox 1017 203 1810 242; baseline -0.008 -9"><span class='ocrx_word' id='word_1_138' title='bbox 1017 207 1153 242; x_wconf 74' lang='lat' dir='ltr'><strong>probi-ium</strong></span> <span class='ocrx_word' id='word_1_139' title='bbox 1168 215 1194 234; x_wconf 85' lang='lat' dir='ltr'><strong>es</strong></span> <span class='ocrx_word' id='word_1_140' title='bbox 1214 206 1334 241; x_wconf 87' lang='lat' dir='ltr'><strong>ﬁliarum</strong></span> <span class='ocrx_word' id='word_1_141' title='bbox 1356 207 1458 241; x_wconf 76' lang='lat' dir='ltr'><strong>Syriw,</strong></span> <span class='ocrx_word' id='word_1_142' title='bbox 1482 209 1506 231; x_wconf 84' lang='lat' dir='ltr'><strong>et</strong></span> <span class='ocrx_word' id='word_1_143' title='bbox 1530 203 1653 230; x_wconf 80' lang='lat' dir='ltr'><strong>omnibus</strong></span> <span class='ocrx_word' id='word_1_144' title='bbox 1675 209 1736 237; x_wconf 67' lang='lat' dir='ltr'><strong>qua:</strong></span> <span class='ocrx_word' id='word_1_145' title='bbox 1754 207 1810 228; x_wconf 73' lang='lat' dir='ltr'><strong>sunt</strong></span> 
     </span>
    </p>
   </div>
   <div class='ocr_carea' id='block_1_20' title="bbox 1019 249 1811 287">
    <p class='ocr_par' dir='ltr' id='par_1_20' title="bbox 1019 249 1811 287">
     <span class='ocr_line' id='line_1_20' title="bbox 1019 249 1811 287; baseline -0.009 -7"><span class='ocrx_word' id='word_1_146' title='bbox 1019 253 1046 280; x_wconf 87' lang='lat' dir='ltr'><strong>in</strong></span> <span class='ocrx_word' id='word_1_147' title='bbox 1060 254 1175 280; x_wconf 81' lang='lat' dir='ltr'><strong>circuitu</strong></span> <span class='ocrx_word' id='word_1_148' title='bbox 1191 258 1235 279; x_wconf 87' lang='lat' dir='ltr'><strong>tuo</strong></span> <span class='ocrx_word' id='word_1_149' title='bbox 1260 253 1378 287; x_wconf 79' lang='lat' dir='ltr'><strong>ﬁliarum</strong></span> <span class='ocrx_word' id='word_1_150' title='bbox 1397 252 1605 286; x_wconf 70' lang='lat' dir='ltr'><strong>alienigenarum:</strong></span> <span class='ocrx_word' id='word_1_151' title='bbox 1620 257 1681 284; x_wconf 73' lang='lat' dir='ltr'><strong>autc</strong></span> <span class='ocrx_word' id='word_1_152' title='bbox 1698 249 1811 274; x_wconf 78' lang='lat' dir='ltr'><strong>circum-</strong></span> 
     </span>
    </p>
   </div>
   <div class='ocr_carea' id='block_1_21' title="bbox 1019 292 1811 333">
    <p class='ocr_par' dir='ltr' id='par_1_21' title="bbox 1019 292 1811 333">
     <span class='ocr_line' id='line_1_21' title="bbox 1019 292 1811 333; baseline -0.009 -8"><span class='ocrx_word' id='word_1_153' title='bbox 1019 299 1083 325; x_wconf 85' lang='lat' dir='ltr'><strong>dant</strong></span> <span class='ocrx_word' id='word_1_154' title='bbox 1097 304 1120 325; x_wconf 90' lang='lat' dir='ltr'><strong>te</strong></span> <span class='ocrx_word' id='word_1_155' title='bbox 1138 299 1164 325; x_wconf 86' lang='lat' dir='ltr'><strong>in</strong></span> <span class='ocrx_word' id='word_1_156' title='bbox 1177 306 1251 333; x_wconf 81' lang='lat' dir='ltr'><strong>gyro.</strong></span> <span class='ocrx_word' id='word_1_157' title='bbox 1267 297 1421 332; x_wconf 77' lang='lat' dir='ltr'><strong>Impietales</strong></span> <span class='ocrx_word' id='word_1_158' title='bbox 1439 301 1497 323; x_wconf 85' lang='lat' dir='ltr'><strong>tuas</strong></span> <span class='ocrx_word' id='word_1_159' title='bbox 1519 301 1548 322; x_wconf 88' lang='lat' dir='ltr'><strong>tu</strong></span> <span class='ocrx_word' id='word_1_160' title='bbox 1574 300 1653 329; x_wconf 82' lang='lat' dir='ltr'><strong>porta</strong></span> <span class='ocrx_word' id='word_1_161' title='bbox 1669 294 1703 321; x_wconf 80' lang='grc'><strong>⁷⁸.</strong></span> <span class='ocrx_word' id='word_1_162' title='bbox 1724 292 1746 318; x_wconf 91' lang='grc' dir='ltr'>Ο</span> <span class='ocrx_word' id='word_1_163' title='bbox 1760 293 1811 319; x_wconf 67' lang='lat' dir='ltr'><strong>cie-</strong></span> 
     </span>
    </p>
   </div>
   <div class='ocr_carea' id='block_1_22' title="bbox 1019 339 1813 370">
    <p class='ocr_par' dir='ltr' id='par_1_22' title="bbox 1019 339 1813 370">
     <span class='ocr_line' id='line_1_22' title="bbox 1019 339 1813 370; baseline -0.005 0"><span class='ocrx_word' id='word_1_164' title='bbox 1019 343 1220 370; x_wconf 69' lang='lat' dir='ltr'><strong>tnentissitnum</strong></span> <span class='ocrx_word' id='word_1_165' title='bbox 1242 343 1326 370; x_wconf 87' lang='lat' dir='ltr'><strong>Deum</strong></span> <span class='ocrx_word' id='word_1_166' title='bbox 1345 342 1557 370; x_wconf 80' lang='lat' dir='ltr'><strong>satisfacientem</strong></span> <span class='ocrx_word' id='word_1_167' title='bbox 1583 340 1617 367; x_wconf 88' lang='lat' dir='ltr'><strong>de</strong></span> <span class='ocrx_word' id='word_1_168' title='bbox 1638 339 1813 366; x_wconf 86' lang='lat' dir='ltr'><strong>restitutione</strong></span> 
     </span>
    </p>
   </div>
   <div class='ocr_carea' id='block_1_23' title="bbox 1019 381 1813 423">
    <p class='ocr_par' dir='ltr' id='par_1_23' title="bbox 1019 381 1813 423">
     <span class='ocr_line' id='line_1_23' title="bbox 1019 381 1813 423; baseline -0.009 -7"><span class='ocrx_word' id='word_1_169' title='bbox 1019 394 1100 423; x_wconf 86' lang='lat' dir='ltr'><strong>atque</strong></span> <span class='ocrx_word' id='word_1_170' title='bbox 1118 389 1251 416; x_wconf 82' lang='lat' dir='ltr'><strong>dicentem</strong></span> <span class='ocrx_word' id='word_1_171' title='bbox 1270 397 1276 415; x_wconf 93' lang='lat'>:</span> <span class='ocrx_word' id='word_1_172' title='bbox 1294 387 1447 422; x_wconf 85' lang='lat' dir='ltr'><strong>Impietates</strong></span> <span class='ocrx_word' id='word_1_173' title='bbox 1467 392 1525 414; x_wconf 82' lang='lat' dir='ltr'><strong>tuas</strong></span> <span class='ocrx_word' id='word_1_174' title='bbox 1537 390 1563 413; x_wconf 88' lang='lat' dir='ltr'><strong>et</strong></span> <span class='ocrx_word' id='word_1_175' title='bbox 1583 381 1743 419; x_wconf 78' lang='lat' dir='ltr'><strong>iniquitates</strong></span> <span class='ocrx_word' id='word_1_176' title='bbox 1758 389 1813 410; x_wconf 76' lang='lat' dir='ltr'><strong>tuas</strong></span> 
     </span>
    </p>
   </div>
   <div class='ocr_carea' id='block_1_24' title="bbox 1018 430 1814 470">
    <p class='ocr_par' dir='ltr' id='par_1_24' title="bbox 1018 430 1814 470">
     <span class='ocr_line' id='line_1_24' title="bbox 1018 430 1814 470; baseline -0.008 -8"><span class='ocrx_word' id='word_1_177' title='bbox 1018 441 1094 470; x_wconf 85' lang='lat' dir='ltr'><strong>porta</strong></span> <span class='ocrx_word' id='word_1_178' title='bbox 1107 432 1116 461; x_wconf 83' lang='lat'><strong>.’</strong></span> <span class='ocrx_word' id='word_1_179' title='bbox 1127 430 1184 462; x_wconf 78' lang='lat' dir='ltr'><strong>Non</strong></span> <span class='ocrx_word' id='word_1_180' title='bbox 1195 435 1295 462; x_wconf 84' lang='lat' dir='ltr'><strong>frustra</strong></span> <span class='ocrx_word' id='word_1_181' title='bbox 1310 435 1370 462; x_wconf 87' lang='lat' dir='ltr'><strong>dico</strong></span> <span class='ocrx_word' id='word_1_182' title='bbox 1384 444 1391 462; x_wconf 84' lang='lat'><strong>:</strong></span> <span class='ocrx_word' id='word_1_183' title='bbox 1407 432 1631 465; x_wconf 86' lang='lat' dir='ltr'><strong>restitueris;sed</strong></span> <span class='ocrx_word' id='word_1_184' title='bbox 1646 439 1711 458; x_wconf 92' lang='lat' dir='ltr'><strong>cum</strong></span> <span class='ocrx_word' id='word_1_185' title='bbox 1723 431 1814 465; x_wconf 81' lang='lat' dir='ltr'><strong>impie-</strong></span> 
     </span>
    </p>
   </div>
   <div class='ocr_carea' id='block_1_25' title="bbox 1019 478 1814 517">
    <p class='ocr_par' dir='ltr' id='par_1_25' title="bbox 1019 478 1814 517">
     <span class='ocr_line' id='line_1_25' title="bbox 1019 478 1814 517; baseline -0.006 -9"><span class='ocrx_word' id='word_1_186' title='bbox 1019 485 1088 508; x_wconf 89' lang='lat' dir='ltr'><strong>tates</strong></span> <span class='ocrx_word' id='word_1_187' title='bbox 1103 480 1185 517; x_wconf 66' lang='grc'><strong>394</strong></span> <span class='ocrx_word' id='word_1_188' title='bbox 1196 485 1258 508; x_wconf 92' lang='lat' dir='ltr'><strong>tuas</strong></span> <span class='ocrx_word' id='word_1_189' title='bbox 1272 485 1298 507; x_wconf 91' lang='lat' dir='ltr'><strong>et</strong></span> <span class='ocrx_word' id='word_1_190' title='bbox 1316 481 1473 515; x_wconf 84' lang='lat' dir='ltr'><strong>iniquitates</strong></span> <span class='ocrx_word' id='word_1_191' title='bbox 1487 484 1547 506; x_wconf 90' lang='lat' dir='ltr'><strong>tuas</strong></span> <span class='ocrx_word' id='word_1_192' title='bbox 1563 478 1741 509; x_wconf 82' lang='lat' dir='ltr'><strong>exltauseris,</strong></span> <span class='ocrx_word' id='word_1_193' title='bbox 1754 481 1814 503; x_wconf 92' lang='lat' dir='ltr'><strong>tunc</strong></span> 
     </span>
    </p>
   </div>
   <div class='ocr_carea' id='block_1_26' title="bbox 1020 523 1813 562">
    <p class='ocr_par' dir='ltr' id='par_1_26' title="bbox 1020 523 1813 562">
     <span class='ocr_line' id='line_1_26' title="bbox 1020 523 1813 562; baseline -0.008 -8"><span class='ocrx_word' id='word_1_194' title='bbox 1020 527 1047 554; x_wconf 93' lang='lat' dir='ltr'><strong>in</strong></span> <span class='ocrx_word' id='word_1_195' title='bbox 1067 527 1157 554; x_wconf 87' lang='lat' dir='ltr'><strong>locum</strong></span> <span class='ocrx_word' id='word_1_196' title='bbox 1184 527 1328 562; x_wconf 88' lang='lat' dir='ltr'><strong>pristinutn</strong></span> <span class='ocrx_word' id='word_1_197' title='bbox 1351 526 1515 553; x_wconf 85' lang='lat' dir='ltr'><strong>restitueris.</strong></span> <span class='ocrx_word' id='word_1_198' title='bbox 1534 524 1682 557; x_wconf 79' lang='lat' dir='ltr'><strong>Quomodo</strong></span> <span class='ocrx_word' id='word_1_199' title='bbox 1702 523 1813 550; x_wconf 80' lang='lat' dir='ltr'><strong>vulnera</strong></span> 
     </span>
    </p>
   </div>
   <div class='ocr_carea' id='block_1_27' title="bbox 1019 570 1812 609">
    <p class='ocr_par' dir='ltr' id='par_1_27' title="bbox 1019 570 1812 609">
     <span class='ocr_line' id='line_1_27' title="bbox 1019 570 1812 609; baseline -0.006 -8"><span class='ocrx_word' id='word_1_200' title='bbox 1019 581 1081 609; x_wconf 71' lang='lat' dir='ltr'><strong>quin</strong></span> <span class='ocrx_word' id='word_1_201' title='bbox 1092 573 1119 600; x_wconf 93' lang='lat' dir='ltr'><strong>in</strong></span> <span class='ocrx_word' id='word_1_202' title='bbox 1132 581 1246 608; x_wconf 84' lang='lat' dir='ltr'><strong>corpore</strong></span> <span class='ocrx_word' id='word_1_203' title='bbox 1259 577 1332 606; x_wconf 87' lang='lat' dir='ltr'><strong>sunt,</strong></span> <span class='ocrx_word' id='word_1_204' title='bbox 1347 580 1418 607; x_wconf 67' lang='lat' dir='ltr'><strong>smpe</strong></span> <span class='ocrx_word' id='word_1_205' title='bbox 1435 579 1518 607; x_wconf 82' lang='lat' dir='ltr'><strong>parvo</strong></span> <span class='ocrx_word' id='word_1_206' title='bbox 1534 576 1657 605; x_wconf 88' lang='lat' dir='ltr'><strong>tempore</strong></span> <span class='ocrx_word' id='word_1_207' title='bbox 1674 570 1812 601; x_wconf 88' lang='lat' dir='ltr'><strong>accidunt,</strong></span> 
     </span>
    </p>
   </div>
   <div class='ocr_carea' id='block_1_28' title="bbox 1019 616 1814 647">
    <p class='ocr_par' dir='ltr' id='par_1_28' title="bbox 1019 616 1814 647">
     <span class='ocr_line' id='line_1_28' title="bbox 1019 616 1814 647; baseline -0.006 0"><span class='ocrx_word' id='word_1_208' title='bbox 1019 619 1130 646; x_wconf 68' lang='lat' dir='ltr'><strong>medelte</strong></span> <span class='ocrx_word' id='word_1_209' title='bbox 1155 627 1219 647; x_wconf 77' lang='lat' dir='ltr'><strong>vero</strong></span> <span class='ocrx_word' id='word_1_210' title='bbox 1245 619 1388 646; x_wconf 88' lang='lat' dir='ltr'><strong>vulnerum</strong></span> <span class='ocrx_word' id='word_1_211' title='bbox 1410 626 1472 645; x_wconf 86' lang='lat' dir='ltr'><strong>cum</strong></span> <span class='ocrx_word' id='word_1_212' title='bbox 1487 617 1632 645; x_wconf 86' lang='lat' dir='ltr'><strong>tormentis</strong></span> <span class='ocrx_word' id='word_1_213' title='bbox 1649 616 1814 644; x_wconf 79' lang='lat' dir='ltr'><strong>adhibentur</strong></span> 
     </span>
    </p>
   </div>
   <div class='ocr_carea' id='block_1_29' title="bbox 1020 661 1815 700">
    <p class='ocr_par' dir='ltr' id='par_1_29' title="bbox 1020 661 1815 700">
     <span class='ocr_line' id='line_1_29' title="bbox 1020 661 1815 700; baseline -0.008 -7"><span class='ocrx_word' id='word_1_214' title='bbox 1020 665 1175 700; x_wconf 76' lang='lat' dir='ltr'><strong>ingentibus</strong></span> <span class='ocrx_word' id='word_1_215' title='bbox 1192 672 1246 692; x_wconf 93' lang='lat' dir='ltr'><strong>non</strong></span> <span class='ocrx_word' id='word_1_216' title='bbox 1262 665 1338 700; x_wconf 80' lang='lat' dir='ltr'><strong>juxta</strong></span> <span class='ocrx_word' id='word_1_217' title='bbox 1352 664 1535 699; x_wconf 71' lang='lat' dir='ltr'><strong>mqualitatem</strong></span> <span class='ocrx_word' id='word_1_218' title='bbox 1560 662 1694 697; x_wconf 87' lang='lat' dir='ltr'><strong>temporis</strong></span> <span class='ocrx_word' id='word_1_219' title='bbox 1711 669 1768 696; x_wconf 89' lang='lat' dir='ltr'><strong>quo</strong></span> <span class='ocrx_word' id='word_1_220' title='bbox 1785 661 1815 687; x_wconf 93' lang='lat' dir='ltr'><strong>il-</strong></span> 
     </span>
    </p>
   </div>
   <div class='ocr_carea' id='block_1_30' title="bbox 1019 705 1814 746">
    <p class='ocr_par' dir='ltr' id='par_1_30' title="bbox 1019 705 1814 746">
     <span class='ocr_line' id='line_1_30' title="bbox 1019 705 1814 746; baseline -0.005 -8"><span class='ocrx_word' id='word_1_221' title='bbox 1019 712 1081 738; x_wconf 64' lang='lat' dir='ltr'><strong>latae</strong></span> <span class='ocrx_word' id='word_1_222' title='bbox 1100 716 1173 744; x_wconf 89' lang='lat' dir='ltr'><strong>sunt,</strong></span> <span class='ocrx_word' id='word_1_223' title='bbox 1185 711 1231 738; x_wconf 80' lang='lat' dir='ltr'><strong>sed</strong></span> <span class='ocrx_word' id='word_1_224' title='bbox 1245 710 1323 746; x_wconf 84' lang='lat' dir='ltr'><strong>juxta</strong></span> <span class='ocrx_word' id='word_1_225' title='bbox 1337 711 1468 738; x_wconf 86' lang='lat' dir='ltr'><strong>rationem</strong></span> <span class='ocrx_word' id='word_1_226' title='bbox 1482 705 1650 741; x_wconf 87' lang='lat' dir='ltr'><strong>curationis;</strong></span> <span class='ocrx_word' id='word_1_227' title='bbox 1666 707 1745 735; x_wconf 86' lang='lat' dir='ltr'><strong>verbi</strong></span> <span class='ocrx_word' id='word_1_228' title='bbox 1757 715 1814 742; x_wconf 83' lang='lat' dir='ltr'><strong>gra-</strong></span> 
     </span>
    </p>
   </div>
   <div class='ocr_carea' id='block_1_31' title="bbox 1020 753 1814 791">
    <p class='ocr_par' dir='ltr' id='par_1_31' title="bbox 1020 753 1814 791">
     <span class='ocr_line' id='line_1_31' title="bbox 1020 753 1814 791; baseline -0.005 -7"><span class='ocrx_word' id='word_1_229' title='bbox 1020 757 1068 789; x_wconf 86' lang='lat' dir='ltr'><strong>tia,</strong></span> <span class='ocrx_word' id='word_1_230' title='bbox 1086 756 1113 783; x_wconf 91' lang='lat' dir='ltr'><strong>in</strong></span> <span class='ocrx_word' id='word_1_231' title='bbox 1131 761 1232 791; x_wconf 87' lang='lat' dir='ltr'><strong>puncto</strong></span> <span class='ocrx_word' id='word_1_232' title='bbox 1245 757 1318 784; x_wconf 65' lang='lat' dir='ltr'><strong>hom</strong></span> <span class='ocrx_word' id='word_1_233' title='bbox 1333 755 1451 783; x_wconf 86' lang='lat' dir='ltr'><strong>fractura</strong></span> <span class='ocrx_word' id='word_1_234' title='bbox 1467 763 1566 782; x_wconf 89' lang='lat' dir='ltr'><strong>manus</strong></span> <span class='ocrx_word' id='word_1_235' title='bbox 1579 758 1605 781; x_wconf 87' lang='lat' dir='ltr'><strong>et</strong></span> <span class='ocrx_word' id='word_1_236' title='bbox 1619 753 1699 789; x_wconf 86' lang='lat' dir='ltr'><strong>pedis</strong></span> <span class='ocrx_word' id='word_1_237' title='bbox 1711 754 1814 781; x_wconf 88' lang='lat' dir='ltr'><strong>contri-</strong></span> 
     </span>
    </p>
   </div>
   <div class='ocr_carea' id='block_1_32' title="bbox 1020 800 1814 838">
    <p class='ocr_par' dir='ltr' id='par_1_32' title="bbox 1020 800 1814 838">
     <span class='ocr_line' id='line_1_32' title="bbox 1020 800 1814 838; baseline -0.006 -8"><span class='ocrx_word' id='word_1_238' title='bbox 1020 803 1058 831; x_wconf 85' lang='lat' dir='ltr'><strong>tio</strong></span> <span class='ocrx_word' id='word_1_239' title='bbox 1072 803 1180 835; x_wconf 85' lang='lat' dir='ltr'><strong>accidit,</strong></span> <span class='ocrx_word' id='word_1_240' title='bbox 1200 803 1251 830; x_wconf 88' lang='lat' dir='ltr'><strong>hoc</strong></span> <span class='ocrx_word' id='word_1_241' title='bbox 1265 803 1337 838; x_wconf 89' lang='lat' dir='ltr'><strong>quod</strong></span> <span class='ocrx_word' id='word_1_242' title='bbox 1353 803 1380 830; x_wconf 94' lang='lat' dir='ltr'><strong>in</strong></span> <span class='ocrx_word' id='word_1_243' title='bbox 1395 802 1504 830; x_wconf 88' lang='lat' dir='ltr'><strong>modico</strong></span> <span class='ocrx_word' id='word_1_244' title='bbox 1525 801 1627 828; x_wconf 89' lang='lat' dir='ltr'><strong>factum</strong></span> <span class='ocrx_word' id='word_1_245' title='bbox 1642 806 1696 833; x_wconf 81' lang='lat' dir='ltr'><strong>est,</strong></span> <span class='ocrx_word' id='word_1_246' title='bbox 1713 800 1814 827; x_wconf 87' lang='lat' dir='ltr'><strong>mensi-</strong></span> 
     </span>
    </p>
   </div>
   <div class='ocr_carea' id='block_1_33' title="bbox 177 845 1814 891">
    <p class='ocr_par' dir='ltr' id='par_1_33' title="bbox 177 845 1814 891">
     <span class='ocr_line' id='line_1_33' title="bbox 177 845 1814 891; baseline -0.007 -7"><span class='ocrx_word' id='word_1_247' title='bbox 177 855 247 883; x_wconf 84' lang='lat' dir='ltr'><strong>Ecce</strong></span> <span class='ocrx_word' id='word_1_248' title='bbox 270 856 364 891; x_wconf 81' lang='lat' dir='ltr'><strong>quanti</strong></span> <span class='ocrx_word' id='word_1_249' title='bbox 389 856 446 890; x_wconf 90' lang='lat' dir='ltr'><strong>jam</strong></span> <span class='ocrx_word' id='word_1_250' title='bbox 471 861 623 891; x_wconf 85' lang='lat' dir='ltr'><strong>temporum</strong></span> <span class='ocrx_word' id='word_1_251' title='bbox 646 856 741 884; x_wconf 84' lang='lat' dir='ltr'><strong>circuli</strong></span> <span class='ocrx_word' id='word_1_252' title='bbox 768 857 935 885; x_wconf 53' lang='lat' dir='ltr'><strong>transierunt</strong></span> <span class='ocrx_word' id='word_1_253' title='bbox 961 867 968 885; x_wconf 71' lang='grc' dir='ltr'>ε</span> <span class='ocrx_word' id='word_1_254' title='bbox 985 845 1006 873; x_wconf 80' lang='grc' dir='ltr'><strong>Β</strong></span> <span class='ocrx_word' id='word_1_255' title='bbox 1021 850 1072 878; x_wconf 88' lang='lat' dir='ltr'><strong>bus</strong></span> <span class='ocrx_word' id='word_1_256' title='bbox 1089 849 1144 876; x_wconf 83' lang='lat' dir='ltr'><strong>fere</strong></span> <span class='ocrx_word' id='word_1_257' title='bbox 1159 849 1257 880; x_wconf 89' lang='lat' dir='ltr'><strong>tribus,</strong></span> <span class='ocrx_word' id='word_1_258' title='bbox 1273 857 1305 876; x_wconf 87' lang='lat' dir='ltr'><strong>ac</strong></span> <span class='ocrx_word' id='word_1_259' title='bbox 1322 849 1401 883; x_wconf 76' lang='lat' dir='ltr'><strong>longo</strong></span> <span class='ocrx_word' id='word_1_260' title='bbox 1417 853 1537 882; x_wconf 88' lang='lat' dir='ltr'><strong>tempore</strong></span> <span class='ocrx_word' id='word_1_261' title='bbox 1550 847 1594 873; x_wconf 82' lang='lat' dir='ltr'><strong>vix</strong></span> <span class='ocrx_word' id='word_1_262' title='bbox 1613 850 1751 877; x_wconf 78' lang='lat' dir='ltr'><strong>curatur;</strong></span> <span class='ocrx_word' id='word_1_263' title='bbox 1777 846 1814 872; x_wconf 87' lang='lat' dir='ltr'><strong>sic</strong></span> 
     </span>
    </p>
   </div>
   <div class='ocr_carea' id='block_1_34' title="bbox 178 900 967 934">
    <p class='ocr_par' dir='ltr' id='par_1_34' title="bbox 178 900 967 934">
     <span class='ocr_line' id='line_1_34' title="bbox 178 900 967 934; baseline 0.005 -8"><span class='ocrx_word' id='word_1_264' title='bbox 178 907 242 927; x_wconf 78' lang='lat' dir='ltr'><strong>ecce</strong></span> <span class='ocrx_word' id='word_1_265' title='bbox 259 901 310 927; x_wconf 85' lang='lat' dir='ltr'><strong>tria</strong></span> <span class='ocrx_word' id='word_1_266' title='bbox 326 900 410 927; x_wconf 80' lang='lat' dir='ltr'><strong>millia</strong></span> <span class='ocrx_word' id='word_1_267' title='bbox 427 907 561 927; x_wconf 90' lang='lat' dir='ltr'><strong>annorum</strong></span> <span class='ocrx_word' id='word_1_268' title='bbox 577 904 651 934; x_wconf 85' lang='lat' dir='ltr'><strong>sunt,</strong></span> <span class='ocrx_word' id='word_1_269' title='bbox 664 905 692 928; x_wconf 89' lang='lat' dir='ltr'><strong>et</strong></span> <span class='ocrx_word' id='word_1_270' title='bbox 710 900 829 929; x_wconf 88' lang='lat' dir='ltr'><strong>Sodoma</strong></span> <span class='ocrx_word' id='word_1_271' title='bbox 846 903 967 930; x_wconf 91' lang='lat' dir='ltr'><strong>nondum</strong></span> 
     </span>
    </p>
   </div>
   <div class='ocr_carea' id='block_1_35' title="bbox 179 945 969 983">
    <p class='ocr_par' dir='ltr' id='par_1_35' title="bbox 179 945 969 983">
     <span class='ocr_line' id='line_1_35' title="bbox 179 945 969 983; baseline 0.004 -11"><span class='ocrx_word' id='word_1_272' title='bbox 179 950 222 973; x_wconf 83' lang='lat' dir='ltr'><strong>est</strong></span> <span class='ocrx_word' id='word_1_273' title='bbox 237 946 371 978; x_wconf 80' lang='lat' dir='ltr'><strong>restituta;</strong></span> <span class='ocrx_word' id='word_1_274' title='bbox 388 954 449 974; x_wconf 87' lang='lat' dir='ltr'><strong>non</strong></span> <span class='ocrx_word' id='word_1_275' title='bbox 469 946 513 973; x_wconf 88' lang='lat' dir='ltr'><strong>illa</strong></span> <span class='ocrx_word' id='word_1_276' title='bbox 535 945 654 974; x_wconf 91' lang='lat' dir='ltr'><strong>Sodoma</strong></span> <span class='ocrx_word' id='word_1_277' title='bbox 675 955 736 982; x_wconf 69' lang='lat' dir='ltr'><strong>quae</strong></span> <span class='ocrx_word' id='word_1_278' title='bbox 754 948 780 974; x_wconf 95' lang='lat' dir='ltr'><strong>in</strong></span> <span class='ocrx_word' id='word_1_279' title='bbox 798 947 876 983; x_wconf 81' lang='lat' dir='ltr'><strong>signo</strong></span> <span class='ocrx_word' id='word_1_280' title='bbox 897 953 924 975; x_wconf 90' lang='lat' dir='ltr'><strong>et</strong></span> <span class='ocrx_word' id='word_1_281' title='bbox 942 948 969 976; x_wconf 90' lang='lat' dir='ltr'><strong>in</strong></span> 
     </span>
    </p>
   </div>
   <div class='ocr_carea' id='block_1_36' title="bbox 179 991 970 1027">
    <p class='ocr_par' dir='ltr' id='par_1_36' title="bbox 179 991 970 1027">
     <span class='ocr_line' id='line_1_36' title="bbox 179 991 970 1027; baseline 0.005 -10"><span class='ocrx_word' id='word_1_282' title='bbox 179 991 323 1026; x_wconf 72' lang='lat' dir='ltr'><strong>aenigmate</strong></span> <span class='ocrx_word' id='word_1_283' title='bbox 334 993 453 1026; x_wconf 83' lang='lat' dir='ltr'><strong>ponitur,</strong></span> <span class='ocrx_word' id='word_1_284' title='bbox 469 993 515 1019; x_wconf 88' lang='lat' dir='ltr'><strong>sed</strong></span> <span class='ocrx_word' id='word_1_285' title='bbox 529 993 573 1020; x_wconf 93' lang='lat' dir='ltr'><strong>illa</strong></span> <span class='ocrx_word' id='word_1_286' title='bbox 597 1000 660 1027; x_wconf 68' lang='lat' dir='ltr'><strong>qua:</strong></span> <span class='ocrx_word' id='word_1_287' title='bbox 673 992 700 1019; x_wconf 94' lang='lat' dir='ltr'><strong>in</strong></span> <span class='ocrx_word' id='word_1_288' title='bbox 719 993 842 1020; x_wconf 85' lang='lat' dir='ltr'><strong>veritatis</strong></span> <span class='ocrx_word' id='word_1_289' title='bbox 865 995 970 1022; x_wconf 82' lang='lat' dir='ltr'><strong>ratione</strong></span> 
     </span>
    </p>
   </div>
   <div class='ocr_carea' id='block_1_37' title="bbox 180 1037 969 1072">
    <p class='ocr_par' dir='ltr' id='par_1_37' title="bbox 180 1037 969 1072">
     <span class='ocr_line' id='line_1_37' title="bbox 180 1037 969 1072; baseline 0.005 -9"><span class='ocrx_word' id='word_1_290' title='bbox 180 1037 352 1072; x_wconf 85' lang='lat' dir='ltr'><strong>perspicitur.</strong></span> <span class='ocrx_word' id='word_1_291' title='bbox 374 1037 457 1064; x_wconf 85' lang='lat' dir='ltr'><strong>Aiunt</strong></span> <span class='ocrx_word' id='word_1_292' title='bbox 488 1037 592 1065; x_wconf 76' lang='lat' dir='ltr'><strong>Hebrtei</strong></span> <span class='ocrx_word' id='word_1_293' title='bbox 621 1038 767 1066; x_wconf 88' lang='lat' dir='ltr'><strong>Sodomatn</strong></span> <span class='ocrx_word' id='word_1_294' title='bbox 791 1039 818 1066; x_wconf 94' lang='lat' dir='ltr'><strong>in</strong></span> <span class='ocrx_word' id='word_1_295' title='bbox 843 1040 969 1067; x_wconf 85' lang='lat' dir='ltr'><strong>eumdem</strong></span> 
     </span>
    </p>
   </div>
   <div class='ocr_carea' id='block_1_38' title="bbox 179 1083 970 1119">
    <p class='ocr_par' dir='ltr' id='par_1_38' title="bbox 179 1083 970 1119">
     <span class='ocr_line' id='line_1_38' title="bbox 179 1083 970 1119; baseline 0.005 -10"><span class='ocrx_word' id='word_1_296' title='bbox 179 1087 280 1110; x_wconf 85' lang='lat' dir='ltr'><strong>statum</strong></span> <span class='ocrx_word' id='word_1_297' title='bbox 301 1083 495 1111; x_wconf 85' lang='lat' dir='ltr'><strong>restituendam</strong></span> <span class='ocrx_word' id='word_1_298' title='bbox 513 1083 541 1111; x_wconf 92' lang='lat' dir='ltr'><strong>in</strong></span> <span class='ocrx_word' id='word_1_299' title='bbox 560 1092 615 1119; x_wconf 89' lang='lat' dir='ltr'><strong>quo</strong></span> <span class='ocrx_word' id='word_1_300' title='bbox 629 1090 657 1112; x_wconf 86' lang='lat' dir='ltr'><strong>et</strong></span> <span class='ocrx_word' id='word_1_301' title='bbox 677 1091 757 1113; x_wconf 85' lang='lat' dir='ltr'><strong>antea</strong></span> <span class='ocrx_word' id='word_1_302' title='bbox 781 1086 916 1117; x_wconf 82' lang='lat' dir='ltr'><strong>constitit,</strong></span> <span class='ocrx_word' id='word_1_303' title='bbox 941 1090 970 1113; x_wconf 92' lang='lat' dir='ltr'><strong>ut</strong></span> 
     </span>
    </p>
   </div>
   <div class='ocr_carea' id='block_1_39' title="bbox 179 1129 967 1166">
    <p class='ocr_par' dir='ltr' id='par_1_39' title="bbox 179 1129 967 1166">
     <span class='ocr_line' id='line_1_39' title="bbox 179 1129 967 1166; baseline 0.003 -11"><span class='ocrx_word' id='word_1_304' title='bbox 179 1135 288 1156; x_wconf 84' lang='lat' dir='ltr'><strong>rursum</strong></span> <span class='ocrx_word' id='word_1_305' title='bbox 308 1129 437 1163; x_wconf 84' lang='lat' dir='ltr'><strong>paradiso</strong></span> <span class='ocrx_word' id='word_1_306' title='bbox 453 1129 498 1157; x_wconf 88' lang='lat' dir='ltr'><strong>Dei</strong></span> <span class='ocrx_word' id='word_1_307' title='bbox 513 1134 540 1157; x_wconf 89' lang='lat' dir='ltr'><strong>ct</strong></span> <span class='ocrx_word' id='word_1_308' title='bbox 553 1135 632 1158; x_wconf 63' lang='lat' dir='ltr'><strong>terrae</strong></span> <span class='ocrx_word' id='word_1_309' title='bbox 656 1131 764 1166; x_wconf 67' lang='lat' dir='ltr'><strong>Egypti</strong></span> <span class='ocrx_word' id='word_1_310' title='bbox 781 1136 967 1166; x_wconf 85' lang='lat' dir='ltr'><strong>comparetur.</strong></span> 
     </span>
    </p>
   </div>
   <div class='ocr_carea' id='block_1_40' title="bbox 181 1174 968 1211">
    <p class='ocr_par' dir='ltr' id='par_1_40' title="bbox 181 1174 968 1211">
     <span class='ocr_line' id='line_1_40' title="bbox 181 1174 968 1211; baseline 0.005 -9"><span class='ocrx_word' id='word_1_311' title='bbox 181 1174 210 1202; x_wconf 95' lang='lat' dir='ltr'><strong>Si</strong></span> <span class='ocrx_word' id='word_1_312' title='bbox 227 1175 279 1203; x_wconf 92' lang='lat' dir='ltr'><strong>hoc</strong></span> <span class='ocrx_word' id='word_1_313' title='bbox 296 1183 325 1203; x_wconf 83' lang='lat' dir='ltr'><strong>se</strong></span> <span class='ocrx_word' id='word_1_314' title='bbox 338 1176 379 1203; x_wconf 82' lang='lat' dir='ltr'><strong>sic</strong></span> <span class='ocrx_word' id='word_1_315' title='bbox 395 1176 486 1210; x_wconf 84' lang='lat' dir='ltr'><strong>habet,</strong></span> <span class='ocrx_word' id='word_1_316' title='bbox 502 1182 529 1204; x_wconf 91' lang='lat' dir='ltr'><strong>et</strong></span> <span class='ocrx_word' id='word_1_317' title='bbox 543 1178 600 1205; x_wconf 82' lang='lat' dir='ltr'><strong>sive</strong></span> <span class='ocrx_word' id='word_1_318' title='bbox 615 1177 735 1205; x_wconf 88' lang='lat' dir='ltr'><strong>futurum</strong></span> <span class='ocrx_word' id='word_1_319' title='bbox 750 1183 803 1211; x_wconf 90' lang='lat' dir='ltr'><strong>est,</strong></span> <span class='ocrx_word' id='word_1_320' title='bbox 818 1179 876 1206; x_wconf 83' lang='lat' dir='ltr'><strong>sive</strong></span> <span class='ocrx_word' id='word_1_321' title='bbox 891 1186 945 1206; x_wconf 92' lang='lat' dir='ltr'><strong>non</strong></span> <span class='ocrx_word' id='word_1_322' title='bbox 961 1188 968 1206; x_wconf 89' lang='lat'><strong>:</strong></span> 
     </span>
    </p>
   </div>
   <div class='ocr_carea' id='block_1_41' title="bbox 179 1222 971 1259">
    <p class='ocr_par' dir='ltr' id='par_1_41' title="bbox 179 1222 971 1259">
     <span class='ocr_line' id='line_1_41' title="bbox 179 1222 971 1259; baseline 0.005 -12"><span class='ocrx_word' id='word_1_323' title='bbox 179 1225 338 1256; x_wconf 64' lang='lat' dir='ltr'><strong>quareutur</strong></span> <span class='ocrx_word' id='word_1_324' title='bbox 351 1222 424 1249; x_wconf 89' lang='lat' dir='ltr'><strong>enim</strong></span> <span class='ocrx_word' id='word_1_325' title='bbox 438 1222 593 1250; x_wconf 85' lang='lat' dir='ltr'><strong>istiusmodi</strong></span> <span class='ocrx_word' id='word_1_326' title='bbox 609 1231 652 1251; x_wconf 87' lang='lat' dir='ltr'><strong>res</strong></span> <span class='ocrx_word' id='word_1_327' title='bbox 662 1223 733 1258; x_wconf 87' lang='lat' dir='ltr'><strong>apud</strong></span> <span class='ocrx_word' id='word_1_328' title='bbox 748 1231 795 1251; x_wconf 86' lang='lat' dir='ltr'><strong>eos</strong></span> <span class='ocrx_word' id='word_1_329' title='bbox 807 1225 854 1259; x_wconf 87' lang='lat' dir='ltr'><strong>qui</strong></span> <span class='ocrx_word' id='word_1_330' title='bbox 869 1224 971 1252; x_wconf 88' lang='lat' dir='ltr'><strong>doctis-</strong></span> 
     </span>
    </p>
   </div>
   <div class='ocr_carea' id='block_1_42' title="bbox 178 1265 971 1304">
    <p class='ocr_par' dir='ltr' id='par_1_42' title="bbox 178 1265 971 1304">
     <span class='ocr_line' id='line_1_42' title="bbox 178 1265 971 1304; baseline 0.006 -12"><span class='ocrx_word' id='word_1_331' title='bbox 178 1265 241 1293; x_wconf 78' lang='lat' dir='ltr'><strong>simi</strong></span> <span class='ocrx_word' id='word_1_332' title='bbox 257 1270 332 1299; x_wconf 88' lang='lat' dir='ltr'><strong>sunt;</strong></span> <span class='ocrx_word' id='word_1_333' title='bbox 355 1271 384 1294; x_wconf 92' lang='lat' dir='ltr'><strong>ut</strong></span> <span class='ocrx_word' id='word_1_334' title='bbox 395 1272 485 1294; x_wconf 85' lang='lat' dir='ltr'><strong>autem</strong></span> <span class='ocrx_word' id='word_1_335' title='bbox 502 1267 548 1294; x_wconf 85' lang='lat' dir='ltr'><strong>tiat</strong></span> <span class='ocrx_word' id='word_1_336' title='bbox 565 1268 638 1303; x_wconf 92' lang='lat' dir='ltr'><strong>quod</strong></span> <span class='ocrx_word' id='word_1_337' title='bbox 656 1268 767 1301; x_wconf 90' lang='lat' dir='ltr'><strong>dicitur,</strong></span> <span class='ocrx_word' id='word_1_338' title='bbox 793 1269 971 1304; x_wconf 83' lang='lat' dir='ltr'><strong>complebun-</strong></span> 
     </span>
    </p>
   </div>
   <div class='ocr_carea' id='block_1_43' title="bbox 179 1312 970 1347">
    <p class='ocr_par' dir='ltr' id='par_1_43' title="bbox 179 1312 970 1347">
     <span class='ocr_line' id='line_1_43' title="bbox 179 1312 970 1347; baseline 0.005 -9"><span class='ocrx_word' id='word_1_339' title='bbox 179 1315 225 1338; x_wconf 89' lang='lat' dir='ltr'><strong>tur</strong></span> <span class='ocrx_word' id='word_1_340' title='bbox 243 1312 310 1339; x_wconf 88' lang='lat' dir='ltr'><strong>mihi</strong></span> <span class='ocrx_word' id='word_1_341' title='bbox 326 1319 462 1339; x_wconf 86' lang='lat' dir='ltr'><strong>annorum</strong></span> <span class='ocrx_word' id='word_1_342' title='bbox 477 1313 529 1340; x_wconf 93' lang='lat' dir='ltr'><strong>tria</strong></span> <span class='ocrx_word' id='word_1_343' title='bbox 545 1313 646 1347; x_wconf 89' lang='lat' dir='ltr'><strong>millia,</strong></span> <span class='ocrx_word' id='word_1_344' title='bbox 673 1317 700 1341; x_wconf 87' lang='lat' dir='ltr'><strong>et</strong></span> <span class='ocrx_word' id='word_1_345' title='bbox 723 1319 789 1341; x_wconf 89' lang='lat' dir='ltr'><strong>tunc</strong></span> <span class='ocrx_word' id='word_1_346' title='bbox 812 1315 970 1342; x_wconf 88' lang='lat' dir='ltr'><strong>restituetur</strong></span> 
     </span>
    </p>
   </div>
   <div class='ocr_carea' id='block_1_44' title="bbox 178 1357 971 1390">
    <p class='ocr_par' dir='ltr' id='par_1_44' title="bbox 178 1357 971 1390">
     <span class='ocr_line' id='line_1_44' title="bbox 178 1357 971 1390; baseline 0.004 -5"><span class='ocrx_word' id='word_1_347' title='bbox 178 1357 334 1385; x_wconf 81' lang='lat' dir='ltr'><strong>excruciata</strong></span> <span class='ocrx_word' id='word_1_348' title='bbox 347 1358 435 1385; x_wconf 86' lang='lat' dir='ltr'><strong>tribus</strong></span> <span class='ocrx_word' id='word_1_349' title='bbox 450 1358 570 1385; x_wconf 84' lang='lat' dir='ltr'><strong>millibus</strong></span> <span class='ocrx_word' id='word_1_350' title='bbox 585 1366 721 1386; x_wconf 85' lang='lat' dir='ltr'><strong>annorum</strong></span> <span class='ocrx_word' id='word_1_351' title='bbox 737 1359 866 1390; x_wconf 86' lang='lat' dir='ltr'><strong>Sodoma,</strong></span> <span class='ocrx_word' id='word_1_352' title='bbox 887 1360 913 1388; x_wconf 95' lang='lat' dir='ltr'><strong>id</strong></span> <span class='ocrx_word' id='word_1_353' title='bbox 929 1365 971 1388; x_wconf 87' lang='lat' dir='ltr'><strong>est</strong></span> 
     </span>
    </p>
   </div>
   <div class='ocr_carea' id='block_1_45' title="bbox 179 1401 970 1440">
    <p class='ocr_par' dir='ltr' id='par_1_45' title="bbox 179 1401 970 1440">
     <span class='ocr_line' id='line_1_45' title="bbox 179 1401 970 1440; baseline 0.006 -11"><span class='ocrx_word' id='word_1_354' title='bbox 179 1403 271 1430; x_wconf 85' lang='lat' dir='ltr'><strong>anima</strong></span> <span class='ocrx_word' id='word_1_355' title='bbox 286 1410 346 1430; x_wconf 88' lang='lat' dir='ltr'><strong>mea</strong></span> <span class='ocrx_word' id='word_1_356' title='bbox 364 1412 371 1430; x_wconf 87' lang='lat'><strong>:</strong></span> <span class='ocrx_word' id='word_1_357' title='bbox 390 1401 520 1435; x_wconf 86' lang='lat' dir='ltr'><strong>Sodoma,</strong></span> <span class='ocrx_word' id='word_1_358' title='bbox 538 1404 606 1431; x_wconf 88' lang='lat' dir='ltr'><strong>meis</strong></span> <span class='ocrx_word' id='word_1_359' title='bbox 618 1411 699 1439; x_wconf 85' lang='lat' dir='ltr'><strong>poena</strong></span> <span class='ocrx_word' id='word_1_360' title='bbox 718 1406 847 1440; x_wconf 83' lang='lat' dir='ltr'><strong>peccatis.</strong></span> <span class='ocrx_word' id='word_1_361' title='bbox 862 1405 970 1434; x_wconf 86' lang='lat' dir='ltr'><strong>Grande</strong></span> 
     </span>
    </p>
   </div>
   <div class='ocr_carea' id='block_1_46' title="bbox 180 1449 970 1485">
    <p class='ocr_par' dir='ltr' id='par_1_46' title="bbox 180 1449 970 1485">
     <span class='ocr_line' id='line_1_46' title="bbox 180 1449 970 1485; baseline 0.006 -9"><span class='ocrx_word' id='word_1_362' title='bbox 180 1449 353 1476; x_wconf 78' lang='lat' dir='ltr'><strong>intervallum</strong></span> <span class='ocrx_word' id='word_1_363' title='bbox 371 1451 502 1485; x_wconf 85' lang='lat' dir='ltr'><strong>temporis</strong></span> <span class='ocrx_word' id='word_1_364' title='bbox 518 1451 589 1478; x_wconf 91' lang='lat' dir='ltr'><strong>inter</strong></span> <span class='ocrx_word' id='word_1_365' title='bbox 605 1451 805 1480; x_wconf 84' lang='lat' dir='ltr'><strong>restitutionem</strong></span> <span class='ocrx_word' id='word_1_366' title='bbox 821 1457 847 1480; x_wconf 90' lang='lat' dir='ltr'><strong>et</strong></span> <span class='ocrx_word' id='word_1_367' title='bbox 862 1454 970 1481; x_wconf 89' lang='lat' dir='ltr'><strong>ruinam</strong></span> 
     </span>
    </p>
   </div>
   <div class='ocr_carea' id='block_1_47' title="bbox 180 1496 1005 1541">
    <p class='ocr_par' dir='ltr' id='par_1_47' title="bbox 180 1496 1005 1541">
     <span class='ocr_line' id='line_1_47' title="bbox 180 1496 1005 1541; baseline 0.005 -18"><span class='ocrx_word' id='word_1_368' title='bbox 180 1497 301 1531; x_wconf 87' lang='lat' dir='ltr'><strong>positum</strong></span> <span class='ocrx_word' id='word_1_369' title='bbox 315 1500 367 1524; x_wconf 89' lang='lat' dir='ltr'><strong>est.</strong></span> <span class='ocrx_word' id='word_1_370' title='bbox 384 1496 471 1524; x_wconf 87' lang='lat' dir='ltr'><strong>Etiam</strong></span> <span class='ocrx_word' id='word_1_371' title='bbox 490 1497 513 1524; x_wconf 91' lang='lat' dir='ltr'><strong>si</strong></span> <span class='ocrx_word' id='word_1_372' title='bbox 534 1497 687 1525; x_wconf 87' lang='lat' dir='ltr'><strong>restituaris</strong></span> <span class='ocrx_word' id='word_1_373' title='bbox 708 1497 745 1525; x_wconf 83' lang='lat' dir='ltr'><strong>ita</strong></span> <span class='ocrx_word' id='word_1_374' title='bbox 767 1503 797 1525; x_wconf 89' lang='lat' dir='ltr'><strong>ut</strong></span> <span class='ocrx_word' id='word_1_375' title='bbox 820 1500 970 1534; x_wconf 88' lang='lat' dir='ltr'><strong>antiquitus</strong></span> <span class='ocrx_word' id='word_1_376' title='bbox 983 1511 1005 1541; x_wconf 72' lang='grc' dir='ltr'><strong>ο</strong></span> 
     </span>
    </p>
   </div>
   <div class='ocr_carea' id='block_1_48' title="bbox 180 1541 968 1579">
    <p class='ocr_par' dir='ltr' id='par_1_48' title="bbox 180 1541 968 1579">
     <span class='ocr_line' id='line_1_48' title="bbox 180 1541 968 1579; baseline 0.006 -12"><span class='ocrx_word' id='word_1_377' title='bbox 180 1548 253 1573; x_wconf 88' lang='lat' dir='ltr'><strong>eras,</strong></span> <span class='ocrx_word' id='word_1_378' title='bbox 268 1541 329 1568; x_wconf 90' lang='lat' dir='ltr'><strong>vide</strong></span> <span class='ocrx_word' id='word_1_379' title='bbox 341 1546 444 1576; x_wconf 86' lang='lat' dir='ltr'><strong>quanta</strong></span> <span class='ocrx_word' id='word_1_380' title='bbox 456 1542 604 1569; x_wconf 77' lang='lat' dir='ltr'><strong>exhaurias</strong></span> <span class='ocrx_word' id='word_1_381' title='bbox 620 1543 702 1576; x_wconf 85' lang='lat' dir='ltr'><strong>mala,</strong></span> <span class='ocrx_word' id='word_1_382' title='bbox 719 1545 831 1578; x_wconf 85' lang='lat' dir='ltr'><strong>quantis</strong></span> <span class='ocrx_word' id='word_1_383' title='bbox 850 1545 968 1579; x_wconf 89' lang='lat' dir='ltr'><strong>primum</strong></span> 
     </span>
    </p>
   </div>
   <div class='ocr_carea' id='block_1_49' title="bbox 182 1585 970 1622">
    <p class='ocr_par' dir='ltr' id='par_1_49' title="bbox 182 1585 970 1622">
     <span class='ocr_line' id='line_1_49' title="bbox 182 1585 970 1622; baseline 0.006 -11"><span class='ocrx_word' id='word_1_384' title='bbox 182 1585 383 1612; x_wconf 83' lang='lat' dir='ltr'><strong>calamitatibus</strong></span> <span class='ocrx_word' id='word_1_385' title='bbox 397 1586 570 1620; x_wconf 81' lang='lat' dir='ltr'><strong>opprimaris.</strong></span> <span class='ocrx_word' id='word_1_386' title='bbox 589 1585 644 1614; x_wconf 87' lang='lat' dir='ltr'><strong>Hoc</strong></span> <span class='ocrx_word' id='word_1_387' title='bbox 663 1591 752 1615; x_wconf 87' lang='lat' dir='ltr'><strong>autem</strong></span> <span class='ocrx_word' id='word_1_388' title='bbox 769 1588 841 1622; x_wconf 90' lang='lat' dir='ltr'><strong>quod</strong></span> <span class='ocrx_word' id='word_1_389' title='bbox 858 1588 892 1616; x_wconf 86' lang='lat' dir='ltr'><strong>de</strong></span> <span class='ocrx_word' id='word_1_390' title='bbox 919 1588 970 1616; x_wconf 91' lang='lat' dir='ltr'><strong>So-</strong></span> 
     </span>
    </p>
   </div>
   <div class='ocr_carea' id='block_1_50' title="bbox 181 1629 971 1669">
    <p class='ocr_par' dir='ltr' id='par_1_50' title="bbox 181 1629 971 1669">
     <span class='ocr_line' id='line_1_50' title="bbox 181 1629 971 1669; baseline 0.006 -13"><span class='ocrx_word' id='word_1_391' title='bbox 181 1629 262 1656; x_wconf 84' lang='lat' dir='ltr'><strong>doma</strong></span> <span class='ocrx_word' id='word_1_392' title='bbox 279 1630 398 1657; x_wconf 87' lang='lat' dir='ltr'><strong>diximus</strong></span> <span class='ocrx_word' id='word_1_393' title='bbox 413 1649 420 1662; x_wconf 93' lang='lat'><strong>,</strong></span> <span class='ocrx_word' id='word_1_394' title='bbox 438 1635 466 1657; x_wconf 90' lang='lat' dir='ltr'><strong>et</strong></span> <span class='ocrx_word' id='word_1_395' title='bbox 485 1630 518 1658; x_wconf 90' lang='lat' dir='ltr'><strong>de</strong></span> <span class='ocrx_word' id='word_1_396' title='bbox 541 1630 664 1658; x_wconf 86' lang='lat' dir='ltr'><strong>Samaria</strong></span> <span class='ocrx_word' id='word_1_397' title='bbox 689 1640 798 1667; x_wconf 89' lang='lat' dir='ltr'><strong>quoque</strong></span> <span class='ocrx_word' id='word_1_398' title='bbox 822 1633 971 1669; x_wconf 76' lang='lat' dir='ltr'><strong>intelligere</strong></span> 
     </span>
    </p>
   </div>
   <div class='ocr_carea' id='block_1_51' title="bbox 181 1673 971 1713">
    <p class='ocr_par' dir='ltr' id='par_1_51' title="bbox 181 1673 971 1713">
     <span class='ocr_line' id='line_1_51' title="bbox 181 1673 971 1713; baseline 0.009 -12"><span class='ocrx_word' id='word_1_399' title='bbox 181 1673 322 1702; x_wconf 86' lang='lat' dir='ltr'><strong>debemus.</strong></span> <span class='ocrx_word' id='word_1_400' title='bbox 337 1675 369 1702; x_wconf 85' lang='lat' dir='ltr'><strong>Et</strong></span> <span class='ocrx_word' id='word_1_401' title='bbox 382 1675 440 1710; x_wconf 88' lang='lat' dir='ltr'><strong>ipsa</strong></span> <span class='ocrx_word' id='word_1_402' title='bbox 456 1676 557 1711; x_wconf 85' lang='lat' dir='ltr'><strong>quippe</strong></span> <span class='ocrx_word' id='word_1_403' title='bbox 577 1677 692 1705; x_wconf 88' lang='lat' dir='ltr'><strong>necdum</strong></span> <span class='ocrx_word' id='word_1_404' title='bbox 705 1683 745 1706; x_wconf 90' lang='lat' dir='ltr'><strong>est</strong></span> <span class='ocrx_word' id='word_1_405' title='bbox 760 1679 882 1706; x_wconf 80' lang='lat' dir='ltr'><strong>restituta</strong></span> <span class='ocrx_word' id='word_1_406' title='bbox 893 1701 900 1713; x_wconf 93' lang='lat'><strong>,</strong></span> <span class='ocrx_word' id='word_1_407' title='bbox 923 1681 971 1708; x_wconf 84' lang='lat' dir='ltr'><strong>sed</strong></span> 
     </span>
    </p>
   </div>
   <div class='ocr_carea' id='block_1_52' title="bbox 181 1721 972 1758">
    <p class='ocr_par' dir='ltr' id='par_1_52' title="bbox 181 1721 972 1758">
     <span class='ocr_line' id='line_1_52' title="bbox 181 1721 972 1758; baseline 0.009 -12"><span class='ocrx_word' id='word_1_408' title='bbox 181 1727 215 1747; x_wconf 82' lang='lat' dir='ltr'><strong>ex</strong></span> <span class='ocrx_word' id='word_1_409' title='bbox 232 1727 264 1747; x_wconf 92' lang='lat' dir='ltr'><strong>eo</strong></span> <span class='ocrx_word' id='word_1_410' title='bbox 280 1723 401 1756; x_wconf 84' lang='lat' dir='ltr'><strong>tempore</strong></span> <span class='ocrx_word' id='word_1_411' title='bbox 416 1729 471 1756; x_wconf 90' lang='lat' dir='ltr'><strong>quo</strong></span> <span class='ocrx_word' id='word_1_412' title='bbox 487 1721 579 1750; x_wconf 85' lang='lat' dir='ltr'><strong>decem</strong></span> <span class='ocrx_word' id='word_1_413' title='bbox 595 1723 682 1751; x_wconf 83' lang='lat' dir='ltr'><strong>tribus</strong></span> <span class='ocrx_word' id='word_1_414' title='bbox 693 1724 787 1758; x_wconf 77' lang='lat' dir='ltr'><strong>ejecta:</strong></span> <span class='ocrx_word' id='word_1_415' title='bbox 800 1729 864 1752; x_wconf 86' lang='lat' dir='ltr'><strong>sunt</strong></span> <span class='ocrx_word' id='word_1_416' title='bbox 877 1725 911 1753; x_wconf 89' lang='lat' dir='ltr'><strong>de</strong></span> <span class='ocrx_word' id='word_1_417' title='bbox 924 1725 972 1753; x_wconf 79' lang='lat' dir='ltr'><strong>Ju-</strong></span> 
     </span>
    </p>
   </div>
   <div class='ocr_carea' id='block_1_53' title="bbox 181 1765 972 1803">
    <p class='ocr_par' dir='ltr' id='par_1_53' title="bbox 181 1765 972 1803">
     <span class='ocr_line' id='line_1_53' title="bbox 181 1765 972 1803; baseline 0.008 -10"><span class='ocrx_word' id='word_1_418' title='bbox 181 1765 239 1793; x_wconf 76' lang='lat' dir='ltr'><strong>dtea</strong></span> <span class='ocrx_word' id='word_1_419' title='bbox 254 1771 281 1793; x_wconf 90' lang='lat' dir='ltr'><strong>et</strong></span> <span class='ocrx_word' id='word_1_420' title='bbox 291 1766 325 1793; x_wconf 87' lang='lat' dir='ltr'><strong>de</strong></span> <span class='ocrx_word' id='word_1_421' title='bbox 338 1765 473 1801; x_wconf 87' lang='lat' dir='ltr'><strong>Samaria,</strong></span> <span class='ocrx_word' id='word_1_422' title='bbox 486 1772 513 1795; x_wconf 88' lang='lat' dir='ltr'><strong>et</strong></span> <span class='ocrx_word' id='word_1_423' title='bbox 525 1768 708 1803; x_wconf 83' lang='lat' dir='ltr'><strong>captivitatem</strong></span> <span class='ocrx_word' id='word_1_424' title='bbox 728 1771 867 1803; x_wconf 80' lang='lat' dir='ltr'><strong>sustinuit,</strong></span> <span class='ocrx_word' id='word_1_425' title='bbox 884 1777 910 1798; x_wconf 88' lang='lat' dir='ltr'><strong>et</strong></span> <span class='ocrx_word' id='word_1_426' title='bbox 922 1779 972 1799; x_wconf 94' lang='lat' dir='ltr'><strong>no-</strong></span> 
     </span>
    </p>
   </div>
   <div class='ocr_carea' id='block_1_54' title="bbox 181 1812 973 1847">
    <p class='ocr_par' dir='ltr' id='par_1_54' title="bbox 181 1812 973 1847">
     <span class='ocr_line' id='line_1_54' title="bbox 181 1812 973 1847; baseline 0.009 -9"><span class='ocrx_word' id='word_1_427' title='bbox 181 1819 244 1839; x_wconf 87' lang='lat' dir='ltr'><strong>mett</strong></span> <span class='ocrx_word' id='word_1_428' title='bbox 261 1812 364 1847; x_wconf 85' lang='lat' dir='ltr'><strong>accepit</strong></span> <span class='ocrx_word' id='word_1_429' title='bbox 379 1821 433 1840; x_wconf 90' lang='lat' dir='ltr'><strong>non</strong></span> <span class='ocrx_word' id='word_1_430' title='bbox 459 1813 560 1841; x_wconf 88' lang='lat' dir='ltr'><strong>habens</strong></span> <span class='ocrx_word' id='word_1_431' title='bbox 577 1815 683 1842; x_wconf 86' lang='lat' dir='ltr'><strong>accolas</strong></span> <span class='ocrx_word' id='word_1_432' title='bbox 700 1823 774 1843; x_wconf 85' lang='lat' dir='ltr'><strong>suos.</strong></span> <span class='ocrx_word' id='word_1_433' title='bbox 804 1816 973 1845; x_wconf 78' lang='lat' dir='ltr'><strong>Restituetur</strong></span> 
     </span>
    </p>
   </div>
   <div class='ocr_carea' id='block_1_55' title="bbox 182 1859 971 1895">
    <p class='ocr_par' dir='ltr' id='par_1_55' title="bbox 182 1859 971 1895">
     <span class='ocr_line' id='line_1_55' title="bbox 182 1859 971 1895; baseline 0.008 -10"><span class='ocrx_word' id='word_1_434' title='bbox 182 1862 273 1885; x_wconf 85' lang='lat' dir='ltr'><strong>autem</strong></span> <span class='ocrx_word' id='word_1_435' title='bbox 286 1864 313 1886; x_wconf 89' lang='lat' dir='ltr'><strong>et</strong></span> <span class='ocrx_word' id='word_1_436' title='bbox 327 1859 373 1886; x_wconf 92' lang='lat' dir='ltr'><strong>illa</strong></span> <span class='ocrx_word' id='word_1_437' title='bbox 388 1859 459 1887; x_wconf 88' lang='lat' dir='ltr'><strong>sicut</strong></span> <span class='ocrx_word' id='word_1_438' title='bbox 476 1861 502 1887; x_wconf 93' lang='lat' dir='ltr'><strong>in</strong></span> <span class='ocrx_word' id='word_1_439' title='bbox 522 1861 654 1895; x_wconf 83' lang='lat' dir='ltr'><strong>principio</strong></span> <span class='ocrx_word' id='word_1_440' title='bbox 669 1861 719 1888; x_wconf 91' lang='lat' dir='ltr'><strong>fuit</strong></span> <span class='ocrx_word' id='word_1_441' title='bbox 736 1870 798 1889; x_wconf 89' lang='lat' dir='ltr'><strong>cum</strong></span> <span class='ocrx_word' id='word_1_442' title='bbox 812 1862 905 1890; x_wconf 85' lang='lat' dir='ltr'><strong>decem</strong></span> <span class='ocrx_word' id='word_1_443' title='bbox 921 1863 971 1891; x_wconf 87' lang='lat' dir='ltr'><strong>tri-</strong></span> 
     </span>
    </p>
   </div>
   <div class='ocr_carea' id='block_1_56' title="bbox 181 1905 971 1944">
    <p class='ocr_par' dir='ltr' id='par_1_56' title="bbox 181 1905 971 1944">
     <span class='ocr_line' id='line_1_56' title="bbox 181 1905 971 1944; baseline 0.006 -12"><span class='ocrx_word' id='word_1_444' title='bbox 181 1905 233 1932; x_wconf 87' lang='lat' dir='ltr'><strong>btts</strong></span> <span class='ocrx_word' id='word_1_445' title='bbox 249 1905 348 1933; x_wconf 86' lang='lat' dir='ltr'><strong>fuerint</strong></span> <span class='ocrx_word' id='word_1_446' title='bbox 363 1913 489 1939; x_wconf 67' lang='lat' dir='ltr'><strong>reversae,</strong></span> <span class='ocrx_word' id='word_1_447' title='bbox 503 1911 532 1933; x_wconf 92' lang='lat' dir='ltr'><strong>ut</strong></span> <span class='ocrx_word' id='word_1_448' title='bbox 553 1907 673 1934; x_wconf 87' lang='lat' dir='ltr'><strong>solvatur</strong></span> <span class='ocrx_word' id='word_1_449' title='bbox 689 1907 715 1935; x_wconf 89' lang='lat' dir='ltr'><strong>id</strong></span> <span class='ocrx_word' id='word_1_450' title='bbox 741 1909 814 1943; x_wconf 90' lang='lat' dir='ltr'><strong>quod</strong></span> <span class='ocrx_word' id='word_1_451' title='bbox 839 1909 971 1944; x_wconf 88' lang='lat' dir='ltr'><strong>scriptum</strong></span> 
     </span>
    </p>
   </div>
   <div class='ocr_carea' id='block_1_57' title="bbox 181 1951 971 1990">
    <p class='ocr_par' dir='ltr' id='par_1_57' title="bbox 181 1951 971 1990">
     <span class='ocr_line' id='line_1_57' title="bbox 181 1951 971 1990; baseline 0.006 -13"><span class='ocrx_word' id='word_1_452' title='bbox 181 1956 224 1978; x_wconf 78' lang='lat' dir='ltr'><strong>est</strong></span> <span class='ocrx_word' id='word_1_453' title='bbox 239 1951 262 1967; x_wconf 83' lang='lat'><strong>&quot;</strong></span> <span class='ocrx_word' id='word_1_454' title='bbox 287 1960 294 1978; x_wconf 89' lang='lat'><strong>:</strong></span> <span class='ocrx_word' id='word_1_455' title='bbox 321 1951 447 1986; x_wconf 80' lang='lat' dir='ltr'><strong>Captivus</strong></span> <span class='ocrx_word' id='word_1_456' title='bbox 472 1954 567 1980; x_wconf 77' lang='lat' dir='ltr'><strong>ductus</strong></span> <span class='ocrx_word' id='word_1_457' title='bbox 595 1958 634 1980; x_wconf 80' lang='lat' dir='ltr'><strong>est</strong></span> <span class='ocrx_word' id='word_1_458' title='bbox 657 1954 769 1989; x_wconf 81' lang='lat' dir='ltr'><strong>populus</strong></span> <span class='ocrx_word' id='word_1_459' title='bbox 793 1955 822 1981; x_wconf 88' lang='lat' dir='ltr'><strong>in</strong></span> <span class='ocrx_word' id='word_1_460' title='bbox 849 1956 971 1990; x_wconf 69' lang='lat' dir='ltr'><strong>Assyrios</strong></span> 
     </span>
    </p>
   </div>
   <div class='ocr_carea' id='block_1_58' title="bbox 181 1996 970 2035">
    <p class='ocr_par' dir='ltr' id='par_1_58' title="bbox 181 1996 970 2035">
     <span class='ocr_line' id='line_1_58' title="bbox 181 1996 970 2035; baseline 0.006 -11"><span class='ocrx_word' id='word_1_461' title='bbox 181 2005 262 2032; x_wconf 76' lang='lat' dir='ltr'><strong>usque</strong></span> <span class='ocrx_word' id='word_1_462' title='bbox 276 1997 303 2023; x_wconf 86' lang='lat' dir='ltr'><strong>in</strong></span> <span class='ocrx_word' id='word_1_463' title='bbox 317 1996 472 2024; x_wconf 81' lang='lat' dir='ltr'><strong>hodiernum</strong></span> <span class='ocrx_word' id='word_1_464' title='bbox 487 1998 567 2026; x_wconf 85' lang='lat' dir='ltr'><strong>diem.</strong></span> <span class='ocrx_word' id='word_1_465' title='bbox 583 1998 612 2026; x_wconf 88' lang='lat' dir='ltr'><strong>Si</strong></span> <span class='ocrx_word' id='word_1_466' title='bbox 627 2005 717 2028; x_wconf 89' lang='lat' dir='ltr'><strong>autem</strong></span> <span class='ocrx_word' id='word_1_467' title='bbox 733 2004 810 2028; x_wconf 89' lang='lat' dir='ltr'><strong>tanto</strong></span> <span class='ocrx_word' id='word_1_468' title='bbox 824 2006 886 2035; x_wconf 88' lang='lat' dir='ltr'><strong>post</strong></span> <span class='ocrx_word' id='word_1_469' title='bbox 901 2006 970 2029; x_wconf 91' lang='lat' dir='ltr'><strong>tem-</strong></span> 
     </span>
    </p>
   </div>
   <div class='ocr_carea' id='block_1_59' title="bbox 181 2044 972 2083">
    <p class='ocr_par' dir='ltr' id='par_1_59' title="bbox 181 2044 972 2083">
     <span class='ocr_line' id='line_1_59' title="bbox 181 2044 972 2083; baseline 0.006 -13"><span class='ocrx_word' id='word_1_470' title='bbox 181 2051 247 2079; x_wconf 83' lang='lat' dir='ltr'><strong>pore</strong></span> <span class='ocrx_word' id='word_1_471' title='bbox 259 2044 415 2071; x_wconf 87' lang='lat' dir='ltr'><strong>restituetur</strong></span> <span class='ocrx_word' id='word_1_472' title='bbox 430 2045 456 2071; x_wconf 94' lang='lat' dir='ltr'><strong>id</strong></span> <span class='ocrx_word' id='word_1_473' title='bbox 472 2045 544 2079; x_wconf 89' lang='lat' dir='ltr'><strong>quod</strong></span> <span class='ocrx_word' id='word_1_474' title='bbox 562 2047 700 2080; x_wconf 75' lang='lat' dir='ltr'><strong>praecessit</strong></span> <span class='ocrx_word' id='word_1_475' title='bbox 713 2046 740 2073; x_wconf 92' lang='lat' dir='ltr'><strong>in</strong></span> <span class='ocrx_word' id='word_1_476' title='bbox 755 2047 875 2082; x_wconf 76' lang='lat' dir='ltr'><strong>signum,</strong></span> <span class='ocrx_word' id='word_1_477' title='bbox 887 2056 972 2083; x_wconf 85' lang='lat' dir='ltr'><strong>quan-</strong></span> 
     </span>
    </p>
   </div>
   <div class='ocr_carea' id='block_1_60' title="bbox 181 2088 972 2120">
    <p class='ocr_par' dir='ltr' id='par_1_60' title="bbox 181 2088 972 2120">
     <span class='ocr_line' id='line_1_60' title="bbox 181 2088 972 2120; baseline 0.006 -6"><span class='ocrx_word' id='word_1_478' title='bbox 181 2088 218 2115; x_wconf 93' lang='lat' dir='ltr'><strong>do</strong></span> <span class='ocrx_word' id='word_1_479' title='bbox 229 2093 256 2115; x_wconf 90' lang='lat' dir='ltr'><strong>tu</strong></span> <span class='ocrx_word' id='word_1_480' title='bbox 274 2089 435 2120; x_wconf 85' lang='lat' dir='ltr'><strong>restitueris,</strong></span> <span class='ocrx_word' id='word_1_481' title='bbox 453 2089 475 2116; x_wconf 87' lang='lat' dir='ltr'><strong>si</strong></span> <span class='ocrx_word' id='word_1_482' title='bbox 489 2094 578 2116; x_wconf 82' lang='lat' dir='ltr'><strong>tamen</strong></span> <span class='ocrx_word' id='word_1_483' title='bbox 595 2090 745 2118; x_wconf 85' lang='lat' dir='ltr'><strong>restitueris</strong></span> <span class='ocrx_word' id='word_1_484' title='bbox 760 2090 932 2118; x_wconf 88' lang='lat' dir='ltr'><strong>Samaritana</strong></span> <span class='ocrx_word' id='word_1_485' title='bbox 945 2097 972 2119; x_wconf 86' lang='lat' dir='ltr'><strong>et</strong></span> 
     </span>
    </p>
   </div>
   <div class='ocr_carea' id='block_1_61' title="bbox 183 2134 971 2170">
    <p class='ocr_par' dir='ltr' id='par_1_61' title="bbox 183 2134 971 2170">
     <span class='ocr_line' id='line_1_61' title="bbox 183 2134 971 2170; baseline 0.004 -9"><span class='ocrx_word' id='word_1_486' title='bbox 183 2134 309 2161; x_wconf 51' lang='lat' dir='ltr'><strong>haeretica</strong></span> <span class='ocrx_word' id='word_1_487' title='bbox 326 2134 428 2166; x_wconf 83' lang='lat' dir='ltr'><strong>anima,</strong></span> <span class='ocrx_word' id='word_1_488' title='bbox 442 2141 503 2168; x_wconf 62' lang='lat' dir='ltr'><strong>quas</strong></span> <span class='ocrx_word' id='word_1_489' title='bbox 519 2134 673 2162; x_wconf 81' lang='lat' dir='ltr'><strong>simulacris</strong></span> <span class='ocrx_word' id='word_1_490' title='bbox 684 2140 710 2162; x_wconf 89' lang='lat' dir='ltr'><strong>et</strong></span> <span class='ocrx_word' id='word_1_491' title='bbox 725 2135 800 2164; x_wconf 82' lang='lat' dir='ltr'><strong>feriis</strong></span> <span class='ocrx_word' id='word_1_492' title='bbox 812 2144 866 2163; x_wconf 94' lang='lat' dir='ltr'><strong>non</strong></span> <span class='ocrx_word' id='word_1_493' title='bbox 887 2137 971 2170; x_wconf 78' lang='lat' dir='ltr'><strong>veris,</strong></span> 
     </span>
    </p>
   </div>
   <div class='ocr_carea' id='block_1_62' title="bbox 1020 892 1813 930">
    <p class='ocr_par' dir='ltr' id='par_1_62' title="bbox 1020 892 1813 930">
     <span class='ocr_line' id='line_1_62' title="bbox 1020 892 1813 930; baseline -0.006 -7"><span class='ocrx_word' id='word_1_494' title='bbox 1020 901 1047 924; x_wconf 88' lang='lat' dir='ltr'><strong>et</strong></span> <span class='ocrx_word' id='word_1_495' title='bbox 1059 896 1183 930; x_wconf 88' lang='lat' dir='ltr'><strong>voluptas</strong></span> <span class='ocrx_word' id='word_1_496' title='bbox 1199 903 1260 930; x_wconf 76' lang='lat' dir='ltr'><strong>qua:</strong></span> <span class='ocrx_word' id='word_1_497' title='bbox 1274 903 1371 922; x_wconf 89' lang='lat' dir='ltr'><strong>nervos</strong></span> <span class='ocrx_word' id='word_1_498' title='bbox 1388 892 1486 921; x_wconf 67' lang='lat' dir='ltr'><strong>animae</strong></span> <span class='ocrx_word' id='word_1_499' title='bbox 1505 892 1629 924; x_wconf 87' lang='lat' dir='ltr'><strong>succidit,</strong></span> <span class='ocrx_word' id='word_1_500' title='bbox 1649 897 1677 919; x_wconf 91' lang='lat' dir='ltr'><strong>et</strong></span> <span class='ocrx_word' id='word_1_501' title='bbox 1691 892 1813 924; x_wconf 79' lang='lat' dir='ltr'><strong>luxuria.</strong></span> 
     </span>
    </p>
   </div>
   <div class='ocr_carea' id='block_1_63' title="bbox 1020 938 1814 975">
    <p class='ocr_par' dir='ltr' id='par_1_63' title="bbox 1020 938 1814 975">
     <span class='ocr_line' id='line_1_63' title="bbox 1020 938 1814 975; baseline -0.005 -7"><span class='ocrx_word' id='word_1_502' title='bbox 1020 945 1046 968; x_wconf 88' lang='lat' dir='ltr'><strong>et</strong></span> <span class='ocrx_word' id='word_1_503' title='bbox 1060 941 1142 968; x_wconf 86' lang='lat' dir='ltr'><strong>semel</strong></span> <span class='ocrx_word' id='word_1_504' title='bbox 1160 941 1287 968; x_wconf 85' lang='lat' dir='ltr'><strong>universa</strong></span> <span class='ocrx_word' id='word_1_505' title='bbox 1309 944 1434 975; x_wconf 86' lang='lat' dir='ltr'><strong>peccata,</strong></span> <span class='ocrx_word' id='word_1_506' title='bbox 1457 947 1518 967; x_wconf 90' lang='lat' dir='ltr'><strong>cum</strong></span> <span class='ocrx_word' id='word_1_507' title='bbox 1539 938 1565 965; x_wconf 92' lang='lat' dir='ltr'><strong>in</strong></span> <span class='ocrx_word' id='word_1_508' title='bbox 1581 945 1666 973; x_wconf 74' lang='lat' dir='ltr'><strong>parvo</strong></span> <span class='ocrx_word' id='word_1_509' title='bbox 1692 942 1814 972; x_wconf 85' lang='lat' dir='ltr'><strong>tempore</strong></span> 
     </span>
    </p>
   </div>
   <div class='ocr_carea' id='block_1_64' title="bbox 1021 985 1812 1019">
    <p class='ocr_par' dir='ltr' id='par_1_64' title="bbox 1021 985 1812 1019">
     <span class='ocr_line' id='line_1_64' title="bbox 1021 985 1812 1019; baseline -0.004 -5"><span class='ocrx_word' id='word_1_510' title='bbox 1021 987 1155 1014; x_wconf 82' lang='lat' dir='ltr'><strong>infelicem</strong></span> <span class='ocrx_word' id='word_1_511' title='bbox 1172 988 1290 1014; x_wconf 89' lang='lat' dir='ltr'><strong>animam</strong></span> <span class='ocrx_word' id='word_1_512' title='bbox 1308 987 1462 1019; x_wconf 85' lang='lat' dir='ltr'><strong>illexerunt,</strong></span> <span class='ocrx_word' id='word_1_513' title='bbox 1477 990 1504 1013; x_wconf 87' lang='lat' dir='ltr'><strong>et</strong></span> <span class='ocrx_word' id='word_1_514' title='bbox 1519 985 1552 1012; x_wconf 92' lang='lat' dir='ltr'><strong>ad</strong></span> <span class='ocrx_word' id='word_1_515' title='bbox 1569 985 1637 1012; x_wconf 86' lang='lat' dir='ltr'><strong>vitia</strong></span> <span class='ocrx_word' id='word_1_516' title='bbox 1657 989 1812 1016; x_wconf 84' lang='lat' dir='ltr'><strong>traxerunt,</strong></span> 
     </span>
    </p>
   </div>
   <div class='ocr_carea' id='block_1_65' title="bbox 1021 1031 1814 1068">
    <p class='ocr_par' dir='ltr' id='par_1_65' title="bbox 1021 1031 1814 1068">
     <span class='ocr_line' id='line_1_65' title="bbox 1021 1031 1814 1068; baseline -0.003 -8"><span class='ocrx_word' id='word_1_517' title='bbox 1021 1041 1148 1068; x_wconf 80' lang='lat' dir='ltr'><strong>magnum</strong></span> <span class='ocrx_word' id='word_1_518' title='bbox 1165 1038 1258 1068; x_wconf 82' lang='lat' dir='ltr'><strong>postea</strong></span> <span class='ocrx_word' id='word_1_519' title='bbox 1273 1038 1380 1067; x_wconf 85' lang='lat' dir='ltr'><strong>tempus</strong></span> <span class='ocrx_word' id='word_1_520' title='bbox 1394 1032 1421 1059; x_wconf 87' lang='lat' dir='ltr'><strong>itt</strong></span> <span class='ocrx_word' id='word_1_521' title='bbox 1441 1031 1582 1066; x_wconf 85' lang='lat' dir='ltr'><strong>suppliciis</strong></span> <span class='ocrx_word' id='word_1_522' title='bbox 1595 1036 1622 1057; x_wconf 87' lang='lat' dir='ltr'><strong>et</strong></span> <span class='ocrx_word' id='word_1_523' title='bbox 1640 1031 1814 1058; x_wconf 85' lang='lat' dir='ltr'><strong>cruciatibus</strong></span> 
     </span>
    </p>
   </div>
   <div class='ocr_carea' id='block_1_66' title="bbox 1021 1075 1812 1113">
    <p class='ocr_par' dir='ltr' id='par_1_66' title="bbox 1021 1075 1812 1113">
     <span class='ocr_line' id='line_1_66' title="bbox 1021 1075 1812 1113; baseline -0.005 -8"><span class='ocrx_word' id='word_1_524' title='bbox 1021 1083 1225 1113; x_wconf 87' lang='lat' dir='ltr'><strong>promerentur.</strong></span> <span class='ocrx_word' id='word_1_525' title='bbox 1246 1077 1361 1112; x_wconf 88' lang='lat' dir='ltr'><strong>Propter</strong></span> <span class='ocrx_word' id='word_1_526' title='bbox 1378 1077 1450 1112; x_wconf 90' lang='lat' dir='ltr'><strong>quod</strong></span> <span class='ocrx_word' id='word_1_527' title='bbox 1470 1077 1520 1104; x_wconf 92' lang='lat' dir='ltr'><strong>hoc</strong></span> <span class='ocrx_word' id='word_1_528' title='bbox 1537 1076 1603 1103; x_wconf 89' lang='lat' dir='ltr'><strong>dicit</strong></span> <span class='ocrx_word' id='word_1_529' title='bbox 1619 1075 1756 1103; x_wconf 85' lang='lat' dir='ltr'><strong>Dominus</strong></span> <span class='ocrx_word' id='word_1_530' title='bbox 1771 1076 1812 1101; x_wconf 87' lang='lat'><strong>&quot;:</strong></span> 
     </span>
    </p>
   </div>
   <div class='ocr_carea' id='block_1_67' title="bbox 1021 1120 1815 1157">
    <p class='ocr_par' dir='ltr' id='par_1_67' title="bbox 1021 1120 1815 1157">
     <span class='ocr_line' id='line_1_67' title="bbox 1021 1120 1815 1157; baseline -0.004 -8"><span class='ocrx_word' id='word_1_531' title='bbox 1021 1122 1055 1149; x_wconf 86' lang='lat' dir='ltr'><strong>Et</strong></span> <span class='ocrx_word' id='word_1_532' title='bbox 1068 1122 1167 1157; x_wconf 80' lang='lat' dir='ltr'><strong>faciant</strong></span> <span class='ocrx_word' id='word_1_533' title='bbox 1184 1123 1212 1149; x_wconf 85' lang='lat' dir='ltr'><strong>in</strong></span> <span class='ocrx_word' id='word_1_534' title='bbox 1226 1127 1249 1149; x_wconf 88' lang='lat' dir='ltr'><strong>te</strong></span> <span class='ocrx_word' id='word_1_535' title='bbox 1262 1123 1330 1149; x_wconf 81' lang='lat' dir='ltr'><strong>sicut</strong></span> <span class='ocrx_word' id='word_1_536' title='bbox 1348 1121 1445 1156; x_wconf 79' lang='lat' dir='ltr'><strong>fecisti,</strong></span> <span class='ocrx_word' id='word_1_537' title='bbox 1455 1121 1524 1147; x_wconf 82' lang='lat' dir='ltr'><strong>sicut</strong></span> <span class='ocrx_word' id='word_1_538' title='bbox 1539 1120 1660 1155; x_wconf 75' lang='lat' dir='ltr'><strong>sprevisti</strong></span> <span class='ocrx_word' id='word_1_539' title='bbox 1681 1120 1737 1147; x_wconf 74' lang='lat' dir='ltr'><strong>Ittzc</strong></span> <span class='ocrx_word' id='word_1_540' title='bbox 1749 1127 1815 1154; x_wconf 67' lang='grc' dir='ltr'><strong>ρω-</strong></span> 
     </span>
    </p>
   </div>
   <div class='ocr_carea' id='block_1_68' title="bbox 1020 1165 1813 1200">
    <p class='ocr_par' dir='ltr' id='par_1_68' title="bbox 1020 1165 1813 1200">
     <span class='ocr_line' id='line_1_68' title="bbox 1020 1165 1813 1200; baseline -0.004 -5"><span class='ocrx_word' id='word_1_541' title='bbox 1020 1169 1164 1196; x_wconf 78' lang='lat' dir='ltr'><strong>uaricando</strong></span> <span class='ocrx_word' id='word_1_542' title='bbox 1191 1173 1376 1195; x_wconf 76' lang='lat' dir='ltr'><strong>testamentum</strong></span> <span class='ocrx_word' id='word_1_543' title='bbox 1400 1175 1496 1200; x_wconf 81' lang='lat' dir='ltr'><strong>meum,</strong></span> <span class='ocrx_word' id='word_1_544' title='bbox 1513 1171 1537 1194; x_wconf 82' lang='lat' dir='ltr'><strong>ct</strong></span> <span class='ocrx_word' id='word_1_545' title='bbox 1559 1174 1658 1193; x_wconf 79' lang='lat' dir='ltr'><strong>utentur</strong></span> <span class='ocrx_word' id='word_1_546' title='bbox 1675 1174 1732 1193; x_wconf 88' lang='lat' dir='ltr'><strong>ero.</strong></span> <span class='ocrx_word' id='word_1_547' title='bbox 1753 1165 1813 1192; x_wconf 80' lang='lat' dir='ltr'><strong>Pri-</strong></span> 
     </span>
    </p>
   </div>
   <div class='ocr_carea' id='block_1_69' title="bbox 1021 1212 1814 1250">
    <p class='ocr_par' dir='ltr' id='par_1_69' title="bbox 1021 1212 1814 1250">
     <span class='ocr_line' id='line_1_69' title="bbox 1021 1212 1814 1250; baseline -0.006 -8"><span class='ocrx_word' id='word_1_548' title='bbox 1021 1223 1096 1243; x_wconf 92' lang='lat' dir='ltr'><strong>mum</strong></span> <span class='ocrx_word' id='word_1_549' title='bbox 1107 1235 1115 1247; x_wconf 97' lang='lat'><strong>,</strong></span> <span class='ocrx_word' id='word_1_550' title='bbox 1132 1215 1261 1250; x_wconf 84' lang='lat' dir='ltr'><strong>quomoda</strong></span> <span class='ocrx_word' id='word_1_551' title='bbox 1279 1214 1366 1249; x_wconf 68' lang='lat' dir='ltr'><strong>fecisti</strong></span> <span class='ocrx_word' id='word_1_552' title='bbox 1381 1214 1480 1248; x_wconf 81' lang='lat' dir='ltr'><strong>faciant</strong></span> <span class='ocrx_word' id='word_1_553' title='bbox 1494 1212 1557 1245; x_wconf 87' lang='lat' dir='ltr'><strong>tibi;</strong></span> <span class='ocrx_word' id='word_1_554' title='bbox 1583 1212 1681 1239; x_wconf 86' lang='lat' dir='ltr'><strong>deinde</strong></span> <span class='ocrx_word' id='word_1_555' title='bbox 1692 1232 1699 1244; x_wconf 88' lang='lat'><strong>,</strong></span> <span class='ocrx_word' id='word_1_556' title='bbox 1715 1219 1814 1238; x_wconf 85' lang='lat' dir='ltr'><strong>memor</strong></span> 
     </span>
    </p>
   </div>
   <div class='ocr_carea' id='block_1_70' title="bbox 1020 1257 1815 1295">
    <p class='ocr_par' dir='ltr' id='par_1_70' title="bbox 1020 1257 1815 1295">
     <span class='ocr_line' id='line_1_70' title="bbox 1020 1257 1815 1295; baseline -0.006 -7"><span class='ocrx_word' id='word_1_557' title='bbox 1020 1270 1064 1288; x_wconf 87' lang='lat' dir='ltr'><strong>ero</strong></span> <span class='ocrx_word' id='word_1_558' title='bbox 1090 1261 1239 1288; x_wconf 77' lang='lat' dir='ltr'><strong>testamenti</strong></span> <span class='ocrx_word' id='word_1_559' title='bbox 1260 1261 1310 1286; x_wconf 88' lang='lat' dir='ltr'><strong>ntei</strong></span> <span class='ocrx_word' id='word_1_560' title='bbox 1325 1259 1394 1295; x_wconf 85' lang='lat' dir='ltr'><strong>quod</strong></span> <span class='ocrx_word' id='word_1_561' title='bbox 1410 1259 1460 1294; x_wconf 84' lang='lat' dir='ltr'><strong>feci</strong></span> <span class='ocrx_word' id='word_1_562' title='bbox 1476 1265 1559 1286; x_wconf 84' lang='lat' dir='ltr'><strong>tecum</strong></span> <span class='ocrx_word' id='word_1_563' title='bbox 1574 1258 1601 1285; x_wconf 84' lang='lat' dir='ltr'><strong>in</strong></span> <span class='ocrx_word' id='word_1_564' title='bbox 1613 1257 1705 1285; x_wconf 85' lang='lat' dir='ltr'><strong>diebus</strong></span> <span class='ocrx_word' id='word_1_565' title='bbox 1724 1257 1815 1291; x_wconf 78' lang='lat' dir='ltr'><strong>infan-</strong></span> 
     </span>
    </p>
   </div>
   <div class='ocr_carea' id='block_1_71' title="bbox 1022 1303 1813 1341">
    <p class='ocr_par' dir='ltr' id='par_1_71' title="bbox 1022 1303 1813 1341">
     <span class='ocr_line' id='line_1_71' title="bbox 1022 1303 1813 1341; baseline -0.004 -8"><span class='ocrx_word' id='word_1_566' title='bbox 1022 1308 1066 1334; x_wconf 72' lang='lat' dir='ltr'><strong>tia:</strong></span> <span class='ocrx_word' id='word_1_567' title='bbox 1083 1312 1144 1334; x_wconf 71' lang='lat' dir='ltr'><strong>tua&#39;.</strong></span> <span class='ocrx_word' id='word_1_568' title='bbox 1184 1306 1260 1334; x_wconf 88' lang='lat' dir='ltr'><strong>Fecit</strong></span> <span class='ocrx_word' id='word_1_569' title='bbox 1276 1307 1376 1341; x_wconf 88' lang='lat' dir='ltr'><strong>quippe</strong></span> <span class='ocrx_word' id='word_1_570' title='bbox 1399 1309 1592 1332; x_wconf 87' lang='lat' dir='ltr'><strong>testamentum</strong></span> <span class='ocrx_word' id='word_1_571' title='bbox 1614 1304 1642 1331; x_wconf 93' lang='lat' dir='ltr'><strong>in</strong></span> <span class='ocrx_word' id='word_1_572' title='bbox 1656 1303 1754 1331; x_wconf 90' lang='lat' dir='ltr'><strong>diebus</strong></span> <span class='ocrx_word' id='word_1_573' title='bbox 1769 1303 1813 1330; x_wconf 88' lang='lat' dir='ltr'><strong>iu-</strong></span> 
     </span>
    </p>
   </div>
   <div class='ocr_carea' id='block_1_72' title="bbox 1021 1350 1813 1387">
    <p class='ocr_par' dir='ltr' id='par_1_72' title="bbox 1021 1350 1813 1387">
     <span class='ocr_line' id='line_1_72' title="bbox 1021 1350 1813 1387; baseline -0.004 -8"><span class='ocrx_word' id='word_1_574' title='bbox 1021 1352 1112 1380; x_wconf 67' lang='lat' dir='ltr'><strong>fantiaa</strong></span> <span class='ocrx_word' id='word_1_575' title='bbox 1125 1352 1195 1387; x_wconf 77' lang='lat' dir='ltr'><strong>ejus.</strong></span> <span class='ocrx_word' id='word_1_576' title='bbox 1208 1352 1333 1379; x_wconf 84' lang='lat' dir='ltr'><strong>Diximus</strong></span> <span class='ocrx_word' id='word_1_577' title='bbox 1348 1356 1439 1378; x_wconf 91' lang='lat' dir='ltr'><strong>autem</strong></span> <span class='ocrx_word' id='word_1_578' title='bbox 1455 1359 1537 1385; x_wconf 89' lang='lat' dir='ltr'><strong>supra</strong></span> <span class='ocrx_word' id='word_1_579' title='bbox 1549 1350 1687 1385; x_wconf 86' lang='lat' dir='ltr'><strong>quomodo</strong></span> <span class='ocrx_word' id='word_1_580' title='bbox 1702 1358 1765 1378; x_wconf 92' lang='lat' dir='ltr'><strong>cum</strong></span> <span class='ocrx_word' id='word_1_581' title='bbox 1782 1357 1813 1376; x_wconf 79' lang='lat' dir='ltr'><strong>ea</strong></span> 
     </span>
    </p>
   </div>
   <div class='ocr_carea' id='block_1_73' title="bbox 1022 1395 1813 1426">
    <p class='ocr_par' dir='ltr' id='par_1_73' title="bbox 1022 1395 1813 1426">
     <span class='ocr_line' id='line_1_73' title="bbox 1022 1395 1813 1426; baseline -0.004 -1"><span class='ocrx_word' id='word_1_582' title='bbox 1022 1397 1117 1425; x_wconf 84' lang='lat' dir='ltr'><strong>fecerit</strong></span> <span class='ocrx_word' id='word_1_583' title='bbox 1133 1402 1336 1426; x_wconf 85' lang='lat' dir='ltr'><strong>testamentum.</strong></span> <span class='ocrx_word' id='word_1_584' title='bbox 1367 1396 1403 1424; x_wconf 87' lang='lat' dir='ltr'><strong>Et</strong></span> <span class='ocrx_word' id='word_1_585' title='bbox 1415 1395 1548 1424; x_wconf 80' lang='lat' dir='ltr'><strong>suscitabo</strong></span> <span class='ocrx_word' id='word_1_586' title='bbox 1565 1396 1612 1422; x_wconf 85' lang='lat' dir='ltr'><strong>tibi</strong></span> <span class='ocrx_word' id='word_1_587' title='bbox 1629 1401 1813 1423; x_wconf 69' lang='lat' dir='ltr'><strong>testamentum</strong></span> 
     </span>
    </p>
   </div>
   <div class='ocr_carea' id='block_1_74' title="bbox 1021 1441 1811 1479">
    <p class='ocr_par' dir='ltr' id='par_1_74' title="bbox 1021 1441 1811 1479">
     <span class='ocr_line' id='line_1_74' title="bbox 1021 1441 1811 1479; baseline -0.003 -9"><span class='ocrx_word' id='word_1_588' title='bbox 1021 1444 1049 1470; x_wconf 88' lang='lat' dir='ltr'><strong>in</strong></span> <span class='ocrx_word' id='word_1_589' title='bbox 1062 1449 1200 1471; x_wconf 66' lang='lat' dir='ltr'><strong>attentum.</strong></span> <span class='ocrx_word' id='word_1_590' title='bbox 1232 1442 1289 1479; x_wconf 79' lang='lat' dir='ltr'><strong>Ego</strong></span> <span class='ocrx_word' id='word_1_591' title='bbox 1315 1443 1405 1470; x_wconf 80' lang='lat' dir='ltr'><strong>occido</strong></span> <span class='ocrx_word' id='word_1_592' title='bbox 1418 1463 1424 1475; x_wconf 95' lang='lat'><strong>,</strong></span> <span class='ocrx_word' id='word_1_593' title='bbox 1441 1447 1464 1469; x_wconf 85' lang='lat' dir='ltr'><strong>et</strong></span> <span class='ocrx_word' id='word_1_594' title='bbox 1479 1451 1524 1477; x_wconf 83' lang='lat' dir='ltr'><strong>ego</strong></span> <span class='ocrx_word' id='word_1_595' title='bbox 1543 1441 1680 1476; x_wconf 77' lang='lat' dir='ltr'><strong>vivificabo</strong></span> <span class='ocrx_word' id='word_1_596' title='bbox 1691 1463 1699 1474; x_wconf 86' lang='lat'><strong>,</strong></span> <span class='ocrx_word' id='word_1_597' title='bbox 1726 1442 1765 1468; x_wconf 86' lang='lat' dir='ltr'><strong>ait</strong></span> <span class='ocrx_word' id='word_1_598' title='bbox 1779 1441 1811 1468; x_wconf 80' lang='lat'><strong>&quot;.</strong></span> 
     </span>
    </p>
   </div>
   <div class='ocr_carea' id='block_1_75' title="bbox 1022 1487 1814 1524">
    <p class='ocr_par' dir='ltr' id='par_1_75' title="bbox 1022 1487 1814 1524">
     <span class='ocr_line' id='line_1_75' title="bbox 1022 1487 1814 1524; baseline -0.003 -8"><span class='ocrx_word' id='word_1_599' title='bbox 1022 1489 1073 1522; x_wconf 79' lang='lat' dir='ltr'><strong>Qui</strong></span> <span class='ocrx_word' id='word_1_600' title='bbox 1097 1498 1158 1517; x_wconf 93' lang='lat' dir='ltr'><strong>cum</strong></span> <span class='ocrx_word' id='word_1_601' title='bbox 1177 1489 1227 1517; x_wconf 89' lang='lat' dir='ltr'><strong>ista</strong></span> <span class='ocrx_word' id='word_1_602' title='bbox 1243 1490 1394 1524; x_wconf 90' lang='lat' dir='ltr'><strong>promittit,</strong></span> <span class='ocrx_word' id='word_1_603' title='bbox 1419 1489 1526 1516; x_wconf 86' lang='lat' dir='ltr'><strong>dolores</strong></span> <span class='ocrx_word' id='word_1_604' title='bbox 1543 1487 1623 1521; x_wconf 84' lang='lat' dir='ltr'><strong>facit,</strong></span> <span class='ocrx_word' id='word_1_605' title='bbox 1650 1492 1677 1515; x_wconf 87' lang='lat' dir='ltr'><strong>et</strong></span> <span class='ocrx_word' id='word_1_606' title='bbox 1701 1496 1814 1515; x_wconf 86' lang='lat' dir='ltr'><strong>rursum</strong></span> 
     </span>
    </p>
   </div>
   <div class='ocr_carea' id='block_1_76' title="bbox 1025 1533 1814 1568">
    <p class='ocr_par' dir='ltr' id='par_1_76' title="bbox 1025 1533 1814 1568">
     <span class='ocr_line' id='line_1_76' title="bbox 1025 1533 1814 1568; baseline -0.004 -6"><span class='ocrx_word' id='word_1_607' title='bbox 1025 1536 1161 1563; x_wconf 89' lang='lat' dir='ltr'><strong>restituet.</strong></span> <span class='ocrx_word' id='word_1_608' title='bbox 1183 1534 1332 1568; x_wconf 87' lang='lat' dir='ltr'><strong>Percussit,</strong></span> <span class='ocrx_word' id='word_1_609' title='bbox 1349 1538 1376 1562; x_wconf 90' lang='lat' dir='ltr'><strong>et</strong></span> <span class='ocrx_word' id='word_1_610' title='bbox 1388 1542 1486 1561; x_wconf 87' lang='lat' dir='ltr'><strong>manus</strong></span> <span class='ocrx_word' id='word_1_611' title='bbox 1512 1534 1572 1568; x_wconf 90' lang='lat' dir='ltr'><strong>ejus</strong></span> <span class='ocrx_word' id='word_1_612' title='bbox 1597 1533 1744 1561; x_wconf 82' lang='lat' dir='ltr'><strong>sanabunt.</strong></span> <span class='ocrx_word' id='word_1_613' title='bbox 1767 1533 1814 1560; x_wconf 86' lang='lat' dir='ltr'><strong>Di-</strong></span> 
     </span>
    </p>
   </div>
   <div class='ocr_carea' id='block_1_77' title="bbox 1022 1580 1814 1614">
    <p class='ocr_par' dir='ltr' id='par_1_77' title="bbox 1022 1580 1814 1614">
     <span class='ocr_line' id='line_1_77' title="bbox 1022 1580 1814 1614; baseline -0.005 -4"><span class='ocrx_word' id='word_1_614' title='bbox 1022 1582 1094 1610; x_wconf 88' lang='lat' dir='ltr'><strong>citur</strong></span> <span class='ocrx_word' id='word_1_615' title='bbox 1120 1583 1146 1610; x_wconf 92' lang='lat' dir='ltr'><strong>in</strong></span> <span class='ocrx_word' id='word_1_616' title='bbox 1171 1581 1283 1609; x_wconf 75' lang='lat' dir='ltr'><strong>Michtea</strong></span> <span class='ocrx_word' id='word_1_617' title='bbox 1295 1582 1318 1597; x_wconf 81' lang='lat'><strong>&quot;“</strong></span> <span class='ocrx_word' id='word_1_618' title='bbox 1333 1590 1340 1608; x_wconf 85' lang='lat'><strong>:</strong></span> <span class='ocrx_word' id='word_1_619' title='bbox 1360 1581 1434 1607; x_wconf 81' lang='lat' dir='ltr'><strong>Iram</strong></span> <span class='ocrx_word' id='word_1_620' title='bbox 1450 1580 1558 1607; x_wconf 83' lang='lat' dir='ltr'><strong>Domini</strong></span> <span class='ocrx_word' id='word_1_621' title='bbox 1574 1580 1725 1613; x_wconf 80' lang='lat' dir='ltr'><strong>sustinebo,</strong></span> <span class='ocrx_word' id='word_1_622' title='bbox 1749 1581 1814 1614; x_wconf 83' lang='lat' dir='ltr'><strong>quia</strong></span> 
     </span>
    </p>
   </div>
   <div class='ocr_carea' id='block_1_78' title="bbox 1022 1625 1815 1663">
    <p class='ocr_par' dir='ltr' id='par_1_78' title="bbox 1022 1625 1815 1663">
     <span class='ocr_line' id='line_1_78' title="bbox 1022 1625 1815 1663; baseline -0.006 -7"><span class='ocrx_word' id='word_1_623' title='bbox 1022 1628 1127 1663; x_wconf 80' lang='lat' dir='ltr'><strong>peccaui</strong></span> <span class='ocrx_word' id='word_1_624' title='bbox 1141 1629 1175 1661; x_wconf 86' lang='lat' dir='ltr'><strong>ei,</strong></span> <span class='ocrx_word' id='word_1_625' title='bbox 1191 1628 1272 1654; x_wconf 85' lang='lat' dir='ltr'><strong>donec</strong></span> <span class='ocrx_word' id='word_1_626' title='bbox 1283 1627 1411 1662; x_wconf 81' lang='lat' dir='ltr'><strong>justiﬁcet</strong></span> <span class='ocrx_word' id='word_1_627' title='bbox 1426 1627 1480 1661; x_wconf 78' lang='lat' dir='ltr'><strong>ipse</strong></span> <span class='ocrx_word' id='word_1_628' title='bbox 1496 1635 1605 1653; x_wconf 77' lang='lat' dir='ltr'><strong>causam</strong></span> <span class='ocrx_word' id='word_1_629' title='bbox 1619 1634 1715 1653; x_wconf 79' lang='lat' dir='ltr'><strong>nteant.</strong></span> <span class='ocrx_word' id='word_1_630' title='bbox 1737 1625 1815 1658; x_wconf 66' lang='lat' dir='ltr'><strong>Quo-</strong></span> 
     </span>
    </p>
   </div>
   <div class='ocr_carea' id='block_1_79' title="bbox 1023 1670 1814 1707">
    <p class='ocr_par' dir='ltr' id='par_1_79' title="bbox 1023 1670 1814 1707">
     <span class='ocr_line' id='line_1_79' title="bbox 1023 1670 1814 1707; baseline -0.006 -6"><span class='ocrx_word' id='word_1_631' title='bbox 1023 1673 1104 1701; x_wconf 91' lang='lat' dir='ltr'><strong>modo</strong></span> <span class='ocrx_word' id='word_1_632' title='bbox 1117 1673 1283 1707; x_wconf 83' lang='lat' dir='ltr'><strong>justilicatur</strong></span> <span class='ocrx_word' id='word_1_633' title='bbox 1300 1679 1383 1699; x_wconf 86' lang='lat' dir='ltr'><strong>causa</strong></span> <span class='ocrx_word' id='word_1_634' title='bbox 1400 1671 1479 1698; x_wconf 85' lang='lat' dir='ltr'><strong>mea?</strong></span> <span class='ocrx_word' id='word_1_635' title='bbox 1496 1670 1611 1704; x_wconf 84' lang='lat' dir='ltr'><strong>Quando</strong></span> <span class='ocrx_word' id='word_1_636' title='bbox 1623 1671 1691 1698; x_wconf 91' lang='lat' dir='ltr'><strong>iram</strong></span> <span class='ocrx_word' id='word_1_637' title='bbox 1704 1670 1814 1697; x_wconf 87' lang='lat' dir='ltr'><strong>Domini</strong></span> 
     </span>
    </p>
   </div>
   <div class='ocr_carea' id='block_1_80' title="bbox 1023 1716 1814 1752">
    <p class='ocr_par' dir='ltr' id='par_1_80' title="bbox 1023 1716 1814 1752">
     <span class='ocr_line' id='line_1_80' title="bbox 1023 1716 1814 1752; baseline -0.004 -6"><span class='ocrx_word' id='word_1_638' title='bbox 1023 1718 1190 1751; x_wconf 87' lang='lat' dir='ltr'><strong>sustinuero,</strong></span> <span class='ocrx_word' id='word_1_639' title='bbox 1206 1718 1252 1752; x_wconf 91' lang='lat' dir='ltr'><strong>qui</strong></span> <span class='ocrx_word' id='word_1_640' title='bbox 1270 1717 1379 1744; x_wconf 69' lang='lat' dir='ltr'><strong>divitias</strong></span> <span class='ocrx_word' id='word_1_641' title='bbox 1397 1716 1529 1744; x_wconf 90' lang='lat' dir='ltr'><strong>bonitatis</strong></span> <span class='ocrx_word' id='word_1_642' title='bbox 1544 1716 1604 1750; x_wconf 89' lang='lat' dir='ltr'><strong>ejus</strong></span> <span class='ocrx_word' id='word_1_643' title='bbox 1620 1721 1646 1743; x_wconf 90' lang='lat' dir='ltr'><strong>et</strong></span> <span class='ocrx_word' id='word_1_644' title='bbox 1665 1716 1814 1751; x_wconf 65' lang='lat' dir='ltr'><strong>patientiae.</strong></span> 
     </span>
    </p>
   </div>
   <div class='ocr_carea' id='block_1_81' title="bbox 1023 1761 1815 1798">
    <p class='ocr_par' dir='ltr' id='par_1_81' title="bbox 1023 1761 1815 1798">
     <span class='ocr_line' id='line_1_81' title="bbox 1023 1761 1815 1798; baseline -0.003 -8"><span class='ocrx_word' id='word_1_645' title='bbox 1023 1769 1049 1790; x_wconf 91' lang='lat' dir='ltr'><strong>et</strong></span> <span class='ocrx_word' id='word_1_646' title='bbox 1063 1763 1278 1798; x_wconf 78' lang='lat' dir='ltr'><strong>longanimitatis</strong></span> <span class='ocrx_word' id='word_1_647' title='bbox 1303 1762 1466 1796; x_wconf 84' lang='lat' dir='ltr'><strong>contempsi,</strong></span> <span class='ocrx_word' id='word_1_648' title='bbox 1490 1766 1517 1789; x_wconf 90' lang='lat' dir='ltr'><strong>et</strong></span> <span class='ocrx_word' id='word_1_649' title='bbox 1531 1762 1609 1796; x_wconf 79' lang='lat' dir='ltr'><strong>juxta</strong></span> <span class='ocrx_word' id='word_1_650' title='bbox 1626 1770 1717 1789; x_wconf 83' lang='lat' dir='ltr'><strong>meam</strong></span> <span class='ocrx_word' id='word_1_651' title='bbox 1739 1761 1815 1788; x_wconf 90' lang='lat' dir='ltr'><strong>duri-</strong></span> 
     </span>
    </p>
   </div>
   <div class='ocr_carea' id='block_1_82' title="bbox 1023 1807 1814 1843">
    <p class='ocr_par' dir='ltr' id='par_1_82' title="bbox 1023 1807 1814 1843">
     <span class='ocr_line' id='line_1_82' title="bbox 1023 1807 1814 1843; baseline -0.001 -6"><span class='ocrx_word' id='word_1_652' title='bbox 1023 1810 1088 1837; x_wconf 87' lang='lat' dir='ltr'><strong>tiam</strong></span> <span class='ocrx_word' id='word_1_653' title='bbox 1103 1813 1130 1836; x_wconf 86' lang='lat' dir='ltr'><strong>et</strong></span> <span class='ocrx_word' id='word_1_654' title='bbox 1145 1808 1317 1843; x_wconf 81' lang='lat' dir='ltr'><strong>imptenitens</strong></span> <span class='ocrx_word' id='word_1_655' title='bbox 1336 1816 1384 1835; x_wconf 91' lang='lat' dir='ltr'><strong>cor</strong></span> <span class='ocrx_word' id='word_1_656' title='bbox 1399 1807 1580 1835; x_wconf 85' lang='lat' dir='ltr'><strong>thesaurizavi</strong></span> <span class='ocrx_word' id='word_1_657' title='bbox 1599 1807 1666 1834; x_wconf 90' lang='lat' dir='ltr'><strong>mihi</strong></span> <span class='ocrx_word' id='word_1_658' title='bbox 1683 1808 1751 1835; x_wconf 83' lang='lat' dir='ltr'><strong>iram</strong></span> <span class='ocrx_word' id='word_1_659' title='bbox 1761 1829 1769 1841; x_wconf 87' lang='lat'><strong>,</strong></span> <span class='ocrx_word' id='word_1_660' title='bbox 1788 1809 1814 1836; x_wconf 88' lang='lat' dir='ltr'><strong>in</strong></span> 
     </span>
    </p>
   </div>
   <div class='ocr_carea' id='block_1_83' title="bbox 1023 1851 1671 1888">
    <p class='ocr_par' dir='ltr' id='par_1_83' title="bbox 1023 1851 1671 1888">
     <span class='ocr_line' id='line_1_83' title="bbox 1023 1851 1671 1888; baseline -0.003 -6"><span class='ocrx_word' id='word_1_661' title='bbox 1023 1855 1067 1882; x_wconf 89' lang='lat' dir='ltr'><strong>die</strong></span> <span class='ocrx_word' id='word_1_662' title='bbox 1086 1855 1133 1882; x_wconf 80' lang='lat' dir='ltr'><strong>irae</strong></span> <span class='ocrx_word' id='word_1_663' title='bbox 1148 1858 1175 1881; x_wconf 88' lang='lat' dir='ltr'><strong>et</strong></span> <span class='ocrx_word' id='word_1_664' title='bbox 1188 1853 1362 1881; x_wconf 78' lang='lat' dir='ltr'><strong>revetationis</strong></span> <span class='ocrx_word' id='word_1_665' title='bbox 1378 1853 1445 1888; x_wconf 84' lang='lat' dir='ltr'><strong>justi</strong></span> <span class='ocrx_word' id='word_1_666' title='bbox 1461 1853 1556 1887; x_wconf 84' lang='lat' dir='ltr'><strong>judicii</strong></span> <span class='ocrx_word' id='word_1_667' title='bbox 1573 1851 1619 1879; x_wconf 87' lang='lat' dir='ltr'><strong>Dei</strong></span> <span class='ocrx_word' id='word_1_668' title='bbox 1637 1853 1671 1880; x_wconf 75' lang='grc'><strong>⁷⁵.</strong></span> 
     </span>
    </p>
   </div>
   <div class='ocr_carea' id='block_1_84' title="bbox 1058 1907 1814 1941">
    <p class='ocr_par' dir='ltr' id='par_1_84' title="bbox 1058 1907 1814 1941">
     <span class='ocr_line' id='line_1_84' title="bbox 1058 1907 1814 1941; baseline -0.001 -6"><span class='ocrx_word' id='word_1_669' title='bbox 1058 1909 1085 1936; x_wconf 77' lang='grc' dir='ltr'><strong>ὅ.</strong></span> <span class='ocrx_word' id='word_1_670' title='bbox 1106 1907 1139 1934; x_wconf 86' lang='lat' dir='ltr'><strong>Et</strong></span> <span class='ocrx_word' id='word_1_671' title='bbox 1152 1907 1362 1935; x_wconf 67' lang='lat' dir='ltr'><strong>deltonestaberia</strong></span> <span class='ocrx_word' id='word_1_672' title='bbox 1381 1907 1408 1933; x_wconf 83' lang='lat' dir='ltr'><strong>in</strong></span> <span class='ocrx_word' id='word_1_673' title='bbox 1427 1914 1456 1933; x_wconf 86' lang='lat' dir='ltr'><strong>eo</strong></span> <span class='ocrx_word' id='word_1_674' title='bbox 1471 1907 1541 1941; x_wconf 75' lang='lat' dir='ltr'><strong>quod</strong></span> <span class='ocrx_word' id='word_1_675' title='bbox 1555 1907 1696 1940; x_wconf 78' lang='lat' dir='ltr'><strong>sttscepisti</strong></span> <span class='ocrx_word' id='word_1_676' title='bbox 1711 1916 1814 1934; x_wconf 76' lang='lat' dir='ltr'><strong>sorores</strong></span> 
     </span>
    </p>
   </div>
   <div class='ocr_carea' id='block_1_85' title="bbox 1025 1951 1814 1983">
    <p class='ocr_par' dir='ltr' id='par_1_85' title="bbox 1025 1951 1814 1983">
     <span class='ocr_line' id='line_1_85' title="bbox 1025 1951 1814 1983; baseline -0.003 -3"><span class='ocrx_word' id='word_1_677' title='bbox 1025 1959 1084 1981; x_wconf 84' lang='lat' dir='ltr'><strong>tuas</strong></span> <span class='ocrx_word' id='word_1_678' title='bbox 1097 1954 1211 1980; x_wconf 80' lang='lat' dir='ltr'><strong>seniores</strong></span> <span class='ocrx_word' id='word_1_679' title='bbox 1228 1961 1288 1980; x_wconf 85' lang='lat' dir='ltr'><strong>cum</strong></span> <span class='ocrx_word' id='word_1_680' title='bbox 1301 1951 1514 1983; x_wconf 67' lang='lat' dir='ltr'><strong>adolescentulis,</strong></span> <span class='ocrx_word' id='word_1_681' title='bbox 1530 1957 1554 1978; x_wconf 82' lang='lat' dir='ltr'><strong>et</strong></span> <span class='ocrx_word' id='word_1_682' title='bbox 1569 1951 1638 1978; x_wconf 93' lang='lat' dir='ltr'><strong>dabo</strong></span> <span class='ocrx_word' id='word_1_683' title='bbox 1659 1952 1709 1978; x_wconf 85' lang='lat' dir='ltr'><strong>tibi</strong></span> <span class='ocrx_word' id='word_1_684' title='bbox 1725 1961 1771 1979; x_wconf 75' lang='lat' dir='ltr'><strong>eas</strong></span> <span class='ocrx_word' id='word_1_685' title='bbox 1787 1953 1814 1978; x_wconf 88' lang='lat' dir='ltr'><strong>in</strong></span> 
     </span>
    </p>
   </div>
   <div class='ocr_carea' id='block_1_86' title="bbox 1022 1997 1815 2034">
    <p class='ocr_par' dir='ltr' id='par_1_86' title="bbox 1022 1997 1815 2034">
     <span class='ocr_line' id='line_1_86' title="bbox 1022 1997 1815 2034; baseline -0.001 -8"><span class='ocrx_word' id='word_1_686' title='bbox 1022 2000 1226 2034; x_wconf 66' lang='lat' dir='ltr'><strong>ediﬁcationem</strong></span> <span class='ocrx_word' id='word_1_687' title='bbox 1241 1998 1264 2014; x_wconf 81' lang='lat'><em>&quot;</em></span> <span class='ocrx_word' id='word_1_688' title='bbox 1274 2018 1280 2025; x_wconf 96' lang='lat'><strong>.</strong></span> <span class='ocrx_word' id='word_1_689' title='bbox 1309 1998 1396 2033; x_wconf 91' lang='lat' dir='ltr'><strong>Supra</strong></span> <span class='ocrx_word' id='word_1_690' title='bbox 1412 2005 1494 2024; x_wconf 90' lang='lat' dir='ltr'><strong>unam</strong></span> <span class='ocrx_word' id='word_1_691' title='bbox 1509 1997 1575 2024; x_wconf 82' lang='lat' dir='ltr'><strong>dixit</strong></span> <span class='ocrx_word' id='word_1_692' title='bbox 1587 2005 1710 2025; x_wconf 86' lang='lat' dir='ltr'><strong>sororem</strong></span> <span class='ocrx_word' id='word_1_693' title='bbox 1728 1998 1815 2025; x_wconf 88' lang='lat' dir='ltr'><strong>Sodo-</strong></span> 
     </span>
    </p>
   </div>
   <div class='ocr_carea' id='block_1_87' title="bbox 1023 2042 1814 2077">
    <p class='ocr_par' dir='ltr' id='par_1_87' title="bbox 1023 2042 1814 2077">
     <span class='ocr_line' id='line_1_87' title="bbox 1023 2042 1814 2077; baseline -0.001 -7"><span class='ocrx_word' id='word_1_694' title='bbox 1023 2052 1115 2077; x_wconf 85' lang='lat' dir='ltr'><strong>mam,</strong></span> <span class='ocrx_word' id='word_1_695' title='bbox 1140 2048 1167 2071; x_wconf 89' lang='lat' dir='ltr'><strong>et</strong></span> <span class='ocrx_word' id='word_1_696' title='bbox 1189 2044 1270 2070; x_wconf 87' lang='lat' dir='ltr'><strong>aliam</strong></span> <span class='ocrx_word' id='word_1_697' title='bbox 1288 2042 1457 2073; x_wconf 88' lang='lat' dir='ltr'><strong>Samariam,</strong></span> <span class='ocrx_word' id='word_1_698' title='bbox 1475 2049 1548 2068; x_wconf 90' lang='lat' dir='ltr'><strong>nunc</strong></span> <span class='ocrx_word' id='word_1_699' title='bbox 1569 2042 1667 2077; x_wconf 85' lang='lat' dir='ltr'><strong>repetit</strong></span> <span class='ocrx_word' id='word_1_700' title='bbox 1683 2048 1710 2069; x_wconf 89' lang='lat' dir='ltr'><strong>et</strong></span> <span class='ocrx_word' id='word_1_701' title='bbox 1724 2043 1791 2070; x_wconf 91' lang='lat' dir='ltr'><strong>dicit</strong></span> <span class='ocrx_word' id='word_1_702' title='bbox 1807 2052 1814 2069; x_wconf 84' lang='lat'><strong>:</strong></span> 
     </span>
    </p>
   </div>
   <div class='ocr_carea' id='block_1_88' title="bbox 1024 2088 1814 2121">
    <p class='ocr_par' dir='ltr' id='par_1_88' title="bbox 1024 2088 1814 2121">
     <span class='ocr_line' id='line_1_88' title="bbox 1024 2088 1814 2121; baseline -0.004 -2"><span class='ocrx_word' id='word_1_703' title='bbox 1024 2092 1133 2119; x_wconf 80' lang='lat' dir='ltr'><strong>Sorores</strong></span> <span class='ocrx_word' id='word_1_704' title='bbox 1157 2096 1216 2118; x_wconf 85' lang='lat' dir='ltr'><strong>tuas</strong></span> <span class='ocrx_word' id='word_1_705' title='bbox 1230 2091 1355 2121; x_wconf 71' lang='lat' dir='ltr'><strong>seniores,</strong></span> <span class='ocrx_word' id='word_1_706' title='bbox 1380 2097 1443 2116; x_wconf 90' lang='lat' dir='ltr'><strong>cum</strong></span> <span class='ocrx_word' id='word_1_707' title='bbox 1458 2088 1551 2116; x_wconf 87' lang='lat' dir='ltr'><strong>senior</strong></span> <span class='ocrx_word' id='word_1_708' title='bbox 1565 2093 1670 2116; x_wconf 88' lang='lat' dir='ltr'><strong>tantum</strong></span> <span class='ocrx_word' id='word_1_709' title='bbox 1689 2088 1814 2116; x_wconf 82' lang='lat' dir='ltr'><strong>Samaria</strong></span> 
     </span>
    </p>
   </div>
   <div class='ocr_carea' id='block_1_89' title="bbox 1023 2135 1816 2171">
    <p class='ocr_par' dir='ltr' id='par_1_89' title="bbox 1023 2135 1816 2171">
     <span class='ocr_line' id='line_1_89' title="bbox 1023 2135 1816 2171; baseline -0.005 -6"><span class='ocrx_word' id='word_1_710' title='bbox 1023 2138 1074 2171; x_wconf 88' lang='lat' dir='ltr'><strong>sit,</strong></span> <span class='ocrx_word' id='word_1_711' title='bbox 1101 2141 1128 2165; x_wconf 90' lang='lat' dir='ltr'><strong>et</strong></span> <span class='ocrx_word' id='word_1_712' title='bbox 1152 2136 1351 2164; x_wconf 82' lang='lat' dir='ltr'><strong>adolescentior</strong></span> <span class='ocrx_word' id='word_1_713' title='bbox 1377 2135 1514 2168; x_wconf 83' lang='lat' dir='ltr'><strong>Sodoma;</strong></span> <span class='ocrx_word' id='word_1_714' title='bbox 1542 2143 1637 2162; x_wconf 80' lang='lat' dir='ltr'><strong>verum</strong></span> <span class='ocrx_word' id='word_1_715' title='bbox 1662 2136 1728 2170; x_wconf 86' lang='lat' dir='ltr'><strong>quia</strong></span> <span class='ocrx_word' id='word_1_716' title='bbox 1754 2135 1816 2162; x_wconf 69' lang='lat' dir='ltr'><strong>lilia:</strong></span> 
     </span>
    </p>
   </div>
   <div class='ocr_carea' id='block_1_90' title="bbox 183 2178 1815 2222">
    <p class='ocr_par' dir='ltr' id='par_1_90' title="bbox 183 2178 1815 2222">
     <span class='ocr_line' id='line_1_90' title="bbox 183 2178 1815 2222; baseline 0.003 -17"><span class='ocrx_word' id='word_1_717' title='bbox 183 2185 217 2205; x_wconf 82' lang='lat' dir='ltr'><strong>ac</strong></span> <span class='ocrx_word' id='word_1_718' title='bbox 232 2179 367 2213; x_wconf 72' lang='lat' dir='ltr'><strong>figmentis</strong></span> <span class='ocrx_word' id='word_1_719' title='bbox 387 2180 420 2206; x_wconf 91' lang='lat' dir='ltr'><strong>de</strong></span> <span class='ocrx_word' id='word_1_720' title='bbox 440 2178 584 2206; x_wconf 78' lang='lat' dir='ltr'><strong>Jeroboam</strong></span> <span class='ocrx_word' id='word_1_721' title='bbox 604 2181 686 2207; x_wconf 90' lang='lat' dir='ltr'><strong>corde</strong></span> <span class='ocrx_word' id='word_1_722' title='bbox 699 2182 870 2210; x_wconf 90' lang='lat' dir='ltr'><strong>venientibus</strong></span> <span class='ocrx_word' id='word_1_723' title='bbox 884 2182 972 2210; x_wconf 90' lang='lat' dir='ltr'><strong>credi-</strong></span> <span class='ocrx_word' id='word_1_724' title='bbox 988 2195 1008 2222; x_wconf 78' lang='grc' dir='ltr'>ο</span> <span class='ocrx_word' id='word_1_725' title='bbox 1023 2191 1116 2212; x_wconf 88' lang='lat' dir='ltr'><strong>earum</strong></span> <span class='ocrx_word' id='word_1_726' title='bbox 1133 2183 1173 2210; x_wconf 88' lang='lat' dir='ltr'><strong>eis</strong></span> <span class='ocrx_word' id='word_1_727' title='bbox 1188 2184 1432 2214; x_wconf 85' lang='lat' dir='ltr'><strong>connumerantnr,</strong></span> <span class='ocrx_word' id='word_1_728' title='bbox 1443 2181 1510 2208; x_wconf 88' lang='lat' dir='ltr'><strong>dicit</strong></span> <span class='ocrx_word' id='word_1_729' title='bbox 1521 2181 1643 2208; x_wconf 90' lang='lat' dir='ltr'><strong>omniutn</strong></span> <span class='ocrx_word' id='word_1_730' title='bbox 1657 2190 1741 2209; x_wconf 92' lang='lat' dir='ltr'><strong>unam</strong></span> <span class='ocrx_word' id='word_1_731' title='bbox 1752 2190 1815 2210; x_wconf 84' lang='lat' dir='ltr'><strong>esse</strong></span> 
     </span>
    </p>
   </div>
   <div class='ocr_carea' id='block_1_91' title="bbox 183 2224 971 2262">
    <p class='ocr_par' dir='ltr' id='par_1_91' title="bbox 183 2224 971 2262">
     <span class='ocr_line' id='line_1_91' title="bbox 183 2224 971 2262; baseline 0.005 -11"><span class='ocrx_word' id='word_1_732' title='bbox 183 2225 260 2252; x_wconf 83' lang='lat' dir='ltr'><strong>disti?</strong></span> <span class='ocrx_word' id='word_1_733' title='bbox 276 2224 391 2258; x_wconf 84' lang='lat' dir='ltr'><strong>Quando</strong></span> <span class='ocrx_word' id='word_1_734' title='bbox 406 2225 569 2258; x_wconf 85' lang='lat' dir='ltr'><strong>restitueris,</strong></span> <span class='ocrx_word' id='word_1_735' title='bbox 583 2233 600 2253; x_wconf 89' lang='grc' dir='ltr'><strong>ο</strong></span> <span class='ocrx_word' id='word_1_736' title='bbox 611 2226 702 2253; x_wconf 89' lang='lat' dir='ltr'><strong>anima</strong></span> <span class='ocrx_word' id='word_1_737' title='bbox 717 2226 820 2259; x_wconf 87' lang='lat' dir='ltr'><strong>infelix,</strong></span> <span class='ocrx_word' id='word_1_738' title='bbox 833 2235 894 2254; x_wconf 90' lang='lat' dir='ltr'><strong>cum</strong></span> <span class='ocrx_word' id='word_1_739' title='bbox 909 2232 971 2262; x_wconf 86' lang='lat' dir='ltr'><strong>post</strong></span> 
     </span>
    </p>
   </div>
   <div class='ocr_carea' id='block_1_92' title="bbox 184 2271 970 2306">
    <p class='ocr_par' dir='ltr' id='par_1_92' title="bbox 184 2271 970 2306">
     <span class='ocr_line' id='line_1_92' title="bbox 184 2271 970 2306; baseline 0.004 -8"><span class='ocrx_word' id='word_1_740' title='bbox 184 2275 258 2298; x_wconf 87' lang='lat' dir='ltr'><strong>tanta</strong></span> <span class='ocrx_word' id='word_1_741' title='bbox 275 2271 374 2299; x_wconf 59' lang='lat' dir='ltr'><strong>sateula</strong></span> <span class='ocrx_word' id='word_1_742' title='bbox 399 2271 558 2299; x_wconf 90' lang='lat' dir='ltr'><strong>restituatur</strong></span> <span class='ocrx_word' id='word_1_743' title='bbox 577 2272 731 2306; x_wconf 84' lang='lat' dir='ltr'><strong>exemplum</strong></span> <span class='ocrx_word' id='word_1_744' title='bbox 757 2273 819 2300; x_wconf 83' lang='lat' dir='ltr'><strong>tui?</strong></span> <span class='ocrx_word' id='word_1_745' title='bbox 836 2273 865 2301; x_wconf 90' lang='lat' dir='ltr'><strong>Si</strong></span> <span class='ocrx_word' id='word_1_746' title='bbox 880 2278 970 2301; x_wconf 77' lang='lat' dir='ltr'><strong>autem</strong></span> 
     </span>
    </p>
   </div>
   <div class='ocr_carea' id='block_1_93' title="bbox 184 2317 971 2353">
    <p class='ocr_par' dir='ltr' id='par_1_93' title="bbox 184 2317 971 2353">
     <span class='ocr_line' id='line_1_93' title="bbox 184 2317 971 2353; baseline 0.004 -9"><span class='ocrx_word' id='word_1_747' title='bbox 184 2318 236 2344; x_wconf 82' lang='lat' dir='ltr'><strong>hoc</strong></span> <span class='ocrx_word' id='word_1_748' title='bbox 251 2324 332 2352; x_wconf 81' lang='lat' dir='ltr'><strong>super</strong></span> <span class='ocrx_word' id='word_1_749' title='bbox 351 2317 470 2344; x_wconf 86' lang='lat' dir='ltr'><strong>Sodoma</strong></span> <span class='ocrx_word' id='word_1_750' title='bbox 484 2321 511 2345; x_wconf 87' lang='lat' dir='ltr'><strong>et</strong></span> <span class='ocrx_word' id='word_1_751' title='bbox 526 2317 648 2345; x_wconf 86' lang='lat' dir='ltr'><strong>Samaria</strong></span> <span class='ocrx_word' id='word_1_752' title='bbox 675 2318 714 2351; x_wconf 86' lang='lat' dir='ltr'><strong>lit,</strong></span> <span class='ocrx_word' id='word_1_753' title='bbox 736 2326 797 2353; x_wconf 72' lang='lat' dir='ltr'><strong>quae</strong></span> <span class='ocrx_word' id='word_1_754' title='bbox 815 2319 971 2353; x_wconf 74' lang='lat' dir='ltr'><strong>justiﬁcatte</strong></span> 
     </span>
    </p>
   </div>
   <div class='ocr_carea' id='block_1_94' title="bbox 184 2363 972 2399">
    <p class='ocr_par' dir='ltr' id='par_1_94' title="bbox 184 2363 972 2399">
     <span class='ocr_line' id='line_1_94' title="bbox 184 2363 972 2399; baseline 0.001 -8"><span class='ocrx_word' id='word_1_755' title='bbox 184 2370 248 2392; x_wconf 90' lang='lat' dir='ltr'><strong>sunt</strong></span> <span class='ocrx_word' id='word_1_756' title='bbox 260 2365 293 2392; x_wconf 87' lang='lat' dir='ltr'><strong>ab</strong></span> <span class='ocrx_word' id='word_1_757' title='bbox 306 2363 467 2396; x_wconf 84' lang='lat' dir='ltr'><strong>Jerusalem,</strong></span> <span class='ocrx_word' id='word_1_758' title='bbox 482 2363 546 2398; x_wconf 84' lang='lat' dir='ltr'><strong>quid</strong></span> <span class='ocrx_word' id='word_1_759' title='bbox 562 2363 706 2390; x_wconf 85' lang='lat' dir='ltr'><strong>dicendum</strong></span> <span class='ocrx_word' id='word_1_760' title='bbox 720 2368 762 2391; x_wconf 82' lang='lat' dir='ltr'><strong>est</strong></span> <span class='ocrx_word' id='word_1_761' title='bbox 774 2364 807 2392; x_wconf 88' lang='lat' dir='ltr'><strong>de</strong></span> <span class='ocrx_word' id='word_1_762' title='bbox 823 2365 880 2399; x_wconf 86' lang='lat' dir='ltr'><strong>ipsa</strong></span> <span class='ocrx_word' id='word_1_763' title='bbox 894 2364 972 2392; x_wconf 83' lang='lat' dir='ltr'><strong>Jeru-</strong></span> 
     </span>
    </p>
   </div>
   <div class='ocr_carea' id='block_1_95' title="bbox 184 2409 971 2445">
    <p class='ocr_par' dir='ltr' id='par_1_95' title="bbox 184 2409 971 2445">
     <span class='ocr_line' id='line_1_95' title="bbox 184 2409 971 2445; baseline 0.001 -8"><span class='ocrx_word' id='word_1_764' title='bbox 184 2410 267 2437; x_wconf 79' lang='lat' dir='ltr'><strong>salem</strong></span> <span class='ocrx_word' id='word_1_765' title='bbox 291 2417 351 2445; x_wconf 67' lang='lat' dir='ltr'><strong>qua:</strong></span> <span class='ocrx_word' id='word_1_766' title='bbox 372 2409 588 2444; x_wconf 87' lang='lat' dir='ltr'><strong>supradictarum</strong></span> <span class='ocrx_word' id='word_1_767' title='bbox 615 2409 716 2436; x_wconf 87' lang='lat' dir='ltr'><strong>scelera</strong></span> <span class='ocrx_word' id='word_1_768' title='bbox 742 2410 921 2444; x_wconf 79' lang='lat' dir='ltr'><strong>justifieavit?</strong></span> <span class='ocrx_word' id='word_1_769' title='bbox 937 2410 971 2438; x_wconf 87' lang='lat' dir='ltr'><strong>Et</strong></span> 
     </span>
    </p>
   </div>
   <div class='ocr_carea' id='block_1_96' title="bbox 183 2454 971 2489">
    <p class='ocr_par' dir='ltr' id='par_1_96' title="bbox 183 2454 971 2489">
     <span class='ocr_line' id='line_1_96' title="bbox 183 2454 971 2489; baseline 0.003 -7"><span class='ocrx_word' id='word_1_770' title='bbox 183 2455 358 2483; x_wconf 72' lang='lat' dir='ltr'><strong>restituemini</strong></span> <span class='ocrx_word' id='word_1_771' title='bbox 373 2455 439 2481; x_wconf 83' lang='lat' dir='ltr'><strong>sicut</strong></span> <span class='ocrx_word' id='word_1_772' title='bbox 456 2454 488 2481; x_wconf 89' lang='lat' dir='ltr'><strong>ab</strong></span> <span class='ocrx_word' id='word_1_773' title='bbox 501 2455 576 2481; x_wconf 85' lang='lat' dir='ltr'><strong>initio</strong></span> <span class='ocrx_word' id='word_1_774' title='bbox 589 2455 688 2489; x_wconf 76' lang='lat' dir='ltr'><strong>fuistis.</strong></span> <span class='ocrx_word' id='word_1_775' title='bbox 704 2454 737 2481; x_wconf 83' lang='lat' dir='ltr'><strong>Et</strong></span> <span class='ocrx_word' id='word_1_776' title='bbox 754 2460 782 2481; x_wconf 88' lang='lat' dir='ltr'><strong>tu</strong></span> <span class='ocrx_word' id='word_1_777' title='bbox 796 2460 821 2482; x_wconf 85' lang='lat' dir='ltr'><strong>et</strong></span> <span class='ocrx_word' id='word_1_778' title='bbox 837 2456 900 2489; x_wconf 76' lang='lat' dir='ltr'><strong>ﬁlite</strong></span> <span class='ocrx_word' id='word_1_779' title='bbox 919 2461 971 2484; x_wconf 72' lang='lat' dir='ltr'><strong>tuta</strong></span> 
     </span>
    </p>
   </div>
   <div class='ocr_carea' id='block_1_97' title="bbox 184 2500 972 2536">
    <p class='ocr_par' dir='ltr' id='par_1_97' title="bbox 184 2500 972 2536">
     <span class='ocr_line' id='line_1_97' title="bbox 184 2500 972 2536; baseline 0 -6"><span class='ocrx_word' id='word_1_780' title='bbox 184 2501 359 2530; x_wconf 77' lang='lat' dir='ltr'><strong>restituemini</strong></span> <span class='ocrx_word' id='word_1_781' title='bbox 382 2502 451 2527; x_wconf 84' lang='lat' dir='ltr'><strong>sicut</strong></span> <span class='ocrx_word' id='word_1_782' title='bbox 474 2501 562 2536; x_wconf 75' lang='lat' dir='ltr'><strong>fuistis</strong></span> <span class='ocrx_word' id='word_1_783' title='bbox 576 2502 602 2528; x_wconf 87' lang='lat' dir='ltr'><strong>in</strong></span> <span class='ocrx_word' id='word_1_784' title='bbox 624 2501 754 2536; x_wconf 84' lang='lat' dir='ltr'><strong>principio</strong></span> <span class='ocrx_word' id='word_1_785' title='bbox 776 2502 808 2529; x_wconf 85' lang='lat'><strong>&quot;.</strong></span> <span class='ocrx_word' id='word_1_786' title='bbox 837 2500 894 2529; x_wconf 88' lang='lat' dir='ltr'><strong>Scit</strong></span> <span class='ocrx_word' id='word_1_787' title='bbox 920 2503 972 2531; x_wconf 84' lang='lat' dir='ltr'><strong>hoc</strong></span> 
     </span>
    </p>
   </div>
   <div class='ocr_carea' id='block_1_98' title="bbox 185 2546 972 2584">
    <p class='ocr_par' dir='ltr' id='par_1_98' title="bbox 185 2546 972 2584">
     <span class='ocr_line' id='line_1_98' title="bbox 185 2546 972 2584; baseline -0.001 -8"><span class='ocrx_word' id='word_1_788' title='bbox 185 2549 256 2584; x_wconf 89' lang='lat' dir='ltr'><strong>quod</strong></span> <span class='ocrx_word' id='word_1_789' title='bbox 277 2547 342 2575; x_wconf 89' lang='lat' dir='ltr'><strong>dicit</strong></span> <span class='ocrx_word' id='word_1_790' title='bbox 358 2558 363 2574; x_wconf 90' lang='lat'>:</span> <span class='ocrx_word' id='word_1_791' title='bbox 378 2546 452 2574; x_wconf 86' lang='lat' dir='ltr'><strong>Sicut</strong></span> <span class='ocrx_word' id='word_1_792' title='bbox 468 2547 558 2582; x_wconf 85' lang='lat' dir='ltr'><strong>fuistis</strong></span> <span class='ocrx_word' id='word_1_793' title='bbox 572 2547 598 2574; x_wconf 89' lang='lat' dir='ltr'><strong>in</strong></span> <span class='ocrx_word' id='word_1_794' title='bbox 610 2547 758 2582; x_wconf 81' lang='lat' dir='ltr'><strong>principio;</strong></span> <span class='ocrx_word' id='word_1_795' title='bbox 780 2552 807 2574; x_wconf 88' lang='lat' dir='ltr'><strong>et</strong></span> <span class='ocrx_word' id='word_1_796' title='bbox 830 2547 914 2575; x_wconf 84' lang='lat' dir='ltr'><strong>Isaias</strong></span> <span class='ocrx_word' id='word_1_797' title='bbox 927 2549 972 2575; x_wconf 92' lang='lat' dir='ltr'><strong>di-</strong></span> 
     </span>
    </p>
   </div>
   <div class='ocr_carea' id='block_1_99' title="bbox 184 2593 972 2628">
    <p class='ocr_par' dir='ltr' id='par_1_99' title="bbox 184 2593 972 2628">
     <span class='ocr_line' id='line_1_99' title="bbox 184 2593 972 2628; baseline -0.003 -6"><span class='ocrx_word' id='word_1_798' title='bbox 184 2602 249 2623; x_wconf 71' lang='lat' dir='ltr'><strong>ettns</strong></span> <span class='ocrx_word' id='word_1_799' title='bbox 262 2594 285 2610; x_wconf 85' lang='lat'>&quot;</span> <span class='ocrx_word' id='word_1_800' title='bbox 298 2603 305 2622; x_wconf 90' lang='lat'><strong>:</strong></span> <span class='ocrx_word' id='word_1_801' title='bbox 321 2593 355 2621; x_wconf 86' lang='lat' dir='ltr'><strong>Et</strong></span> <span class='ocrx_word' id='word_1_802' title='bbox 374 2593 646 2628; x_wconf 75' lang='lat' dir='ltr'><strong>constituamjudices</strong></span> <span class='ocrx_word' id='word_1_803' title='bbox 663 2597 722 2620; x_wconf 88' lang='lat' dir='ltr'><strong>tuos</strong></span> <span class='ocrx_word' id='word_1_804' title='bbox 736 2597 765 2619; x_wconf 88' lang='lat' dir='ltr'><strong>ut</strong></span> <span class='ocrx_word' id='word_1_805' title='bbox 779 2593 853 2628; x_wconf 84' lang='lat' dir='ltr'><strong>prius</strong></span> <span class='ocrx_word' id='word_1_806' title='bbox 869 2599 894 2621; x_wconf 86' lang='lat' dir='ltr'><strong>et</strong></span> <span class='ocrx_word' id='word_1_807' title='bbox 909 2602 972 2620; x_wconf 91' lang='lat' dir='ltr'><strong>con-</strong></span> 
     </span>
    </p>
   </div>
   <div class='ocr_carea' id='block_1_100' title="bbox 184 2640 589 2667">
    <p class='ocr_par' dir='ltr' id='par_1_100' title="bbox 184 2640 589 2667">
     <span class='ocr_line' id='line_1_100' title="bbox 184 2640 589 2667; baseline -0.002 0"><span class='ocrx_word' id='word_1_808' title='bbox 184 2640 300 2667; x_wconf 76' lang='lat' dir='ltr'><strong>siliarios</strong></span> <span class='ocrx_word' id='word_1_809' title='bbox 313 2646 369 2666; x_wconf 86' lang='lat' dir='ltr'><strong>tuos</strong></span> <span class='ocrx_word' id='word_1_810' title='bbox 384 2644 412 2666; x_wconf 85' lang='lat' dir='ltr'><strong>ut</strong></span> <span class='ocrx_word' id='word_1_811' title='bbox 429 2640 456 2666; x_wconf 88' lang='lat' dir='ltr'><strong>iu</strong></span> <span class='ocrx_word' id='word_1_812' title='bbox 471 2640 589 2666; x_wconf 68' lang='lat' dir='ltr'><strong>exordio.</strong></span> 
     </span>
    </p>
   </div>
   <div class='ocr_carea' id='block_1_101' title="bbox 218 2685 970 2718">
    <p class='ocr_par' dir='ltr' id='par_1_101' title="bbox 218 2685 970 2718">
     <span class='ocr_line' id='line_1_101' title="bbox 218 2685 970 2718; baseline 0 -5"><span class='ocrx_word' id='word_1_813' title='bbox 218 2686 245 2713; x_wconf 78' lang='grc'><strong>4.</strong></span> <span class='ocrx_word' id='word_1_814' title='bbox 260 2686 292 2712; x_wconf 82' lang='lat' dir='ltr'><strong>Et</strong></span> <span class='ocrx_word' id='word_1_815' title='bbox 304 2686 356 2713; x_wconf 80' lang='lat' dir='ltr'><strong>nisi</strong></span> <span class='ocrx_word' id='word_1_816' title='bbox 371 2690 435 2713; x_wconf 82' lang='lat' dir='ltr'><strong>esset</strong></span> <span class='ocrx_word' id='word_1_817' title='bbox 451 2685 566 2714; x_wconf 83' lang='lat' dir='ltr'><strong>Sodoma</strong></span> <span class='ocrx_word' id='word_1_818' title='bbox 581 2693 656 2712; x_wconf 82' lang='lat' dir='ltr'><strong>soror</strong></span> <span class='ocrx_word' id='word_1_819' title='bbox 672 2689 717 2711; x_wconf 89' lang='lat' dir='ltr'><strong>tua</strong></span> <span class='ocrx_word' id='word_1_820' title='bbox 734 2685 759 2711; x_wconf 88' lang='lat' dir='ltr'><strong>in</strong></span> <span class='ocrx_word' id='word_1_821' title='bbox 768 2686 873 2718; x_wconf 74' lang='lat' dir='ltr'><strong>auditu,</strong></span> <span class='ocrx_word' id='word_1_822' title='bbox 887 2687 912 2712; x_wconf 86' lang='lat' dir='ltr'><strong>in</strong></span> <span class='ocrx_word' id='word_1_823' title='bbox 925 2695 970 2714; x_wconf 86' lang='lat' dir='ltr'><strong>ore</strong></span> 
     </span>
    </p>
   </div>
   <div class='ocr_carea' id='block_1_102' title="bbox 220 2745 756 2780">
    <p class='ocr_par' dir='ltr' id='par_1_102' title="bbox 220 2745 756 2780">
     <span class='ocr_line' id='line_1_102' title="bbox 220 2745 756 2780; baseline 0 -8"><span class='ocrx_word' id='word_1_824' title='bbox 220 2747 242 2762; x_wconf 80' lang='lat'><strong>“</strong></span> <span class='ocrx_word' id='word_1_825' title='bbox 256 2746 354 2774; x_wconf 81' lang='lat' dir='ltr'><strong>Ezech.</strong></span> <span class='ocrx_word' id='word_1_826' title='bbox 372 2755 427 2780; x_wconf 65' lang='grc' dir='ltr'><strong>ενι,</strong></span> <span class='ocrx_word' id='word_1_827' title='bbox 442 2745 486 2774; x_wconf 81' lang='lat'><strong>55.</strong></span> <span class='ocrx_word' id='word_1_828' title='bbox 524 2746 545 2762; x_wconf 75' lang='grc'><strong>⁸⁷</strong></span> <span class='ocrx_word' id='word_1_829' title='bbox 561 2745 628 2773; x_wconf 88' lang='lat' dir='ltr'><strong>Gen.</strong></span> <span class='ocrx_word' id='word_1_830' title='bbox 644 2753 701 2777; x_wconf 80' lang='lat' dir='ltr'><strong>xnt,</strong></span> <span class='ocrx_word' id='word_1_831' title='bbox 714 2745 756 2773; x_wconf 81' lang='lat' dir='ltr'><strong>i0.</strong></span> 
     </span>
    </p>
   </div>
   <div class='ocr_carea' id='block_1_103' title="bbox 188 2780 804 2816">
    <p class='ocr_par' dir='ltr' id='par_1_103' title="bbox 188 2780 804 2816">
     <span class='ocr_line' id='line_1_103' title="bbox 188 2780 804 2816; baseline 0 -9"><span class='ocrx_word' id='word_1_832' title='bbox 188 2789 249 2812; x_wconf 76' lang='lat' dir='ltr'><strong>xw,</strong></span> <span class='ocrx_word' id='word_1_833' title='bbox 273 2781 326 2812; x_wconf 76' lang='lat'><strong>56,</strong></span> <span class='ocrx_word' id='word_1_834' title='bbox 357 2782 413 2815; x_wconf 77' lang='grc'><strong>57,</strong></span> <span class='ocrx_word' id='word_1_835' title='bbox 445 2782 489 2809; x_wconf 78' lang='lat'><strong>58.</strong></span> <span class='ocrx_word' id='word_1_836' title='bbox 544 2782 565 2797; x_wconf 88' lang='grc'><strong>’¹¹</strong></span> <span class='ocrx_word' id='word_1_837' title='bbox 593 2781 671 2812; x_wconf 85' lang='lat' dir='ltr'><strong>ibid.,</strong></span> <span class='ocrx_word' id='word_1_838' title='bbox 693 2782 738 2816; x_wconf 84' lang='lat'><strong>59,</strong></span> <span class='ocrx_word' id='word_1_839' title='bbox 760 2780 804 2808; x_wconf 80' lang='grc'><strong>60.</strong></span> 
     </span>
    </p>
   </div>
   <div class='ocr_carea' id='block_1_104' title="bbox 188 2815 989 2852">
    <p class='ocr_par' dir='ltr' id='par_1_104' title="bbox 188 2815 989 2852">
     <span class='ocr_line' id='line_1_104' title="bbox 188 2815 989 2852; baseline 0 -9"><span class='ocrx_word' id='word_1_840' title='bbox 188 2817 210 2833; x_wconf 82' lang='grc'><strong>⁷⁶</strong></span> <span class='ocrx_word' id='word_1_841' title='bbox 225 2816 321 2844; x_wconf 80' lang='lat' dir='ltr'><strong>Ezech.</strong></span> <span class='ocrx_word' id='word_1_842' title='bbox 339 2825 395 2852; x_wconf 73' lang='lat' dir='ltr'><strong>xw,</strong></span> <span class='ocrx_word' id='word_1_843' title='bbox 415 2816 460 2844; x_wconf 84' lang='lat' dir='ltr'><strong>6i.</strong></span> <span class='ocrx_word' id='word_1_844' title='bbox 497 2817 520 2833; x_wconf 91' lang='grc'><strong>⁷⁷</strong></span> <span class='ocrx_word' id='word_1_845' title='bbox 540 2816 605 2844; x_wconf 86' lang='lat' dir='ltr'><strong>ibid.</strong></span> <span class='ocrx_word' id='word_1_846' title='bbox 621 2816 666 2850; x_wconf 78' lang='grc'><strong>61,</strong></span> <span class='ocrx_word' id='word_1_847' title='bbox 680 2817 724 2844; x_wconf 73' lang='lat'><strong>6‘2.</strong></span> <span class='ocrx_word' id='word_1_848' title='bbox 762 2817 784 2833; x_wconf 73' lang='grc'><strong>⁷⁸</strong></span> <span class='ocrx_word' id='word_1_849' title='bbox 801 2815 866 2844; x_wconf 83' lang='lat' dir='ltr'><strong>ibid.</strong></span> <span class='ocrx_word' id='word_1_850' title='bbox 885 2815 929 2849; x_wconf 79' lang='lat'><strong>62,</strong></span> <span class='ocrx_word' id='word_1_851' title='bbox 945 2816 989 2843; x_wconf 80' lang='grc'><strong>63.</strong></span> 
     </span>
    </p>
   </div>
   <div class='ocr_carea' id='block_1_105' title="bbox 803 2744 1083 2780">
    <p class='ocr_par' dir='ltr' id='par_1_105' title="bbox 803 2744 1083 2780">
     <span class='ocr_line' id='line_1_105' title="bbox 803 2744 1083 2780; baseline -0.004 -8"><span class='ocrx_word' id='word_1_852' title='bbox 803 2746 825 2762; x_wconf 70' lang='grc'><strong>³⁸</strong></span> <span class='ocrx_word' id='word_1_853' title='bbox 840 2745 872 2772; x_wconf 88' lang='lat' dir='ltr'><strong>IV</strong></span> <span class='ocrx_word' id='word_1_854' title='bbox 887 2745 952 2780; x_wconf 78' lang='lat' dir='ltr'><strong>Reg.</strong></span> <span class='ocrx_word' id='word_1_855' title='bbox 963 2744 1083 2777; x_wconf 70' lang='lat' dir='ltr'><strong>xvu,%.</strong></span> 
     </span>
    </p>
   </div>
   <div class='ocr_carea' id='block_1_106' title="bbox 864 2778 1160 2809">
    <p class='ocr_par' dir='ltr' id='par_1_106' title="bbox 864 2778 1160 2809">
     <span class='ocr_line' id='line_1_106' title="bbox 864 2778 1160 2809; baseline -0.003 -3"><span class='ocrx_word' id='word_1_856' title='bbox 864 2781 887 2797; x_wconf 89' lang='grc'>⁷³</span> <span class='ocrx_word' id='word_1_857' title='bbox 909 2778 985 2808; x_wconf 70' lang='grc' dir='ltr'>υέιιι.</span> <span class='ocrx_word' id='word_1_858' title='bbox 1008 2787 1094 2809; x_wconf 79' lang='lat' dir='ltr'><strong>xxxu.</strong></span> <span class='ocrx_word' id='word_1_859' title='bbox 1116 2778 1160 2806; x_wconf 71' lang='lat'><strong>59.</strong></span> 
     </span>
    </p>
   </div>
   <div class='ocr_carea' id='block_1_107' title="bbox 1023 2226 1814 2265">
    <p class='ocr_par' dir='ltr' id='par_1_107' title="bbox 1023 2226 1814 2265">
     <span class='ocr_line' id='line_1_107' title="bbox 1023 2226 1814 2265; baseline -0.004 -8"><span class='ocrx_word' id='word_1_860' title='bbox 1023 2229 1151 2265; x_wconf 86' lang='lat' dir='ltr'><strong>speciem.</strong></span> <span class='ocrx_word' id='word_1_861' title='bbox 1180 2228 1294 2261; x_wconf 73' lang='lat' dir='ltr'><strong>Quanta:</strong></span> <span class='ocrx_word' id='word_1_862' title='bbox 1322 2232 1412 2254; x_wconf 84' lang='lat' dir='ltr'><strong>autem</strong></span> <span class='ocrx_word' id='word_1_863' title='bbox 1439 2227 1501 2254; x_wconf 72' lang='lat' dir='ltr'><strong>tiliae</strong></span> <span class='ocrx_word' id='word_1_864' title='bbox 1525 2226 1710 2254; x_wconf 88' lang='lat' dir='ltr'><strong>Sodomorum</strong></span> <span class='ocrx_word' id='word_1_865' title='bbox 1738 2233 1814 2261; x_wconf 84' lang='lat' dir='ltr'><strong>sunt,</strong></span> 
     </span>
    </p>
   </div>
   <div class='ocr_carea' id='block_1_108' title="bbox 1023 2272 1815 2307">
    <p class='ocr_par' dir='ltr' id='par_1_108' title="bbox 1023 2272 1815 2307">
     <span class='ocr_line' id='line_1_108' title="bbox 1023 2272 1815 2307; baseline -0.004 -5"><span class='ocrx_word' id='word_1_866' title='bbox 1023 2279 1106 2302; x_wconf 52' lang='lat' dir='ltr'><strong>tanta).</strong></span> <span class='ocrx_word' id='word_1_867' title='bbox 1121 2278 1148 2302; x_wconf 87' lang='lat' dir='ltr'><strong>et</strong></span> <span class='ocrx_word' id='word_1_868' title='bbox 1165 2273 1304 2301; x_wconf 69' lang='lat' dir='ltr'><strong>Samariaa.</strong></span> <span class='ocrx_word' id='word_1_869' title='bbox 1338 2272 1372 2299; x_wconf 87' lang='lat' dir='ltr'><strong>Et</strong></span> <span class='ocrx_word' id='word_1_870' title='bbox 1388 2273 1456 2299; x_wconf 84' lang='lat' dir='ltr'><strong>dabo</strong></span> <span class='ocrx_word' id='word_1_871' title='bbox 1473 2272 1521 2299; x_wconf 87' lang='lat' dir='ltr'><strong>tibi</strong></span> <span class='ocrx_word' id='word_1_872' title='bbox 1545 2281 1588 2299; x_wconf 80' lang='lat' dir='ltr'><strong>eas</strong></span> <span class='ocrx_word' id='word_1_873' title='bbox 1609 2273 1636 2299; x_wconf 87' lang='lat' dir='ltr'><strong>in</strong></span> <span class='ocrx_word' id='word_1_874' title='bbox 1653 2274 1815 2307; x_wconf 71' lang='lat' dir='ltr'><strong>tediﬁcatiu-</strong></span> 
     </span>
    </p>
   </div>
   <div class='ocr_carea' id='block_1_109' title="bbox 1023 2319 1815 2354">
    <p class='ocr_par' dir='ltr' id='par_1_109' title="bbox 1023 2319 1815 2354">
     <span class='ocr_line' id='line_1_109' title="bbox 1023 2319 1815 2354; baseline -0.004 -6"><span class='ocrx_word' id='word_1_875' title='bbox 1023 2329 1100 2353; x_wconf 82' lang='lat' dir='ltr'><strong>nem,</strong></span> <span class='ocrx_word' id='word_1_876' title='bbox 1116 2325 1141 2347; x_wconf 88' lang='lat' dir='ltr'><strong>et</strong></span> <span class='ocrx_word' id='word_1_877' title='bbox 1159 2328 1210 2347; x_wconf 87' lang='lat' dir='ltr'><strong>non</strong></span> <span class='ocrx_word' id='word_1_878' title='bbox 1222 2328 1254 2347; x_wconf 78' lang='lat' dir='ltr'><strong>ea;</strong></span> <span class='ocrx_word' id='word_1_879' title='bbox 1268 2323 1422 2346; x_wconf 77' lang='lat' dir='ltr'><strong>testamento</strong></span> <span class='ocrx_word' id='word_1_880' title='bbox 1440 2324 1500 2352; x_wconf 82' lang='lat' dir='ltr'><strong>tuo,</strong></span> <span class='ocrx_word' id='word_1_881' title='bbox 1518 2325 1542 2345; x_wconf 85' lang='lat' dir='ltr'><strong>et</strong></span> <span class='ocrx_word' id='word_1_882' title='bbox 1557 2319 1691 2346; x_wconf 76' lang='lat' dir='ltr'><strong>sttsritabo</strong></span> <span class='ocrx_word' id='word_1_883' title='bbox 1713 2327 1760 2354; x_wconf 85' lang='lat' dir='ltr'><strong>ego</strong></span> <span class='ocrx_word' id='word_1_884' title='bbox 1777 2325 1815 2346; x_wconf 77' lang='lat' dir='ltr'><strong>te-</strong></span> 
     </span>
    </p>
   </div>
   <div class='ocr_carea' id='block_1_110' title="bbox 1023 2364 1814 2400">
    <p class='ocr_par' dir='ltr' id='par_1_110' title="bbox 1023 2364 1814 2400">
     <span class='ocr_line' id='line_1_110' title="bbox 1023 2364 1814 2400; baseline -0.001 -7"><span class='ocrx_word' id='word_1_885' title='bbox 1023 2370 1185 2393; x_wconf 81' lang='lat' dir='ltr'><strong>stamentum</strong></span> <span class='ocrx_word' id='word_1_886' title='bbox 1200 2373 1286 2392; x_wconf 83' lang='lat' dir='ltr'><strong>meum</strong></span> <span class='ocrx_word' id='word_1_887' title='bbox 1300 2369 1384 2391; x_wconf 83' lang='lat' dir='ltr'><strong>tecum</strong></span> <span class='ocrx_word' id='word_1_888' title='bbox 1397 2364 1431 2391; x_wconf 89' lang='grc'><strong>⁷⁷.</strong></span> <span class='ocrx_word' id='word_1_889' title='bbox 1450 2364 1599 2391; x_wconf 86' lang='lat' dir='ltr'><strong>Considera</strong></span> <span class='ocrx_word' id='word_1_890' title='bbox 1616 2366 1699 2392; x_wconf 86' lang='lat' dir='ltr'><strong>linem</strong></span> <span class='ocrx_word' id='word_1_891' title='bbox 1717 2373 1814 2400; x_wconf 63' lang='lat' dir='ltr'><strong>reproo</strong></span> 
     </span>
    </p>
   </div>
   <div class='ocr_carea' id='block_1_111' title="bbox 1024 2409 1814 2444">
    <p class='ocr_par' dir='ltr' id='par_1_111' title="bbox 1024 2409 1814 2444">
     <span class='ocr_line' id='line_1_111' title="bbox 1024 2409 1814 2444; baseline -0.003 -6"><span class='ocrx_word' id='word_1_892' title='bbox 1024 2410 1164 2438; x_wconf 84' lang='lat' dir='ltr'><strong>missionis</strong></span> <span class='ocrx_word' id='word_1_893' title='bbox 1181 2419 1188 2438; x_wconf 86' lang='lat'>:</span> <span class='ocrx_word' id='word_1_894' title='bbox 1207 2409 1242 2436; x_wconf 87' lang='lat' dir='ltr'><strong>Et</strong></span> <span class='ocrx_word' id='word_1_895' title='bbox 1259 2417 1396 2444; x_wconf 75' lang='lat' dir='ltr'><strong>cognosces</strong></span> <span class='ocrx_word' id='word_1_896' title='bbox 1411 2409 1473 2444; x_wconf 83' lang='lat' dir='ltr'><strong>quia</strong></span> <span class='ocrx_word' id='word_1_897' title='bbox 1490 2417 1535 2444; x_wconf 82' lang='lat' dir='ltr'><strong>ego</strong></span> <span class='ocrx_word' id='word_1_898' title='bbox 1550 2409 1680 2436; x_wconf 79' lang='lat' dir='ltr'><strong>Dominus</strong></span> <span class='ocrx_word' id='word_1_899' title='bbox 1691 2431 1698 2442; x_wconf 92' lang='lat'><strong>,</strong></span> <span class='ocrx_word' id='word_1_900' title='bbox 1718 2419 1747 2437; x_wconf 81' lang='lat' dir='ltr'><strong>ut</strong></span> <span class='ocrx_word' id='word_1_901' title='bbox 1762 2419 1814 2436; x_wconf 82' lang='lat' dir='ltr'><strong>me—</strong></span> 
     </span>
    </p>
   </div>
   <div class='ocr_carea' id='block_1_112' title="bbox 1024 2455 1814 2491">
    <p class='ocr_par' dir='ltr' id='par_1_112' title="bbox 1024 2455 1814 2491">
     <span class='ocr_line' id='line_1_112' title="bbox 1024 2455 1814 2491; baseline -0.001 -7"><span class='ocrx_word' id='word_1_902' title='bbox 1024 2458 1132 2484; x_wconf 82' lang='lat' dir='ltr'><strong>mineris</strong></span> <span class='ocrx_word' id='word_1_903' title='bbox 1145 2462 1171 2484; x_wconf 84' lang='lat' dir='ltr'><strong>et</strong></span> <span class='ocrx_word' id='word_1_904' title='bbox 1183 2456 1355 2491; x_wconf 79' lang='lat' dir='ltr'><strong>confundaris</strong></span> <span class='ocrx_word' id='word_1_905' title='bbox 1371 2455 1405 2488; x_wconf 68' lang='grc' dir='ltr'><strong>υ,</strong></span> <span class='ocrx_word' id='word_1_906' title='bbox 1422 2455 1447 2482; x_wconf 89' lang='lat' dir='ltr'><strong>id</strong></span> <span class='ocrx_word' id='word_1_907' title='bbox 1462 2459 1503 2482; x_wconf 82' lang='lat' dir='ltr'><strong>est</strong></span> <span class='ocrx_word' id='word_1_908' title='bbox 1520 2463 1580 2482; x_wconf 91' lang='lat' dir='ltr'><strong>cum</strong></span> <span class='ocrx_word' id='word_1_909' title='bbox 1601 2456 1739 2490; x_wconf 83' lang='lat' dir='ltr'><strong>receperis</strong></span> <span class='ocrx_word' id='word_1_910' title='bbox 1752 2464 1814 2490; x_wconf 85' lang='lat' dir='ltr'><strong>pec-</strong></span> 
     </span>
    </p>
   </div>
   <div class='ocr_carea' id='block_1_113' title="bbox 1024 2500 1812 2536">
    <p class='ocr_par' dir='ltr' id='par_1_113' title="bbox 1024 2500 1812 2536">
     <span class='ocr_line' id='line_1_113' title="bbox 1024 2500 1812 2536; baseline -0.006 -5"><span class='ocrx_word' id='word_1_911' title='bbox 1024 2508 1084 2531; x_wconf 84' lang='lat' dir='ltr'><strong>cata</strong></span> <span class='ocrx_word' id='word_1_912' title='bbox 1099 2507 1157 2536; x_wconf 82' lang='lat' dir='ltr'><strong>tua,</strong></span> <span class='ocrx_word' id='word_1_913' title='bbox 1174 2507 1202 2529; x_wconf 87' lang='lat' dir='ltr'><strong>et</strong></span> <span class='ocrx_word' id='word_1_914' title='bbox 1218 2505 1354 2529; x_wconf 86' lang='lat' dir='ltr'><strong>remorata</strong></span> <span class='ocrx_word' id='word_1_915' title='bbox 1371 2500 1465 2533; x_wconf 88' lang='lat' dir='ltr'><strong>fueris,</strong></span> <span class='ocrx_word' id='word_1_916' title='bbox 1481 2505 1547 2528; x_wconf 89' lang='lat' dir='ltr'><strong>tunc</strong></span> <span class='ocrx_word' id='word_1_917' title='bbox 1561 2500 1751 2529; x_wconf 85' lang='lat' dir='ltr'><strong>confunderis.</strong></span> <span class='ocrx_word' id='word_1_918' title='bbox 1778 2500 1812 2527; x_wconf 84' lang='lat' dir='ltr'><strong>Et</strong></span> 
     </span>
    </p>
   </div>
   <div class='ocr_carea' id='block_1_114' title="bbox 1022 2545 1812 2581">
    <p class='ocr_par' dir='ltr' id='par_1_114' title="bbox 1022 2545 1812 2581">
     <span class='ocr_line' id='line_1_114' title="bbox 1022 2545 1812 2581; baseline -0.003 -5"><span class='ocrx_word' id='word_1_919' title='bbox 1022 2549 1093 2576; x_wconf 87' lang='lat' dir='ltr'><strong>ultra</strong></span> <span class='ocrx_word' id='word_1_920' title='bbox 1102 2557 1152 2575; x_wconf 87' lang='lat' dir='ltr'><strong>non</strong></span> <span class='ocrx_word' id='word_1_921' title='bbox 1161 2548 1211 2575; x_wconf 87' lang='lat' dir='ltr'><strong>erit</strong></span> <span class='ocrx_word' id='word_1_922' title='bbox 1224 2547 1270 2574; x_wconf 86' lang='lat' dir='ltr'><strong>tibi</strong></span> <span class='ocrx_word' id='word_1_923' title='bbox 1279 2555 1307 2573; x_wconf 81' lang='lat' dir='ltr'><strong>os</strong></span> <span class='ocrx_word' id='word_1_924' title='bbox 1314 2546 1415 2581; x_wconf 82' lang='lat' dir='ltr'><strong>aperire</strong></span> <span class='ocrx_word' id='word_1_925' title='bbox 1424 2546 1457 2573; x_wconf 81' lang='lat'><strong>&quot;.</strong></span> <span class='ocrx_word' id='word_1_926' title='bbox 1476 2545 1544 2573; x_wconf 86' lang='lat' dir='ltr'><strong>Cum</strong></span> <span class='ocrx_word' id='word_1_927' title='bbox 1556 2553 1685 2581; x_wconf 86' lang='lat' dir='ltr'><strong>recepero</strong></span> <span class='ocrx_word' id='word_1_928' title='bbox 1702 2553 1812 2581; x_wconf 81' lang='lat' dir='ltr'><strong>peccata</strong></span> 
     </span>
    </p>
   </div>
   <div class='ocr_carea' id='block_1_115' title="bbox 1023 2591 1810 2624">
    <p class='ocr_par' dir='ltr' id='par_1_115' title="bbox 1023 2591 1810 2624">
     <span class='ocr_line' id='line_1_115' title="bbox 1023 2591 1810 2624; baseline -0.005 -2"><span class='ocrx_word' id='word_1_929' title='bbox 1023 2603 1082 2623; x_wconf 86' lang='lat' dir='ltr'><strong>mea</strong></span> <span class='ocrx_word' id='word_1_930' title='bbox 1108 2599 1136 2622; x_wconf 87' lang='lat' dir='ltr'><strong>et</strong></span> <span class='ocrx_word' id='word_1_931' title='bbox 1153 2593 1297 2621; x_wconf 88' lang='lat' dir='ltr'><strong>restitutus</strong></span> <span class='ocrx_word' id='word_1_932' title='bbox 1315 2592 1402 2624; x_wconf 85' lang='lat' dir='ltr'><strong>fuero,</strong></span> <span class='ocrx_word' id='word_1_933' title='bbox 1419 2591 1491 2618; x_wconf 83' lang='lat' dir='ltr'><strong>facto</strong></span> <span class='ocrx_word' id='word_1_934' title='bbox 1512 2599 1618 2618; x_wconf 90' lang='lat' dir='ltr'><strong>mecum</strong></span> <span class='ocrx_word' id='word_1_935' title='bbox 1635 2596 1810 2624; x_wconf 82' lang='lat' dir='ltr'><strong>testamento,</strong></span> 
     </span>
    </p>
   </div>
   <div class='ocr_carea' id='block_1_116' title="bbox 1023 2637 1812 2674">
    <p class='ocr_par' dir='ltr' id='par_1_116' title="bbox 1023 2637 1812 2674">
     <span class='ocr_line' id='line_1_116' title="bbox 1023 2637 1812 2674; baseline -0.006 -6"><span class='ocrx_word' id='word_1_936' title='bbox 1023 2645 1089 2668; x_wconf 87' lang='lat' dir='ltr'><strong>tunc</strong></span> <span class='ocrx_word' id='word_1_937' title='bbox 1113 2639 1230 2674; x_wconf 85' lang='lat' dir='ltr'><strong>amplius</strong></span> <span class='ocrx_word' id='word_1_938' title='bbox 1246 2638 1365 2672; x_wconf 73' lang='lat' dir='ltr'><strong>intelligo</strong></span> <span class='ocrx_word' id='word_1_939' title='bbox 1380 2637 1449 2664; x_wconf 88' lang='lat' dir='ltr'><strong>mala</strong></span> <span class='ocrx_word' id='word_1_940' title='bbox 1463 2645 1522 2664; x_wconf 81' lang='lat' dir='ltr'><strong>mea</strong></span> <span class='ocrx_word' id='word_1_941' title='bbox 1533 2657 1541 2668; x_wconf 89' lang='lat'><strong>,</strong></span> <span class='ocrx_word' id='word_1_942' title='bbox 1556 2642 1582 2664; x_wconf 90' lang='lat' dir='ltr'><strong>et</strong></span> <span class='ocrx_word' id='word_1_943' title='bbox 1597 2637 1770 2670; x_wconf 86' lang='lat' dir='ltr'><strong>confundor,</strong></span> <span class='ocrx_word' id='word_1_944' title='bbox 1787 2642 1812 2663; x_wconf 84' lang='lat' dir='ltr'><strong>et</strong></span> 
     </span>
    </p>
   </div>
   <div class='ocr_carea' id='block_1_117' title="bbox 1022 2679 1810 2716">
    <p class='ocr_par' dir='ltr' id='par_1_117' title="bbox 1022 2679 1810 2716">
     <span class='ocr_line' id='line_1_117' title="bbox 1022 2679 1810 2716; baseline -0.006 -4"><span class='ocrx_word' id='word_1_945' title='bbox 1022 2685 1149 2713; x_wconf 87' lang='lat' dir='ltr'><strong>conscius</strong></span> <span class='ocrx_word' id='word_1_946' title='bbox 1163 2682 1228 2710; x_wconf 84' lang='lat' dir='ltr'><strong>mihi</strong></span> <span class='ocrx_word' id='word_1_947' title='bbox 1243 2682 1314 2709; x_wconf 88' lang='lat' dir='ltr'><strong>ultro</strong></span> <span class='ocrx_word' id='word_1_948' title='bbox 1329 2685 1429 2708; x_wconf 87' lang='lat' dir='ltr'><strong>memet</strong></span> <span class='ocrx_word' id='word_1_949' title='bbox 1441 2681 1534 2716; x_wconf 91' lang='lat' dir='ltr'><strong>punio.</strong></span> <span class='ocrx_word' id='word_1_950' title='bbox 1556 2679 1623 2708; x_wconf 88' lang='lat' dir='ltr'><strong>Vide</strong></span> <span class='ocrx_word' id='word_1_951' title='bbox 1637 2685 1730 2708; x_wconf 88' lang='lat' dir='ltr'><strong>autem</strong></span> <span class='ocrx_word' id='word_1_952' title='bbox 1746 2681 1810 2715; x_wconf 90' lang='lat' dir='ltr'><strong>quid</strong></span> 
     </span>
    </p>
   </div>
   <div class='ocr_carea' id='block_1_118' title="bbox 1137 2739 1809 2773">
    <p class='ocr_par' dir='ltr' id='par_1_118' title="bbox 1137 2739 1809 2773">
     <span class='ocr_line' id='line_1_118' title="bbox 1137 2739 1809 2773; baseline -0.004 -4"><span class='ocrx_word' id='word_1_953' title='bbox 1137 2742 1159 2758; x_wconf 84' lang='grc'><strong>⁶⁹</strong></span> <span class='ocrx_word' id='word_1_954' title='bbox 1176 2741 1274 2769; x_wconf 85' lang='lat' dir='ltr'><strong>Ezech.</strong></span> <span class='ocrx_word' id='word_1_955' title='bbox 1290 2749 1347 2773; x_wconf 73' lang='lat' dir='ltr'><strong>xvr,</strong></span> <span class='ocrx_word' id='word_1_956' title='bbox 1360 2740 1405 2768; x_wconf 82' lang='lat'><strong>55.</strong></span> <span class='ocrx_word' id='word_1_957' title='bbox 1442 2740 1465 2756; x_wconf 79' lang='grc'><strong>⁷⁸</strong></span> <span class='ocrx_word' id='word_1_958' title='bbox 1479 2740 1530 2768; x_wconf 89' lang='lat' dir='ltr'><strong>Isa.</strong></span> <span class='ocrx_word' id='word_1_959' title='bbox 1545 2739 1622 2771; x_wconf 72' lang='lat'><strong>1,26.</strong></span> <span class='ocrx_word' id='word_1_960' title='bbox 1671 2740 1693 2756; x_wconf 86' lang='grc'><strong>⁷¹</strong></span> <span class='ocrx_word' id='word_1_961' title='bbox 1711 2740 1809 2768; x_wconf 85' lang='lat' dir='ltr'><strong>Ezech.</strong></span> 
     </span>
    </p>
   </div>
   <div class='ocr_carea' id='block_1_119' title="bbox 1221 2774 1808 2810">
    <p class='ocr_par' dir='ltr' id='par_1_119' title="bbox 1221 2774 1808 2810">
     <span class='ocr_line' id='line_1_119' title="bbox 1221 2774 1808 2810; baseline -0.003 -6"><span class='ocrx_word' id='word_1_962' title='bbox 1221 2777 1244 2794; x_wconf 76' lang='grc'><strong>⁷⁸</strong></span> <span class='ocrx_word' id='word_1_963' title='bbox 1266 2776 1347 2804; x_wconf 77' lang='lat' dir='ltr'><strong>Mich.</strong></span> <span class='ocrx_word' id='word_1_964' title='bbox 1367 2784 1415 2809; x_wconf 87' lang='lat' dir='ltr'><strong>vn,</strong></span> <span class='ocrx_word' id='word_1_965' title='bbox 1440 2775 1467 2804; x_wconf 85' lang='lat'><strong>9.</strong></span> <span class='ocrx_word' id='word_1_966' title='bbox 1526 2776 1548 2792; x_wconf 83' lang='lat'><strong>&quot;</strong></span> <span class='ocrx_word' id='word_1_967' title='bbox 1570 2774 1651 2803; x_wconf 78' lang='lat' dir='ltr'><strong>Rom.</strong></span> <span class='ocrx_word' id='word_1_968' title='bbox 1676 2783 1708 2810; x_wconf 87' lang='lat' dir='ltr'><strong>tt,</strong></span> <span class='ocrx_word' id='word_1_969' title='bbox 1730 2776 1758 2808; x_wconf 70' lang='grc'><strong>4,</strong></span> <span class='ocrx_word' id='word_1_970' title='bbox 1783 2775 1808 2802; x_wconf 81' lang='lat'><strong>5.</strong></span> 
     </span>
    </p>
   </div>
   <div class='ocr_carea' id='block_1_120' title="bbox 1040 2813 1143 2842">
    <p class='ocr_par' dir='ltr' id='par_1_120' title="bbox 1040 2813 1143 2842">
     <span class='ocr_line' id='line_1_120' title="bbox 1040 2813 1143 2842; baseline 0.01 -1"><span class='ocrx_word' id='word_1_971' title='bbox 1040 2814 1065 2831; x_wconf 85' lang='lat'>&quot;</span> <span class='ocrx_word' id='word_1_972' title='bbox 1078 2813 1143 2842; x_wconf 84' lang='lat' dir='ltr'><strong>ibid.</strong></span> 
     </span>
    </p>
   </div>
  </div>
