1882 3052
97 95 151 123 745

767 92 909 120 ΗΟΜΙΜΑ
929 92 974 120 ιι.

1672 107 1723 133 illi

98 151 165 179 mihi
183 151 308 184 eveniat,
320 154 349 178 ut
364 151 434 178 ultra
449 158 501 178 non
518 150 553 178 sit
567 150 682 177 liberum
701 157 732 178 os
748 150 853 184 aperire
870 158 883 177 a
900 153 923 181 Α
936 148 1296 183 necessarieindigemns,ut
1308 157 1361 176 non
1371 154 1424 177 tam
1436 157 1575 186 egoquam
1585 153 1726 182 orantibus

96 196 167 224 facie
185 196 352 232 ignominiae,
360 202 387 224 et
401 196 511 232 quando
522 197 638 223 eveniat.
659 195 692 222 In
707 204 736 222 eo
749 196 817 231 quod
828 204 888 230 pra-

96 244 209 278 pitietur
223 243 272 270 tibi
286 243 318 269 ⁸ο.
351 242 406 270 Nec
434 248 499 270 tune
521 243 629 277 quidem
660 243 769 276 quando
797 242 886 276 propi-

97 290 186 317 tiatur
200 289 268 316 mihi
284 290 368 317 multa
383 289 516 323 peccanti,
534 297 646 324 possum
662 296 693 316 os
707 289 822 324 aperire,
838 297 888 316 nec

97 336 211 371 quando
234 335 351 371 ignoscit
374 336 523 363 sceleribus
546 336 614 363 meis
639 336 745 363 alienus
771 343 831 363 sum
855 335 889 363 ab

98 382 262 417 ignominia,
279 381 325 408 sed
346 382 466 409 sentiens
484 382 586 409 scelera
601 390 660 410 mea
676 386 806 417 perpetuo
820 389 888 409 con—

98 428 223 456 scientia:
237 435 304 455 mea:
316 427 377 462 igne
392 428 556 456 discrucior.
576 428 679 456 Idcirco
696 430 759 463 quia
776 428 889 464 ignomi-

98 474 145 501 nia
159 479 187 501 et
201 473 328 501 confusio
349 478 449 501 azterna
466 474 546 501 nobis
561 475 680 509 reposita
694 480 736 502 est
753 475 776 502 si
793 483 888 510 pecca-

97 519 223 547 verimus
234 540 241 552 ,
259 519 334 546 omni
355 519 438 547 corde
452 527 595 554 precemur
610 521 694 548 Deum
707 540 713 552 ,
732 526 761 548 ut
776 521 821 548 det
838 528 888 548 no-

98 565 142 592 bis
159 572 247 599 usque
270 565 303 592 ad
329 565 409 592 linem
426 570 452 592 et
467 565 549 592 animi
566 571 593 594 et
609 567 733 601 corporis
760 567 820 594 nisu
838 575 887 602 pro

98 610 214 638 veritate
229 610 409 643 contendere;
428 614 458 637 ut
472 611 579 639 etiamsi
593 612 702 647 aliquod
720 617 827 647 tempus
844 614 887 639 iii—

98 656 200 684 stiterit
213 657 285 691 quod
295 661 416 684 nostram
429 658 566 685 examinet
575 658 653 685 ﬁdem
664 658 737 694 (nam
751 664 780 685 ut
790 667 886 685 aurum

97 702 233 737 probatur
249 702 276 728 in
291 701 418 735 fornace,
433 703 473 730 sic
489 703 556 730 fides
571 708 665 731 nostra
679 704 704 730 in
723 704 844 739 periculo
861 708 889 731 et

97 748 339 782 persecutionibus
366 748 570 784 examinatur),
599 749 707 776 etiamsi
734 750 887 785 persecutio

96 794 229 828 eruperit,
253 794 374 821 inveniat
397 802 448 822 nos
463 799 642 829 praeparatos,
666 803 699 822 ne
714 796 811 823 domus
837 803 886 822 no-

938 196 1016 223 vobis
1039 195 1126 229 gratia
1149 194 1198 222 Dei
1216 195 1242 221 in
1265 203 1307 222 me
1330 195 1462 223 cdisscrat
1485 196 1645 224 solutionem
1656 207 1725 233 pro-

938 241 1062 269 hiemalis
1079 245 1106 268 et
1119 241 1283 276 a‘nigmatis,
1299 241 1355 268 sive
1368 242 1515 276 parabolae.

972 288 1000 315 2.
1018 287 1084 321 Quae
1095 292 1217 322 estergo
1232 287 1360 322 parabola
1377 288 1476 322 aquibe
1489 296 1571 322 quam
1599 289 1626 317 in
1655 298 1725 325 prae-

938 333 1008 361 senti
1037 333 1157 368 Spiritus
1174 337 1285 360 sanctus
1310 333 1449 360 ostendit?
1474 333 1540 367 Qua:
1561 343 1615 362 non
1637 337 1725 364 solum

937 379 1039 413 aquila,
1051 378 1098 406 sed
1110 378 1190 405 etiam
1206 377 1412 412 comparatione
1433 383 1596 407 ceterarum
1617 382 1725 416 aquila-

937 432 998 451 rum
1015 430 1112 458 magna
1129 422 1219 457 aquila
1232 443 1240 455 ,
1255 426 1282 449 et
1296 422 1445 457 ingentium
1458 423 1576 456 alarum,
1593 429 1620 452 et
1645 425 1724 461 longa

937 472 1062 500 extensu,
1077 472 1104 494 et
1117 467 1195 502 plena
1209 467 1357 502 unguibus,
1372 467 1439 501 sive,
1464 474 1493 495 ut
1514 470 1624 504 quidam
1639 470 1726 499 inter-

937 520 1060 552 pretatus
1074 520 1126 548 est,
1142 515 1220 550 plena
1233 515 1334 550 plumis
1350 515 1490 543 scribitur.
1505 516 1563 544 Non
1578 517 1666 545 solum
1682 519 1726 546 his

937 571 998 597 qua:
1014 562 1133 590 diximus
1149 561 1234 596 major
1247 566 1289 588 est
1299 561 1404 589 caeteris
1418 563 1528 597 aquilis,
1546 571 1640 591 verum
1655 565 1680 592 in
1693 573 1726 592 eo

936 608 979 635 vel
995 607 1131 642 praecipua
1149 611 1211 639 est,
1224 606 1296 641 quod
1325 606 1435 634 ductum
1450 607 1531 635 habet
1555 608 1671 637 intrandi
1697 610 1725 638 in

937 649 1081 678 Libanum.
1096 650 1163 678 Nam
1176 651 1331 685 ingrediens
1343 651 1398 679 illic
1408 652 1442 679 ab
1454 653 1552 680 arbore
1565 655 1640 682 cedri
1665 663 1726 690 qua:

937 697 964 723 in
984 696 1089 724 Libano
1104 697 1155 724 sita
1170 702 1229 724 erat
1246 698 1348 730 electa,
1365 700 1561 728 teneritudines
1577 706 1604 729 et
1618 710 1726 730 summa

937 749 1052 777 qumque
1068 742 1222 777 decerpsit,
1239 747 1267 769 et
1278 744 1367 770 attulit
1384 744 1410 770 in
1427 748 1527 772 terram
1541 745 1682 778 Chanaan.
1698 748 1726 776 in

938 787 1075 814 civitatem
1098 788 1155 815 sive
1171 790 1369 824 negotiatorum
1387 810 1394 823 ,
1422 790 1478 817 sive
1497 792 1701 826 negotiatricem
1717 815 1725 827 .

96 844 156 866 stra
173 840 201 866 in
216 839 305 867 hieme
320 845 442 872 corruat,
459 848 493 867 ne
508 841 651 868 aedificatio
666 841 744 876 quasi
761 841 788 868 in
802 849 884 869 arena
903 833 923 862 Β
938 834 994 861 Sive
1012 835 1217 869 “'aDSIalm'um.
1235 836 1292 863 Si“?
1308 840 1390 870 certe:
1405 842 1436 864 ιιι
1449 837 1625 874 septuaginta
1640 840 1724 868 ίηῑθτ-

96 888 256 911 constructa
282 884 488 918 tempestatibus
503 885 666 920 dissipetur;
682 890 712 913 ut
729 894 791 914 cum
804 887 886 914 ﬂave-

96 930 155 956 rint
169 931 241 956 venti
255 929 367 962 diaboli.
383 930 409 956 id
425 935 467 957 est
481 931 593 965 spiritus
608 932 730 965 pessimi,
746 939 826 966 opera
841 939 887 960 no-

95 981 155 1003 stra
182 976 328 1010 pcrsislant
346 984 408 1010 quze
423 984 510 1011 usque
534 977 567 1004 ad
593 978 664 1004 hanc
677 977 748 1004 diem
762 978 887 1012 perstite-

95 1026 172 1054 runt,
186 1022 208 1049 si
223 1027 311 1049 tamen
327 1030 381 1049 non
398 1027 462 1050 sunt
476 1023 579 1051 occulte
592 1024 716 1055 subruta,
727 1024 792 1051 etin
807 1031 887 1058 expe-

95 1066 211 1093 ditionis
228 1067 350 1094 accinctu
362 1067 568 1095 manifestemus
587 1067 746 1094 charitatem
765 1071 886 1094 nostram

95 1120 179 1147 quam
198 1112 327 1140 habemus
349 1113 382 1139 ad
398 1113 481 1140 Deum
508 1113 535 1140 in
554 1113 662 1140 Christo
676 1112 751 1144 Jesu,
776 1112 821 1139 cui
846 1117 888 1140 est

95 1159 185 1194 gloria
200 1163 227 1186 et
243 1158 385 1193 imperium
402 1159 429 1186 in
447 1159 546 1187 saecula
560 1159 733 1186 saeculorum.
751 1158 847 1185 Amen.

384 1226 528 1254 HOMILIA
548 1227 594 1254 XI.

95 1286 136 1313 De
149 1294 180 1312 eo
194 1286 263 1320 quod
286 1285 386 1312 dictum
405 1289 442 1311 est
457 1284 497 1312 8‘:
520 1293 528 1309 ι
552 1283 608 1311 Fili
626 1284 756 1314 hominis,
774 1291 888 1320 propone

133 1319 246 1355 amigina
263 1325 287 1347 et
304 1321 346 1346 dic
370 1319 524 1354 plu-abolent
547 1320 581 1345 ad
603 1320 709 1346 domum
731 1319 835 1353 Israel,
862 1323 888 1346 et

131 1354 203 1382 dices
219 1364 227 1382 :
241 1355 337 1390 Aquila
352 1363 507 1390 magnarum
521 1354 637 1386 alarum,
655 1363 665 1380 ›
681 1359 732 1381 etc.

132 1427 161 1453 I.
171 1426 335 1453 Exercitatio
351 1433 506 1460 corporum,
520 1429 545 1452 et
559 1425 585 1452 in
599 1429 684 1452 totum
703 1424 887 1453 fortitudinem

95 1479 236 1509 comparat
247 1475 279 1501 iis
287 1474 333 1508 qui
344 1477 514 1504 exercentur.
524 1477 550 1500 et
558 1480 604 1507 per
616 1476 705 1508 partes
717 1471 890 1506 unumquod-

938 880 1036 914 pretati
1050 885 1124 913 sunt,
1136 886 1270 908 muratam
1285 886 1330 914 ;et
1342 883 1431 916 posuit
1445 883 1495 910 hoc
1508 885 1579 919 quod
1594 885 1628 913 de
1646 886 1727 914 cedro

937 925 1032 953 Libani
1048 933 1212 962 sumpserat,
1228 933 1258 955 ut
1275 929 1443 963 plantaretur
1451 934 1477 956 et
1488 936 1620 959 cresceret
1634 932 1660 959 in
1673 936 1728 960 ter—

936 978 994 998 ram
1010 971 1151 1000 Chanaan.
1172 973 1305 1001 Posthac
1321 974 1415 1002 eadem
1445 976 1536 1011 aquila
1563 976 1597 1004 de
1623 978 1727 1006 semine

937 1021 1027 1049 terrae,
1043 1017 1115 1044 unde
1132 1023 1287 1052 sumpserat
1304 1019 1477 1047 summitates
1493 1020 1576 1054 cedri,
1592 1024 1728 1051 extrinse-

937 1069 987 1089 cus
1007 1061 1058 1089 sibi
1072 1069 1163 1090 semen
1181 1063 1295 1098 accepit,
1307 1068 1333 1090 et
1345 1064 1477 1099 plantavit
1496 1065 1562 1092 illud
1588 1067 1615 1093 in
1630 1075 1728 1104 campo

938 1106 1088 1134 frondifero
1100 1116 1182 1143 super
1195 1117 1293 1144 aquam
1308 1111 1433 1138 multam.
1453 1110 1510 1139 Hoc
1529 1116 1619 1140 autem
1635 1113 1724 1148 ipsum

938 1153 1010 1186 quod
1025 1153 1057 1180 de
1069 1158 1141 1181 terra
1153 1154 1281 1182 Chanaan
1299 1155 1388 1182 fuerat
1399 1161 1569 1191 assumptum
1581 1159 1615 1185 ab
1623 1166 1655 1186 ea
1666 1168 1727 1194 qua:

938 1197 1033 1226 Libani
1045 1207 1150 1226 summa
1168 1208 1283 1235 qumque
1297 1201 1480 1237 decerpserat,
1497 1203 1584 1236 idest,
1600 1206 1672 1239 quod
1684 1214 1727 1233 se-

938 1245 1027 1272 cunda
1041 1245 1099 1272 vice
1119 1251 1270 1280 acceperat,
1286 1245 1386 1274 factum
1406 1252 1448 1275 est
1465 1249 1491 1275 in
1503 1249 1583 1276 vitem
1601 1257 1654 1277 non
1672 1250 1729 1278 for-

939 1295 1004 1322 tem,
1030 1292 1076 1318 scil
1095 1291 1242 1325 infirmam,
1254 1301 1348 1320 verum
1363 1294 1443 1321 etiam
1460 1299 1563 1322 statura
1579 1296 1704 1330 pusillam
1718 1307 1726 1330 ;

939 1341 966 1364 et
981 1337 1104 1372 palmites
1127 1337 1208 1372 hujus
1226 1339 1287 1366 vitis
1304 1338 1418 1366 infirma:
1442 1340 1563 1367 reclinati
1580 1346 1654 1375 sunt,
1677 1351 1727 1378 pro

939 1391 972 1410 eo
985 1384 1057 1418 quod
1069 1384 1102 1410 de
1116 1383 1220 1410 Libano
1237 1389 1264 1411 et
1285 1384 1366 1411 cedro
1385 1384 1474 1412 fuerat
1495 1391 1677 1421 assumptum,
1699 1389 1727 1415 in

941 1435 1045 1458 tantum
1061 1434 1091 1457 ut
1105 1430 1210 1458 radices
1226 1438 1289 1458 suas
1305 1431 1357 1458 sub
1374 1431 1461 1466 ipsius
1485 1437 1586 1461 trunco
1607 1435 1728 1462 consitas

942 1476 1061 1504 haberet.
1081 1475 1113 1502 Et
1126 1476 1235 1510 quidem
1249 1475 1318 1503 facta
1331 1481 1374 1503 est
1396 1477 1470 1510 vitis,
1481 1482 1507 1505 et
1523 1478 1586 1505 fecit
1600 1480 1727 1515 propagi-

96 1528 152 1555 que
163 1521 314 1548 membrum
325 1527 477 1555 sensusque
489 1520 673 1546 membrorum
688 1518 839 1553 vegetiores
849 1517 888 1545 fa-
902 1519 923 1548 C
941 1529 999 1554 nes,
1016 1525 1043 1548 et
1057 1521 1178 1548 extendit
1191 1521 1303 1548 arbusta
1315 1529 1375 1549 sua.
1394 1522 1427 1549 Et
1442 1527 1504 1557 post
1515 1523 1571 1551 IliBC
1589 1526 1664 1552 venit
1675 1525 1728 1553 alia

96 1567 134 1594 cit
147 1566 181 1593 ad
193 1566 377 1594 sullerendum
393 1566 468 1600 quid,
481 1565 565 1592 autad
574 1564 745 1592 sentiendum
760 1573 766 1591 :
780 1568 810 1590 ut
824 1568 887 1598 puta

95 1612 240 1640 oculorum
251 1612 334 1645 acies,
345 1612 368 1640 si
381 1612 545 1639 exet-citetur
555 1611 582 1638 in
595 1611 665 1643 visu,
679 1611 784 1638 acutior
795 1610 841 1637 fiat
855 1610 888 1637 ad

95 1659 244 1686 videndum
255 1668 262 1691 ;
272 1666 362 1690 aures,
377 1658 398 1685 si
411 1657 579 1692 frequentius
588 1657 709 1689 audiant,
724 1657 819 1684 melius
829 1664 888 1691 pos-

95 1708 163 1732 sunt
170 1711 266 1731 vocum
279 1710 375 1738 capere
387 1702 582 1730 dissonantias.
595 1701 651 1728 lloe
663 1706 753 1728 autem
763 1701 826 1728 etin
840 1708 890 1727 cae-

97 1750 165 1778 teris
175 1749 306 1776 membris
314 1749 376 1776 licet
388 1748 600 1783 deprehendere,
616 1747 722 1782 quodin
735 1747 830 1782 paucis
844 1754 888 1774 os-

95 1796 246 1824 tendimus.
258 1795 359 1822 Verum
375 1795 440 1829 quid
454 1794 520 1822 mihi
531 1794 641 1828 prodest
652 1793 685 1820 ad
694 1792 888 1820 beatitudinem

95 1846 124 1870 et
133 1841 168 1869 ad
181 1842 262 1868 vitam
274 1840 476 1875 sempiternam,
490 1840 512 1866 si
528 1846 627 1873 carpus
650 1837 891 1866 exercitationibus

95 1887 260 1915 roboretur?
272 1886 348 1919 Quod
359 1885 424 1912 mihi
433 1890 475 1912 est
484 1885 708 1916 emolumentum,
716 1883 821 1910 etiamsi
833 1882 891 1909 for-

97 1934 207 1961 tissimo
218 1939 330 1967 corpore
339 1933 412 1962 liam,
423 1931 529 1958 etiamsi
539 1930 666 1957 omnibus
675 1928 804 1956 membris
811 1935 892 1962 vege-

97 1984 143 2005 tus
155 1976 296 2005 incedam?
308 1975 466 2004 Econtrario
480 1979 569 2002 autem
586 1974 607 2002 si
620 1982 717 2002 sensus
734 1973 830 2000 animae
843 1973 892 2000 ha-

94 2026 185 2052 buero
193 2024 353 2050 exercitatos
368 2023 400 2049 ad
415 2021 585 2049 sentiendum
597 2020 672 2055 quid,
685 2020 718 2047 ad
732 2020 891 2047 discendum

95 2071 156 2098 dies
165 2074 311 2103 noctesque
321 2069 485 2101 contrivero,
499 2076 553 2096 non
564 2068 651 2095 solum
664 2067 690 2093 in
703 2067 752 2094 hac
760 2067 812 2094 vita
826 2067 892 2094 mihi

95 2116 239 2147 conducit,
260 2115 306 2143 sed
323 2115 404 2142 etiam
419 2115 589 2142 recedentem
607 2115 640 2141 de
661 2121 775 2149 corpore
799 2120 893 2147 prose-

95 2165 209 2196 quetur.
233 2161 335 2188 Idcirco
351 2161 377 2188 in
395 2161 531 2196 parabolis
546 2164 573 2187 et
595 2159 621 2186 in
642 2159 833 2195 aanigmatibus
853 2158 894 2185 lo-

96 2195 180 2233 cutus
203 2211 245 2234 est
262 2206 334 2234 Deus
345 2226 351 2237 .
365 2195 404 2233 uti
413 2205 572 2233 extenderet
588 2212 617 2232 sc
633 2212 710 2231 mens
729 2209 831 2234 nostra,
850 2202 891 2229 vel
907 2195 929 2221 Ῑ)

95 2253 192 2288 potius
216 2251 243 2278 in
264 2260 348 2280 unum
371 2253 501 2287 colligens
517 2251 651 2278 dictorum
674 2250 810 2277 intueatur
826 2256 890 2276 acu-

97 2299 185 2331 mina,
207 2302 234 2324 et
256 2305 271 2324 a
289 2299 411 2332 corporis
432 2298 505 2325 vitiis
525 2297 664 2328 recedens,
680 2296 743 2322 dum
767 2295 891 2329 intelligit

96 2344 241 2371 veritatem
255 2364 262 2376 ,
284 2343 346 2370 vitae
368 2351 424 2370 sua:
453 2350 562 2370 cursum
592 2341 740 2369 secundum
766 2340 890 2367 eumdem

96 2392 209 2426 dirigat.
223 2390 284 2418 “me
293 2392 319 2417 in
330 2391 462 2425 procemio
475 2391 605 2423 diximus,
617 2390 680 2425 quia
694 2397 784 2416 sermo
796 2389 841 2416 Dei
854 2388 894 2416 fa-

97 2442 160 2464 ctus
176 2441 217 2463 est
231 2437 264 2463 ad
280 2435 447 2463 Ezechielem
463 2436 555 2462 dicens
571 2444 577 2461 :
599 2434 654 2461 Fili
672 2434 796 2466 hominis,
811 2441 892 2460 narra

97 2483 300 2513 narrationem,
325 2487 349 2509 et
373 2482 414 2508 dic
438 2481 592 2515 parabolam
614 2481 647 2507 ad
666 2481 772 2507 domum
792 2479 889 2507 Israel.

97 2528 152 2555 Pro
170 2528 222 2554 hoc
248 2533 338 2555 autem
361 2527 434 2562 quod
457 2526 634 2561 Septuaginta
662 2527 821 2560 interpretes
842 2533 891 2560 po-

96 2579 216 2600 suerunt
235 2570 431 2603 narrationem.
446 2573 515 2599 alius
540 2572 573 2599 de
595 2571 787 2606 interpretibus
805 2575 891 2598 trans—

98 2619 171 2651 tulit,
181 2626 294 2652 propone
302 2619 435 2653 problema
444 2627 453 2650 ;
461 2619 542 2649 alius,
551 2618 640 2653 profer
647 2617 797 2652 problema;
808 2617 890 2649 alius,

96 2665 224 2699 signiﬁca
237 2665 358 2698 (enigma.
369 2664 449 2699 395
460 2664 543 2699 Igitur
555 2669 581 2691 et
591 2663 728 2698 problema
736 2667 764 2690 et
776 2663 890 2698 :enigma

97 2710 265 2745 etparabola
276 2714 318 2737 est
332 2710 402 2744 quod
419 2711 518 2736 lectum
527 2713 576 2737 est.
592 2709 620 2735 Si
631 2709 741 2743 quando
752 2708 890 2736 illumina-

97 2757 173 2783 tione
190 2755 358 2791 indiguimus
380 2756 500 2783 scientiae
520 2754 578 2788 Dei,
591 2762 663 2782 nunc
675 2754 716 2781 vel
735 2755 852 2782 maxime
864 2759 891 2783 et

147 2848 171 2864 '°
188 2848 288 2874 Ezech.
301 2855 366 2879 Lm,
380 2848 422 2875 65.
462 2848 481 2863 "
497 2848 596 2876 Ezerh.
614 2857 689 2883 xvnl,
705 2850 732 2884 εὶ,
748 2852 775 2881 5.

238 2896 374 2926 ΡΑτιιοῐι.
392 2895 450 2926 GR.
466 2895 556 2927 XIII.

941 1568 1042 1602 aquila,
1060 1571 1086 1595 et
1101 1567 1158 1602 ipsa
1176 1575 1286 1602 magna,
1312 1569 1420 1603 magnis
1445 1569 1495 1596 alis
1510 1573 1536 1596 et
1550 1571 1670 1605 copiosis
1687 1572 1729 1598 vel

940 1613 1041 1648 plumis
1060 1614 1117 1640 sive
1137 1613 1293 1648 unguibus;
1316 1619 1342 1641 et
1361 1621 1424 1641 ecce
1447 1615 1497 1642 ista
1525 1615 1589 1643 vitis
1611 1616 1645 1643 de
1675 1624 1729 1651 qua

940 1666 1013 1686 nunc
1025 1659 1156 1690 diximus.
1175 1659 1300 1686 veniente
1316 1659 1435 1687 secunda
1458 1661 1564 1695 aquila,
1582 1662 1729 1689 declinavit

940 1709 1132 1732 testamentum
1150 1712 1229 1732 suum
1253 1705 1285 1731 ad
1302 1712 1373 1738 eam,
1395 1713 1525 1740 spernens
1543 1707 1568 1734 id
1585 1712 1729 1735 testamen-

941 1756 997 1778 tum
1013 1751 1086 1786 quod
1097 1751 1173 1785 prius
1184 1759 1246 1778 cum
1261 1751 1358 1778 arbore
1372 1750 1482 1783 fecerat,
1492 1752 1518 1779 in
1529 1761 1583 1788 qua
1599 1754 1729 1781 reclinata

940 1796 1004 1823 vitis
1030 1795 1117 1823 fuerat
1134 1795 1228 1823 effecta
1240 1816 1246 1827 .
1265 1800 1292 1823 et
1308 1796 1503 1831 propaginibus
1518 1797 1596 1826 factis
1617 1799 1728 1827 arbusta

941 1841 1024 1868 latius
1042 1841 1160 1873 fuderat,
1179 1845 1206 1868 et
1222 1842 1362 1876 complexa
1377 1847 1418 1870 est
1434 1843 1580 1870 secundam
1597 1845 1728 1878 aquilam.

941 1892 968 1914 et
992 1887 1098 1914 radices
1110 1895 1174 1915 suas
1202 1895 1216 1914 a
1241 1889 1331 1923 priore
1357 1889 1497 1916 transtulit
1511 1889 1543 1916 ad
1559 1896 1727 1924 sequentem.

942 1932 1044 1960 Deinde
1062 1933 1187 1968 palmites
1207 1934 1298 1961 emisit
1320 1934 1353 1961 ad
1376 1934 1494 1969 aquilam
1518 1935 1682 1968 secundam,
1700 1942 1730 1964 ut

943 1978 1067 2013 irrigaret
1082 1986 1141 2005 eam
1158 1986 1219 2005 cum
1232 1979 1307 2014 gleba
1327 1979 1504 2014 plantationis
1516 1980 1575 2014 ejus
1594 1980 1620 2007 in
1631 1988 1728 2016 campo

943 2024 1015 2052 bono
1039 2028 1066 2050 et
1089 2032 1158 2059 aqua
1187 2025 1281 2051 multa.
1296 2024 1329 2051 Et
1353 2025 1463 2059 quidem
1492 2025 1600 2060 irrigata
1616 2031 1656 2053 est
1672 2027 1730 2056 hate

943 2070 1001 2104 ipsa
1012 2070 1085 2104 vitis,
1103 2075 1129 2097 et
1144 2070 1275 2097 translata
1294 2070 1327 2097 ad
1344 2071 1462 2105 aquilam
1475 2072 1632 2103 secundam.
1643 2077 1672 2099 ut
1688 2072 1729 2100 fa-

944 2119 1016 2142 ceret
1031 2115 1208 2147 incrementa,
1218 2119 1249 2141 ut
1261 2114 1370 2142 afferret
1384 2115 1499 2142 fructum
1518 2135 1525 2148 ,
1555 2121 1584 2143 ut
1599 2116 1674 2144 fieret
1702 2118 1729 2144 in

944 2161 1025 2187 vitem
1037 2167 1174 2195 magnam.
1188 2159 1292 2187 Idcirco
1315 2161 1452 2196 prophetae
1469 2161 1619 2195 imperatur
1634 2167 1663 2189 ut
1687 2163 1731 2189 di-

943 2211 996 2239 cat,
1015 2207 1077 2241 quia
1090 2211 1281 2234 testamentum
1304 2208 1508 2242 transgrediens
1522 2207 1586 2236 vitis
1598 2209 1670 2244 quod
1687 2208 1728 2237 fe-

942 2257 1017 2279 cerat
1033 2260 1094 2279 cum
1108 2252 1199 2286 aquila
1224 2252 1325 2287 priore,
1340 2257 1367 2280 ct
1380 2257 1501 2280 statuens
1519 2254 1582 2281 illud
1605 2262 1666 2282 cum
1683 2262 1727 2281 se-

943 2299 1043 2331 cnnda,
1055 2306 1109 2325 non
1133 2298 1276 2333 dirigatur,
1304 2306 1392 2334 neque
1416 2299 1521 2326 radices
1540 2300 1729 2327 teneritudinis

943 2344 1003 2379 ejus
1029 2343 1170 2377 efﬂorcat;
1200 2344 1264 2378 quin
1293 2345 1383 2379 potius
1408 2344 1514 2372 fructus
1532 2345 1591 2379 ejus
1620 2350 1730 2380 propter

945 2390 1177 2417 transeensionem
1193 2390 1252 2424 ejus
1268 2393 1404 2424 putreant,
1434 2394 1460 2417 et
1484 2395 1611 2417 arescant
1637 2391 1729 2418 omnia

945 2439 1005 2466 qua:
1020 2432 1053 2458 de
1064 2440 1094 2459 ea
1108 2433 1276 2465 oriebantur,
1293 2437 1319 2460 et
1336 2433 1392 2467 jam
1411 2434 1480 2460 ultra
1491 2441 1544 2461 non
1558 2434 1655 2462 habeat
1668 2435 1731 2462 bra-

944 2477 1035 2505 chium
1055 2485 1182 2512 magnum
1199 2483 1226 2505 et
1236 2478 1366 2513 populum
1379 2479 1513 2511 multum;
1539 2479 1670 2507 evellatur
1684 2487 1731 2507 au-

944 2527 997 2549 tem
1017 2523 1158 2553 radicitus.
1170 2529 1196 2550 et
1210 2524 1273 2550 licet
1286 2524 1396 2559 irrigata
1409 2525 1454 2556 sit,
1472 2529 1560 2551 tamen
1577 2533 1630 2551 non
1642 2533 1731 2559 perse-

942 2573 1027 2600 veret.
1040 2573 1132 2596 etnon
1147 2570 1279 2604 dirigatur
1298 2571 1324 2597 in
1341 2571 1492 2597 ubertatem
1507 2579 1514 2602 ;
1531 2571 1679 2605 statimque
1700 2575 1732 2598 ut

941 2615 1085 2651 contigerit
1098 2623 1157 2642 eam
1170 2619 1267 2643 ventus
1285 2625 1378 2649 urens,
1399 2621 1515 2648 arescat,
1534 2621 1560 2644 et
1577 2625 1638 2644 cum
1653 2617 1729 2652 gleba

941 2660 1117 2696 plantationis
1132 2670 1188 2689 suae
1202 2662 1327 2690 siccetur.
1345 2662 1401 2689 Hoc
1414 2663 1566 2698 propositio
1584 2663 1670 2698 ipsius
1688 2663 1730 2689 lii-

942 2708 1033 2735 storim
1047 2708 1178 2742 exposcit,
1195 2712 1224 2735 ut
1240 2715 1301 2742 qua;
1319 2708 1462 2736 obscurius
1474 2709 1545 2736 dicta
1571 2713 1652 2740 sunt,
1666 2708 1729 2743 qui-

943 2753 1058 2780 busdam
1082 2753 1220 2787 adjunetis
1243 2752 1416 2780 sermonibus
1437 2753 1546 2788 planius
1559 2761 1731 2782 enarremus.

1575 2889 1616 2919 ﬁh
