1882 3052
112 143 166 173 ’κθ

822 148 959 177 llOMlLiA
979 149 1024 180 XL

1696 159 1746 187 750

114 205 197 232 modo
209 212 275 240 ergo
291 206 334 232 leo
346 205 445 232 dicitur
459 211 486 233 ct
501 206 527 232 in
543 207 641 234 malam
656 211 758 242 partem
771 211 798 234 et
812 207 838 234 iu
856 208 906 235 bo-
921 211 945 239 Α
959 214 988 236 ut
1004 210 1106 246 aquila,
1121 210 1186 239 etin
1203 211 1249 239 Dei
1265 217 1342 247 parte
1357 213 1434 242 dives
1456 213 1568 243 electus
1582 217 1679 251 aquila:
1691 220 1744 247 sibi

114 258 188 284 nam,
208 259 263 278 non
277 256 320 279 est
334 252 512 286 incongruum
530 253 611 280 etiam
628 254 746 288 aquilam
761 254 787 280 in
804 260 905 281 utram-

113 305 167 331 que
178 302 283 331 partem
298 299 398 334 accipi.
416 298 448 325 Et
460 306 509 333 ego
524 300 657 334 suspicor,
670 300 761 334 justus
787 308 840 327 non
864 306 905 328 cst

111 342 216 376 aquila,
233 343 281 370 sed
298 344 375 378 quasi
388 344 489 379 aquila,
504 345 648 372 aemulatur
661 346 760 380 quippe
774 347 902 381 aquilam.

112 386 146 414 Et
161 389 300 422 quomodo
316 397 430 425 serpens
447 399 534 419 terens
553 395 633 427 typus
653 393 704 420 fuit
729 393 879 421 Salvatoris
895 403 901 421 :

112 440 202 467 neque
213 434 286 461 enim
302 442 413 469 serpens
435 440 495 463 erat
519 444 590 467 vere,
607 438 655 464 sed
672 438 827 466 imitabatur
843 447 902 467 ser—

111 483 233 512 pentem,
249 479 355 507 dicente
370 480 486 508 Domino
496 482 519 498 ⁸⁵
535 491 541 508 :
559 481 593 508 Ut
611 482 714 518 Moyses
728 484 836 512 elevavit
848 494 903 512 ser-

111 529 216 559 pentem
231 526 259 552 in
272 525 386 558 deserto,
400 527 438 553 sic
447 532 549 562 oportet
561 529 676 555 exaltari
693 529 794 557 Filium
814 531 900 558 homi-

109 571 170 602 nis;
186 571 280 598 eodem
298 573 382 599 modo
407 577 433 600 et
457 573 548 607 justus
566 582 621 601 non
648 579 701 602 tam
727 577 816 611 aquila
837 582 900 610 est,

109 624 193 650 quam
207 618 304 652 aquilae
316 618 424 650 similis,
436 621 498 653 quia
510 620 607 647 eiutile
615 625 655 648 est
667 621 810 656 imaginem
824 623 901 657 aqui-

89 668 91 671 '
108 663 142 690 he
157 663 265 690 sectari.
279 662 361 691 Juxta
377 664 451 692 hunc
466 665 631 693 intellectum
646 687 653 700 ,
678 671 704 694 et
721 667 748 694 in
764 667 817 694 alio
841 669 899 696 loco

107 714 274 743 przcceplum
289 709 393 744 accepit
409 709 510 744 justus,
533 715 561 738 ut
578 712 614 739 sit
629 713 739 747 sapiens
754 713 825 740 sicut
839 722 898 742 ser-

108 761 188 788 pens,
205 762 258 780 non
280 759 309 781 ut
338 756 383 782 tiat
406 763 528 790 serpens,
542 756 589 783 sed
606 765 640 784 nc
657 766 671 784 a
685 758 739 785 veri
763 760 898 794 serpentis

107 799 234 834 capiatur
246 801 356 828 astutia.
371 800 400 828 Si
410 806 500 829 autem
517 810 606 830 sermo
620 803 667 831 Dei
684 803 839 840 Scripturas
855 806 898 833 di-

106 845 224 880 ligenter
234 847 383 879 excutiens,
399 852 425 874 et
434 849 547 882 spiritus
557 849 589 876 de
601 850 790 885 quoscriptum
806 852 894 879 est":

107 890 227 926 Spiritus
240 892 329 918 omnia
346 897 482 919 scrutatur
493 895 574 920 etiam
588 893 643 921 alta
658 894 723 929 Dei,
737 896 763 923 in
781 897 896 932 alicujus

105 936 228 963 animam
250 937 362 970 venerit,
383 937 606 966 manifestissime
622 941 746 968 ostendet
770 941 804 969 de
819 941 895 970 Scri-

105 982 195 1016 pturis
212 986 238 1009 et
260 982 379 1017 aquilam
403 987 430 1010 et
446 984 551 1012 leonem
581 985 608 1012 in
634 991 712 1020 parte
732 988 894 1016 mundorum

105 1027 270 1054 animalium
296 1028 407 1062 posita:
437 1028 578 1056 cherubim
604 1028 651 1057 Dei
670 1031 770 1059 habere
798 1032 893 1061 faciem

104 1074 228 1102 hominis
242 1080 269 1101 et
282 1073 378 1102 faciem
398 1075 484 1104 leonis
492 1083 507 1103 a
524 1076 626 1104 dextris
636 1083 756 1113 quatuor
764 1081 894 1115 partium,

103 1124 131 1147 et
151 1119 249 1147 faciem
263 1121 339 1148 vituli
354 1125 380 1148 et
394 1121 491 1149 faciem
503 1124 600 1158 aquilae
615 1133 630 1152 a
645 1125 763 1155 sinistris
778 1133 895 1162 quatuor

103 1166 244 1201 partium:
260 1171 287 1193 et
299 1167 355 1194 haec
379 1174 440 1201 qua:
453 1168 479 1195 in
491 1169 632 1197 cherubim
647 1172 782 1205 videntur,
804 1174 830 1200 id
853 1179 894 1202 est

103 1212 197 1247 aquila
215 1217 241 1239 et
254 1213 307 1246 leo,
323 1214 424 1241 munda
437 1220 509 1241 sunt.
523 1215 594 1243 Nihil
610 1217 709 1253 quippe
723 1218 892 1247 immundum

102 1263 146 1286 est
162 1259 188 1285 in
206 1266 287 1285 curru
305 1259 362 1286 Dei.
380 1258 412 1286 Et
434 1262 574 1294 quomodo
589 1267 617 1289 tu
633 1264 666 1291 de
692 1265 817 1299 gentibus
833 1274 893 1294 cre-

101 1303 173 1331 dens
188 1304 307 1332 mundus
319 1304 431 1332 eﬂ‘e‘ctus
446 1313 475 1334 es
490 1316 497 1334 :
517 1307 549 1333 Et
560 1309 629 1343 quod
648 1309 719 1336 Deus
732 1311 868 1339 mandavit
884 1333 892 1346 ,

102 1355 132 1376 tu
144 1358 176 1376 ne
188 1358 324 1377 commune
334 1351 434 1378 dixeris
451 1352 474 1368 ⁸⁸
489 1373 496 1385 ,
516 1354 617 1381 dicitur
643 1355 676 1383 de
691 1357 818 1385 omnibus
833 1366 893 1393 qua

100 1399 174 1425 coelo
186 1399 443 1434 pendentiaostensa
458 1406 522 1429 sunt
534 1402 628 1437 Petro;
643 1404 682 1431 sic
695 1405 839 1434 mundatus
851 1411 893 1434 est

99 1443 145 1469 leo
161 1448 188 1471 et
204 1445 294 1479 aquila
317 1453 378 1480 qum
402 1446 430 1472 in
451 1448 592 1474 cherubim
615 1456 810 1484 apparuerunt.
838 1451 893 1480 Nec

100 1497 160 1516 non
171 1494 214 1517 est
227 1491 298 1518 aliud
314 1492 386 1526 quod
401 1492 427 1518 in
444 1492 543 1520 Christi
556 1494 670 1521 adventu
684 1495 807 1524 futurum
823 1506 892 1533 prae-

956 264 1059 291 pennas
1071 262 1201 292 prmparet
1212 259 1245 285 ad
1260 259 1418 286 Volandum.

992 303 1018 329 4.
1037 301 1137 330 Verum
1155 308 1183 331 ut
1202 305 1235 332 ad
1262 307 1432 340 propositum
1452 307 1572 340 redeam,
1591 309 1744 343 specialiter

956 348 1084 382 quiddam
1103 351 1272 384 significatur
1284 352 1317 379 de
1329 351 1590 387 Nabuchodonosor,
1608 355 1671 390 quia
1687 364 1745 383 ma-

955 402 1008 428 gna
1025 400 1052 422 et
1067 403 1231 431 magnarum
1243 398 1357 431 alarum,
1383 404 1410 426 et
1435 401 1477 427 sui
1503 402 1660 428 extensione
1683 402 1743 429 lon-

954 437 1077 475 gissima,
1094 443 1120 469 in
1135 447 1240 471 tantum
1252 449 1281 471 ut
1296 453 1380 473 ausus
1391 445 1473 473 fuerit
1485 446 1576 474 dicere
1589 448 1622 475 “z
1638 447 1744 476 Viribus

953 486 1062 521 faciam,
1084 491 1214 524 sapientia
1236 491 1383 518 intellectus
1406 493 1526 527 auferant
1542 494 1607 528 fines
1627 496 1742 529 gentium

952 538 976 559 et
995 534 1117 560 virtutem
1133 543 1223 561 eorum
1240 537 1376 571 dcpascar,
1398 543 1422 564 et
1442 541 1605 566 commovebo
1623 542 1742 568 civitate:

951 587 1010 614 (ματ
1024 579 1216 613 inhabitantur,
1230 587 1254 608 et
1266 582 1352 609 orbem
1366 589 1495 611 terrarum
1509 587 1656 613 universum
1670 596 1742 614 com-

950 624 1108 658 prehendam
1123 634 1201 652 mamt
1219 631 1247 653 ut
1263 628 1365 662 nidum,
1384 634 1408 656 et
1432 631 1508 665 quasi
1534 632 1670 666 confracta
1692 642 1741 660 oua

951 669 1081 704 auferant.
1104 671 1172 697 Ecce
1197 671 1246 698 ista
1270 676 1312 699 est
1331 675 1454 701 extensio
1475 676 1579 703 alarum
1597 677 1666 712 ejus.
1684 677 1741 706 Nec

952 716 1003 743 hoc
1017 716 1040 742 ei
1058 716 1165 749 sullicit,
1184 725 1278 744 verum
1295 719 1433 753 unguibus
1447 721 1543 755 plenus
1556 727 1606 754 cst,
1625 728 1652 750 ct
1669 724 1740 751 mul-

951 761 985 788 tis
999 761 1110 796 plumis,
1125 767 1152 789 et
1167 763 1247 790 habet
1267 764 1377 791 ductum
1400 765 1519 794 intrandi
1542 768 1569 795 in
1592 768 1738 803 Libanum,

950 811 980 834 ut
993 807 1066 834 cedri
1081 808 1140 842 cjus
1153 816 1259 836 summa
1276 810 1412 845 decerpat.
1426 811 1552 844 Quandiu
1566 814 1593 840 hi
1606 815 1653 850 qui
1664 823 1739 844 com-

950 853 1128 879 morabantur
1152 853 1178 880 in
1204 853 1310 882 Libano
1339 864 1393 883 non
1421 864 1618 893 peccaverunt,
1644 861 1671 888 id
1697 866 1739 890 est

948 898 1068 933 quandiu
1087 899 1113 926 in
1136 898 1314 936 Jcrosolymis
1336 902 1428 937 positi,
1453 908 1518 931 sunt
1540 905 1567 932 in
1589 906 1738 934 sceleribus

946 944 1128 978 deprehensi,
1156 953 1210 972 non
1242 947 1346 981 accepit
1373 953 1532 984 potestatem
1562 951 1613 978 ista
1640 959 1738 987 magna

946 990 1037 1025 aquila
1053 994 1082 1018 ut
1099 991 1288 1025 ingrederetur
1313 993 1340 1020 in
1361 993 1506 1029 Libanum,
1524 1003 1612 1031 neque
1627 1004 1737 1025 assum~

946 1035 999 1070 psit
1014 1037 1065 1063 sibi
1082 1037 1177 1069 electa,
1193 1042 1219 1065 et
1242 1039 1315 1066 cedri
1332 1047 1424 1068 semen
1450 1042 1563 1077 regium.
1588 1049 1615 1071 et
1636 1046 1737 1080 princi-

947 1090 1010 1116 pum
1026 1083 1149 1117 stirpem.
1176 1083 1228 1111 lsta
1246 1085 1346 1120 quippe
1373 1092 1436 1114 sunt
1459 1089 1647 1118 teneritudinis
1664 1092 1734 1126 ejus,

945 1136 1005 1162 qua
1020 1129 1137 1163 quodam
1156 1134 1277 1164 tempore
1293 1139 1348 1158 non
1365 1131 1477 1160 fuerunt
1495 1134 1563 1162 duro
1580 1137 1683 1164 corde:
1697 1142 1735 1166 at-

946 1177 1034 1201 tamen
1049 1175 1139 1209 rapuit
1163 1183 1205 1208 ea,
1228 1177 1292 1211 quia
1319 1185 1498 1211 peccaverunt
1524 1181 1550 1207 in
1576 1181 1732 1212 Dominum.

944 1219 1042 1255 Aquila
1067 1221 1117 1249 ista
1141 1222 1267 1255 grandis,
1292 1225 1375 1252 totius
1399 1226 1506 1253 arboris
1532 1228 1673 1256 cacumina
1704 1230 1732 1257 in

943 1266 1073 1294 Chanaan
1093 1268 1240 1301 transtulit,
1261 1269 1323 1303 quia
1346 1269 1495 1304 ﬁguraliter
1519 1272 1730 1308 Babyloaiorum

944 1317 1014 1340 terra
1031 1313 1165 1340 maledicti
1180 1314 1309 1342 Chanaan
1326 1316 1435 1349 dicitur,
1450 1317 1484 1344 dc
1497 1326 1552 1353 quo
1568 1320 1604 1346 ait
1619 1319 1674 1348 Noe
1683 1321 1705 1337 "
1720 1330 1729 1350 :

944 1356 1103 1384 Maledictus
1124 1366 1188 1392 puer
1213 1357 1356 1393 Chanaan,
1379 1360 1498 1394 famulus
1522 1364 1572 1390 erit
1599 1364 1730 1398 fratribus

943 1405 1008 1431 suis.
1026 1403 1053 1430 In
1068 1404 1175 1431 civitate
1192 1412 1300 1440 quoque
1314 1407 1525 1440 negotiatorum,
1541 1409 1597 1437 sive
1611 1413 1731 1447 negotia

943 1451 1020 1483 trice,
1036 1450 1093 1478 sive
1112 1449 1345 1484 transfercntium,
1359 1457 1407 1479 aut
1418 1458 1490 1480 certe
1505 1459 1621 1488 murata,
1640 1459 1730 1491 posuit

944 1496 996 1523 hoc
1011 1496 1082 1530 quod
1098 1495 1131 1523 de
1144 1496 1225 1523 cedro
1237 1497 1395 1530 abstulerat,
1410 1504 1436 1525 et
1450 1501 1553 1535 accepit
1569 1501 1620 1529 sibi
1639 1503 1672 1530 de
1685 1511 1729 1531 se-

99 1536 232 1563 dicatur:
249 1537 323 1564 novit
335 1538 467 1565 mundum
483 1539 601 1573 leonem,
613 1541 743 1569 mundam
761 1547 789 1570 et
812 1545 890 1579 aqui-
903 1547 925 1576 ο
943 1541 1015 1568 mine
1031 1545 1119 1574 terrm,
1133 1541 1189 1575 jam
1206 1550 1260 1568 non
1274 1542 1306 1569 de
1321 1543 1464 1571 altioribus
1477 1547 1576 1579 solum,
1588 1548 1633 1574 sed
1647 1549 1728 1577 etiam

98 1581 167 1614 lam,
184 1589 245 1617 qua:
271 1587 445 1618 nuncupatur
469 1584 634 1613 immunda:
661 1586 749 1622 Lupus
773 1589 842 1616 enim
863 1595 888 1618 et

99 1628 168 1662 agni
180 1633 322 1662 pascentur
334 1629 413 1655 simul
425 1630 458 1657 ⁸⁸.
490 1629 583 1665 Lupus
599 1632 672 1659 enim
693 1634 739 1668 qui
763 1642 825 1662 cum
838 1643 889 1663 ove

98 1674 232 1701 innoxius
252 1675 383 1709 pascitur,
401 1683 457 1703 non
472 1682 513 1704 est
529 1677 600 1704 ultra
615 1678 812 1708 observandus.
827 1681 887 1710 Non

97 1720 278 1748 mihidicitur
295 1721 329 1749 de
344 1721 391 1748 tali
407 1722 471 1756 lupo
484 1723 507 1738 9°
526 1731 534 1749 ς
549 1722 681 1750 Attenditc
693 1725 725 1751 ab
737 1725 775 1752 eis
789 1726 835 1760 qui
845 1735 887 1753 oc-

96 1768 175 1793 m'uut
189 1767 224 1793 ad
242 1775 286 1794 vos
300 1769 328 1794 in
342 1769 435 1795 vestitu
450 1769 536 1795 ovium
549 1789 556 1800 ,
568 1769 639 1795 intus
651 1775 738 1796 autem
752 1777 813 1799 sunt
831 1772 888 1807 lupi

95 1821 220 1847 rapaces.
235 1812 379 1848 Signanter
392 1814 500 1841 locutus
515 1818 565 1844 est.
580 1815 672 1842 dicens
689 1824 695 1842 :
713 1815 789 1843 Intus
798 1821 886 1844 autem

95 1863 161 1885 sunt
177 1858 232 1892 lupi
248 1867 367 1893 rapaces.
397 1858 467 1886 Sunt
486 1860 586 1895 quippe
597 1861 644 1887 alii
666 1869 720 1888 non
753 1870 864 1896 rapaces
877 1884 884 1896 ,

95 1904 209 1939 quando
219 1905 274 1939 lupi
286 1909 313 1932 et
324 1906 540 1940 agnipascentur
554 1906 656 1938 simul,
681 1912 708 1934 et
730 1908 842 1942 vitulus,
860 1914 885 1936 et

96 1955 204 1984 taurus,
219 1955 246 1978 et
262 1951 304 1978 leo
320 1951 519 1986 pariteredent.
536 1951 606 1979 Cum
625 1958 716 1980 autem
731 1953 814 1981 fuerit
830 1960 883 1983 tam

94 1997 267 2023 diversarum
279 1997 350 2022 inter
361 2003 390 2023 se
403 2002 564 2025 naturarum
582 1997 609 2024 in
624 1997 676 2025 fide
691 1998 793 2026 Christi
813 1999 884 2028 facta

94 2041 214 2069 sociatio
227 2062 234 2074 ,
247 2042 289 2068 leo
302 2049 358 2068 non
369 2041 421 2068 erit
433 2041 489 2076 jam
502 2042 669 2076 immundus,
684 2051 777 2070 verum
793 2044 884 2073 ferita-

94 2087 131 2114 tis
144 2094 201 2113 suaa
212 2087 396 2120 obliviscetur,
406 2090 432 2113 et
440 2087 567 2114 universa
581 2088 708 2115 animalia
719 2096 779 2123 quae
788 2089 815 2116 in
827 2090 884 2125 lege

95 2132 145 2160 Dei
159 2133 287 2160 dicuntur
297 2132 446 2164 immunda,
459 2132 620 2161 conditionis
627 2134 744 2169 antiquae
754 2135 884 2169 recipient

92 2178 254 2214 puritatem.
272 2168 329 2206 Hoc
344 2182 435 2204 autem
450 2182 477 2205 et
490 2186 522 2205 ex
542 2182 619 2213 parte
634 2168 863 2214 jamifactumiest
874 2202 881 2214 ,

943 1587 975 1614 de
989 1587 1157 1620 minoribus,
1181 1592 1208 1614 et
1230 1588 1263 1614 de
1288 1589 1388 1623 popqu
1410 1589 1582 1625 Judteorum,
1605 1598 1632 1621 ct
1654 1595 1728 1623 dedit

942 1633 1008 1660 illud
1022 1633 1049 1660 in
1063 1641 1188 1668 campum
1207 1633 1398 1668 frondiferum,
1412 1643 1492 1671 super
1505 1645 1602 1672 aquam
1616 1641 1727 1669 multam

941 1679 1140 1713 respiciendum
1167 1679 1308 1707 constituit
1332 1680 1412 1713 illud,
1436 1687 1463 1709 et
1486 1689 1610 1712 exortum
1629 1691 1680 1719 est,
1702 1692 1729 1715 et

940 1723 1042 1751 factum
1056 1729 1098 1751 est
1111 1725 1135 1751 in
1152 1725 1232 1751 vitem
1251 1725 1366 1752 tirmam.
1381 1726 1534 1755 lniirmatus
1550 1734 1591 1756 est
1605 1739 1667 1759 vere
1680 1740 1728 1767 po.

940 1771 1019 1805 pulus
1036 1771 1082 1797 Dei
1095 1771 1121 1798 in
1138 1770 1285 1806 Babylone,
1302 1776 1329 1798 et
1344 1772 1404 1799 idco
1424 1781 1510 1808 neque
1525 1776 1659 1804 canticum
1673 1777 1727 1805 Do—

939 1815 1006 1842 mini
1024 1821 1135 1842 cantare
1151 1820 1266 1849 poterat,
1289 1816 1382 1843 dicens
1395 1817 1418 1832 "
1433 1827 1439 1844 :
1458 1818 1593 1849 Quomodo
1608 1823 1727 1849 cantabi-

938 1869 996 1888 mus
1015 1862 1147 1887 canticum
1168 1861 1273 1887 Domini
1293 1862 1320 1887 in
1337 1866 1406 1888 terra
1428 1863 1535 1891 aliena?
1549 1864 1651 1893 Revera
1671 1876 1725 1894 non

938 1910 1044 1941 poterat
1069 1906 1176 1933 intirma
1201 1913 1254 1932 non
1276 1913 1337 1933 esse
1361 1915 1421 1941 qua:
1443 1908 1560 1942 plantata
1584 1910 1672 1939 fuerat
1697 1913 1725 1940 iu

937 1952 1083 1988 Babylone.
1100 1951 1160 1986 Quo
1174 1956 1252 1986 pacto
1267 1952 1335 1979 vires
1352 1953 1481 1987 pristinas
1498 1962 1647 1984 reservaret
1664 1966 1725 1993 quas

937 1999 999 2025 vitis
1011 1998 1159 2033 Babylonia
1177 2005 1238 2025 esse
1254 1998 1399 2032 coepisset?
1415 1998 1480 2032 Quae
1501 2001 1563 2034 quia
1582 2001 1609 2028 in
1630 2006 1725 2031 sancta

938 2049 1008 2072 terra
1024 2043 1130 2071 fructus
1146 2051 1199 2070 non
1216 2043 1326 2075 fecerat,
1345 2044 1405 2071 ideo
1428 2046 1558 2073 translata
1572 2047 1606 2074 ab
1621 2049 1722 2083 aquila,

936 2095 962 2117 ct
981 2091 1008 2117 in
1027 2094 1098 2117 terra
1112 2090 1202 2124 posita
1217 2089 1357 2123 Chanaan,
1374 2090 1442 2118 facta
1457 2095 1499 2118 est
1512 2092 1538 2118 in
1553 2092 1633 2119 vitem
1648 2093 1724 2121 intir~

935 2144 1008 2164 mam
1020 2139 1047 2163 et
1057 2136 1083 2162 in
1094 2136 1220 2170 pusillam
1235 2139 1349 2162 statura.
1359 2135 1483 2168 Quandiu
1502 2137 1528 2163 in
1544 2142 1614 2164 terra
1630 2144 1722 2166 sancta

936 2182 999 2215 fuit,
1015 2182 1110 2216 ingens
1127 2181 1189 2208 vitis
1202 2185 1260 2208 erat
1274 2190 1279 2208 :
1294 2182 1403 2216 quando
1419 2189 1483 2209 vero
1496 2183 1627 2211 translata
1641 2190 1683 2212 est
1694 2186 1721 2213 in

92 2231 121 2253 et
138 2225 297 2260 plenissime
311 2225 338 2252 in
354 2225 475 2252 secundo
489 2225 668 2259 complebitur
679 2226 883 2255 adventu.Prae—
898 2223 920 2251 Ι)
935 2228 1003 2256 ﬁnes
1019 2232 1202 2262 peccatorum,
1220 2232 1247 2254 et
1270 2227 1376 2254 infirma
1402 2232 1428 2255 et
1451 2236 1533 2262 parva
1559 2229 1653 2259 effecta
1669 2237 1719 2259 est.

90 2271 170 2298 venit
185 2270 268 2302 igitur
291 2273 493 2297 sacramentum
517 2270 590 2305 quod
616 2274 756 2298 ostensum
786 2277 828 2300 est
855 2275 883 2301 in

93 2315 249 2348 cherubim,
267 2315 305 2343 rei
323 2316 486 2345 veritatem:
510 2321 537 2343 et
563 2316 590 2342 in
618 2320 722 2344 tantum
745 2317 832 2345 leonis
856 2325 884 2346 et

91 2362 194 2397 aquila:
211 2361 294 2389 facies
314 2369 376 2388 cum
390 2361 451 2388 aliis
475 2361 598 2389 faciebus
613 2367 734 2397 cognata:
751 2367 833 2397 sunt,
853 2369 883 2392 ut

90 2407 184 2441 majus
197 2406 276 2434 nobis
292 2406 416 2433 videatur
426 2406 519 2437 vitulo.
536 2412 563 2434 et
576 2411 665 2439 tauro,
674 2413 700 2435 et
708 2408 786 2435 leone
799 2410 881 2437 simul

88 2452 279 2488 pascentibus,
295 2452 322 2480 id
334 2453 405 2488 quod
414 2453 538 2487 apparuit
550 2457 576 2480 in
596 2453 748 2481 cherubim.
760 2455 801 2482 Ab
811 2453 880 2482 Isaia

89 2500 193 2536 quippe
207 2499 276 2526 nihil
290 2499 323 2526 de
336 2499 378 2526 bis
394 2507 454 2534 quae
467 2499 594 2533 praedicta
603 2504 666 2527 sunt
680 2500 731 2527 sibi
742 2501 881 2531 cohaerens

91 2544 213 2580 01397
226 2544 342 2571 invicem
358 2551 511 2571 connexum
536 2545 743 2580 repromittitur.
764 2546 793 2573 In
817 2547 881 2574 che-

92 2591 183 2618 rubim
199 2598 263 2617 vero
276 2590 489 2625 unumquodque
514 2591 614 2618 animal
629 2599 690 2618 cum
709 2592 763 2619 alio
777 2595 879 2629 cogna-

89 2643 149 2666 tum
166 2641 217 2670 est,
230 2635 314 2663 facies
324 2635 401 2663 vituli
415 2635 493 2663 faciei
508 2636 604 2668 leonis,
619 2641 646 2664 et
656 2638 744 2665 vultus
758 2638 877 2667 hominis

86 2683 176 2712 vultui
191 2682 300 2718 aquilas.
317 2681 375 2709 Non
395 2683 477 2716 igitur
494 2690 659 2717 magnopere
685 2683 802 2716 mireris,
814 2692 876 2712 cum

85 2730 198 2757 Pharao
213 2733 240 2756 et
254 2728 409 2764 praecedens
423 2737 485 2756 cum
504 2728 756 2757 Nabuchodonosor
778 2731 877 2766 aquilae

85 2779 284 2810 nuncupantur
296 2783 304 2808 ;
320 2774 411 2809 justus
425 2782 489 2802 vero
502 2783 604 2810 pennas
617 2783 756 2803 assumere
768 2775 875 2804 dicatur

113 2834 136 2850 "
151 2833 232 2861 Joan.
246 2841 287 2863 nl.
303 2833 344 2859 14.
392 2832 413 2848 θ’
430 2832 439 2858 1
454 2832 518 2860 Cor.
535 2840 565 2866 ιι,
589 2833 631 2860 10.

85 2868 106 2883 "
121 2869 191 2897 Gen.
206 2877 244 2901 Ix,
259 2868 304 2895 25.

688 2833 710 2849 ⁸⁸
724 2833 782 2860 Act.
802 2833 889 2866 Χ,15.

343 2867 365 2884 ³³
389 2867 459 2895 Psal.
478 2876 586 2902 cxxxvr,
606 2868 632 2896 ι.
666 2868 689 2885 ’⁸
702 2868 786 2896 Exod.
800 2868 890 2902 “,3.

934 2273 967 2301 Et
981 2278 1007 2300 tu
1018 2273 1110 2309 igitur,
1126 2273 1190 2300 vitis
1201 2280 1262 2307 quae
1275 2280 1319 2299 me
1336 2273 1424 2305 audis,
1440 2274 1462 2300 si
1478 2273 1518 2302 vis
1535 2282 1595 2303 esse
1612 2284 1719 2312 magna,

934 2319 990 2346 noli
1009 2319 1084 2347 exire
1105 2319 1137 2345 de
1159 2318 1285 2346 Ecclesia
1310 2317 1420 2350 finibus,
1446 2326 1574 2352 permane
1595 2320 1622 2347 in
1648 2326 1719 2349 terra

933 2370 1026 2393 sancta
1042 2363 1203 2392 Jerusalem.
1226 2363 1304 2397 Quod
1321 2364 1343 2391 si
1368 2368 1477 2398 propter
1494 2369 1603 2399 peccata
1623 2366 1650 2393 in
1672 2375 1719 2402 pe-

927 2412 989 2447 jora
1005 2410 1154 2442 corrueris,
1174 2409 1348 2437 transfereris
1363 2410 1390 2436 in
1408 2410 1488 2436 aliam
1503 2414 1614 2442 terram,
1626 2415 1653 2438 et
1664 2412 1719 2439 eris

932 2459 959 2486 in
974 2458 1055 2485 vitem
1072 2457 1209 2492 pusillam,
1231 2461 1258 2483 et
1278 2456 1403 2491 palmites
1426 2456 1463 2482 lui
1481 2456 1614 2489 deciderit,
1630 2462 1656 2484 et
1675 2465 1720 2485 ra-

931 2504 1006 2531 dices
1019 2509 1071 2530 tuae
1087 2501 1273 2533 siccabuntur,
1291 2501 1318 2528 in
1338 2505 1441 2528 tantum
1460 2505 1488 2527 ut
1505 2505 1597 2535 postea
1612 2502 1718 2530 deside-

931 2557 975 2576 res
989 2548 1160 2583 requiescere
1177 2555 1258 2581 super
1275 2547 1356 2574 aliam
1373 2545 1504 2580 aquilam,
1519 2549 1550 2572 ut
1564 2554 1636 2573 nunc
1651 2547 1718 2574 dici-

930 2599 985 2626 tur,
1004 2600 1164 2628 magnarum
1190 2593 1295 2619 alarum
1317 2596 1344 2619 et
1369 2591 1548 2626 plurimorum
1573 2590 1716 2625 unguium.

930 2639 1035 2666 Bonum
1051 2643 1094 2666 est
1114 2638 1325 2666 condemnatum
1350 2637 1377 2664 in
1400 2636 1636 2664 condemnationis
1656 2644 1718 2671 per-

931 2692 1040 2712 manere
1062 2684 1207 2716 sentcntia,
1223 2683 1343 2718 quandiu
1364 2683 1388 2710 ei
1410 2683 1476 2710 libet
1498 2683 1546 2719 qui
1566 2683 1714 2710 damnavit.

929 2733 988 2760 Non
1003 2737 1146 2758 curramus
1159 2730 1281 2757 volentes
1297 2729 1329 2756 ad
1347 2728 1528 2757 Pharaonem.
1548 2728 1576 2756 Si
1591 2728 1663 2756 enim
1682 2729 1715 2755 ad

930 2784 991 2805 eum
1003 2775 1150 2808 currimus,
1158 2779 1252 2802 contra
1262 2774 1344 2802 Deum
1355 2773 1469 2802 facimus
1483 2775 1530 2809 qui
1541 2774 1650 2802 dixit“:
1660 2773 1715 2808 Ego

938 2833 960 2849 ⁸³
975 2832 1027 2860 lsa.
1047 2839 1086 2865 xt,
1100 2830 1125 2858 ϐ.
1169 2830 1192 2848 ⁰⁰
1203 2830 1296 2858 Matth.
1314 2839 1361 2864 vn,
1380 2831 1423 2857 i5.
1461 2830 1482 2846 “
1503 2831 1552 2858 lsa.
1571 2840 1596 2864 κ,
1612 2831 1654 2864 l3,
1671 2833 1712 2859 16.
