1882 3052
160 129 210 156 ῗέιι

765 126 843 153 01110
849 125 924 152 ille
942 123 973 150 IN
994 122 1207 149 EZEtZlilELEll

1748 122 1799 149 τῇ

163 197 221 216 sum
230 188 359 215 bonum“
371 186 570 221 Deuttuus,qui
582 191 604 212 te
618 185 737 212 eduxidc
751 183 950 219 lerradi‘gypti,
967 184 987 211 Α
1005 181 1106 216 populo
1121 185 1226 215 peccat,
1243 184 1270 207 ct
1286 179 1319 207 de.
1335 179 1380 207 Dei
1396 179 1471 214 plebe
1487 179 1588 207 diaboli
1609 179 1719 214 laqueis
1733 188 1799 215 prte-

165 235 196 262 dc
208 235 285 262 domo
303 234 448 262 servitutis.
471 233 511 261 Ad
534 231 785 260 Nabuchodonosor
806 228 879 256 enim
899 237 952 256 non

167 287 220 308 tam
239 286 335 316 spante
348 286 631 316 properamus,quam
651 276 825 306 condemnati
847 281 874 303 et
893 283 954 311 per-

166 329 185 351 ιι
193 325 245 352 acti
261 324 294 351 ad
311 332 372 351 cum
390 331 496 350 sumus.

201 371 227 398 5.
246 370 424 404 Sequitur":
451 370 483 396 Et
503 372 601 404 [actum
618 373 667 402 est,
684 369 775 404 aquila
792 369 877 396 altera
895 377 953 395 ma-

167 425 229 451 gun,
244 417 346 451 magnis
361 416 412 442 alis
435 421 458 442 et
486 415 598 448 copiosis
622 415 764 449 unguibus,
783 420 807 441 et
826 423 882 442 ecce
896 415 955 441 vitis

167 464 220 490 ista
238 463 432 497 amplexabitur
444 470 511 493 eain,
534 461 559 488 id
581 466 633 491 est,
657 462 804 488 secundam
824 461 954 496 aquilam.

169 509 266 537 Evenit
276 517 346 543 saepe
358 513 385 535 ut
400 509 433 535 ab
444 515 496 534 ura
509 508 645 534 contraria
659 506 815 535 fortitudine
827 507 860 535 ad
874 507 956 534 aliam

168 554 373 582 transferamur.
395 553 519 580 Jusserat
535 553 607 579 enim
625 552 706 584 Dens,
725 557 754 579 ut
771 552 955 580 Israelitarum

166 600 282 635 populus
298 599 348 626 sub
363 598 616 626 Nabuchodonosor
639 599 733 634 jugum
756 598 824 625 colla
838 598 957 625 submit-

168 649 244 677 teret,
263 649 291 671 ut
304 644 420 679 legimus
436 644 462 670 in
479 643 607 676 Jez-emia,
623 643 650 670 in
668 647 773 670 tantum
794 647 824 670 ut
844 643 958 671 commi—

167 696 278 718 naretur
299 690 324 717 ei
347 690 393 725 qui
416 690 451 717 ab
475 690 535 724 ejus
556 689 666 717 servitio
690 689 855 722 declinaret;
876 693 904 717 et
926 697 958 717 eo

172 740 292 768 tempere
313 742 366 768 quo
387 733 531 760 .leremiam
552 734 745 768 exposuimus,
759 742 790 761 ea
808 743 867 770 qum
882 735 961 763 nobis

171 780 255 814 gratia
272 779 318 806 iiei
335 779 475 806 orantibus
490 779 566 807 vobis
581 780 674 815 largita
690 786 739 813 est,
757 781 813 808 sive
829 786 900 809 certe
916 787 961 808 ut-

171 833 279 860 cunque
302 826 452 857 sensimus,
474 834 611 861 exponere
635 827 723 853 conati
751 835 854 854 sumus.
872 827 962 855 Noluit

171 877 263 898 autem
279 871 305 898 id
327 871 415 898 facere
437 872 508 906 quod
535 871 622 899 fuerat
646 872 806 907 imperatum
818 894 825 905 ,
840 874 887 901 sed
903 875 961 909 pal-
973 861 995 891 Β

171 917 252 945 mites
266 925 329 944 suos
343 918 463 945 extendit
477 918 510 945 ad
533 918 700 945 Pharaonem
724 919 749 946 in
765 920 841 955 gleba
856 920 961 955 planta-

173 963 255 990 tionis
271 963 345 997 ejus;
371 964 404 991 ab
426 972 458 990 co
484 964 629 992 constituta
655 969 697 992 est
719 965 745 992 in
768 973 863 998 campo
879 974 961 1001 super

173 1016 270 1042 aquam
289 1009 413 1041 multam,
430 1014 460 1037 ut
483 1009 586 1038 fructus
609 1010 718 1038 aﬂ'er-ret
742 1011 908 1045 uberrimos;
933 1017 961 1040 et

172 1055 278 1082 deserta
295 1055 409 1091 Aigypto
433 1065 539 1084 rursum
558 1057 702 1092 Egyptum
728 1059 893 1094 concupivit,
912 1068 961 1094 pu-

173 1105 233 1127 tans
260 1108 289 1128 se
316 1101 464 1129 ubertatem
491 1103 631 1138 pristinam
650 1109 857 1131 consecuturam
879 1114 885 1131 :
909 1105 961 1133 hoc

172 1149 198 1175 in
223 1150 317 1184 primis
347 1151 466 1186 cogitans
496 1151 567 1186 quod
591 1151 612 1178 si
647 1151 896 1180 Nabuchodonosor
927 1154 961 1181 ad

171 1195 338 1222 Pharaonem
359 1197 570 1228 transcenderet,
589 1198 693 1226 radices
715 1199 845 1231 ﬁrmaret,
862 1199 962 1227 evelle-

171 1247 213 1269 rct
231 1247 379 1272 staturam,
401 1243 503 1270 fruetus
527 1244 646 1271 allerrct.
668 1244 721 1271 Sed
748 1244 773 1271 in
795 1245 961 1272 contrarium

171 1296 250 1322 quam
277 1289 382 1323 putavit
407 1290 497 1317 omnia
529 1291 693 1318 reciderunt.
720 1291 836 1319 Fructus
861 1291 962 1327 quippe

171 1333 230 1367 ejus
244 1334 332 1360 omnis
350 1335 524 1368 computruit,
541 1339 568 1361 et
582 1335 772 1369 pullulationes
788 1343 848 1370 quae
863 1337 960 1364 saltem

170 1378 283 1405 modica).
301 1379 327 1405 in
343 1379 504 1414 Babylonem
522 1385 661 1413 venerant,
679 1381 829 1409 mutatione
844 1382 962 1418 regionis

171 1428 350 1456 exaruerunt,
372 1423 398 1450 in
425 1429 528 1451 tantum
549 1429 578 1452 ut
603 1425 729 1453 radicitus
745 1427 838 1454 evulsa
861 1427 905 1460 sit,
926 1435 961 1455 ne

156 1484 158 1487 ι
172 1465 241 1493 ultra
260 1466 287 1493 in
302 1467 411 1495 brachio
427 1477 523 1503 magno
538 1473 585 1496 aut
599 1470 626 1497 in
650 1471 749 1506 populo
764 1471 879 1506 plurimo
894 1480 961 1499 con—

171 1513 330 1541 valesceret.
346 1514 415 1547 Quid
432 1515 457 1541 in
474 1523 502 1542 se
520 1516 578 1543 hmo
594 1521 666 1543 tanta
681 1517 723 1544 vel
741 1517 802 1544 talia
820 1518 961 1545 continent

168 1560 357 1586 sacramenta?
379 1559 448 1592 Quid
481 1561 665 1596 unusquisque
694 1570 784 1590 sermo
808 1563 961 1597 signiﬁcat?

171 1603 336 1636 Possumus,
358 1605 379 1632 si
402 1610 491 1633 tamen
510 1607 657 1635 habeamus
670 1609 816 1640 auditores,
832 1609 865 1636 ad
880 1609 958 1636 aliam

167 1650 315 1682 ,quamdam
327 1650 475 1678 Jerusalem
489 1653 681 1685 conscendere,
695 1658 722 1682 et
731 1654 778 1682 tibi
791 1655 960 1684 demonstra-

174 1701 205 1721 re
219 1693 356 1728 quomodo
374 1693 463 1729 aquila
481 1700 578 1727 magna
593 1693 704 1721 ductum
720 1701 800 1721 suum
815 1693 919 1725 fecerit,
936 1697 963 1720 et

174 1739 201 1766 in
231 1739 300 1766 hanc
324 1746 405 1774 quam
430 1746 503 1766 nunc
523 1746 574 1766 nos
600 1739 771 1774 possidemus
797 1738 963 1774 Babylonem

174 1786 345 1814 summitates
368 1786 428 1821 ejus
463 1786 599 1814 detulerit.
632 1786 783 1814 Possumus
815 1787 961 1815 secretiora

173 1832 298 1866 quaedam
312 1831 345 1859 de
367 1831 507 1860 Pharaone
528 1833 623 1867 loqui:
645 1841 739 1860 verum
758 1833 821 1868 quia
841 1839 963 1868 tempore

164 1882 354 1910 coarctamur,
368 1883 394 1905 et
405 1878 473 1906 forte
482 1879 612 1906 audenter
623 1879 807 1914 promittimus
818 1879 892 1914 quod
909 1887 962 1907 non

174 1923 313 1950 valeamus
330 1923 451 1958 implere,
466 1924 498 1950 ad
515 1924 620 1951 minora
644 1925 799 1958 redeamus,
814 1929 841 1951 et
862 1933 963 1952 secun-

166 1968 238 1995 dum
254 1977 410 1996 mensuram
435 1970 587 1998 intellectus
606 1971 691 1998 nostri
714 1971 754 1998 sic
773 1972 863 2006 potius
877 1978 964 2006 expo-

173 2023 282 2042 namus.
298 2015 376 2042 Venit
387 2016 420 2042 ad
434 2016 514 2043 istum
527 2015 671 2048 Libanum,
686 2017 738 2044 hoc
748 2022 790 2044 est
801 2017 962 2048 Ecclesiam,

174 2060 220 2086 ubi
234 2059 330 2087 hostiae
350 2059 408 2090 Dei,
424 2060 470 2087 ubi
486 2060 628 2087 incensum
643 2062 798 2088 orationum
814 2061 875 2095 ejus
890 2061 964 2088 cele-

175 2106 280 2136 bratur,
297 2105 348 2131 ista
362 2112 458 2139 magna
475 2109 501 2132 et
512 2113 575 2131 vera
592 2106 682 2140 aquila
701 2106 963 2139 Nabuchodouosor,

170 2149 201 2176 id
217 2153 258 2176 est
271 2149 353 2184 398
367 2150 504 2183 diabolus,
521 2155 549 2177 et
564 2152 662 2184 rapuit.
674 2151 752 2178 Absit
766 2156 857 2179 autem
872 2160 887 2179 a
900 2155 966 2178 tem-

1008 227 1124 260 peditur.
1138 225 1308 261 Quapropter
1320 226 1417 253 diebus
1433 231 1459 253 et
1478 226 1604 253 noctibus
1616 230 1672 253 tam
1688 233 1738 261 pro
1752 233 1802 253 no-

1007 272 1049 299 bis
1073 279 1155 306 quam
1184 279 1233 306 pro
1258 271 1390 298 fratribus
1416 271 1519 298 nostris
1546 271 1592 301 Dei
1622 272 1803 306 imploremus

1007 319 1157 351 auxilium,
1179 325 1213 346 ne
1238 318 1301 352 quis
1327 318 1361 344 de
1392 317 1543 345 Jerusalem
1569 318 1753 345 transferatur
1773 318 1800 345 in

1005 365 1148 398 Chanaan,
1167 372 1201 391 ne
1223 363 1357 391 sententia
1376 363 1435 398 ejus
1451 364 1558 391 deserta
1573 371 1588 391 a
1609 364 1753 391 voluntate
1768 364 1798 391 il-

1007 412 1058 439 lius
1075 411 1108 438 ad
1129 410 1211 438 aliam
1236 409 1380 437 tendamus
1395 409 1525 444 aquilam,
1552 416 1579 437 et
1603 410 1697 437 veniat
1720 417 1802 445 super

1008 465 1057 484 nos
1081 457 1120 483 ira
1148 455 1287 490 major.et
1310 459 1447 490 putrescat
1467 456 1593 482 universa
1612 455 1761 491 plantatio,
1776 461 1803 483 et

1008 501 1115 530 fructus
1142 501 1244 536 pariter
1264 508 1326 528 cum
1356 500 1494 528 radicibus
1521 506 1638 529 arescat.
1665 501 1803 529 Plantatio

1007 547 1107 582 quippe
1130 545 1282 574 Jerusalem
1307 554 1362 573 non
1387 551 1476 581 potest
1494 547 1520 573 in
1547 546 1600 574 alia
1629 551 1702 574 terra
1732 547 1803 574 ferre

1007 593 1125 626 fructus,
1139 601 1194 620 non
1208 592 1274 620 facit
1289 592 1415 627 palmites
1439 593 1466 620 in
1493 592 1594 620 ﬁnibus
1620 593 1730 625 alienis,
1755 593 1802 621 sed

1009 639 1100 666 statim
1118 647 1179 665 cum
1195 639 1271 673 gleba
1285 645 1334 666 sua
1353 638 1473 665 siccatur
1494 639 1515 665 si
1533 646 1588 666 non
1609 647 1805 674 perseverave-

1008 687 1082 714 ritin
1097 686 1235 713 voluntate
1253 685 1310 716 Dei,
1328 688 1355 712 et
1378 684 1405 711 in
1427 684 1548 712 Ecclesia
1569 685 1639 720 ejus,
1665 685 1693 713 id
1714 692 1757 713 est
1777 687 1803 714 in

1009 733 1098 762 factis.
1118 736 1145 760 et
1159 732 1343 764 sermonibus,
1365 736 1392 758 et
1413 731 1525 758 scientia
1549 732 1676 759 veritatis
1700 732 1804 760 Christi

1009 779 1085 808 Jcsu:
1098 779 1142 807 cui
1154 784 1195 807 est
1211 779 1297 814 gloria
1319 783 1345 805 et
1367 778 1510 813 imperium
1527 778 1554 804 in
1571 777 1672 805 saecula
1689 778 1806 805 saculo-

1009 834 1082 854 rum.
1100 826 1198 853 Amen.

1296 879 1437 908 HOMILIA
1456 879 1514 907 XII.

1011 928 1047 954 De
1061 936 1090 954 eo
1104 927 1172 963 quod
1188 927 1316 961 scriptum
1337 931 1374 953 est
1386 926 1429 963 ’°_:
1451 935 1460 951 ‹
1476 924 1533 963 Ἐλίίί
1555 925 1684 963 hominis,
1702 925 1748 963 dic
1768 926 1806 963 ad

1044 960 1149 989 domum
1165 967 1383 997 exuperantiam;
1402 960 1517 988 Nescitis
1540 961 1603 991 quid
1628 961 1682 988 ista
1702 961 1807 996 signiﬁ-

1044 1003 1112 1024 cent.
1129 1007 1138 1023 )

1046 1054 1070 1080 1.
1084 1052 1121 1080 Ea
1135 1060 1196 1088 qua:
1208 1052 1264 1087 jam
1279 1059 1362 1087 supra
1377 1051 1524 1079 memoravi
1538 1051 1571 1078 de
1584 1051 1693 1078 duabus
1707 1052 1808 1086 aquilis

1010 1100 1130 1136 magnis,
1151 1105 1178 1127 et
1200 1106 1360 1134 magnarum
1378 1098 1500 1131 alarum,
1519 1102 1546 1124 et
1568 1105 1734 1132 magnorum
1756 1106 1808 1124 un-

1010 1147 1113 1181 guium,
1130 1153 1235 1173 necnon
1254 1153 1315 1180 qua:
1332 1144 1421 1180 prima
1443 1149 1471 1171 et
1492 1143 1611 1170 secunda
1632 1144 1726 1178 aquila
1749 1151 1808 1178 ges-

1010 1197 1114 1225 serunt,
1132 1199 1204 1219 nunc
1215 1191 1291 1226 quasi
1308 1191 1334 1217 in
1350 1189 1490 1225 prophetia
1505 1189 1605 1216 scilicet
1620 1189 1741 1223 ﬁgurata
1753 1190 1808 1216 vult

1009 1247 1042 1267 ex
1061 1243 1137 1274 parte
1151 1245 1242 1266 sermo
1261 1236 1369 1263 divinus
1390 1243 1536 1269 exponere,
1554 1235 1633 1261 nobis
1650 1235 1686 1262 ad
1704 1235 1806 1262 iuteili-

1015 1284 1131 1320 gendum
1155 1283 1312 1318 relinquens
1337 1290 1398 1316 qua:
1420 1282 1477 1316 ipse
1499 1281 1603 1308 dimisit
1628 1281 1746 1308 intacta.
1773 1282 1808 1308 Ac

1011 1332 1129 1366 primum
1157 1330 1266 1364 quidem
1296 1328 1359 1356 licet
1386 1336 1456 1363 saepe
1476 1327 1533 1362 jam
1557 1327 1692 1361 dixerint,
1717 1333 1808 1355 tamen

1010 1377 1092 1405 etiam
1123 1383 1196 1404 nunc
1223 1374 1326 1409 aliquid
1349 1382 1403 1401 non
1431 1381 1530 1400 novum
1559 1373 1660 1401 inferre
1686 1374 1809 1401 conabor

1010 1422 1083 1458 quod
1109 1425 1209 1449 nostrae
1230 1420 1327 1447 anima:
1353 1419 1455 1446 tribuat
1477 1418 1602 1450 salutem,
1625 1418 1652 1445 in
1678 1426 1712 1445 eo
1735 1419 1809 1453 quod

1011 1469 1114 1497 dictum
1128 1473 1170 1495 est
1182 1468 1214 1494 ad
1232 1466 1390 1501 prophetam
1401 1466 1422 1481 ⁹⁷
1437 1474 1444 1492 :
1460 1464 1508 1491 Dic
1523 1465 1557 1492 ad
1576 1468 1688 1492 domum
1704 1467 1808 1492 amaris

1012 1518 1131 1546 cantem,
1150 1513 1207 1540 sive
1229 1511 1440 1539 exacerbantem.
1463 1509 1522 1537 Non
1545 1510 1616 1537 enim
1644 1509 1750 1537 addidit
1776 1511 1808 1537 ad

1013 1561 1125 1588 domum
1143 1558 1362 1590 exacerbantem,
1375 1557 1431 1585 sive
1445 1561 1651 1591 exasperautem
1667 1565 1722 1585 me.
1739 1557 1772 1584 Et
1787 1557 1810 1584 si

1015 1605 1140 1632 volumus
1151 1603 1242 1631 videre
1253 1602 1407 1637 cujusmodi
1422 1602 1457 1629 sit
1470 1606 1609 1636 peccatum
1623 1602 1808 1636 exasperatio,

1017 1651 1161 1678 audiamus
1177 1657 1258 1684 quam
1276 1648 1365 1675 dulcia
1381 1647 1404 1675 ei
1425 1647 1472 1682 qui
1488 1647 1612 1682 intelligit
1633 1648 1745 1682 eloquia
1762 1647 1808 1674 Dei

1014 1701 1089 1728 sunt.
1109 1695 1209 1724 dicenti
1223 1695 1246 1711 "
1266 1703 1272 1721 :
1293 1694 1378 1726 Quam
1393 1692 1484 1719 dulcia
1500 1693 1601 1728 gutturi
1621 1701 1680 1720 meo
1703 1694 1808 1729 eloquia

1016 1748 1074 1770 tua.
1092 1741 1154 1769 llaec
1175 1741 1333 1768 naturaliter
1347 1739 1435 1767 dulcia
1449 1746 1511 1766 cum
1527 1740 1730 1773 assumpseriut
1749 1747 1808 1766 cre-

1014 1789 1120 1819 dentes,
1142 1793 1189 1814 ant
1211 1787 1279 1814 bene
1299 1786 1409 1818 vivunt,
1428 1789 1475 1812 aut
1496 1792 1558 1812 vere
1575 1786 1747 1812 contrarium
1770 1785 1808 1812 fa-

1015 1835 1101 1862 ciunt.
1117 1833 1150 1860 Et
1169 1833 1191 1861 si
1209 1833 1317 1868 quidem
1335 1832 1410 1868 juxta
1428 1831 1547 1858 divinam
1571 1831 1696 1866 regulam
1718 1833 1808 1866 ingre-

1014 1881 1135 1913 diuntur,
1159 1883 1299 1908 reservant
1321 1878 1429 1913 eloquia
1449 1877 1495 1905 Dei
1517 1878 1544 1905 in
1567 1885 1600 1905 eo
1618 1878 1732 1905 duit-ore
1754 1886 1808 1913 quo

1015 1931 1077 1953 nata
1091 1930 1163 1953 sunt.
1177 1924 1258 1952 Juxta
1275 1925 1326 1951 mei
1341 1928 1431 1950 autem
1444 1923 1528 1950 animi
1542 1927 1647 1949 motum
1664 1929 1730 1957 puto
1745 1924 1807 1956 quia

1015 1971 1229 2000 conversationis
1250 1971 1370 1998 bonitate
1385 1973 1412 1996 et
1430 1973 1547 2004 augeant
1567 1969 1741 2003 eloquiorum
1761 1969 1807 1996 Dei

1015 2019 1176 2045 suavitatem
1195 2016 1339 2044 miscentes
1353 2014 1524 2042 dulcedinem
1546 2014 1606 2041 vitae
1624 2015 1731 2042 dulcori
1750 2022 1808 2042 ser-

1016 2063 1115 2090 monis.
1133 2062 1179 2089 Sin
1196 2070 1258 2089 vero
1272 2061 1334 2096 quis
1348 2064 1451 2096 peccet,
1471 2064 1498 2087 et
1515 2064 1590 2086 extra
1607 2066 1743 2094 praecepta
1761 2060 1807 2088 Dei

1017 2116 1163 2144 perversus
1175 2107 1294 2138 incedat,
1312 2107 1363 2133 iste
1377 2105 1512 2140 accipiens
1526 2105 1686 2132 dulcissima
1701 2106 1807 2140 eloquia

1019 2154 1075 2186 Dei,
1091 2161 1137 2188 per
1148 2157 1272 2180 naturam
1286 2151 1451 2178 amarissimi
1465 2151 1569 2185 peccati
1580 2151 1719 2185 (amarum
1733 2151 1809 2185 quip-

175 2194 287 2230 poribus
304 2195 415 2225 nostris,
443 2198 472 2220 ut
500 2194 533 2221 de
560 2196 675 2222 summis
698 2196 783 2227 cedri,
807 2196 833 2223 id
860 2200 902 2224 est
932 2197 964 2224 de
981 2208 1002 2234 ι)
1020 2207 1051 2234 pe
1064 2203 1204 2234 peccatutn
1221 2201 1263 2224 est
1280 2196 1352 2232 quod
1372 2196 1542 2223 dulcedinem
1564 2199 1702 2223 sermonis
1717 2201 1807 2224 exter-

174 2239 354 2274 principibus,
369 2243 396 2267 et
413 2239 446 2267 de
469 2240 543 2275 regio
559 2241 662 2269 semine
674 2242 700 2268 in
721 2242 851 2269 Chanaan
875 2247 964 2270 trans-

176 2286 254 2314 terat.
278 2285 394 2314 Oremus
415 2295 449 2314 ne
471 2287 517 2314 ﬁat
542 2288 614 2321 quod
628 2295 698 2323 stepe
717 2287 818 2316 factum
838 2293 889 2316 est.
912 2289 964 2316 As-

177 2332 277 2367 sumpti
294 2332 367 2360 enim
384 2336 448 2360 sunt
462 2333 584 2367 quidam,
601 2338 628 2360 et
645 2334 671 2360 in
686 2333 849 2370 Babylonem
872 2339 963 2362 trans—

176 2379 234 2412 lati,
255 2379 302 2413 qui
329 2378 356 2405 in
378 2378 497 2406 Ecclesia
513 2380 649 2415 principes
664 2379 783 2413 luerunt,
805 2384 832 2407 et
854 2386 964 2415 propter

175 2427 317 2458 peccatum
332 2431 412 2451 suum
428 2424 461 2451 de
473 2424 569 2451 Libani
583 2426 738 2452 summitate
753 2426 862 2453 sublati.
878 2426 965 2460 Super

177 2470 220 2497 his
240 2470 384 2498 dicendum
405 2475 457 2505 est,
481 2473 545 2507 quia
570 2473 660 2506 aquila
683 2481 779 2508 magna
803 2480 964 2507 magnorum

177 2517 320 2552 unguium,
336 2518 436 2552 plumis
448 2522 560 2546 extensa
575 2520 709 2553 acceperit
727 2519 760 2546 de
775 2519 964 2546 cacuminibus

177 2563 261 2596 cedri,
277 2569 301 2591 et
317 2564 448 2590 deraserit
463 2572 510 2592 eos
524 2565 558 2591 de
577 2564 690 2596 Libano,
709 2565 733 2591 id
749 2569 789 2591 est
808 2564 841 2591 de
853 2563 961 2592 Jerusa-

178 2608 240 2640 lem,
256 2614 283 2636 et
302 2610 463 2644 plantaverit
488 2611 514 2638 in
539 2615 610 2637 tetra
633 2611 773 2638 Chanaan.
793 2610 852 2638 Non
876 2609 964 2637 solum

178 2660 268 2682 autem
283 2657 374 2690 aquila
393 2657 444 2684 ista
459 2665 567 2684 summa
580 2657 664 2689 cedri,
690 2657 715 2684 id
739 2662 780 2684 est
799 2657 832 2684 de
848 2657 965 2691 optima-

177 2706 236 2730 tum
250 2710 347 2737 genere
361 2703 411 2731 sibi
426 2704 556 2736 vindicat,
570 2703 617 2731 sed
635 2708 661 2730 et
680 2708 758 2730 terrae
771 2711 864 2730 semen
882 2704 965 2738 rapit,

179 2753 205 2776 et
225 2750 353 2777 transfert
377 2750 404 2777 in
429 2756 528 2778 terram
545 2750 673 2778 Chanaan
687 2770 694 2782 ,
718 2750 827 2785 quando
849 2750 911 2785 quis
931 2750 964 2778 dc

828 2846 850 2861 ⁹⁷
868 2844 933 2872 ibid.

216 2832 238 2848 ’³
250 2844 347 2872 Ezech.
364 2852 432 2878 xvu,
447 2845 472 2872 ‘7.
510 2846 533 2860 "
550 2845 647 2872 Ezech.
665 2853 730 2879 xvii,
746 2845 787 2873 1'2.

1021 2245 1127 2280 minat),
1146 2245 1173 2271 in
1192 2251 1315 2270 amarum
1336 2249 1458 2277 saporem
1476 2249 1583 2268 omnem
1605 2242 1705 2278 redigit
1720 2243 1809 2270 suavi-

1019 2296 1111 2318 tatem.
1132 2289 1209 2322 Quod
1229 2289 1357 2320 dicimus,
1375 2289 1482 2323 plenius
1509 2288 1721 2322 animadvertes,
1738 2289 1810 2316 acci-

1019 2338 1095 2373 pietis
1106 2336 1269 2371 exemplum.
1283 2334 1371 2362 llerba
1382 2342 1442 2369 quas
1457 2334 1623 2361 absinthium
1637 2335 1808 2367 nominatur,

1019 2383 1180 2410 naturaliter
1193 2388 1284 2408 amara
1303 2385 1345 2408 est
1363 2389 1370 2407 :
1389 2380 1459 2407 hanc
1477 2379 1500 2406 si
1520 2379 1671 2407 secundum
1694 2381 1809 2415 qualita-

1018 2434 1071 2457 tem
1089 2434 1116 2456 et
1130 2428 1306 2463 quantitatem
1324 2426 1412 2453 mellis
1429 2426 1454 2452 iu
1473 2425 1525 2452 mel
1539 2425 1657 2460 injicias,
1677 2427 1810 2453 amaritu—

1018 2476 1081 2502 dine
1101 2482 1148 2501 sua
1171 2473 1253 2500 vincit
1275 2473 1334 2507 ejus
1357 2471 1529 2504 suavitatem,
1547 2476 1573 2497 rt
1592 2471 1665 2507 cogit
1684 2480 1807 2499 amarum

1018 2529 1078 2549 esse
1092 2521 1164 2555 quod
1175 2519 1254 2546 dulce
1269 2523 1321 2545 est.
1337 2517 1425 2552 llujus
1438 2517 1527 2544 herbae
1541 2518 1595 2543 vim
1611 2517 1693 2545 habet
1713 2526 1808 2553 pecu.

1020 2572 1086 2594 tum.
1102 2566 1130 2592 Si
1152 2566 1228 2600 plura
1250 2571 1406 2599 peccavero.
1426 2564 1487 2597 plus
1511 2563 1706 2592 amaritudinis
1731 2565 1806 2591 mitto

1019 2613 1046 2640 in
1056 2611 1225 2639 dulcedinem
1241 2616 1396 2638 sermonum
1411 2608 1467 2636 Dei.
1484 2607 1511 2635 Si
1524 2609 1626 2644 grande
1643 2610 1806 2644 fueritquod

1018 2658 1155 2692 delinquo,
1172 2661 1258 2684 totum
1274 2655 1411 2682 dulcorcm
1430 2654 1518 2681 mellis
1534 2659 1609 2681 verto
1632 2655 1659 2682 in
1681 2656 1805 2683 acerbum

1019 2711 1153 2738 saporem.
1167 2702 1199 2730 Et
1221 2702 1321 2729 idcirco
1346 2700 1427 2733 Deus,
1453 2701 1499 2735 qui
1515 2708 1672 2728 sermonem
1694 2708 1772 2729 suum
1791 2708 1805 2727 a

1019 2749 1207 2785 peccatoribus
1223 2747 1411 2775 conculcatum
1426 2746 1578 2779 ulciscitur,
1595 2748 1744 2782 unicuique
1760 2754 1806 2781 pm

972 2844 995 2859 ’³
1009 2842 1080 2872 Psal.
1095 2849 1190 2875 (ιιι-ιιι,
1207 2841 1269 2868 103.
