1882 3052
85 148 138 176 753

775 145 916 175 HOMILIA
935 146 990 174 XII.

1666 147 1716 175 758

81 207 216 239 qualitate
237 207 383 236 amarioris
407 209 477 240 vitm,
501 211 529 234 et
545 214 594 242 pro
614 207 695 234 modo
718 207 875 234 intentionis
891 209 912 237 Α
926 206 1032 240 Josias,
1059 211 1104 234 aut
1129 212 1201 234 certe
1225 207 1380 242 quicunque
1400 207 1490 242 justus
1513 215 1558 234 rex
1577 213 1671 242 regnat
1689 207 1715 234 itt

83 254 296 281 amaritudinem
320 263 461 289 poenarum
479 254 729 289 suppliciorumque
745 253 872 280 restituit.

84 297 152 325 Etsi
170 299 280 334 quidem
296 308 345 327 nos
358 301 403 335 qui
424 301 480 328 ha-e
491 301 618 332 dicimus,
638 304 665 327 et
686 299 769 326 sentel
788 299 874 326 credi-

65 357 68 359 λ
82 344 175 372 ditntts
189 345 255 378 Deo,
270 345 484 380 pecc:tveritnus,
507 353 668 380 exasperare
689 345 802 372 nitimur
819 353 874 372 ser-

82 395 192 416 monem
209 389 268 424 ejus
284 399 291 417 :
308 390 354 424 qui
372 398 435 417 vero
453 391 560 425 penitus
578 398 592 417 a
609 390 660 417 lide
678 390 737 424 ejus
756 398 876 417 recesse-

82 438 159 465 runt,
174 442 264 470 neque
280 435 394 470 ingressi
412 435 648 468 sutttEcclesiaut,
664 435 690 462 hi
703 443 756 462 non
773 436 876 462 faciunt

81 486 178 506 amara
192 480 299 515 eloquia
314 480 371 507 Dei.
385 480 527 514 Quomodo
541 481 612 508 enim
627 485 745 515 possunt
755 481 876 508 suavita-

81 528 137 550 tem
152 531 314 559 exasperare
328 533 486 553 sermonum
501 526 600 560 quibus
618 528 738 553 nondum
757 526 878 554 credide-

82 570 170 596 runt?
191 569 307 604 Ideoque
331 571 410 598 nobis
438 572 490 598 alia
513 577 656 599 servantur
679 576 810 599 tormenta
831 572 877 607 qui

81 614 210 642 videmur
225 616 345 649 credere,
366 621 393 644 et
414 617 440 643 itt
462 617 520 652 ipsa
539 617 698 644 credulitate
721 625 877 652 peccamus,

81 661 118 687 ab
131 669 225 688 eorum
241 662 375 697 supplicio
391 663 438 697 qui
455 663 602 690 neinitium
612 663 720 698 quidem
733 664 879 690 credulita-

83 710 120 736 tis
137 709 302 737 ltabuerunt.
321 709 354 736 Et
372 717 406 736 ne
422 710 594 738 solummodo
619 716 745 746 putetnus
766 712 878 738 verbum

82 763 138 782 nos
152 763 316 790 exasperare
341 754 446 783 Domini
468 756 491 783 si
514 764 669 791 peccemus,
686 757 812 784 delictum
831 765 880 784 tto-

83 806 173 828 vtrum
190 809 276 836 ttsque
290 802 324 828 ad
339 801 425 835 ipsius
441 801 486 829 Dei
507 802 634 837 ittjuriatn
653 803 786 838 pervenit.
807 803 880 830 Scri-

83 851 161 881 p:um
176 851 218 873 est
235 846 306 873 enim
320 847 343 862 ⁹⁹
361 847 433 881 qttod
456 847 503 882 qui
525 852 629 882 peccat,
649 856 697 882 per
715 848 879 883 pra-varica-

928 254 1047 287 populo,
1072 261 1125 280 tton
1150 257 1238 288 potest
1260 253 1311 279 iste
1333 252 1586 280 Nabuchodonosor
1612 252 1717 280 vinctos

927 299 1060 325 abducere
1076 303 1121 325 aut
1142 299 1288 334 principes,
1309 303 1356 325 aut
1370 298 1498 333 populum
1518 298 1551 325 de
1569 296 1671 325 Juda‘a.
1688 297 1718 324 Si

925 351 1015 371 autem
1032 353 1082 371 nos
1097 344 1153 379 (‘28)
1166 345 1211 378 qtti
1228 345 1351 372 videmur
1367 344 1492 372 Erclesire
1507 351 1634 379 przeesse,
1654 351 1715 378 pce-

926 390 1079 417 carerimns
1103 391 1191 417 locum
1216 390 1311 417 dantes
1342 390 1449 417 diabolo
1474 390 1617 417 adversum
1643 389 1718 416 Pauli

928 440 1089 470 praeceptum
1109 435 1227 463 dicentis
1243 436 1253 451 '
1271 445 1277 462 :
1295 435 1385 462 Nolite
1401 435 1486 462 locum
1506 435 1570 461 dare
1592 434 1717 465 diabolo;

927 482 1131 516 quodammodo
1147 490 1194 516 per
1208 482 1306 510 delicta
1321 487 1412 508 nostra
1426 490 1486 516 qua:
1502 481 1616 509 fecimus
1632 481 1659 508 itt
1674 479 1718 507 Je-

929 528 1057 559 rusalem,
1074 528 1246 556 oecasioncm
1264 527 1410 554 tribuimus
1424 527 1674 554 Nabuchodonosor
1689 529 1719 553 ut

928 574 1095 608 ingrediatur
1117 574 1255 601 civitatem
1281 579 1421 606 sanctam,
1447 579 1473 600 ct
1499 573 1616 601 abducat
1635 581 1718 605 quos-

928 627 1035 654 cunque
1056 620 1181 647 voluet'it.
1215 619 1267 652 Qui
1294 627 1357 647 vero
1383 627 1435 646 non
1462 623 1574 654 peccat,
1601 618 1718 645 excludit

929 665 1192 697 Nabuchodonosor,
1212 670 1241 692 ut
1256 673 1308 692 ttott
1326 665 1409 699 possit
1434 665 1460 691 itt
1485 670 1584 690 terram
1609 662 1654 689 Dei
1682 663 1718 689 in<

930 711 1015 746 gredi.
1036 711 1106 746 Ergo
1124 711 1252 738 omnibus
1266 711 1368 738 viribus
1384 711 1560 737 excludantus
1577 708 1718 736 Nabucho-

930 757 1061 790 donosor,
1080 763 1109 784 ιιι
1134 757 1166 784 ad
1191 757 1298 784 beatum
1319 757 1398 783 istius
1414 755 1540 783 Ecclesiae
1555 759 1718 783 conventum

931 811 984 831 non
1006 803 1214 838 appropinquct.
1240 801 1424 829 Excludantus
1443 806 1532 828 autent
1558 809 1620 828 eum
1641 808 1720 828 assu-

931 853 1035 876 mentes
1053 849 1155 876 clavem
1176 848 1315 880 scientiae;
1337 847 1513 874 cxcludamus
1530 854 1591 874 eum
1606 854 1719 873 convcr-

84 892 188 919 tionem
205 892 270 927 legis
291 892 374 920 Deum
391 893 545 920 ittltottorat.
561 893 660 920 Parum
679 899 737 921 erat
752 894 775 921 si
794 894 878 922 dixis-
895 895 914 922 Β
930 895 1036 922 satione
1052 898 1079 922 ct
1094 894 1172 922 factis
1194 895 1284 925 hortis,
1303 898 1331 920 ιιι
1353 902 1406 920 ttott
1432 893 1520 927 rapiat
1540 900 1628 925 regem
1642 890 1720 918 Jeru-

83 943 137 971 sct,
151 938 297 965 inhonorat
316 939 458 973 augt-lunt;
476 948 547 966 ttuue
560 944 662 971 autem,
680 948 728 975 per
749 941 877 975 praevari-

82 985 232 1018 cationem,
246 985 344 1020 inquit,
357 987 423 1022 legis
436 987 518 1013 Deum
532 986 685 1014 inhonorat.
700 987 878 1021 Quotiescun-

80 1039 137 1066 que
160 1031 371 1065 prazvaricatnur
396 1033 480 1067 legent
505 1032 563 1066 Dci,
585 1034 665 1061 toties
682 1034 877 1062 inhottoratnus

81 1076 186 1109 Deum;
203 1081 229 1103 et
240 1081 345 1111 quanto
359 1078 463 1112 majora
482 1078 680 1113 delinquimus,
700 1083 776 1106 tanto
792 1080 877 1114 majo-

81 1123 161 1150 ribus
187 1124 360 1151 contumeliis
387 1124 529 1152 allieintus-
547 1125 648 1156 Deunt;
674 1130 777 1160 quanto
801 1126 877 1161 plura

82 1176 241 1202 peccamus,
258 1174 332 1196 tanto
351 1169 411 1203 plus
429 1170 625 1197 inltonorantus
641 1170 748 1198 Patrem
761 1175 787 1198 et
798 1171 877 1198 Chri-

83 1219 158 1240 stntu
172 1213 242 1249 ejus,
258 1214 329 1242 sicut
343 1215 473 1249 scriptum
497 1216 558 1242 cst‘
574 1225 581 1243 :
599 1216 703 1248 Quanto
724 1217 807 1252 magis
829 1225 877 1251 pu-

83 1259 152 1286 tatis
167 1260 298 1287 deteriora
315 1261 407 1286 mereri
423 1261 551 1295 supplicia
567 1262 611 1297 qui
626 1261 728 1288 Filium
749 1262 796 1289 Dei
815 1271 878 1289 con-

81 1305 239 1338 culcaverit,
263 1311 286 1333 et
304 1306 458 1341 sanguinem
477 1309 623 1334 testamenti
642 1308 772 1342 pollutum
794 1308 876 1335 duxe-

83 1352 130 1383 rit,
144 1352 171 1378 in
188 1361 239 1387 quo
254 1353 436 1386 sancti/iratus
450 1358 498 1386 est,
512 1359 535 1380 et
549 1355 655 1388 spiritui
670 1355 763 1390 graliw
782 1360 876 1382 contu-

82 1397 192 1425 meliam
209 1398 320 1432 fecerit?
335 1398 418 1433 Igitur
431 1399 586 1434 quicunque
603 1404 704 1434 peccat,
723 1407 875 1435 exasperat,

82 1449 112 1471 et
131 1444 325 1471 contumeliam
345 1444 418 1478 facit,
433 1450 459 1471 et
477 1445 624 1472 itthonorat
637 1450 690 1472 tam
706 1445 751 1472 Dci
769 1446 877 1481 eloquia

83 1498 148 1525 quae
163 1490 293 1525 suscepit,
309 1499 390 1525 quatit
407 1499 469 1518 cutn
485 1491 530 1525 qui
549 1491 652 1518 docuit.

121 1535 150 1563 9.
167 1536 215 1562 Dic
224 1544 291 1562 nunc
304 1535 338 1562 ad
350 1536 453 1562 domum
463 1542 661 1571 exusperantetn
671 1545 679 1563 .'
690 1536 803 1564 Nescitis
814 1539 877 1574 quid

929 941 1024 973 salem,
1048 946 1075 968 et
1101 940 1236 975 principes
1252 940 1327 974 ejus,
1355 943 1384 967 ut
1406 947 1460 966 non
1482 939 1598 965 abducat
1622 945 1669 964 eos
1693 937 1718 963 itt

929 986 1091 1022 Babyloaent
1117 985 1282 1020 captivitatis
1315 992 1373 1012 sua:
1399 984 1578 1018 triumphum.
1606 983 1633 1009 Si
1657 991 1720 1009 vero

928 1032 1048 1067 aliquem
1067 1040 1100 1058 ex
1121 1032 1201 1059 nobis
1219 1031 1326 1058 vincere
1342 1031 1461 1066 potuerit
1476 1038 1564 1058 satvus
1581 1029 1719 1060 inimicus,

928 1079 1003 1106 ducit
1024 1086 1084 1105 eum
1104 1078 1130 1104 itt
1151 1077 1332 1113 Babylonem,
1361 1085 1414 1104 non
1441 1077 1468 1104 itt
1490 1077 1578 1104 locum
1600 1075 1719 1111 amplum

928 1123 1043 1158 alicujus
1067 1127 1163 1155 tcrrze,
1182 1123 1229 1150 sed
1255 1123 1281 1149 in
1309 1121 1472 1157 Babylonem
1498 1122 1605 1151 anintze,
1632 1122 1657 1147 id
1679 1127 1721 1148 est

928 1169 1115 1196 confusionem
1137 1167 1204 1202 ('20).
1230 1167 1397 1201 Frequenter
1423 1166 1542 1193 diximus
1556 1166 1719 1201 Babylonem

928 1214 1106 1249 confusionem
1136 1213 1318 1247 interpretari.
1345 1212 1507 1247 Quicunque
1530 1212 1602 1239 ettittt
1626 1212 1660 1239 ab
1687 1219 1720 1238 eo

928 1259 1015 1286 victus
1049 1258 1194 1285 abducitur
1226 1257 1253 1283 itt
1287 1256 1476 1283 confusionem
1511 1256 1610 1283 mentis
1643 1262 1719 1287 sum.

927 1304 1088 1332 transfertur
1101 1304 1128 1331 itt
1144 1304 1317 1339 Babylonem.
1335 1302 1523 1336 Respiciamus
1538 1302 1569 1329 :td
1585 1301 1720 1336 quotidia-

927 1359 990 1379 nam
1007 1351 1101 1377 vitam.
1123 1349 1152 1377 Si
1165 1349 1274 1384 quando
1289 1348 1438 1375 viderimus
1455 1348 1574 1374 animam
1589 1355 1605 1374 a
1621 1354 1719 1382 pecca-

928 1396 973 1429 tis,
987 1404 1001 1423 a
1017 1396 1100 1428 vitiis,
1118 1403 1133 1422 a
1146 1394 1266 1427 tristitia,
1283 1394 1317 1421 ab
1338 1393 1388 1427 ira,
1408 1401 1422 1420 a
1435 1393 1587 1425 desideriis,
1605 1393 1639 1419 ab
1654 1400 1721 1419 ava-

927 1442 990 1469 ritia
1015 1440 1156 1474 confundi,
1175 1441 1295 1467 sciamus
1320 1439 1399 1466 istam
1417 1447 1478 1466 esse
1496 1446 1578 1473 quam
1596 1438 1720 1465 diabolus

929 1489 1044 1516 abducat
1070 1488 1097 1515 in
1116 1487 1290 1522 Babylonem.
1317 1485 1346 1512 Si
1375 1492 1438 1512 vero
1462 1484 1604 1519 principali
1629 1484 1719 1511 cordis

930 1535 1123 1570 tranquillitas.
1140 1533 1283 1565 serenitas,
1309 1540 1360 1566 pax
1386 1532 1503 1558 fructum
1521 1530 1625 1563 fecerit,
1651 1531 1721 1557 scia-

87 1582 146 1608 siut
162 1582 242 1614 ista',
259 1582 283 1609 id
299 1586 341 1609 est
352 1590 412 1616 qua:
427 1583 452 1609 in
468 1583 595 1618 parabole
608 1583 679 1610 dicta
697 1570 878 1619 suntaquila-
892 1570 913 1598 ο
931 1588 992 1607 mus
1015 1580 1078 1614 quia
1100 1579 1250 1606 Jerusalem
1275 1581 1397 1605 versetur
1421 1577 1447 1603 itt
1465 1585 1513 1610 ea;
1538 1577 1606 1604 visio
1623 1577 1721 1611 quippe

83 1636 160 1655 runt.
176 1627 244 1655 Dic:
257 1627 322 1656 Cum
339 1629 437 1655 venerit
452 1637 496 1655 rex
511 1629 655 1664 Babylonis
671 1631 705 1656 ad
718 1630 878 1662 Jerusalem,

83 1682 110 1704 et
124 1678 254 1711 acceperit
272 1686 355 1712 regem
369 1678 436 1712 ejus,
455 1682 479 1704 et
496 1678 624 1712 principes
636 1678 692 1712 ejus
707 1678 726 1705 '.
742 1678 878 1712 Quantum

83 1723 120 1750 ad
144 1723 286 1750 historiam
309 1724 425 1758 pertinet
445 1723 642 1758 propltetantis,
658 1725 810 1759 expositum
826 1729 878 1756 est.

85 1768 162 1802 quod
190 1767 444 1796 Nabuchodonosor
474 1770 578 1797 venerit
605 1769 632 1796 itt
660 1769 879 1805 Jerosolymant,

88 1813 176 1849 399
190 1819 218 1841 et
231 1815 352 1849 captivos
364 1816 472 1843 duxerit
487 1816 646 1844 Sedechiam
664 1824 754 1851 regem
770 1815 879 1848 Judaei»,

85 1863 116 1887 et
139 1859 276 1895 principes
294 1861 338 1895 qui
357 1866 434 1888 erant
456 1869 517 1889 cum
539 1870 582 1895 eo,
608 1867 767 1897 partemque
790 1862 880 1896 populi

85 1904 246 1933 Iudaeorum
265 1914 272 1933 :
289 1914 392 1934 necnon
410 1908 490 1934 etiam
508 1907 572 1935 illud
588 1907 728 1941 addemus,
743 1908 880 1943 quomodo

88 1951 252 1986 plaulaverit
266 1959 313 1979 eos
326 1952 352 1978 itt
373 1957 444 1979 terra
459 1952 612 1988 Babylonis.
636 1953 688 1980 Sed
707 1961 760 1980 non
777 1958 881 1981 stemus

87 1997 117 2024 itt
134 1997 235 2028 littera,
254 2005 301 2024 nec
316 1998 466 2025 Ita-reantus
483 1999 509 2025 itt
531 1999 661 2031 historia,
682 1999 768 2034 magis
790 2003 880 2025 autem

87 2048 118 2070 tu
136 2043 183 2077 qui
202 2043 228 2070 itt
247 2042 396 2077 Scripturis
412 2043 457 2070 Dei
474 2043 624 2079 profectum
643 2044 737 2075 habes,
762 2049 788 2071 et
810 2043 880 2071 ttostl

87 2089 155 2123 quia
170 2089 222 2114 ista
237 2089 324 2114 omnia
334 2088 483 2123 ﬁguraliter
494 2090 678 2125 contingebant
697 2089 762 2121 illis,
781 2091 881 2124 scripta

87 2139 152 2160 sunt
173 2138 260 2160 autem
278 2143 324 2168 pro
342 2134 426 2166 nobis,
443 2135 470 2161 in
492 2143 556 2170 quos
579 2135 643 2169 ﬁnes
663 2134 819 2162 swculorum
834 2135 881 2161 de-

87 2184 230 2207 currerunt
256 2179 276 2206 ‘.
309 2179 394 2207 Instat
426 2188 488 2208 ecce
521 2188 601 2208 verus
630 2180 882 2210 Nabuchodonosor

88 2233 218 2261 quaerens
232 2225 338 2259 aliqttos
352 2233 448 2260 capere
461 2226 495 2252 de
515 2225 602 2253 ttobis.
631 2225 663 2253 Et
683 2225 799 2260 pritnunt
821 2226 882 2260 qui—
898 2237 920 2265 ι)

87 2272 153 2298 dem
170 2271 255 2305 cupit,
281 2272 303 2297 si
322 2270 378 2297 ﬁeri
397 2276 501 2306 potest,
523 2272 556 2298 de
572 2271 739 2306 principibus
754 2271 880 2299 Ecclesia:

89 2317 216 2351 captivos
240 2315 290 2342 sibi
322 2315 422 2344 ducere
442 2324 559 2344 :verum
583 2316 703 2351 quandiu
730 2316 880 2351 Ezechias,

127 2376 150 2391 ’9
169 2374 249 2401 Rom.
265 2382 296 2407 tt,
310 2375 355 2401 23.
394 2375 402 2390 ¹
416 2374 497 2403 llebr.
510 2384 536 2409 κ,
547 2375 593 2403 29.

92 2418 163 2443 xvtt,
186 2410 229 2442 12,
246 2409 288 2437 15.
326 2410 335 2425 ⁷
357 2410 365 2436 1
383 2408 454 2437 Petr.
472 2418 502 2444 tt,
518 2411 546 2438 9.

132 2467 192 2502 (28)
210 2466 240 2494 Si
255 2472 342 2494 autent
366 2475 424 2500 nos,
451 2473 504 2494 etc.
533 2467 641 2502 Catenae
661 2474 726 2494 mss.
749 2468 818 2494 ιΔιὰ
833 2467 882 2499 τὰς

92 2501 232 2543 ἁμάρτίᾳς
255 2502 409 2543 κυριεύἱῖαί
433 2501 550 2543 τξςήὐηὸ
566 2501 774 2543 ροῦητιξονητρῦ,
797 2502 883 2543 ᾷέὸςοὺς

91 2536 170 2572 αὖτῷ
183 2537 264 2563 ώπον
285 2536 432 2572 μεταβῆναι
448 2537 491 2563 ἐπ’
509 2536 602 2572 αὐτόνΞ
617 2537 672 2572 Καὶ
689 2536 766 2564 casm
780 2537 857 2572 eloti);
870 2537 884 2563 ὁ

93 2571 202 2603 Παῦλος
214 2571 300 2605 ἔλεγε·
315 2571 364 2605 Μὴ
378 2571 445 2599 δότε
461 2572 555 2598 τόπον
567 2571 607 2603 τῷ
620 2571 755 2603 διαϐόλῳ.
772 2571 884 2606 Propter

92 2612 203 2643 peccato
220 2608 358 2643 contingit,
376 2612 404 2633 nt
420 2607 478 2642 quis
495 2606 604 2643 maligni
621 2606 885 2643 dotttittotiotii_attb-

93 2645 186 2671 datur,
206 2643 272 2667 dans
288 2643 311 2668 ei
326 2642 423 2673 locum,
446 2647 473 2668 ut
498 2641 532 2667 ad
554 2642 638 2674 ipsum
655 2647 782 2668 transeat.
801 2641 884 2675 quue

93 2678 180 2704 sciens
206 2676 308 2703 Paulus
338 2676 461 2703 dicebat:
485 2685 494 2701 t
515 2675 604 2702 Nolite
629 2676 714 2703 locant
736 2677 800 2704 dare
823 2677 884 2703 (lia-

93 2712 163 2740 bolo.
185 2721 195 2737 ›

128 2748 188 2780 (9.9)
210 2746 242 2773 Id
255 2750 304 2777 est,
322 2745 513 2779 confusionem,
529 2750 581 2771 etc.
598 2745 705 2772 Calcnxe
723 2753 788 2772 mss.
804 2754 810 2772 :
830 2746 883 2772 Bat-

93 2781 184 2808 6υλὼν
205 2781 387 2816 ἑρμηνεύεται
411 2780 550 2816 σύγχυσις.
570 2780 696 2816 Βαβυλών
712 2781 789 2816 ἐστιν
806 2781 884 2815 ἡτῆς

94 2817 196 2848 κακίας
223 2814 292 2848 sane.
328 2815 474 2850 Συγχέεται
507 2815 562 2848 γὰρ
586 2814 653 2849 αὑτὴ
677 2815 750 2842 οὐδὲν
776 2814 885 2850 εἰρήνης

94 2852 204 2887 ἔχοντα,
225 2851 287 2878 οὐδὲ
302 2849 438 2885 opm/aia;
460 2849 579 2884 Babylon
600 2850 778 2883 confusionem
796 2855 884 2878 tonat.

631 2377 641 2392 ²
654 2375 751 2402 Ezech.
768 2384 834 2408 xvn,
855 2377 899 2404 12.

931 1627 1005 1661 pacis
1023 1625 1188 1652 intrinsecus
1203 1629 1252 1652 est.

966 1672 994 1700 3.
1017 1670 1049 1698 Et
1068 1671 1139 1698 ducit
1157 1679 1199 1698 eos
1216 1670 1250 1697 ad
1269 1678 1295 1696 re
1314 1670 1341 1696 in
1359 1669 1530 1704 Babylonem,
1552 1673 1576 1695 et
1595 1669 1675 1695 sumit
1689 1668 1721 1694 de

931 1725 1027 1744 sermne
1053 1717 1125 1752 regni
1144 1721 1168 1743 et
1193 1716 1309 1750 disponit
1336 1715 1370 1741 ad
1394 1716 1478 1750 ipsum
1500 1714 1718 1741 testamentum‘.

931 1762 1033 1790 Omnes
1052 1763 1097 1797 qui
1115 1762 1168 1796 (50)
1187 1769 1340 1789 sermonem
1358 1761 1404 1787 Dei
1420 1761 1598 1795 suscepimus,
1615 1760 1718 1794 regium

931 1816 1023 1836 Semen
1041 1814 1136 1835 sutnus
1155 1815 1161 1833 :
1179 1806 1282 1832 Etenim
1298 1814 1378 1840 genus
1399 1806 1510 1832 electum
1530 1814 1671 1837 vocantur,
1694 1811 1720 1831 et

932 1854 1017 1889 regale
1027 1853 1212 1883 sacerdotium,
1230 1859 1290 1885 gens
1307 1856 1399 1877 sancta
1411 1872 1418 1884 ,
1438 1851 1550 1886 populus
1567 1852 1720 1886 ucquiaitia-

931 1901 972 1928 nis
986 1900 1007 1926 ⁷.
1029 1898 1057 1925 Si
1082 1898 1144 1932 quis
1167 1906 1231 1932 ergo
1254 1904 1286 1923 cx
1307 1896 1385 1923 nobis
1399 1896 1445 1931 qtti
1466 1896 1492 1923 in
1507 1896 1603 1923 ordine
1621 1896 1720 1930 regalis

932 1945 1044 1974 seminis
1066 1943 1206 1972 constituti
1228 1951 1333 1975 sumus,
1358 1950 1404 1977 per
1421 1946 1560 1976 peccatum
1577 1949 1656 1968 sttutn
1675 1949 1720 1967 ea-

932 1992 1022 2027 ptivus
1045 1990 1189 2018 abducitur
1204 1997 1218 2016 a
1233 1989 1352 2021 diabolo,
1378 1988 1447 2015 haud
1469 1987 1581 2014 dubium
1599 1991 1641 2014 est
1654 1987 1719 2020 quin

931 2039 964 2065 de
981 2038 1054 2072 regio
1069 2043 1165 2072 genere
1190 2035 1225 2062 sit
1247 2035 1380 2062 abductus
1397 2034 1424 2061 itt
1439 2033 1613 2069 Babylonem,
1630 2037 1657 2060 et
1678 2031 1719 2059 fa-

932 2085 986 2113 ciat
1000 2088 1191 2111 testamentum
1212 2090 1274 2109 cuttt
1297 2081 1557 2111 Nabuchodmtosor,
1579 2079 1642 2114 quia
1662 2079 1719 2113 jatn

933 2133 1123 2158 testamentum
1141 2128 1187 2154 Dei
1204 2127 1344 2162 spreverit.
1371 2126 1540 2161 [inpossibile
1559 2125 1658 2160 quippe
1679 2129 1721 2151 est

933 2176 1072 2203 hominem
1095 2174 1154 2202 sine
1179 2177 1340 2201 testamento
1361 2180 1432 2200 esse.
1454 2172 1482 2198 Si
1509 2171 1592 2198 habes
1610 2170 1666 2205 (5i)
1682 2174 1720 2196 te-

933 2225 1097 2249 stamentum
1112 2219 1159 2246 Dei
1175 2219 1201 2246 itt
1225 2223 1260 2250 te,
1286 2226 1339 2245 non
1361 2221 1449 2252 potest
1471 2220 1664 2244 testamentum
1682 2219 1721 2242 tc-

933 2275 996 2296 cum
1013 2267 1102 2294 facere
1117 2265 1379 2293 Nabuchodonosor.
1402 2263 1487 2290 Porro
1501 2263 1524 2289 si
1540 2260 1661 2296 repulisti
1683 2265 1722 2287 to-

935 2317 1098 2343 stamentum
1114 2311 1161 2339 Dei
1187 2319 1233 2346 per
1257 2309 1504 2345 praevaricationem
1531 2307 1720 2334 mandatorum

937 2374 1026 2403 'ibid.
1066 2371 1098 2399 ⁸1
1111 2372 1175 2399 Cor.
1194 2379 1221 2402 ι,
1236 2370 1279 2398 lt.
1318 2369 1328 2385 ⁵
1345 2369 1444 2403 Epltes.
1462 2375 1499 2399 tv,
1511 2367 1556 2393 27.
1596 2366 1605 2381 ⁸
1621 2365 1720 2392 Ezecb.

1318 2369 1328 2385 ⁵
1345 2369 1444 2403 Ephes.
1462 2375 1499 2399 tv,
1511 2367 1556 2393 27.

933 2467 982 2494 Est
1003 2470 1090 2492 autent
1119 2462 1239 2497 Babylon
1262 2461 1368 2487 habitus
1393 2459 1514 2497 molitae,
1541 2458 1721 2497 confunditur

931 2493 1000 2528 enim
1016 2500 1071 2530 illc.
1088 2498 1151 2525 dttm
1166 2493 1232 2524 tiiltil
1246 2499 1318 2531 pacis
1334 2500 1380 2521 aut
1392 2493 1637 2531 concordialiltaltet.

969 2536 1025 2571 (370)
1048 2528 1143 2571 Omnes
1157 2533 1211 2571 qui,
1229 2528 1281 2571 etc:
1301 2531 1412 2571 galeam
1429 2537 1519 2571 ψεδῇ
1538 2528 1660 2571 Σπέρμᾳὶ
1672 2528 1721 2567 βξ-

933 2564 1035 2601 σιῖείσίς
1055 2570 1124 2595 εἰσὶν
1144 2568 1168 2594 oi
1191 2565 1408 2602 παραδεξάμενοι
1425 2565 1468 2602 τὸν
1484 2564 1561 2602 λόχον
1580 2564 1627 2589 τοῦ
1641 2564 1720 2602 Deo-3,

926 2604 986 2637 ὀἷος
1004 2598 1141 2639 ὁᾏανιὴλ,
1169 2603 1216 2639 ttat
1232 2598 1260 2628 ὀἱ
1277 2598 1350 2636 τρεῖς
1376 2600 1478 2632 παῖδες.
1506 2599 1598 2639 δᾳηιςῃ
1622 2598 1722 2639 νξᾳίιψξ

933 2632 1004 2673 sinit,
1019 2639 1062 2675 qui
1088 2632 1249 2675 Di'i'oerbum
1262 2632 1442 2670 susceperunt,
1459 2635 1545 2669 qualis
1560 2634 1610 2669 fuit
1628 2632 1722 2659 Daniel

933 2681 957 2703 et
976 2673 1029 2702 tres
1039 2682 1097 2708 puer
1105 2673 1123 2700 i.

974 2703 1080 2744 (5l)'Si
1103 2707 1191 2744 habet,
1216 2711 1269 2744 etc,
1291 2706 1398 2744 Catettze
1419 2713 1512 2744 ntss._:
1534 2705 1573 2744 :0_
1588 2703 1656 2744 Exutv
1677 2704 1726 2744 ξῆν

938 2739 1069 2779 ambitu-qv
1084 2742 1150 2779 apo;
1167 2742 1212 2779 rint
1226 2741 1308 2779 Θξᾲνι
1317 2741 1347 2766 οὑ
1365 2740 1476 2779 {tivam
1489 2739 1618 2779 διᾳρεξναι
1634 2740 1726 2779 διαρή-

939 2789 989 2815 κην
1005 2774 1072 2814 ἐτρδς
1083 2774 1128 2803 re";
1138 2776 1235 2815 ’νοητὸν
1249 2774 1492 2809 Ναϐουχοδονόσορ.
1516 2775 1567 2815 Qui
1588 2782 1661 2815 cum“
1675 2775 1725 2815 ltro

939 2808 1122 2841 testamentum
1134 2808 1221 2842 habet,
1236 2808 1418 2837 testamentum
1431 2808 1489 2835 cum
1501 2808 1617 2843 spiritali
1635 2809 1726 2836 Nabu-

940 2850 1114 2876 rltodouosorc
1131 2847 1265 2881 disponere
1285 2853 1334 2872 non
1351 2849 1445 2879 potest.
