1882 3052
176 145 227 173 ’155

784 140 947 168 ORIGENIS
967 139 999 167 IN
1019 139 1236 167 EZECHIELEM

1760 137 1807 164 756

174 200 255 234 eius.
291 197 435 233 suscepisti
471 201 664 225 testamentum
699 195 961 224 Nabuchodonosor.
978 197 1000 225 Α
1014 195 1098 222 duces
1115 198 1194 221 terrae
1215 195 1275 229 ejus
1299 194 1423 228 accipiet,
1447 199 1476 221 ut
1499 194 1565 222 ﬂant
1581 194 1607 222 in
1632 202 1746 229 regnum
1771 195 1809 223 in-

176 247 314 281 Scriptum
330 251 372 274 est
396 245 468 273 enim
487 245 497 260 '
515 255 522 273 :
540 245 662 280 Disponit
685 243 720 271 ad
745 251 804 270 eum
829 248 965 270 testamen-

176 300 232 320 tum
246 300 333 324 suum.
351 296 375 319 et
398 292 500 319 inducit
522 299 581 318 eum
601 292 627 317 in
648 289 869 317 maledictiouem.
894 289 965 316 Deus

175 337 202 364 in
222 336 410 364 benedictione
426 336 566 363 nobiscum
588 338 778 362 testamentum
801 333 866 361 facit
883 342 890 366 ;
908 332 964 359 Na—

172 383 385 411 buchodonosor
402 390 466 409 vero
490 386 681 410 testamentum
702 388 783 408 suum
800 380 827 407 in
850 380 963 407 maledi-

173 429 263 457 ctione
287 429 438 456 constituit.
464 428 521 455 Non
548 432 636 463 potest
652 428 678 454 in
694 427 884 454 benedictione
903 433 964 454 esse

173 475 219 508 qui
237 479 344 509 pactum
363 474 453 502 fecerit
467 482 528 501 cum
544 473 805 502 Nabuchodonosor.
830 472 882 500 Sed
898 473 964 500 dicit

172 521 239 547 mihi
257 520 355 555 aliquis
368 521 413 555 qni
433 521 458 547 in
476 519 625 554 Scripturis
641 520 741 547 divinis
761 523 803 546 est
817 518 940 545 eruditus
954 527 960 545 :

173 565 282 593 invenio
307 567 332 593 in
356 567 413 601 lege
428 565 511 601 Moysi
530 565 733 592 maledictiones
748 564 911 592 constitutas
935 564 961 591 in

172 616 351 645 peccatorem.
371 611 399 637 SE
416 618 480 645 ergo
497 614 631 645 pracepto
646 609 693 637 Dei
708 610 879 637 maledictum
896 617 962 636 con-

170 657 295 684 stitutum
319 661 360 683 est
378 656 404 683 in
426 661 594 690 peccatores,
619 664 668 684 cur
688 663 741 683 non
764 660 791 683 et
807 655 961 683 eeontrario

170 703 242 736 apud
259 703 398 729 diabolum
412 702 536 736 quaedam
553 702 706 728 benedictio
721 702 766 734 sit,
781 706 809 728 ut
827 702 870 728 alii
889 702 960 736 apud

169 755 232 773 eum
251 748 278 774 in
305 747 495 774 benedictione
519 747 596 780 fiant,
623 747 667 774 alii
694 747 720 774 in
751 748 961 776 maledictione?

169 791 239 819 Huic
257 800 322 827 ergo
345 798 423 820 acute
445 797 471 820 et
485 793 618 820 acerrime
640 793 830 827 interroganti,
853 793 892 820 sic
912 801 960 820 co-

170 838 256 866 nabor
269 846 423 871 occurrere,
448 843 474 865 et
495 839 586 866 dicere
609 839 673 873 quia
692 843 717 866 et
732 840 854 874 qumdam
867 839 902 866 sit
915 839 960 866 be-

171 884 288 911 nedictio
312 892 326 911 a
352 884 625 916 Nabuchodonosor,
660 892 742 918 quam
771 884 841 912 Deus
866 885 959 919 procul

171 930 281 964 abjiciat
295 937 309 957 a
324 929 420 963 nobis;
447 934 474 957 et
495 929 648 957 maledictio
661 930 695 956 de
710 937 763 965 qua
781 937 852 957 nunc
869 929 960 957 dicere

170 975 312 1009 debemus,
336 983 396 1010 qua:
420 975 500 1010 digne
522 983 604 1010 super
621 980 777 1010 peccatores
793 976 875 1003 venit.
893 975 960 1009 Quze

171 1027 212 1048 est
247 1023 327 1057 igitur
353 1022 505 1049 benedictio
536 1021 814 1049 Nabuchodonosor?
845 1022 959 1055 Quando

169 1066 268 1100 aliquis
290 1067 317 1093 in
344 1067 445 1094 mundo
470 1067 522 1094 isto
542 1067 661 1102 locuples
678 1066 776 1098 fuerit,
800 1072 827 1094 et
846 1068 960 1095 feliciter

170 1113 294 1145 gesserit,
318 1117 344 1140 et
368 1114 459 1140 omnia
478 1113 501 1139 ei
522 1120 652 1148 prospero
672 1121 754 1140 cursu
773 1113 912 1146 fluxerint,
931 1114 958 1140 in

169 1160 274 1183 tantum
291 1161 320 1184 ut
335 1157 399 1184 illud
412 1158 484 1192 quod
497 1158 627 1192 scriptum
644 1163 686 1185 est
700 1158 724 1185 ei
741 1159 827 1193 possit
837 1160 924 1194 aptari
936 1160 957 1186 ’.

167 1202 220 1229 Bos
228 1202 284 1237 ejus
297 1211 347 1229 non
363 1203 442 1237 faciet
462 1202 641 1234 abortionem;
660 1207 683 1229 et
700 1203 722 1229 si
736 1203 889 1230 universam
907 1210 958 1230 sae-

167 1247 220 1274 culi
241 1247 335 1274 habuit
358 1248 582 1282 prosperitatem,
606 1248 757 1275 benedictio
776 1247 958 1275 Nabuchodo-

167 1300 249 1320 nosor
262 1301 343 1328 super
356 1301 417 1321 eum
434 1298 485 1321 est.
500 1293 652 1320 Maledictio
667 1301 731 1321 vero
746 1294 771 1320 in
785 1302 828 1327 eo,
847 1295 958 1329 quando

167 1337 266 1372 aliquis
282 1339 383 1366 recedit
399 1347 412 1365 a
431 1338 497 1371 Deo,
520 1343 545 1366 et
562 1339 740 1366 nihilominus
757 1340 783 1366 in
807 1344 882 1374 parte
900 1341 958 1366 dia-

167 1383 222 1410 boli
246 1384 411 1411 constitutus
435 1385 553 1412 miseriis
584 1385 778 1420 suppliciisque
804 1390 955 1420 torquetur.

166 1427 231 1457 Vult
253 1430 335 1465 igitur
351 1431 440 1464 Deus,
457 1435 487 1459 ut
511 1439 583 1459 nunc
596 1431 736 1467 Scriptura
750 1438 956 1465 commemorat,

167 1479 358 1505 testamentum
379 1476 471 1505 lsraeli
489 1478 708 1506 maledictiouem
728 1486 789 1505 esse
812 1479 882 1514 apud
903 1478 958 1506 Na-

166 1520 386 1548 buchodonosor.
414 1520 446 1548 Et
462 1521 522 1548 ideo
536 1521 599 1555 quia
618 1521 703 1548 voluit
724 1529 853 1555 spernere
874 1526 956 1549 testa-
969 1533 990 1562 α

167 1570 288 1593 mentum
301 1566 552 1594 Nabuchodonosor
568 1575 613 1593 rex
627 1566 789 1600 Jerusalem,
803 1572 830 1594 et
847 1568 957 1595 mittens

167 1612 278 1646 angelos
297 1620 362 1639 suos
380 1612 406 1638 iu
430 1611 576 1647 Egyptum
593 1616 784 1639 testamentum
807 1620 868 1639 cum
884 1612 956 1639 Pha-

167 1663 251 1683 raone
266 1656 356 1684 facere
370 1662 483 1684 conatus
495 1662 546 1689 est,
561 1657 598 1684 ait
613 1665 704 1684 sermo
717 1657 826 1685 divinus
837 1658 858 1673 ¹⁰
873 1667 879 1684 :
895 1657 957 1684 Non

167 1702 315 1738 dirigetur,
342 1711 392 1730 non
413 1702 569 1730 sutrabitur.
591 1703 761 1738 Quapropter
783 1707 889 1738 oportet
907 1711 956 1730 nos

167 1748 238 1776 ferre
255 1748 396 1783 patienter,
415 1757 476 1776 cum
501 1757 516 1776 a
543 1748 595 1776 Deo
615 1749 748 1776 tradimur
767 1748 873 1776 ultioni.
893 1748 957 1776 Tra-

166 1795 235 1822 didit
249 1796 393 1830 quemdam
407 1796 440 1823 de
451 1800 523 1823 cuitu
541 1795 668 1823 Ecclesiae
682 1795 832 1830 Apostolus
848 1795 956 1822 diabolo

167 1842 195 1869 in
222 1842 357 1869 interitum
374 1842 465 1870 carnis
490 1851 496 1868 :
520 1846 547 1870 et
568 1842 679 1869 tradidit
703 1843 729 1869 in
755 1843 847 1869 carnis
864 1842 957 1869 interi-

166 1891 236 1920 tum,
258 1895 310 1914 non
331 1891 361 1915 ut
382 1887 506 1922 perderet
519 1887 600 1924 400
614 1888 754 1920 traditum,
769 1887 815 1914 sed
833 1892 862 1914 ut
877 1887 957 1921 spiri—

166 1939 222 1961 tum
241 1933 333 1961 traditi
352 1938 534 1961 conservaret.
561 1934 600 1961 Ex
617 1942 673 1968 quo
700 1933 840 1968 Scriptura
856 1933 894 1960 ait
909 1934 928 1949 “
947 1942 955 1960 :

168 1977 281 2006 Tradere
297 1979 447 2006 istiusmodi
467 1978 575 2006 Satanae
590 1980 617 2006 in
641 1979 779 2006 interitum
802 1979 901 2011 carnis,
927 1983 956 2005 ut

164 2025 273 2058 spiritus
288 2024 376 2052 salvus
391 2025 439 2059 fiat
459 2026 487 2052 in
502 2025 543 2051 die
557 2025 654 2059 judicii
672 2025 779 2052 Domini
793 2023 869 2052 Jesu.
890 2024 958 2051 Tra-

165 2071 237 2097 ditur
253 2075 344 2096 autetu
360 2070 502 2097 tormentis
519 2077 654 2104 peccator,
671 2074 699 2097 ut
715 2070 830 2104 recipiat
841 2070 868 2096 in
885 2077 953 2103 pra:-

165 2115 234 2142 senti
257 2115 399 2149 supplicia,
424 2120 450 2142 et
472 2122 521 2150 pro
542 2115 659 2149 peccatis
679 2115 736 2142 suis
760 2114 907 2146 cruciatus,
921 2114 948 2141 in

165 2159 257 2187 futuro
278 2159 447 2194 refrigerium
472 2163 674 2193 consequatur,
694 2163 719 2186 et
744 2159 797 2186 dici
820 2160 906 2194 possit
922 2159 956 2186 de

165 2213 207 2236 co,
227 2205 327 2239 recopit
346 2206 416 2232 mala
441 2212 490 2232 sua
515 2205 542 2231 in
568 2205 621 2231 vita
648 2212 705 2231 sua.
734 2204 762 2232 Si
786 2205 848 2240 quis
862 2205 953 2240 igitur,

165 2251 254 2285 pteuis
270 2250 445 2277 excruciatus
461 2250 540 2285 juxta
563 2250 736 2277 maledictum
762 2251 788 2277 in
806 2259 861 2285 quo
882 2251 954 2278 Deus

166 2296 258 2331 posuit
282 2300 458 2330 peccatores,
491 2295 615 2323 maluerit
637 2295 728 2330 fugere
756 2295 905 2329 supplicia,
929 2301 954 2323 et

167 2342 274 2369 mittere
292 2342 325 2368 ad
343 2340 490 2376 Egyptum
513 2349 563 2376 pro
580 2341 687 2368 auxiliis
707 2341 899 2375 comparandis
919 2342 952 2368 ad

165 2387 335 2415 Pharaonem
358 2395 373 2414 a
394 2395 449 2422 quo
471 2387 596 2415 liberavit
619 2387 690 2414 Deus
706 2387 835 2421 populum
856 2395 952 2420 suum,

165 2441 220 2460 non
235 2434 375 2468 dirigetur,
400 2442 452 2460 non
469 2433 628 2462 salvabitur.
654 2432 682 2460 Si
708 2433 769 2467 quis
790 2436 879 2459 autem
902 2441 950 2467 pa-

164 2480 263 2506 tienter
285 2479 501 2506 maledictiouem
521 2477 692 2509 sustinuerit,
710 2481 737 2504 et
754 2478 885 2512 supplicia
899 2477 952 2504 Na-

164 2525 392 2557 buchodonosor,
416 2530 443 2552 et
467 2530 572 2559 tempus
595 2527 767 2557 peccatorum
792 2531 903 2551 suorum
925 2524 951 2550 in

164 2573 285 2600 cruciatu
310 2572 495 2607 compleverit,
512 2571 649 2605 quomodo
670 2571 715 2597 ille
739 2571 785 2605 qui
803 2571 951 2598 secundum

164 2617 300 2653 Epistolas
325 2617 400 2645 Pauli
423 2617 596 2644 excruciatus
621 2622 678 2648 est,
705 2621 734 2643 ut
757 2618 869 2652 spiritus
893 2617 953 2652 ejus

165 2663 256 2690 salvus
270 2663 345 2690 fieret
360 2664 385 2690 in
401 2663 444 2689 die
457 2662 564 2697 judicii,
583 2663 633 2689 iste
647 2662 727 2689 finem
743 2663 875 2697 optimum
891 2671 953 2690 cott-

162 2714 303 2744 sequetur.
328 2709 434 2736 lnducit
459 2715 523 2743 ergo
547 2716 610 2735 eum
631 2708 656 2735 in
679 2709 906 2740 maledictiouem.
925 2714 952 2736 et

203 2809 213 2823 '
226 2810 322 2839 Ezech.
339 2811 466 2842 “11,15.
504 2813 514 2827 ⁹
528 2811 579 2838 Job
595 2819 652 2843 ut.
667 2813 711 2839 10.

166 2853 233 2879 xvtt,
254 2847 295 2873 l5.
346 2847 369 2862 “
382 2846 462 2878 ibid.,
476 2846 517 2874 16.
536 2847 556 2863 ¹³
574 2847 638 2875 ibid.
658 2849 700 2881 i6,
717 2848 759 2876 17.

749 2814 769 2829 ’θ
789 2812 887 2874 ire

751 2867 759 2874 .
857 2855 904 2874 Ζθῦ
927 2866 933 2872 .
1009 2866 1017 2874 ι

857 2855 933 2874 zecn.
951 2855 1017 2879 XVII,
1029 2855 1073 2873 11.

1018 241 1099 268 lirmi.
1121 240 1260 267 infirmum
1279 240 1393 268 edicitur
1415 249 1544 274 regnum,
1565 241 1637 276 quod
1661 242 1695 268 de
1714 248 1806 270 sancta

1017 288 1086 310 terra
1117 284 1143 311 in
1170 283 1333 320 Babylonem
1369 285 1542 313 transfertur.
1577 285 1675 314 Nullus
1709 287 1808 322 quippe

1015 329 1094 357 fortis
1113 331 1139 357 in
1153 330 1298 366 Babylone,
1316 331 1341 358 id
1357 337 1398 358 est
1412 331 1437 357 in
1452 331 1612 359 confusione
1627 332 1729 360 mentis
1743 341 1807 360 sua.

1015 375 1133 403 Omnino
1145 384 1198 403 non
1221 381 1309 411 potest
1329 377 1422 404 extolli
1447 378 1529 404 homo
1543 378 1590 412 qui
1605 377 1740 406 confusus
1756 382 1808 411 est,

1016 427 1045 449 ut
1064 424 1199 451 custodiat
1216 428 1409 452 testamentum
1425 432 1526 457 meum,
1538 430 1568 452 ut
1580 429 1683 452 statuat
1696 425 1763 452 illud
1782 429 1810 452 et

1014 468 1135 495 discedat
1149 469 1183 496 ab
1199 477 1242 503 eo,
1258 474 1288 496 ut
1301 470 1389 497 mittat
1402 470 1512 497 nuntios
1526 478 1592 498 suos
1608 470 1635 497 in
1646 470 1806 505 Egyptum.

1013 513 1066 541 iste
1083 514 1129 549 qui
1145 522 1159 541 a
1172 513 1424 543 Nabuchodonosor
1441 521 1550 551 propter
1563 521 1675 550 peccata
1692 524 1742 543 sua
1756 520 1809 544 tot»

1013 564 1106 587 menta
1130 562 1291 595 perpetitur,
1311 566 1338 589 et
1360 562 1444 589 mittit
1464 562 1574 589 nuntios
1593 569 1657 589 suos
1677 562 1705 588 in
1724 561 1808 597 Egy-

1012 610 1100 640 ptum,
1117 614 1172 634 non
1193 607 1285 636 ferens
1295 608 1467 635 traditionem
1488 616 1541 643 qua
1567 608 1638 636 hosti
1657 616 1807 636 concessus

1012 657 1053 679 est
1072 659 1087 679 a
1106 651 1170 684 Deo,
1185 658 1215 680 ut
1231 654 1275 680 dct
1293 654 1318 681 ei
1337 661 1424 689 equos
1443 659 1471 682 et
1492 655 1620 690 populum
1636 655 1766 688 multum,
1781 656 1807 683 id

1011 699 1101 733 poscit
1123 699 1196 734 quod
1221 700 1246 726 in
1270 700 1330 727 loco
1356 701 1522 735 prohibitum
1546 705 1589 728 est
1614 710 1622 728 :
1650 709 1706 729 non
1734 702 1807 729 enim

1011 743 1205 779 multiplicabis
1222 746 1268 772 tibi
1288 753 1373 780 equos
1390 746 1428 778 ",
1447 747 1486 773 ait
1504 746 1654 782 Scriptura.
1685 747 1716 774 Si
1739 748 1808 774 diri-

1010 792 1094 822 getur,
1110 789 1133 815 si
1148 789 1295 816 salvabitur
1309 792 1354 825 qui
1370 791 1434 826 factt
1448 792 1568 823 adversa,
1583 796 1608 819 et
1627 793 1808 826 prawaricatts

1012 838 1197 862 testamentum
1209 837 1239 863 “.
1256 836 1419 871 Oportuerat
1431 846 1492 865 cum
1516 839 1561 873 qui
1583 838 1702 866 traditus
1719 839 1809 867 fuerat

976 865 1204 909 Btestamentum
1238 881 1490 911 Nabuchodonosor
1524 865 1662 912 sustinere
1701 885 1807 920 suppli.

1010 927 1082 954 cium
1103 936 1110 954 :
1131 935 1225 954 verum
1245 936 1298 955 non
1321 930 1454 961 sustinet,
1472 934 1499 957 et
1523 929 1625 958 idcirco
1650 930 1754 958 dicitur
1774 931 1810 958 de

1009 980 1041 1000 eo
1057 981 1064 999 :
1082 972 1143 1000 Non
1159 972 1316 1000 salvabitur.

1045 1017 1071 1044 4.
1099 1017 1161 1045 Viuo
1175 1027 1239 1054 ego,
1256 1019 1321 1046 dicit
1344 1019 1448 1046 Adonai
1461 1019 1607 1052 Dominus,
1628 1021 1682 1047 nisi
1701 1022 1729 1047 in
1749 1021 1807 1048 loco

1009 1065 1076 1099 regis
1091 1065 1136 1099 qui
1155 1065 1293 1091 constituit
1312 1073 1371 1092 cum
1383 1085 1390 1097 ,
1406 1066 1450 1100 qui
1474 1067 1572 1100 spernit
1594 1066 1808 1094 maledictiouem

1009 1118 1104 1142 meam,
1120 1115 1144 1137 et
1164 1115 1341 1145 transgressus
1353 1116 1390 1138 est
1405 1117 1589 1139 testamentum
1607 1121 1694 1139 meum
1709 1113 1742 1140 “.
1761 1112 1807 1140 Est

1009 1156 1120 1190 quidam
1147 1157 1193 1190 qui
1217 1156 1363 1184 inhonorat
1382 1157 1599 1184 maledictiouem
1621 1157 1688 1191 Dei,
1715 1163 1743 1185 et
1766 1163 1807 1185 est

1009 1202 1078 1229 alius
1098 1202 1145 1237 qui
1169 1202 1285 1229 honorat
1305 1209 1375 1229 eam.
1400 1201 1455 1230 Nec
1473 1203 1586 1230 dubium
1607 1207 1665 1236 est,
1687 1203 1756 1238 quin
1779 1203 1805 1230 in

1009 1246 1134 1280 praesenti
1151 1247 1184 1274 dc
1200 1247 1252 1274 isto
1265 1251 1396 1281 queratur
1413 1246 1495 1280 Deus,
1513 1247 1560 1282 qui
1582 1247 1805 1275 maledictiouem

1009 1298 1085 1318 suam
1102 1292 1315 1320 iuhonoraverit.
1334 1293 1402 1320 Cum
1422 1294 1494 1320 enim
1508 1294 1570 1328 quis
1586 1293 1705 1320 traditus
1723 1293 1806 1320 fuerit

1008 1338 1150 1373 suppliciis
1169 1343 1199 1366 ut
1221 1338 1389 1373 castigatur,
1419 1344 1447 1366 et
1464 1346 1517 1366 non
1543 1339 1708 1366 sustinuerit
1729 1339 1804 1373 quod

1008 1389 1172 1419 praeceptum
1197 1389 1254 1417 est,
1277 1384 1422 1411 inhonorat
1446 1383 1664 1411 maledictiouem
1690 1383 1751 1412 Dei.
1779 1381 1807 1407 Si

1009 1438 1072 1457 vero
1088 1430 1248 1457 sustinuerit
1264 1438 1326 1457 cum
1340 1431 1414 1457 omni
1435 1430 1658 1462 mansuetudine,
1673 1435 1703 1458 et
1716 1431 1801 1458 bene-

1007 1476 1135 1507 dictione,
1150 1481 1176 1502 et
1191 1476 1339 1511 gratiarum
1355 1476 1462 1509 actione
1479 1476 1512 1503 ad
1527 1476 1623 1509 Deum,
1644 1477 1697 1503 iste
1717 1477 1804 1503 hono—

1008 1527 1049 1549 rat
1069 1522 1285 1549 maledictionem
1301 1522 1379 1557 ejus;
1396 1527 1423 1549 et
1441 1530 1503 1549 cum
1526 1522 1704 1549 honoraverit
1719 1521 1803 1548 male-

1007 1567 1166 1600 dictionem,
1182 1575 1293 1594 necesse
1306 1572 1347 1594 est
1359 1571 1389 1594 ut
1401 1567 1483 1594 etiam
1497 1567 1717 1594 benedictionem
1731 1567 1803 1594 illius

1007 1618 1198 1649 consequatur.
1212 1613 1245 1641 Et
1262 1619 1442 1649 transgressus
1453 1620 1490 1641 est
1503 1618 1690 1640 testamentum
1704 1622 1802 1646 meum,

1007 1668 1066 1686 cum
1082 1660 1138 1695 ipso
1163 1661 1190 1687 in
1207 1660 1291 1687 medio
1312 1659 1456 1695 Babylonis
1479 1661 1624 1692 morietur,
1649 1664 1675 1686 et
1697 1668 1749 1686 non
1775 1660 1802 1686 in

1007 1707 1102 1733 virtute
1120 1715 1231 1741 magna,
1254 1715 1334 1741 neque
1352 1707 1379 1733 in
1395 1706 1472 1733 turba
1491 1705 1575 1732 multa
1597 1705 1677 1740 faciet
1695 1705 1802 1732 Pharao

1007 1753 1104 1780 bellum
1119 1753 1150 1779 ³⁵.
1168 1752 1224 1779 Non
1241 1758 1329 1787 potest
1343 1753 1367 1780 ei
1386 1753 1433 1787 qui
1449 1756 1637 1787 transgressus
1661 1751 1755 1783 fuerit,
1775 1756 1802 1778 et

1007 1799 1212 1826 iuhonoraverit
1234 1798 1452 1826 maledictiouem
1471 1797 1529 1831 Dei,
1549 1797 1658 1824 Pharao
1681 1798 1801 1825 tribuere

1007 1845 1150 1878 auxilium,
1173 1853 1266 1872 verum
1286 1845 1313 1871 in
1329 1845 1418 1872 medio
1437 1844 1583 1879 Babylonis
1601 1851 1650 1878 pro
1665 1852 1716 1872 sua
1730 1851 1800 1879 prae-

1006 1891 1175 1918 Varicatione
1187 1890 1330 1918 morietur.

1042 1937 1068 1964 5.
1091 1936 1191 1963 Deinde
1201 1936 1335 1970 sequitur,
1351 1939 1377 1962 et
1385 1939 1478 1962 narrat
1491 1934 1555 1968 quid
1564 1938 1727 1968 peccatores
1741 1941 1799 1968 pas-

1007 1982 1063 2010 suri
1079 1986 1160 2014 sunt,
1174 1986 1201 2009 et
1214 1986 1275 2016 post
1292 1981 1348 2008 haec
1364 1981 1535 2015 prosperiora
1550 1987 1666 2014 quasque
1680 1988 1799 2006 comme-

1007 2030 1096 2054 morat
1108 2047 1115 2059 ,
1141 2026 1235 2053 dicens
1253 2026 1276 2042 '°
1293 2036 1299 2053 :
1316 2026 1448 2059 Accipiam
1469 2032 1529 2059 ergo
1554 2025 1585 2050 de
1603 2024 1694 2051 electis
1717 2024 1799 2056 cedri,

1006 2076 1031 2099 et
1050 2072 1082 2098 de
1096 2071 1189 2098 uertice
1204 2071 1291 2097 cordis
1315 2069 1444 2101 acetiam,
1461 2075 1485 2096 et
1507 2068 1634 2104 plantabo
1660 2069 1748 2103 ipsum
1772 2070 1798 2095 in

1007 2123 1093 2144 mante
1109 2118 1220 2144 excelso.
1243 2116 1308 2144 Post
1333 2116 1537 2143 maledictiones
1555 2123 1624 2150 quas
1646 2123 1729 2150 supra
1745 2123 1797 2142 nte-

1007 2164 1185 2194 moravimus,
1205 2162 1380 2197 repromissio
1396 2162 1573 2189 beatitudinis
1587 2166 1613 2188 et
1631 2161 1797 2189 dulcissima:

1007 2202 1210 2245 pollicitationis
1227 2209 1253 2236 in
1268 2209 1321 2236 fine
1337 2209 1472 2236 sermonis
1488 2208 1639 2243 profertur;
1660 2210 1724 2243 quia
1740 2209 1796 2244 jam

1005 2255 1052 2289 qui
1067 2254 1208 2289 suppliciis
1228 2253 1395 2288 indigebant,
1410 2253 1518 2280 fuerant
1536 2261 1583 2287 pro
1600 2254 1720 2287 peccatis
1740 2253 1797 2280 suis

1005 2305 1143 2327 tortnenta
1160 2300 1293 2335 perpessi.
1319 2299 1392 2326 intra
1419 2299 1610 2333 mentetipsum
1625 2306 1691 2326 vero
1707 2299 1797 2326 consi-

1004 2345 1114 2377 derans,
1131 2349 1157 2372 et
1171 2345 1315 2380 diligenter
1330 2344 1408 2371 istius
1421 2344 1472 2371 loci
1489 2349 1599 2371 sensum
1614 2349 1795 2378 pertractans,

1005 2390 1124 2417 arbitror
1139 2390 1172 2417 de
1187 2390 1319 2425 apostolis
1345 2389 1511 2424 prophetari.
1540 2388 1586 2416 isti
1611 2390 1713 2424 quippe
1734 2394 1796 2417 sunt

1003 2434 1037 2461 de
1057 2435 1150 2462 electis
1169 2435 1254 2467 cedri,
1277 2435 1310 2461 de
1334 2434 1509 2466 summitate,
1531 2434 1565 2461 de
1588 2434 1706 2466 vertice,
1727 2442 1795 2469 quos

1003 2480 1078 2506 dedit
1092 2479 1163 2507 Deus
1177 2480 1204 2506 in
1219 2480 1337 2507 virorem
1358 2480 1461 2512 saeculi,
1478 2481 1576 2508 radens
1589 2481 1671 2508 corda
1690 2489 1793 2511 eorum,

1004 2530 1030 2553 et
1047 2525 1172 2558 plantaus
1191 2532 1239 2552 eos
1261 2525 1286 2551 in
1313 2530 1404 2552 monte
1422 2526 1530 2553 excelso
1543 2525 1607 2552 Jesu
1622 2526 1732 2554 Christo
1747 2526 1795 2552 Do-

1004 2571 1079 2598 mino
1101 2577 1205 2597 nostro.
1230 2570 1264 2597 Et
1288 2571 1445 2605 suspendam
1471 2572 1559 2605 ipsum
1580 2572 1608 2598 in
1631 2578 1718 2599 mante
1742 2572 1794 2598 atto

1007 2616 1103 2648 Israel,
1121 2622 1145 2642 et
1160 2617 1296 2654 ptantabo,
1317 2622 1341 2644 et
1357 2617 1482 2650 producet
1502 2618 1692 2652 propaginem,
1710 2622 1734 2644 et
1753 2617 1794 2652 fa-

1005 2663 1053 2688 ciet
1076 2661 1191 2696 fructum
1208 2663 1239 2688 ”.
1269 2662 1401 2689 Fecerunt
1422 2663 1465 2689 isti
1491 2663 1674 2697 propagines,
1699 2664 1792 2690 attule-

1005 2713 1068 2734 runt
1084 2708 1197 2736 fructus.
1223 2707 1255 2733 Et
1279 2709 1328 2734 erit
1345 2708 1372 2733 in
1393 2709 1498 2735 cedrum
1513 2716 1637 2742 magnam
1655 2709 1685 2736 ¹⁸.
1702 2709 1794 2737 Consi-

1085 2811 1104 2826 “
1122 2810 1207 2838 lCor.
1224 2819 1250 2844 γ,
1268 2811 1295 2837 5.
1347 2811 1366 2826 "
1382 2810 1458 2838 Dent.
1478 2818 1544 2843 xvn,
1564 2811 1608 2839 i6.

1114 2845 1134 2862 ¹⁷
1150 2847 1228 2879 ibid.,
1243 2846 1286 2873 ‘23.
1307 2846 1328 2861 "
1341 2846 1406 2874 ibid.

1663 2812 1790 2841 ηεωοιι.
