1882 3052
100 132 153 160 τ57

797 135 940 162 ηυδίιιιλ
961 134 1028 163 .‘illl.

1687 137 1737 164 733

99 192 166 220 dera
183 191 396 225 magnitudinem
414 178 440 218 et
462 192 654 219 sublimitatem
675 193 801 221 Ecclesiae
816 193 895 220 Chri-
911 195 930 222 Α
947 193 1018 219 onmi
1030 193 1149 227 aperanti
1162 192 1268 225 bonum,
1291 192 1385 222 Judwo
1409 194 1522 228 primunt
1541 199 1564 220 et
1583 193 1685 222 Grtsco.
1705 195 1738 222 Et

99 237 147 269 sti,
175 242 205 263 ut
230 237 366 271 intelligas
387 236 464 270 juxta
485 237 692 271 promissionem
719 239 762 265 ltei
792 238 893 265 factum

98 290 161 310 esse
175 283 248 317 quod
265 283 364 309 dicitur
381 283 400 298 ”‘
419 291 424 308 :
442 282 475 309 Et
495 284 544 309 erit
560 284 585 310 in
600 284 705 310 cedrum
721 293 853 318 magnum,
870 289 893 311 et

99 329 242 364 requiescet
260 320 338 363 super
356 337 384 355 eo
407 329 491 356 omnis
508 329 579 362 avis,
599 334 622 356 et
639 338 713 357 omne
728 330 829 356 uolatile
845 331 893 358 sub

99 372 194 398 umbra
208 373 266 406 ejus
285 372 434 406 requiescet.
450 373 566 400 Assumo
579 374 625 400 tibi
642 382 744 408 pennas
760 376 893 402 sermonis

102 418 158 451 Dei,
173 424 199 445 et
215 418 317 452 poteris
333 426 478 452 rrpausarc
495 420 547 446 sub
562 419 611 446 hac
625 420 721 447 arbore
741 429 800 455 quae
817 421 893 455 plan<

99 468 154 491 tata
174 468 216 493 est
233 464 260 491 in
280 469 372 490 monte
387 464 507 492 exrelso.
524 464 557 491 Et
575 466 730 500 requiescet,
755 471 779 492 et
800 475 893 501 propa-

97 510 172 545 gines
193 510 249 544 ejus
272 512 442 537 restituentur
466 511 498 538 ²⁰.
524 510 590 538 Vide
611 513 748 546 quomodo
772 513 798 539 in
822 513 892 541 bona

98 561 176 590 parte
192 557 332 591 prophetia
352 558 471 584 liniatur.
496 557 625 592 Sequitur
642 560 712 585 enim
729 560 750 574 ἰ
768 569 773 585 :
790 559 823 586 Et
848 569 892 586 co-

96 604 221 634 gnoscent
235 601 322 626 omnia
339 601 411 635 ligna
425 601 526 636 campi,
546 602 614 636 quod
630 611 676 637 ego
700 603 826 632 Dominus
847 605 891 640 qui

96 644 210 671 humilia
234 645 335 680 lignunt
359 647 453 673 altum.
478 647 592 681 Lignum
615 648 698 675 altum
715 650 830 684 populus
844 650 892 678 Ju-

96 690 217 718 dteorum
230 696 283 723 est,
297 693 343 727 qui
355 701 428 720 nunc
440 693 600 722 humiliatus
613 695 724 723 sceleris
740 696 781 723 sui
796 704 891 731 pronas

96 737 158 769 luit,
173 739 238 773 quia
255 739 281 765 in
296 739 378 766 Deum
394 746 518 767 nostrum
536 741 629 769 Jcsnm
641 742 779 770 Christum
794 752 891 772 manus

93 790 182 810 ausus
195 788 236 810 est
252 784 368 811 mittere.
390 784 423 811 Et
444 785 542 812 extollo
559 786 660 822 lignum
683 788 782 814 humile
799 789 832 815 ".
850 789 888 816 Tn

94 836 158 856 eras
192 830 296 864 lignum
322 830 442 863 humile,
472 831 574 866 lignum
605 832 759 867 drjerlum,
786 834 888 869 lignum

948 237 1076 272 adjuvare
1095 238 1244 273 principem
1264 238 1460 271 lsraclitarun),
1488 239 1636 275 principem
1662 241 1736 275 regni

949 284 1117 316 Graecorum,
1138 284 1253 312 fortasse
1274 286 1330 320 jam
1355 285 1454 313 factum
1482 290 1533 312 est.
1561 286 1590 312 ln
1619 286 1735 313 adventu

947 331 1047 365 quippe
1074 331 1180 358 Domini
1207 332 1260 358 mei
1284 332 1348 359 .lesu
1374 332 1485 362 Christi.
1511 332 1636 367 princeps
1655 332 1736 359 lsrael

947 377 1051 410 adjuvit
1068 378 1218 412 principem
1238 379 1312 412 regni
1328 379 1495 411 Gratcorum,
1513 383 1542 405 ut
1558 383 1650 413 gentes
1668 386 1734 405 con-

946 429 1128 457 sequerentur
1151 424 1277 458 salutcni,
1300 430 1326 452 et
1344 425 1381 452 illi
1398 426 1534 453 credendo
1552 426 1733 453 salvarcntur.

946 469 1034 503 Atque
1055 469 1090 496 ita
1112 469 1138 496 in
1156 470 1229 498 hunc
1246 472 1356 498 modum
1374 472 1473 499 dicitur
1486 472 1595 506 quidam
1609 471 1734 506 princeps

945 516 1020 551 regni
1037 516 1194 551 Persarum,
1225 518 1295 545 sicut
1318 517 1407 545 dictus
1420 522 1462 545 est
1479 517 1590 545 Michael
1609 517 1734 552 princeps

946 562 1140 596 lsraelitarum,
1154 568 1180 591 et
1194 564 1263 592 alius
1277 563 1444 592 Graecorum.
1460 563 1518 591 Non
1538 568 1602 591 sunt
1622 571 1686 598 ergo
1705 563 1732 590 hi

945 608 1082 641 homines,
1104 617 1154 636 nec
1175 610 1324 637 secundum
1345 611 1465 637 locorum
1483 610 1613 636 vocabula
1631 610 1656 635 in
1671 609 1733 644 qui-

944 653 996 680 bus
1009 654 1142 687 imperant
1159 655 1348 683 nominantur.
1367 655 1444 683 Unde
1456 660 1482 683 et
1496 655 1642 689 Apostolus
1654 656 1732 689 quasi

945 707 998 726 non
1024 700 1056 726 de
1082 700 1239 727 hominibus
1261 701 1415 736 disputans,
1441 702 1477 728 ait
1492 701 1514 716 ⁸⁸
1539 711 1545 728 :
1567 700 1731 735 Sapientiam

943 745 1012 770 enim
1029 745 1162 780 loquimur
1174 746 1242 773 inter
1255 747 1396 781 perfectos,
1409 747 1568 780 sapientiam
1581 751 1667 773 autem
1679 755 1732 773 non

943 790 1021 825 Itujus
1039 792 1140 823 surculi,
1160 800 1239 828 neque
1257 793 1406 827 principum
1425 793 1516 820 swculi
1533 793 1610 819 istius
1627 793 1671 827 qui
1687 792 1732 819 de-

943 843 1093 870 struantur,
1108 838 1152 865 sed
1170 838 1302 873 loquimur
1320 839 1368 865 Dei
1390 839 1546 873 sapientiam
1563 840 1589 865 in
1607 840 1731 872 mysterio

94 878 176 901 terra!
195 875 314 907 haerens;
338 884 433 902 verum
449 876 606 904 sublimavit
629 882 655 904 te
674 877 755 905 Deus.
782 878 816 905 Et
835 888 891 906 are—
907 876 926 903 Β
943 882 1109 915 absconsum,
1127 891 1205 918 quam
1221 883 1419 917 prwdestinarit
1437 883 1506 910 Deus
1521 888 1582 909 ante
1594 882 1692 909 macula
1705 884 1731 908 in

92 920 166 955 facio
181 921 282 956 lignum
297 922 378 948 riride
394 923 426 949 ’³.
444 922 558 958 Lignum
575 923 659 951 viride
671 924 889 952 circumcisionis

93 971 136 994 est
154 968 280 1001 populus,
301 969 346 1002 qui
365 969 502 1002 quondam
520 969 658 1003 pullulans
673 975 699 997 et
711 970 811 997 ﬂorens
826 970 888 1003 I‘nit,

93 1021 190 1040 rerum
214 1014 295 1040 nimia
316 1022 388 1041 nunc
401 1015 524 1042 siccitate
543 1017 700 1048 contabuit;
725 1017 768 1043 ubi
791 1017 889 1051 quippe

91 1066 168 1085 nunc
188 1058 293 1086 vividus
314 1067 404 1086 sermo
426 1060 497 1094 apud
518 1061 585 1088 e05?
600 1060 650 1088 Ubi
671 1062 799 1089 virtutum
820 1063 888 1090 cho-

92 1106 159 1132 rus?
179 1105 211 1131 Et
225 1107 377 1133 retirescere
389 1107 459 1141 facio
473 1107 572 1142 lignum
588 1108 694 1134 aridum
709 1108 741 1135 “.
755 1108 794 1135 Tu
812 1108 885 1136 fuisti

90 1150 199 1185 lignum
213 1151 318 1178 aridum
330 1173 336 1183 ,
361 1158 387 1179 et
412 1152 474 1180 fecit
490 1158 515 1180 te
533 1154 698 1181 revirescere
715 1154 815 1181 Christi
839 1155 888 1182 ad—

91 1202 203 1224 ventus.
219 1196 275 1232 Ego
288 1198 414 1225 Dominus
428 1198 530 1225 locutus
545 1207 603 1226 sutn
618 1204 642 1226 et
655 1200 754 1234 faciam
769 1201 802 1227 ".
822 1200 888 1233 Qui-

90 1242 144 1269 bus
157 1243 237 1270 dictis
254 1248 282 1270 ut
294 1247 319 1270 et
335 1252 384 1271 nos
398 1245 606 1278 revirescamus,
627 1250 655 1272 ut
678 1245 783 1273 fructus
800 1247 888 1274 valca-

90 1296 155 1315 mus
170 1289 281 1322 aﬂert‘e,
304 1295 333 1317 ut
355 1291 511 1325 germinans
535 1291 638 1325 lignum
661 1297 688 1319 et
707 1300 761 1320 non
784 1293 885 1320 siccum

89 1333 253 1368 ctﬁciamur,
270 1340 300 1362 ut
312 1344 451 1371 nunquam
468 1337 502 1364 ad
522 1337 628 1364 radices
647 1344 756 1365 nostras
772 1344 888 1373 ponatur

89 1379 199 1407 securis
218 1389 278 1415 qua:
296 1381 320 1408 in
338 1381 484 1416 Evangelio
502 1383 675 1417 prce-dicatur,
692 1385 822 1412 attentius
842 1384 887 1411 Je—

89 1432 154 1452 sum
176 1424 314 1454 Christum
336 1426 482 1454 Dominum
505 1433 627 1455 nostrum
652 1437 714 1456 cum
730 1429 810 1456 Patre
835 1438 886 1458 suo

91 1479 256 1506 precemur:
273 1472 317 1499 cui
343 1478 384 1500 est
410 1474 494 1509 gloria
522 1479 548 1502 et
573 1475 717 1509 imperium
738 1474 766 1502 in
786 1476 884 1503 saecula

89 1517 264 1544 saeculorum.
284 1517 381 1546 Amen.

320 1573 399 1609 40],
421 1574 565 1601 ΗΟΜΠᾸΑ
581 1574 646 1605 ΧΙΙΙ,

89 1617 132 1645 De
144 1610 175 1644 eo
187 1619 256 1652 quod
272 1619 372 1656 dicitur
385 1621 408 1635 "
423 1630 429 1647 ε
446 1630 455 1645 ι
474 1620 529 1647 Fili
541 1621 665 1653 hominis,
679 1621 734 1649 leva
747 1623 884 1656 planctum

125 1660 205 1691 super
229 1663 313 1688 regem
341 1655 415 1689 Tyri,
441 1660 464 1682 et
486 1664 552 1690 pone
575 1656 671 1691 facient
693 1662 766 1684 luant
791 1664 885 1686 contra

126 1687 268 1716 Sidonent.
287 1699 296 1715 ι

127 1743 155 1773 1.
177 1744 335 1780 Ργίιιςὶρὶίιιτ
352 1747 432 1774 nobis
454 1748 488 1774 ab
509 1748 644 1783 episcopis
666 1749 804 1777 discutere
823 1758 884 1778 ser-

88 1796 203 1817 monem
226 1792 359 1826 principis
386 1792 462 1828 Tyri,
489 1798 517 1821 ut
542 1794 635 1822 laudcs
655 1796 716 1828 ejus
734 1796 884 1831 culpaSque

92 1836 236 1863 dicamus:
248 1844 354 1864 necnon
377 1836 485 1873 jussum
500 1843 550 1872 cst,
567 1843 596 1867 ut
611 1839 644 1867 de
664 1840 807 1868 Pharaone
823 1849 885 1876 rege

91 1878 206 1917 Aigypti
221 1884 311 1918 aliqua
333 1889 521 1912 retractemus.
544 1885 684 1921 Plangitur
702 1887 794 1921 itaque
809 1887 884 1921 prin-

89 1935 159 1962 ceps
174 1927 249 1962 Tyri,
276 1937 327 1956 nec
343 1930 493 1963 putandum
510 1935 550 1957 est
569 1931 641 1958 hunc
660 1931 797 1958 hominem
812 1940 882 1959 esse.

89 1972 121 2000 In
133 1974 224 2001 medio
237 1975 336 2010 quippe
347 1976 488 2002 cherubim
501 1975 591 2003 nullus
606 1977 746 2003 hominum
757 1981 799 2004 est
812 1985 885 2004 crea-

89 2026 147 2052 tus,
171 2025 198 2047 et
218 2021 245 2047 in
268 2022 395 2056 paradiso
411 2021 469 2055 Dci,
486 2023 509 2050 si
526 2023 688 2057 simpliciter
705 2023 824 2050 litteram
842 2031 883 2050 se-

88 2067 214 2102 quimur,
236 2067 376 2094 hominum
392 2069 483 2095 nullus
499 2073 542 2096 est
556 2069 702 2096 enutritus.
725 2069 757 2096 Et
775 2077 836 2096 eum
856 2069 883 2096 in

86 2111 221 2146 paradiso
240 2112 412 2146 deliciarum,
433 2113 513 2139 siculi
534 2113 665 2146 diximus,
688 2121 767 2140 nemo
791 2113 882 2146 fuerit,

91 2165 169 2185 nunc
183 2158 284 2185 dicitur
300 2158 429 2193 princeps
449 2158 512 2194 Tyri
530 2159 555 2185 in
571 2159 697 2193 paradiso
719 2159 881 2186 deliciarum

88 2209 174 2232 natus
188 2210 270 2239 atque
285 2205 432 2232 enutritus.
451 2205 518 2238 Quis
533 2210 575 2232 cst
589 2205 639 2233 iste
653 2206 779 2240 princeps
801 2205 882 2240 Tyri?

88 2249 243 2277 Veniamus
254 2250 287 2277 ad
306 2250 453 2283 Danielem,
469 2256 495 2278 et
507 2251 680 2278 occasionem
696 2251 882 2286 intelligentiae

88 2295 269 2329 reperientes,
283 2295 406 2322 dicamus
422 2304 476 2323 non
499 2304 558 2323 esse
582 2297 718 2331 principes
734 2305 880 2332 corporcos

87 2341 122 2366 de
137 2339 239 2373 quibus
258 2348 331 2367 nunc
354 2341 495 2375 quaeritur.
521 2341 586 2369 Post
603 2341 741 2369 Daniclem
757 2343 790 2370 ab
804 2343 880 2378 Apo-

87 2387 161 2413 stolo
174 2391 298 2420 petamus
315 2389 478 2422 exemplum.
497 2389 596 2416 Deinde
609 2397 718 2416 rursum
735 2390 880 2424 propheta-

86 2441 150 2459 rum
176 2434 331 2460 testimonia
356 2442 494 2462 vocemus.
522 2435 570 2462 His
585 2436 713 2463 omnibus
737 2437 818 2463 etiam
837 2437 882 2464 ille

86 2479 261 2513 copulandus
276 2486 315 2507 cst
327 2480 414 2508 locus.
432 2481 504 2514 quia
521 2481 611 2516 Moyse
626 2481 651 2507 in
670 2481 880 2509 Deuteronomio

88 2531 143 2550 non
163 2529 277 2551 tacetur.
301 2525 368 2559 Age,
387 2534 458 2552 nunc
483 2527 645 2560 rcpliccmus
660 2528 794 2562 exempla,
812 2528 880 2554 inci-

88 2570 195 2604 pientes
215 2579 229 2597 a
251 2570 372 2599 Daniele.
400 2572 539 2606 Princeps,
562 2573 608 2603 ait.
632 2574 739 2601 videtur
753 2574 877 2601 Michael.

86 2615 183 2649 Ibique
201 2624 321 2646 rursum,
337 2619 462 2651 princeps
478 2618 577 2650 Israel;
597 2623 622 2645 ct
644 2619 670 2645 in
688 2620 878 2652 Consequenti,

87 2661 204 2689 Michael
218 2662 366 2697 adjuvabat
378 2664 526 2698 principem
541 2665 613 2698 regni
629 2665 807 2698 gentiumAd
823 2666 879 2692 lucc

87 2707 172 2735 addat
190 2708 341 2742 Apostolus
352 2709 372 2724 ²⁷
392 2720 398 2736 ι
418 2708 508 2736 Gloria
528 2715 613 2736 autem
634 2715 658 2736 et
676 2712 760 2738 nonor
781 2715 805 2737 et
826 2719 879 2745 pnas

93 2786 98 2788 ·
137 2776 158 2791 ¹⁰
176 2775 276 2801 Ezech.
294 2783 360 2807 xv”,
376 2776 421 2802 ‘25.
475 2777 497 2793 ²⁰
513 2777 575 2803 ibid.
616 2778 636 2793 “
653 2778 729 2806 ibid..
747 2778 791 2804 ‘24.

91 2810 133 2838 21.
162 2811 184 2825 ’⁷
198 2811 268 2836 Rom
299 2819 325 2840 ιι,
348 2811 386 2837 10.

90 2849 174 2877 "15a.
191 2853 220 2879 ι,
238 2845 282 2873 l5.
322 2845 343 2861 ³⁸
358 2845 409 2874 lsa.
423 2854 478 2880 xw,
499 2847 540 2874 li.

580 2848 601 2863 "‘
620 2847 716 2875 Ezccli.
733 2856 808 2881 xxtx,
825 2848 851 2875 5.

832 2779 854 2793 ¹²
866 2778 932 2804 ibid.

445 2812 466 2827 ’⁵
480 2812 489 2838 l
502 2813 563 2838 Cor.
586 2821 616 2844 tt,
632 2813 658 2842 6,
675 2813 702 2843 7,
719 2813 743 2839 8.
766 2814 788 2828 '9
804 2813 874 2840 Psal.
899 2821 929 2845 tt,
951 2814 977 2840 Ξ.

940 926 1053 962 gloriam
1079 932 1207 959 nostram,
1240 935 1319 962 quant
1349 926 1437 954 nullus
1466 926 1614 961 principum
1641 924 1730 952 sa'culi

940 973 1016 999 istius
1033 973 1164 1007 cognouit.
1181 972 1211 1000 Si
1230 973 1299 999 enim
1317 974 1507 1008 cognovissent,
1526 980 1659 1007 nunquam
1675 971 1732 998 Do—
1764 998 1769 1001 _

940 1020 1038 1045 minam
1055 1019 1146 1054 gloria:
1167 1019 1371 1053 cruciﬁxissent.
1395 1019 1427 1045 Et
1451 1019 1522 1054 quod
1542 1019 1621 1046 istius
1639 1018 1730 1045 smculi

939 1064 1076 1100 principes
1104 1066 1301 1092 cruciﬁxerunt
1327 1066 1494 1093 Salvatorem
1522 1070 1547 1092 ct
1573 1065 1728 1096 Dominum,

940 1112 1081 1147 pmpltetia
1096 1113 1172 1139 testis
1184 1116 1235 1145 est,
1251 1111 1547 1138 dicens”:Aslilerunt
1559 1119 1628 1146 regas
1642 1116 1728 1141 tet-rte,

939 1164 964 1184 et
977 1158 1107 1192 principes
1120 1162 1292 1184 convenerunt
1301 1158 1327 1184 in
1334 1165 1412 1183 unum
1421 1157 1545 1184 adi-orsus
1555 1156 1694 1182 Dominum
1704 1162 1728 1181 ct

939 1204 1064 1230 adversus
1080 1202 1216 1230 Clu-istum
1224 1204 1291 1236 ejus.
1304 1201 1379 1229 Unde
1389 1207 1412 1229 et
1422 1202 1484 1228 abbi
1494 1201 1520 1228 in
1531 1201 1647 1228 Psalmis
1662 1201 1730 1227 scri-

941 1249 1012 1275 bitur
1027 1247 1376 1282 ’°:Egodi;ti:Diiestis,et
1384 1248 1434 1282 ﬁlii
1445 1247 1550 1274 Excelsi
1561 1255 1667 1278 omnes;
1686 1255 1728 1273 vos

940 1297 1027 1319 autem
1037 1298 1064 1319 ut
1075 1293 1191 1320 homines
1202 1292 1360 1325 moriemini,
1369 1297 1392 1319 et
1402 1298 1525 1326 tmzquam
1535 1299 1601 1317 unus
1615 1291 1645 1317 de
1655 1292 1714 1326 prin
1724 1306 1729 1310 -

942 1338 1044 1373 cipibus
1059 1339 1168 1366 cadetis.
1181 1338 1213 1365 Ει
1224 1343 1266 1365 est
1275 1339 1309 1365 ibi
1319 1338 1447 1366 sermodc
1459 1338 1532 1364 nullo
1540 1338 1646 1371 penitus
1657 1337 1729 1371 prin—

938 1385 998 1418 cipe
1023 1385 1170 1418 corporali.
1193 1383 1221 1410 Si
1246 1384 1329 1419 igitur
1352 1388 1393 1410 est
1415 1383 1524 1417 quidam
1546 1383 1670 1416 princeps
1685 1390 1726 1407 ηιμ

938 1430 984 1465 gni
999 1430 1156 1463 Persarum,
1169 1430 1190 1457 si
1207 1435 1249 1456 cst
1261 1429 1386 1464 princeps
1402 1428 1584 1455 lsraclitarum
1602 1427 1726 1458 Michael,

937 1481 1136 1510 consequenter
1152 1480 1179 1503 et
1195 1475 1258 1510 Tyri
1279 1475 1404 1509 princeps
1422 1479 1463 1501 est
1480 1483 1485 1500 :
1501 1478 1526 1500 et
1547 1473 1580 1500 de
1597 1473 1639 1499 bis
1655 1481 1726 1499 nunc

939 1522 1107 1556 principibus
1129 1521 1303 1556 propheticus
1327 1528 1417 1548 sermo
1439 1520 1571 1554 loquitur.
1591 1519 1724 1552 Quoniam

937 1572 1027 1594 autent
1040 1567 1109 1594 etde
1125 1567 1216 1602 Moyse
1229 1566 1414 1593 testimonium
1433 1565 1543 1599 polliciti
1562 1572 1665 1595 Sumus,
1678 1572 1727 1590 au-

937 1613 1023 1640 sculta
1047 1613 1120 1647 quod
1141 1612 1296 1646 sequitur"
1313 1621 1317 1638 :
1341 1611 1451 1643 Quando
1468 1610 1600 1636 dividebat
1618 1609 1727 1635 Altissi-

937 1666 993 1684 mus
1010 1662 1108 1692 gentes,
1135 1666 1193 1684 cum
1215 1657 1393 1684 disseminatvit
1420 1656 1489 1690 ﬁlios
1512 1656 1608 1686 Adam,
1632 1655 1726 1681 statuit

936 1703 1001 1737 ﬁnes
1023 1702 1137 1737 gentium
1163 1702 1306 1728 secundum
1323 1708 1461 1727 munerant
1486 1699 1638 1734 angelorum
1661 1698 1720 1730 Dei,

937 1749 1004 1779 sive,
1022 1753 1050 1775 ut
1067 1748 1164 1774 melius
1182 1747 1272 1778 habet,
1290 1747 1433 1773 secundum
1455 1753 1592 1772 munerant
1609 1744 1726 1779 ﬁliorum

937 1792 1034 1824 Israel,
1054 1798 1078 1820 et
1095 1794 1166 1828 [acta
1180 1798 1217 1820 est
1233 1801 1295 1827 pars
1313 1792 1417 1818 Domini
1431 1791 1542 1826 populus
1557 1791 1614 1825 ejus
1630 1789 1725 1818 Iacob.

937 1840 987 1867 Alii
1005 1839 1118 1874 principi
1132 1839 1202 1866 facta
1219 1843 1261 1865 est
1275 1846 1339 1872 pars
1353 1838 1451 1872 Tyrus,
1465 1837 1510 1863 alii
1524 1837 1652 1872 Babyloni,
1665 1837 1725 1863 aliis

936 1887 995 1914 alim
1013 1886 1154 1913 nationes:
1171 1889 1252 1919 atque
1270 1885 1305 1910 ita
1324 1884 1349 1910 in
1372 1884 1445 1910 hunc
1461 1883 1571 1909 modum
1590 1883 1725 1918 principes

934 1931 1116 1966 possederunt
1134 1937 1229 1956 omnes
1251 1929 1318 1955 lines
1340 1928 1471 1962 gentium.
1496 1926 1523 1954 Si
1551 1928 1613 1961 quis
1634 1933 1723 1954 aute-ni

934 1981 1013 2012 putat
1033 1976 1123 2010 legens
1146 1975 1172 2001 in
1197 1973 1346 2008 Seripturis
1362 1973 1441 2006 quasi
1460 1973 1493 1999 de
1511 1972 1666 1998 hominibus
1682 1973 1724 1999 di-

935 2029 1019 2053 ctum,
1037 2021 1169 2055 intelligat
1186 2021 1269 2047 altius
1289 2019 1432 2055 spiritalis,
1451 2024 1477 2046 et
1494 2027 1509 2045 a
1526 2019 1599 2046 nullo
1615 2018 1724 2053 judica-

934 2074 988 2096 tus.
1007 2067 1206 2101 Dignoscuntur
1224 2065 1296 2091 enim
1315 2065 1438 2099 quaedam
1456 2065 1488 2091 dc
1505 2063 1723 2091 Nabuchodono-

935 2121 980 2141 sor
995 2121 1056 2147 rcge
1069 2111 1253 2147 Assyriorum,
1269 2117 1330 2144 qua:
1349 2117 1403 2136 non
1421 2111 1586 2136 conveniunt
1601 2117 1724 2144 personae

933 2159 1003 2194 ejus.
1030 2157 1102 2184 Dixit
1124 2157 1196 2183 cnitn
1209 2157 1231 2172 ³¹
1248 2165 1254 2182 :
1273 2155 1306 2182 In
1322 2155 1479 2190 fortitudine
1496 2155 1605 2189 faciam,
1629 2160 1654 2182 et
1676 2163 1722 2182 sa-

898 2211 919 2238 D
933 2205 1033 2240 pientia
1050 2203 1197 2230 intellectus
1213 2202 1334 2237 auferam
1349 2203 1413 2236 fines
1430 2202 1556 2237 gentium,
1570 2206 1593 2227 et
1606 2209 1721 2227 contrito-

935 2250 995 2277 velto
1011 2249 1129 2276 civitates
1142 2248 1316 2279 inhabitatas,
1337 2252 1362 2274 et
1375 2247 1461 2274 orbem
1473 2253 1605 2274 terrarum
1620 2255 1722 2273 attinent

935 2295 1162 2330 comprehendam;
1175 2299 1200 2321 ct
1214 2302 1220 2321 :
1233 2294 1373 2320 ascendam
1395 2302 1473 2327 super
1490 2294 1581 2321 sidera
1603 2294 1672 2323 coeli.
1697 2298 1722 2320 et

935 2342 1025 2374 nubes,
1050 2347 1075 2369 et
1093 2341 1208 2375 reliqua,
1230 2346 1255 2367 et
1277 2348 1321 2367 ero
1345 2340 1441 2367 similis
1462 2340 1642 2367 Altissimo".
1661 2339 1722 2367 llzrc

935 2387 1195 2414 Nabuchodonosor.
1220 2385 1266 2413 Sic
1288 2391 1313 2413 ct
1333 2387 1460 2420 princeps
1482 2386 1545 2421 Tyri
1564 2391 1591 2412 et
1605 2385 1720 2412 Pharao.

934 2433 1026 2468 Neque
1044 2433 1116 2460 cnim
1134 2433 1161 2458 in
1179 2436 1284 2458 tantum
1306 2432 1423 2467 agitatus
1444 2436 1485 2459 est
1508 2431 1586 2458 furiis
1600 2439 1679 2458 Verus
1695 2436 1722 2457 ct

933 2487 1081 2514 corporeus
1091 2478 1210 2510 Pharao,
1229 2483 1258 2504 ut
1277 2478 1377 2504 diccrct
1395 2487 1400 2502 :
1419 2477 1477 2503 Mea
1490 2482 1549 2503 sunt
1561 2478 1683 2511 (Iuntina,
1696 2482 1721 2503 et

932 2536 977 2562 ego
992 2527 1042 2561 feci
1058 2535 1098 2553 ea.
1117 2525 1174 2553 Hoc
1189 2531 1278 2552 autem
1291 2530 1353 2552 ante
1368 2526 1467 2552 lectum
1484 2530 1523 2552 est
1538 2526 1563 2551 in
1581 2525 1720 2559 prophetia

933 2580 993 2606 quite
1008 2578 1049 2600 est
1062 2573 1193 2599 adversus
1208 2571 1388 2598 Pharaonem.
1404 2571 1496 2605 Neque
1513 2579 1632 2604 unquam
1646 2571 1720 2606 prin—

933 2620 1020 2653 ('lpl‘lll
1039 2618 1125 2650 illum,
1143 2617 1168 2644 id
1186 2622 1227 2644 est
1249 2626 1409 2652 corporeum
1433 2617 1602 2643 Pharaonem
1626 2616 1721 2642 draco-

935 2672 994 2691 nem
1010 2667 1205 2697 nuncupassel,
1220 2663 1342 2690 dicens“
1356 2673 1359 2675 '
1374 2663 1440 2689 [ἔδω
1452 2672 1497 2695 ego
1510 2670 1586 2697 super
1598 2661 1718 2688 Pharao-

933 2719 990 2736 nem
1002 2710 1143 2736 draconem
1156 2709 1202 2743 qui
1217 2708 1287 2735 sedet
1301 2709 1326 2735 in
1342 2709 1426 2734 medio
1442 2709 1580 2741 [luminum
1598 2706 1718 2742 .s'lt'gypti,

971 2778 993 2793 ²³
1009 2776 1074 2804 ibid.
1113 2777 1135 2791 "
1149 2775 1214 2803 ibid.
1264 2775 1285 2790 ’³
1305 2775 1369 2802 ibid.

1027 2812 1048 2828 ⁵ο
1076 2810 1147 2839 Psal.
1179 2818 1271 2842 Lxxxt,
1295 2811 1321 2842 6,
1349 2810 1373 2836 7.

1410 2776 1432 2790 ¹⁴
1449 2775 1544 2801 [)Aerb.
1563 2784 1656 2804 X‘Hlll,
1676 2775 1718 2806 ll,

1425 2810 1444 2825 ³¹
1463 2810 1540 2837 Deut.
1557 2819 1638 2841 xuii,
1653 2811 1679 2842 8,
1693 2815 1714 2837 α.
