1882 3052
166 144 217 170 759

755 138 917 168 ORIGENIS
936 137 969 165 IN
989 135 1205 165 EZECHIELEM

1753 125 1801 154 760

165 203 210 238 qui
224 202 288 229 dicit
303 209 312 228 :
334 201 394 228 Mea
415 205 477 228 sunt
498 200 622 235 ﬂumina,
639 203 663 226 et
675 207 720 234 ego
735 199 786 232 feci
801 207 841 226 ea.
858 197 958 224 Verum
974 200 998 228 Α
1013 197 1040 224 in
1059 195 1239 232 perditionem
1256 198 1362 222 creatos
1381 193 1459 221 esse?
1480 192 1668 220 Criminantur
1690 188 1801 216 Creato~

166 250 218 276 hoc
233 248 259 275 in
274 248 334 275 loco
351 247 462 282 proprio
480 251 645 276 reservetur,
666 245 738 280 quod
763 251 837 271 nunc
854 243 955 270 idcirco

166 294 368 328 assumpsimus
382 298 411 320 ut
430 301 477 328 per
491 293 630 319 notionem
647 291 850 325 Scripturarum
868 288 956 316 mani-

166 339 263 367 l‘esrins
277 339 352 365 ﬁeret
361 338 388 365 id
400 337 472 372 quod
486 337 628 364 videbatur
641 336 788 362 occultum.
804 334 955 360 Adversum

167 383 219 410 hos
231 383 367 417 principes
381 386 423 409 est
438 381 516 408 nobis
532 389 631 416 pugna.
649 379 681 407 Et
697 380 768 407 beati
784 379 897 414 apostoli
908 377 956 413 qui

167 429 244 456 missi
264 428 372 456 fuerant
386 428 418 455 ad
440 427 653 462 praedicandum,
677 427 787 462 quan-lo
800 426 834 453 ab
851 425 893 452 his
908 425 955 459 qui

167 475 235 500 lines
264 473 385 507 gentium
414 471 590 506 possederant
620 471 745 498 homines
772 470 955 501 alnlncebant,

169 518 340 553 patiebantur
357 517 479 543 insidias.
504 516 583 543 Verbi
610 516 696 551 gratia
721 516 824 543 dictum
847 515 957 542 sit:in-

167 564 252 598 gressi
268 567 332 590 sunt
345 562 460 597 apostoli
476 561 588 597 Tyrum.
600 568 759 596 persecutus
774 566 815 588 est
825 568 872 588 eos
884 561 958 596 prin-

166 617 230 644 ceps
241 608 304 644 Tyri
315 617 322 641 ;
335 607 515 635 ascenderunt
526 607 711 639 Antiochiam,
726 607 895 643 impugnavit
909 614 957 633 eos

165 654 291 689 princeps
303 653 377 688 regni
394 653 490 690 Syriae,
504 654 553 681 iste
565 658 623 680 erat
633 654 679 687 qui
693 653 809 680 bellabat
826 653 958 680 adversus

165 707 224 732 eos,
239 707 293 726 non
309 707 404 727 omnes
424 700 470 734 qui
488 699 664 734 putabantur,
681 704 710 727 ut
724 699 807 726 ludas
824 699 956 734 proditor.

168 746 311 780 Quomodo
326 746 399 773 enim
423 746 467 772 ille
488 753 542 772 non
560 745 747 780 principaliter
765 745 901 780 putandus
916 749 959 772 est

167 791 323 826 prodidisse
337 791 518 822 Salvatorem,
532 790 572 817 sic
586 791 667 817 etiam
685 790 816 824 apostolis
828 790 957 817 omnibus

165 837 212 872 qui
231 837 449 871 persecutionem
475 837 547 871 passi
571 842 644 868 sunt,
671 837 740 864 alius
762 836 812 863 fuit
833 835 957 870 princeps

1009 251 1078 275 rem,
1104 246 1135 269 ut
1158 250 1187 269 se
1212 240 1374 269 criminibus
1387 239 1538 267 absolvant.
1559 237 1653 271 Accipe
1669 236 1800 262 lamenta-

1010 289 1106 316 tionem
1127 289 1206 315 istam
1226 295 1304 322 super
1325 294 1411 321 regem
1431 285 1585 320 Babylonis,
1601 288 1626 310 et
1639 283 1722 314 dices,
1738 289 1803 316 quo-

1008 334 1085 361 modo
1113 334 1223 361 cessarit
1243 334 1287 368 qui
1313 332 1463 368 repetebat?
1484 330 1614 366 quomodo
1637 329 1735 364 quievit
1758 327 1802 362 qui

1007 381 1179 416 exigebat“?
1199 380 1226 407 In
1253 387 1344 414 regem
1371 378 1517 414 Babylonis
1540 377 1591 404 ista
1615 373 1801 402 dicuntur":

1009 428 1146 460 Quomodo
1162 427 1256 454 cecidit
1273 426 1381 460 Lucifer
1395 426 1426 452 tle
1443 425 1521 455 ccelo,
1538 423 1582 458 qui
1598 429 1679 449 mane
1699 419 1803 447 orieba-

1009 480 1063 505 tur,
1079 475 1207 501 cottlrilus
1221 478 1258 500 est
1274 473 1300 500 in
1316 471 1432 499 terram?
1448 470 1480 497 Et
1496 470 1540 497 ille
1554 469 1588 496 de
1604 468 1675 496 coelo
1693 466 1802 498 cecidit,

1007 526 1035 548 et
1051 521 1101 548 iste
1120 520 1291 556 signaculum
1307 516 1505 548 similitudinis,
1521 522 1623 543 corona
1637 513 1759 545 decoris,
1774 513 1802 540 in

1009 568 1136 602 paradiso
1155 566 1314 594 deliciarum
1331 565 1459 592 nutritus.
1482 564 1549 590 Ecce
1563 568 1659 590 omnes
1678 561 1712 588 de
1732 561 1802 588 caelo

1010 613 1152 644 cecidisse,
1179 619 1234 638 non
1263 609 1437 638 descendisse
1469 608 1639 641 referuntur;
1669 606 1804 633 Dominus

1010 665 1074 685 vero
1090 665 1167 684 meus
1185 658 1218 684 de
1234 657 1304 684 ctelo
1319 655 1468 688 descendit,
1486 658 1513 682 et
1526 653 1573 688 qui
1590 651 1733 680 descendit
1746 651 1804 685 ipse

1009 708 1051 731 est
1067 703 1138 730 ﬁlius
1153 702 1282 730 hominis.
1297 702 1332 728 At
1346 709 1400 728 non
1420 701 1491 728 sicut
1506 699 1633 726 Satanas.
1650 697 1711 725 Non
1730 697 1803 723 enim

1009 750 1151 778 descendit
1161 749 1194 776 de
1211 749 1290 781 coalo,
1311 755 1398 782 neque
1413 748 1437 774 ei
1455 747 1520 774 mali
1532 745 1681 781 quidquam
1697 743 1805 770 accide-

1009 800 1061 828 rat,
1078 795 1099 823 si
1116 794 1311 822 descendisset.
1336 793 1405 820 Audi
1425 790 1520 819 Jcsum
1538 791 1674 818 dicentem
1689 788 1712 803 ⁸⁸
1729 797 1736 814 :
1759 786 1804 813 Vi-

1010 841 1102 869 debunt
1115 840 1244 868 Satanam
1263 839 1340 874 quasi
1355 837 1445 873 fulgur
1459 837 1491 864 de
1505 836 1569 863 ειτΙο
1583 835 1733 865 cadentem,
1751 840 1804 860 non

165 883 375 918 persecutionis.
399 882 538 917 Scriptum
558 887 599 909 est
618 882 718 917 quippe
734 882 767 909 de
781 881 850 908 Juda
862 882 883 897 ³⁵
897 889 904 908 :

1062 888 1232 916 cendentcrn.
1258 885 1358 913 Verum
1383 892 1437 911 non
1455 884 1530 912 solus
1546 882 1672 910 Salvator
1695 889 1710 908 e
1736 881 1805 907 uelo

166 934 226 964 post
251 929 395 956 buccellam
417 929 537 956 introivit
554 929 581 955 in
601 929 679 955 illum
698 928 823 956 Satanas.
840 927 899 955 Non
917 933 960 955 est

168 975 241 1002 enim
256 974 336 1002 nobis
351 982 441 1010 pugna
459 975 589 1002 adversus
603 981 714 1001 carnem
740 978 766 1001 et
787 974 959 1008 sanguinem,

167 1021 230 1048 licet
243 1021 386 1048 videantur
398 1029 430 1048 ex
447 1029 530 1048 carne
546 1026 571 1048 et
589 1021 722 1056 sanguine
740 1021 786 1055 qui
806 1027 856 1047 nos
869 1028 961 1055 perse—

169 1070 301 1102 quuntur.
316 1066 374 1093 Non
391 1074 437 1094 eos
448 1066 598 1100 oderimus,
612 1066 678 1102 quin
694 1067 784 1101 potius
799 1066 959 1100 diligamus,

168 1111 232 1139 licet
260 1111 363 1138 inimici
388 1111 467 1139 nobis
489 1111 571 1139 velint
593 1119 764 1146 permanere,
781 1111 961 1138 misereamur

167 1165 274 1190 eor-tun,
305 1157 470 1184 daemonium
501 1157 612 1191 habent,
647 1158 789 1192 patiuntur
812 1157 958 1184 insaniam.

167 1202 226 1231 Non
241 1208 296 1230 tam
313 1203 338 1230 hi
358 1209 421 1230 sunt
432 1203 576 1231 adversum
590 1211 650 1236 nos,
665 1204 710 1238 qui
721 1212 771 1231 nos
787 1211 959 1238 persequun-

169 1255 223 1282 tur,
245 1256 327 1284 quatn
351 1249 390 1276 illi
406 1249 452 1284 qui
467 1250 549 1277 corda
565 1257 659 1277 eorum
675 1249 756 1285 402
773 1249 958 1284 repleverunt.

167 1294 269 1323 Verum
291 1295 398 1322 Domini
416 1297 594 1331 deprecemur
611 1296 755 1327 auxilium,
786 1300 813 1322 ut
837 1296 960 1323 inﬁrmos

169 1341 287 1369 habeant
308 1346 423 1369 conatus
441 1342 507 1369 tanti
529 1342 678 1369 adversarii
698 1346 791 1369 contra
812 1341 960 1368 humanam

170 1388 288 1414 animam
310 1387 482 1420 dimicantes,
501 1392 527 1415 et
542 1388 665 1415 dicamus
679 1387 721 1414 ’“:
745 1387 805 1413 Nisi
824 1388 887 1422 quia
907 1387 961 1413 Do-

170 1433 256 1460 minus
271 1439 328 1460 erat
345 1435 372 1460 in
386 1434 472 1466 nobis,
494 1434 521 1460 in
540 1442 569 1460 eo
584 1442 643 1460 cum
663 1437 831 1467 exsurgerent
844 1432 960 1459 homines

168 1480 196 1506 in
212 1487 269 1512 nos,
282 1479 398 1513 forsitan
411 1480 479 1506 vivos
491 1479 662 1514 deglutissent
677 1487 733 1506 nos.
749 1478 834 1513 Igitur
847 1485 887 1506 est
901 1479 962 1514 qni-

170 1525 231 1552 dam
247 1525 373 1560 princeps
388 1525 462 1561 Tyri,
478 1531 504 1553 et
519 1525 660 1561 prophetia
677 1532 730 1551 non
748 1525 781 1553 de
799 1525 891 1552 lliram
910 1534 960 1554 nos

168 1571 257 1603 docet,
277 1571 327 1598 hoc
342 1571 443 1606 quippe
457 1578 556 1598 nomen
574 1572 600 1598 in
619 1572 699 1599 tertio
713 1571 869 1607 Regnorum
889 1573 960 1600 libro

170 1616 301 1650 scriptum
317 1621 368 1648 est,
394 1624 448 1643 non
463 1616 496 1643 de
517 1617 570 1644 alio
593 1617 713 1653 principe
728 1617 805 1653 Tyri,
823 1627 911 1653 neque
928 1619 961 1646 de

170 1669 309 1697 quoquam
323 1662 441 1695 homine,
457 1670 509 1689 non
523 1670 573 1690 nos
589 1663 706 1690 humana
726 1664 825 1691 docent
839 1665 960 1699 eloquia,

171 1707 218 1735 sed
236 1706 339 1740 divina,
364 1712 391 1734 et
413 1709 537 1742 quaedam
560 1708 716 1743 inell‘abilia,
740 1714 767 1736 et
791 1715 896 1737 sacrata
910 1710 962 1737 snb

171 1754 297 1788 personis
319 1753 473 1781 hominum.
490 1753 598 1781 Pharao
614 1755 695 1782 homo
717 1760 759 1782 est
773 1764 779 1782 :
793 1755 866 1782 aliud
880 1756 960 1790 quid-

172 1798 235 1825 dam
252 1798 363 1825 erudior
376 1798 524 1833 intelligere
542 1798 722 1826 Pharaonem.
745 1799 777 1826 Et
791 1799 875 1827 Nabal
893 1801 961 1828 Car-

171 1844 234 1872 meli
249 1845 331 1872 homo
342 1850 393 1877 est,
405 1849 430 1871 et
443 1844 533 1871 lliram
546 1845 638 1878 homo,
652 1845 697 1872 sed
713 1846 785 1873 aliud
798 1846 848 1873 sub
863 1854 960 1874 eorum

171 1891 269 1918 dnceor
284 1890 380 1926 cl’ligie.
396 1890 463 1923 Quis
483 1896 523 1918 est
540 1895 631 1918 tantus
646 1896 672 1918 et
687 1891 748 1919 talis
765 1892 810 1926 qui
826 1900 840 1919 a
861 1899 957 1927 corpo-

171 1937 275 1964 ralibus
289 1938 465 1968 conscendat,
479 1937 525 1971 qui
540 1945 554 1964 a
568 1937 721 1964 visibilibus
734 1937 880 1965 invisibilia
895 1945 962 1965 con-

171 1982 325 2018 templetur,
343 1987 370 2010 et
394 1982 480 2017 possit
500 1983 718 2017 unumquodque
740 1983 835 2010 horum
861 1991 962 2011 securi--

172 2028 236 2056 dum
255 2027 301 2056 Dei
315 2028 466 2063 intelligere
482 2028 668 2055 voluntatem?

207 2089 234 2116 Ξ.
255 2088 323 2121 Quis
347 2092 390 2115 est
405 2095 469 2122 ergo
488 2087 615 2122 princops
636 2087 686 2115 iste
704 2087 854 2120 discamus,
872 2093 902 2114 ut
916 2096 962 2115 co-

173 2139 334 2169 gnoscentes
348 2133 583 2167 lamentationem,
598 2133 679 2160 etiam
700 2134 773 2168 quod
789 2141 862 2161 nunc
881 2141 963 2168 super

172 2188 204 2207 ea
217 2180 326 2212 dicitur,
338 2179 482 2206 evitemus.
495 2179 636 2214 Plangitur
648 2179 774 2214 princeps
787 2179 860 2214 Tyri.
875 2179 962 2212 Quam

1011 934 1151 962 descendit
1166 942 1172 961 :
1192 932 1314 968 quotidie
1334 930 1479 958 multitudo
1494 929 1645 962 descendit,
1664 934 1692 956 et
1706 935 1805 954 ascen-

1011 981 1051 1008 dit
1073 987 1155 1014 super
1178 978 1276 1005 Filium
1299 977 1429 1004 hominis.
1450 975 1580 1002 Videbitis
1608 975 1684 1002 enim
1712 973 1808 1000 caelum

1012 1031 1143 1061 apertum,
1159 1030 1182 1052 et
1208 1024 1313 1059 angelos
1336 1023 1385 1050 Dei
1400 1021 1566 1049 ascendentes
1579 1024 1603 1047 et
1618 1019 1806 1047 descendentes

1011 1081 1088 1106 super
1102 1071 1202 1098 Filium
1214 1070 1327 1097 [lautitiis
1341 1069 1375 1095 “.
1390 1068 1423 1095 Et
1432 1072 1459 1095 tu
1471 1071 1598 1102 exspecta
1612 1065 1806 1093 ascensionem

1011 1123 1098 1146 tuam.
1113 1116 1231 1144 Tantum
1250 1124 1263 1142 a
1284 1115 1363 1142 ruina
1380 1122 1524 1149 consurge,
1538 1118 1565 1140 et
1578 1112 1642 1140 audi
1658 1119 1806 1145 :exsurge.

1010 1163 1173 1195 Jerusalem,
1197 1170 1212 1189 a
1237 1161 1314 1188 ruina
1333 1167 1388 1192 tua,
1407 1167 1486 1194 spera
1502 1159 1567 1194 quia
1583 1159 1621 1186 sis
1636 1165 1807 1184 ascensurus

1011 1211 1038 1237 in
1055 1210 1166 1242 coelum,
1188 1213 1214 1236 et
1228 1215 1293 1235 eave
1308 1214 1342 1234 ne
1357 1206 1403 1234 tibi
1419 1213 1528 1241 quoque
1543 1205 1651 1232 dicatur
1664 1204 1688 1219 ⁸³
1707 1214 1713 1231 ;
1733 1203 1807 1230 Nun-

1010 1254 1073 1290 quid
1088 1253 1133 1289 qui
1145 1253 1217 1280 cadit
1231 1260 1283 1278 non
1295 1251 1433 1286 resurget?
1452 1255 1497 1276 aut
1513 1257 1619 1276 aversus
1636 1256 1690 1275 non
1703 1257 1808 1275 cont-er-

1012 1300 1100 1327 tetur?
1116 1298 1163 1326 Va:
1178 1298 1224 1333 qui
1249 1301 1447 1325 convertuntur
1469 1295 1649 1323 conversione
1675 1295 1806 1328 pessima,

1011 1346 1078 1373 dicit
1101 1344 1243 1372 Dominus.
1268 1343 1301 1370 Et
1323 1343 1374 1370 iste
1399 1342 1490 1376 itaque
1511 1342 1544 1368 de
1560 1341 1602 1368 his
1618 1349 1693 1367 unus
1707 1345 1750 1367 est
1763 1339 1807 1374 qui

1013 1396 1136 1424 ruerunt,
1161 1395 1189 1418 et
1212 1390 1351 1425 plangitur
1377 1389 1411 1415 ab
1437 1388 1548 1415 homine
1575 1387 1717 1421 princeps,
1745 1393 1806 1413 cum

1013 1438 1138 1472 princeps
1151 1435 1288 1462 hominem
1300 1434 1364 1461 llere
1371 1433 1505 1460 debuerit.
1517 1432 1603 1459 Homo
1614 1437 1657 1458 est
1670 1431 1806 1464 Ezechiel,

1012 1489 1039 1510 et
1056 1483 1126 1510 ﬁlius
1150 1480 1289 1513 hominis;
1312 1479 1359 1514 qui
1377 1486 1441 1507 vero
1458 1479 1606 1514 plangitur,
1621 1477 1808 1505 Nabuchodo-

1015 1536 1096 1556 nosor
1108 1532 1150 1554 est
1163 1534 1209 1554 rex
1226 1526 1380 1562 Babylonis.
1393 1525 1492 1559 Accipe
1503 1529 1530 1551 ct
1542 1528 1569 1550 tu
1581 1524 1807 1551 lamentationem

1013 1579 1086 1602 tuam
1104 1580 1186 1607 super
1203 1580 1293 1607 regem
1306 1571 1464 1607 Babylonis,
1476 1574 1503 1598 et
1516 1570 1590 1597 dices
1605 1569 1627 1584 "
1643 1578 1651 1597 :
1668 1569 1808 1602 Quomodo

1011 1620 1108 1655 quievit
1123 1619 1167 1654 qui
1182 1617 1322 1652 repetebat,
1332 1622 1359 1644 et
1374 1616 1489 1651 reliqua.
1504 1615 1655 1643 Considera
1674 1616 1703 1641 in
1719 1623 1807 1650 quan-

1013 1672 1068 1693 tam
1090 1672 1165 1700 spem
1189 1669 1303 1691 vocatus
1318 1663 1368 1694 sis,
1383 1670 1399 1689 ο
1415 1663 1507 1694 homo,
1523 1662 1570 1696 qui
1586 1669 1670 1689 carne
1687 1662 1807 1689 circum-

1012 1713 1094 1739 tlatus
1110 1711 1178 1739 dicis
1194 1710 1236 1738 “z
1260 1710 1344 1743 Quasi
1371 1709 1413 1736 lac
1429 1717 1468 1735 me
1491 1708 1633 1741 cmulsisti,
1657 1708 1807 1743 coaguluin

1013 1763 1100 1785 autem
1116 1765 1155 1784 me
1172 1756 1206 1784 ad
1228 1755 1432 1783 similitudimen
1449 1754 1530 1787 casei,
1550 1759 1609 1780 cute
1633 1759 1658 1781 et
1681 1754 1806 1780 carnibus

1013 1813 1052 1831 me
1067 1804 1179 1837 uenisti,
1195 1802 1297 1830 ossibus
1312 1807 1336 1829 et
1350 1802 1435 1828 nervis
1450 1810 1489 1828 me
1504 1801 1655 1828 contexisti.
1679 1800 1722 1828 Tu
1744 1810 1808 1836 ergo

1012 1850 1059 1885 qui
1076 1849 1110 1876 de
1125 1848 1283 1876 conditione
1298 1852 1344 1874 tua
1361 1846 1484 1878 dolebas,
1502 1853 1564 1873 ecce
1580 1845 1698 1882 plangis,
1723 1850 1750 1873 et
1763 1846 1807 1872 ille

1013 1895 1060 1930 qui
1073 1902 1155 1922 carne
1171 1902 1226 1922 non
1240 1899 1282 1921 est
1294 1893 1490 1924 circumdatus,
1506 1900 1521 1919 a
1536 1897 1562 1919 te
1576 1892 1737 1926 plangitur;
1752 1894 1806 1919 Vo-

1013 1947 1091 1970 catus
1103 1949 1133 1968 es
1148 1941 1221 1968 enim
1234 1940 1262 1966 in
1274 1947 1335 1967 eam
1347 1946 1422 1974 spem
1435 1938 1468 1965 de
1483 1945 1537 1972 qua
1555 1937 1600 1964 ille
1612 1937 1723 1964 cecidit.
1740 1937 1807 1964 Peco

1014 1993 1077 2016 cato
1097 1987 1180 2015 Israel
1200 1985 1275 2013 salus
1292 1984 1418 2019 gentibus
1436 1983 1610 2011 subintravit.
1626 1982 1742 2010 Audeho
1754 1983 1806 2010 ali-

1014 2033 1079 2069 quid
1109 2032 1245 2060 saeratius
1273 2030 1363 2057 dicere
1379 2038 1386 2057 :
1402 2030 1428 2056 in
1453 2029 1543 2056 locum
1573 2028 1736 2063 angelorum
1760 2027 1806 2062 qui

1013 2085 1138 2113 ruerunt,
1159 2084 1187 2106 tu
1210 2085 1375 2106 ascensurus
1388 2085 1429 2110 es,
1446 2081 1473 2103 et
1490 2075 1650 2111 mysterium
1665 2075 1741 2110 quod
1757 2075 1808 2102 ali-

1014 2126 1124 2162 quando
1148 2126 1202 2152 illis
1225 2124 1358 2152 creditum
1373 2128 1424 2155 est,
1441 2123 1488 2150 tibi
1507 2122 1675 2150 credendum
1693 2123 1756 2155 erit,
1773 2122 1805 2148 de

1014 2181 1069 2208 quo
1085 2172 1185 2200 dicitur
1200 2171 1221 2187 ⁵⁵
1236 2181 1241 2197 :
1258 2171 1396 2203 Quomodo
1413 2169 1505 2196 cecidit
1524 2167 1642 2202 Lucifer,
1667 2169 1714 2203 qui
1732 2177 1806 2194 mane

173 2225 263 2253 bonus
279 2225 362 2258 Deus,
385 2226 432 2260 qui
452 2226 534 2253 etiam
548 2212 595 2253 eos
609 2212 655 2260 qui
671 2232 700 2252 se
716 2212 892 2259 negaverunt,
916 2226 963 2252 de-
980 2229 1001 2255 D
1016 2217 1169 2260 oriebatur?
1183 2215 1223 2243 'l'u
1237 2223 1301 2242 vero
1317 2216 1361 2242 lux
1380 2214 1470 2241 factus
1483 2221 1512 2240 es
1529 2212 1634 2244 mutuli,
1652 2217 1679 2239 tu
1699 2219 1748 2246 pro
1762 2212 1806 2238 illo

172 2272 235 2299 ﬂet!
261 2271 294 2299 Et
315 2272 367 2299 hoc
386 2272 458 2299 venit
475 2272 557 2299 etiam
579 2279 611 2298 ex
629 2271 730 2297 amoris
753 2270 861 2298 allecto.
877 2269 962 2298 Nemo

172 2318 273 2352 quippe
291 2317 395 2352 plangit
411 2325 493 2353 quem
508 2317 580 2350 odit;
593 2320 621 2344 et
633 2317 680 2351 qui
695 2316 844 2352 plangitur,
858 2318 962 2353 plangi-

173 2368 218 2391 tur
232 2365 341 2399 quidem
360 2369 390 2391 ut
410 2370 553 2400 mortuus,
574 2371 668 2390 verum
686 2364 765 2398 quasi
780 2364 870 2391 adhuc
886 2373 961 2398 qutu-

173 2415 260 2444 ratur,
276 2410 356 2445 quasi
371 2410 439 2437 vivis
452 2409 589 2436 desiderio
606 2409 651 2443 sit,
663 2410 794 2444 diligitur.
808 2410 840 2437 Et
851 2409 963 2438 Jerusa-

172 2457 224 2484 lem
236 2456 346 2490 quando
359 2455 496 2490 plangitur
506 2455 636 2490 scriptum
650 2461 691 2484 est
704 2456 725 2472 "
743 2465 748 2483 :
767 2456 799 2484 Et
812 2457 912 2491 factum
924 2462 962 2484 est

171 2507 311 2538 postquam
331 2506 425 2536 captus
446 2506 484 2528 est
507 2499 604 2534 Israel,
620 2506 644 2528 et
662 2502 782 2528 desolata
799 2508 837 2529 est
849 2502 962 2529 Jerusa-

171 2549 233 2581 lem,
244 2548 309 2575 redit
321 2547 453 2575 Jerentias
466 2548 532 2582 ﬂens
545 2553 568 2574 et
584 2548 732 2575 lamenteris
745 2548 961 2575 lamentationem

173 2596 254 2622 istam
267 2602 346 2628 super
358 2592 518 2626 Jerusalem,
536 2597 561 2620 et
581 2594 618 2621 ait
634 2601 643 2620 .'
659 2593 795 2626 Quomodo
818 2602 844 2620 se
856 2595 887 2620 'et
905 2593 962 2620 sola

173 2640 265 2668 civitas
282 2648 341 2675 quin
357 2639 475 2666 abundat
490 2641 593 2674 populis
605 2648 614 2666 .'
628 2641 699 2675 facta
713 2645 751 2666 est
765 2645 792 2666 ut
810 2640 887 2667 vidua
904 2648 962 2675 qua:

173 2685 351 2720 multiplicata
363 2690 419 2712 erat
432 2686 459 2712 in
476 2685 627 2712 nationibus
647 2694 656 2712 :
673 2686 791 2720 princeps
807 2686 832 2712 in
850 2686 961 2721 regioni-

174 2731 222 2758 bus
242 2731 313 2763 facta
328 2737 366 2758 est
381 2732 407 2758 in
424 2731 562 2758 tributum.
584 2731 726 2766 Plangitur
739 2736 765 2758 ct
780 2731 962 2759 Nabuchodo-

173 2785 267 2805 nosor.
290 2777 338 2804 Ubi
359 2783 422 2805 sunt
437 2778 573 2805 haereses?
592 2778 636 2805 ubi
654 2782 717 2805 sunt
738 2778 784 2812 qui
800 2779 876 2805 aiunt
895 2778 963 2806 istos

193 2824 215 2839 “
233 2823 310 2851 Joan.
324 2832 384 2856 χιιι,
400 2825 444 2851 '27.
479 2825 501 2840 ³⁵
519 2825 589 2853 [‘sal.
602 2834 697 2856 cum.
717 2826 740 2858 l,
756 2826 783 2853 2.

176 2860 196 2874 "
214 2858 294 2885 Joan.
316 2867 334 2890 t,
350 2861 395 2886 51.
446 2863 465 2876 ³³
481 2860 581 2888 Jeretn.
599 2869 655 2894 \'tt|,
676 2862 700 2888 μί.

443 2863 466 2898 fi
481 2860 581 2888 Jeretn.
599 2869 655 2894 \'tt|,
676 2854 700 2888 »ίξ
735 2854 761 2878 ’³³
777 2854 828 2889 lsa.
850 2870 902 2894 xiv,
920 2861 947 2887 .l.

175 2894 197 2909 ⁸⁷
212 2895 220 2921 l
236 2894 302 2922 (lor.
318 2903 362 2927 xv,
379 2895 423 2927 -Η,
442 2896 481 2923 i2.

833 2828 853 2842 ³⁷
871 2826 972 2853 Thren.
991 2834 1009 2858 t,
1028 2826 1050 2852 Ι.

988 2862 1009 2876 δ’
1023 2860 1073 2887 Job
1104 2869 1129 2894 Χ,
1149 2861 1189 2891 10,
1205 2860 1244 2886 ll.

1015 2255 1145 2291 laetus‘es
1157 2261 1265 2289 Lucifer
1282 2270 1288 2288 :
1307 2268 1377 2287 unus
1396 2260 1429 2287 de
1444 2259 1529 2286 stellis
1546 2263 1606 2284 erat
1629 2257 1739 2285 Lucifer
1760 2258 1804 2293 qui

1014 2309 1048 2336 de
1062 2308 1131 2336 coslo
1143 2307 1207 2339 ruit,
1223 2311 1250 2334 et
1261 2311 1300 2338 tu,
1312 2306 1334 2332 si
1347 2311 1436 2332 tamen
1448 2304 1482 2331 de
1493 2303 1597 2331 semine
1609 2311 1640 2330 es
1656 2304 1804 2335 Abraham,

1014 2353 1085 2380 inter
1099 2352 1191 2380 stellas
1207 2351 1269 2378 caeli
1286 2349 1501 2384 compntaberis.
1515 2347 1616 2374 Eduxit
1631 2348 1707 2375 enim
1721 2348 1806 2374 Atua-

1015 2400 1077 2426 ham
1093 2398 1177 2430 l'oras,
1191 2401 1218 2425 et
1229 2398 1297 2424 dixit
1307 2396 1331 2423 ei
1347 2395 1418 2423 Deus
1425 2395 1448 2411 ³⁵
1460 2404 1466 2422 :
1480 2393 1596 2429 Respice,
1608 2394 1647 2420 sic
1657 2394 1710 2420 erit
1720 2402 1805 2420 semen

1015 2451 1098 2472 tuum.
1117 2444 1172 2471 lloc
1190 2448 1279 2471 autem
1296 2448 1361 2469 tunc
1377 2443 1440 2473 erit,
1466 2442 1575 2476 quando
1598 2440 1683 2468 stellae
1710 2440 1807 2467 cadent

1015 2497 1045 2518 ιιι
1065 2490 1128 2517 folia
1152 2490 1185 2517 de
1208 2489 1288 2520 co-lo,
1315 2492 1342 2515 et
1366 2487 1418 2514 erit
1439 2487 1495 2513 alia
1512 2487 1596 2521 gloria
1616 2486 1695 2520 solis,
1710 2491 1733 2512 et
1751 2485 1806 2511 alia

1014 2538 1100 2573 gloria
1124 2537 1205 2568 luna',
1232 2535 1288 2562 alia
1312 2534 1397 2569 gloria
1413 2533 1561 2560 stellarum.
1581 2532 1667 2560 Stella
1689 2532 1759 2559 enim
1774 2530 1805 2557 ab

1015 2583 1092 2611 stella
1110 2583 1199 2616 di/I‘ert
1219 2582 1246 2608 in
1268 2581 1401 2613 claritate,
1418 2580 1456 2606 sic
1470 2584 1494 2606 et
1515 2579 1674 2606 resurrectio
1689 2583 1807 2604 mortuo-

1015 2629 1118 2656 rum”.
1147 2627 1246 2655 Verum
1272 2627 1326 2653 noli
1352 2625 1462 2661 gloriari
1486 2625 1632 2652 adversum
1651 2623 1805 2651 istiusmodi

1016 2684 1118 2708 ramos,
1133 2675 1179 2710 qui
1195 2675 1221 2702 in
1240 2674 1397 2701 inﬁdelitate
1412 2672 1579 2702 ceciderunt,
1593 2675 1621 2698 et
1633 2671 1712 2698 fracti
1725 2675 1805 2698 sunt:

1015 2727 1043 2748 tu
1060 2721 1124 2757 quia
1151 2721 1177 2747 in
1196 2719 1247 2747 ﬁde
1264 2724 1331 2751 stas,
1349 2719 1400 2746 tlde
1417 2722 1444 2745 et
1469 2718 1609 2745 ascendes.
1634 2715 1666 2743 Et
1687 2724 1735 2750 per
1754 2715 1807 2743 hoc

1016 2767 1088 2802 quod
1106 2766 1210 2802 plangis
1234 2765 1384 2800 principem
1400 2763 1475 2800 Tyri,
1492 2768 1518 2790 et
1540 2770 1572 2789 ea
1592 2770 1655 2789 eum
1675 2762 1807 2788 lamenta-

1103 2825 1125 2840 ³⁸
1142 2824 1194 2852 Isa.
1217 2833 1272 2857 xw,
1289 2824 1314 2851 ti.
1363 2824 1384 2839 ³³
1399 2823 1476 2853 ibid.,
1503 2822 1544 2848 li.
1593 2821 1616 2836 "
1632 2819 1698 2857 [.uc.
1718 2829 1745 2852 ι,

1299 2860 1320 2874 ⁸⁸
1339 2859 1389 2886 lsa.
1417 2866 1471 2890 xtv,
1493 2858 1533 2884 li.
1587 2856 1608 2870 “
1627 2855 1695 2883 Gen.
1717 2864 1761 2888 xv,
1778 2855 1805 2883 5.
