1882 3052
87 143 138 173 761

787 145 928 173 llOlllLIA
949 145 1016 172 Xlll.

1665 144 1718 171 762

87 206 163 232 tione
180 205 309 240 deploras
334 213 395 239 qua:
418 205 545 240 superius
569 204 793 240 interposuimus,
814 205 880 233 edo-
895 206 916 233 Α
932 203 981 230 Ubi
998 203 1044 230 Dei
1058 207 1100 231 est
1114 203 1283 231 similitudo?
1297 202 1363 230 Cum
1382 202 1556 237 apparuerit,
1577 201 1676 229 similes
1693 204 1719 230 ei

85 259 150 279 cere
172 259 207 279 ne
230 250 300 279 forte
321 251 348 278 in
375 251 418 279 his
435 251 515 279 bonis
537 255 662 286 repertus
677 259 737 286 quae
754 251 879 286 princeps

85 297 153 333 Tyri
169 296 276 331 habuit,
298 297 379 325 etiam
406 302 433 324 tu
452 297 565 332 incipias
587 306 676 331 ruere,
699 298 722 325 si
739 298 877 333 paululum

86 342 174 371 fueris
194 343 336 379 gloriatus,
358 349 384 371 et
402 352 454 370 non
478 344 640 371 custodieris
661 343 736 371 omni
756 343 879 371 custodia

85 397 136 417 cor
162 394 251 417 tuum.
278 388 346 416 Vide
374 389 473 424 quippe
487 389 564 424 ‘quid
582 390 656 417 dicat
674 390 707 417 ad
730 390 877 425 principem

86 434 164 470 Tyri.
193 433 231 461 Tu
259 434 424 469 signaculum
451 435 635 462 similitudinis
646 435 678 462 ⁸⁸.
709 435 776 462 Volo
798 444 879 463 nosse

84 481 154 515 quid
171 480 262 509 fuerit.
278 485 307 507 ut
322 480 492 515 signaculum
506 480 691 508 similitudinis
705 485 879 515 nuncupatus

83 526 132 553 sit.
145 525 214 553 Cum
231 525 389 560 profeceris,
407 526 533 560 accepisti
548 526 734 560 signaculum;
748 526 877 561 quoniam

83 569 160 598 Deus
173 578 236 597 vere
250 570 333 605 hujus
355 570 435 597 Pater
457 578 538 605 quem
567 571 684 606 signavit
707 577 734 599 et
751 572 835 603 misit.
851 576 878 599 et

85 615 150 642 ideo
177 623 284 650 semper
308 616 451 643 credentes
476 616 617 650 signantur
632 624 647 643 a
663 616 787 644 Domino.
816 616 877 643 Iam

85 665 179 687 autem
198 665 224 687 et
238 668 382 687 commune
398 661 570 695 proverbium
585 661 669 694 venit,
685 665 714 688 ut
727 662 849 689 dicamus
869 672 875 689 :

83 706 131 733 ille
142 711 169 733 et
185 706 229 733 ille
244 714 296 733 non
309 707 412 741 accepit
423 707 604 742 signaculum,
614 713 640 734 et
650 708 693 735 ille
707 708 875 743 signaculum

83 751 177 778 habet.
194 751 261 784 Quis
282 752 363 779 habet
385 752 577 787 signaculum?
597 753 641 780 ille
660 761 741 786 quem
760 754 877 789 signavit

83 796 169 824 Deus.
193 797 306 824 Audebo
331 798 433 833 aliquid
459 799 559 831 dicere,
578 799 642 834 quia
659 800 799 835 signaculo
824 801 877 827 isto

83 843 130 870 ilie
149 844 272 879 signatus
299 849 350 878 est,
379 844 425 879 qui
451 844 570 879 baptizat
595 845 622 871 in
649 845 751 880 Spiritu
781 851 876 874 sancto

82 893 111 915 et
130 888 202 923 igne,
230 889 275 916 ille
300 889 346 924 qui
370 889 485 925 largitur
505 890 650 926 imaginem
674 891 802 922 cwlestis,
829 892 876 926 qui

84 934 187 961 format
220 938 246 961 te
280 935 312 961 ad
346 935 509 970 superiora,
539 940 568 962 ut
597 936 668 963 ultra
700 944 755 963 non
783 942 876 971 portes

83 978 232 1013 imaginem
256 981 401 1008 terrestris.
432 981 522 1014 Cave,
552 981 650 1015 homo,
679 990 712 1008 ne
745 983 874 1010 saeculum

81 1024 167 1062 403
187 1026 257 1053 istud
270 1027 420 1061 egrediens,
436 1027 577 1062 signaculo
590 1027 690 1055 diaboli
705 1029 743 1055 sis
759 1029 876 1063 impres-

83 1076 144 1095 sus.
163 1070 248 1098 liabet
263 1071 362 1106 quippe
386 1071 430 1098 ille
447 1072 627 1106 signaculum.
655 1072 740 1100 Sicuti
755 1075 874 1108 portavi-

84 1123 146 1141 mus
163 1116 307 1150 imaginem
326 1118 458 1144 terrestris
479 1118 512 1149 δί’,
529 1117 619 1150 unde’,
639 1119 679 1145 vel
697 1113 817 1153 qtiando,
834 1120 875 1146 vel

83 1161 133 1196 qui
154 1160 332 1194 signiticavit,
349 1161 402 1189 hoc
418 1163 496 1197 signo
509 1163 707 1197 portaverimus
728 1164 873 1199 imaginem

86 1206 237 1234 terrestris.
253 1206 356 1234 Circuit
373 1208 498 1235 diabolus
512 1212 538 1235 et
553 1209 651 1236 lustrat
665 1209 768 1241 omnia,
782 1210 874 1237 volens

84 1257 114 1279 et
134 1253 193 1286 ipse
214 1252 321 1287 signare
339 1254 475 1288 subjectos
501 1254 563 1281 sibi.
587 1254 682 1290 Signat
705 1260 794 1282 autem
817 1256 874 1283 sin-

85 1299 216 1330 gulorum
244 1300 326 1326 corda
353 1300 545 1334 considerans,
570 1305 596 1328 et
623 1301 754 1335 imprimit
781 1302 807 1328 in
834 1303 874 1329 eis

84 1343 205 1378 ﬁguram
232 1345 330 1372 terreni
354 1353 400 1380 per
415 1351 525 1380 peccata
537 1366 545 1378 ,
567 1354 614 1381 per
628 1347 702 1380 vitia,
723 1352 751 1374 ut
766 1352 874 1382 portent

83 1390 234 1425 imaginem
258 1391 404 1419 terrestris.
425 1391 494 1419 Audi
513 1391 605 1419 Jesum
622 1393 684 1427 quid
699 1394 872 1428 respondeat,

83 1435 199 1470 quando
228 1436 372 1470 imagian
398 1442 424 1463 et
445 1437 649 1471 inscriptionem
681 1438 797 1466 Caesaris
823 1447 872 1474 po-

85 1481 207 1508 stulatur
223 1491 229 1508 :
244 1482 295 1514 Qui
312 1481 389 1508 liabet
407 1490 483 1509 aures
500 1483 635 1515 audiendi,
653 1484 743 1510 audiat
755 1484 787 1511 ⁵ο.
804 1484 871 1511 Natu

83 1526 152 1561 quia
175 1534 228 1553 non
246 1527 362 1554 habebat
381 1535 439 1555 eam
461 1528 605 1563 imaginem
619 1537 700 1564 quam
719 1530 870 1564 petebatur,
887 1547 907 1575 ε

85 1580 178 1607 neque
193 1572 259 1607 ipse,
276 1581 362 1608 neque
377 1574 526 1608 discipulus
539 1582 617 1607 suus,
633 1576 710 1602 docet
724 1576 768 1602 uhi
785 1576 874 1603 valent

84 1618 203 1652 reperiri
226 1617 315 1652 imago
330 1627 390 1654 qua:
404 1620 533 1654 quan-itur
548 1630 554 1647 :
577 1619 661 1653 Vade,
685 1621 774 1654 inquit
791 1621 825 1653 “,
839 1622 872 1648 ad

84 1671 171 1696 mare,
195 1668 220 1690 et
241 1664 314 1690 mitte
333 1665 450 1696 hamum,
472 1670 497 1691 et
518 1674 575 1692 eum
596 1666 692 1700 piscem
715 1667 760 1701 qui
773 1668 874 1702 primus

85 1710 247 1743 ascenderit,
271 1710 343 1743 tolle,
359 1715 383 1738 et
402 1712 501 1745 aperies
521 1720 550 1739 οδ
565 1713 637 1747 ejus;
656 1719 752 1740 etcum
772 1714 874 1740 invene-

85 1756 124 1782 ris
146 1760 288 1788 staterem,
313 1756 374 1783 tolle
396 1756 491 1789 illum,
517 1763 541 1785 et
567 1758 642 1786 dabis
663 1767 710 1793 pro
733 1767 773 1786 me
794 1765 817 1786 et
839 1764 872 1786 te.

84 1800 181 1836 Neque
196 1809 246 1837 ego
259 1802 344 1830 habeo
361 1803 432 1830 hanc
456 1803 601 1840 imaginem
621 1809 648 1832 et
666 1805 874 1840 superscriptio-

85 1855 162 1880 nem,
177 1855 266 1882 neque
285 1852 330 1881 tu;
351 1849 371 1876 si
387 1854 476 1876 tamen
496 1858 558 1877 vere
570 1851 718 1886 discipulus
735 1859 813 1879 meus
832 1859 872 1884 es,

86 1894 111 1921 si
132 1898 217 1928 porta:
240 1895 387 1923 inferorum
418 1905 471 1923 non
494 1897 640 1931 praevalent
665 1898 809 1925 adversum
836 1902 871 1925 te.

84 1938 160 1974 Ergo
177 1938 257 1967 Jesus
265 1940 344 1968 aliter
354 1940 400 1968 dat
412 1949 460 1976 pro
471 1949 501 1969 se
512 1942 658 1977 imaginem
669 1941 703 1969 de
714 1942 781 1969 mari
798 1942 873 1969 illam

84 1985 237 2019 accipiens.
261 1995 322 2021 qua:
335 1987 361 2014 in
376 1987 451 2022 pisce
476 1987 563 2015 luerat
585 1989 699 2021 inclusa,
716 1989 813 2017 similis
832 1989 873 2016 his

83 2031 208 2067 piscibus
216 2032 249 2060 de
257 2033 357 2067 quibus
370 2033 449 2061 hodie
462 2034 560 2062 lectum
572 2039 623 2067 est,
637 2035 683 2070 qui
696 2035 835 2062 adhaerent
845 2035 872 2062 in

84 2079 212 2112 squamis
225 2078 352 2106 draconis
366 2079 412 2113 qui
430 2079 504 2106 Sedet
524 2087 606 2113 super
624 2079 736 2107 llumina
751 2079 870 2115 Aigypti.

86 2123 159 2151 Vere
171 2124 270 2158 quippe
283 2123 438 2152 istiusmodi
453 2125 541 2159 pisces
552 2125 589 2151 ibi
606 2125 754 2152 adhaerent.
771 2125 871 2158 Quanti

84 2174 114 2198 et
133 2170 215 2197 hodie
235 2170 324 2205 pisces
349 2174 411 2198 sunt
434 2178 550 2204 quorum
574 2177 620 2198 rex
640 2175 681 2198 est
701 2170 752 2197 iste
772 2171 819 2205 qui
845 2170 871 2197 in

931 251 1039 282 erimus,
1054 251 1178 286 quoniam
1193 249 1336 277 videbimus
1348 257 1407 277 eum
1420 250 1501 276 sicuti
1511 254 1549 276 est
1560 249 1595 276 ".
1610 248 1664 284 Ego
1680 249 1721 277 sic

931 297 1034 332 accipio
1058 297 1150 324 ethoc
1171 296 1244 331 quod
1268 297 1369 323 dicitur
1393 295 1556 330 aPropheta
1570 294 1610 322 ’δε
1638 294 1716 327 Deus,

933 343 990 376 quis
1015 342 1112 369 similis
1130 342 1198 369 tibi?
1215 342 1292 376 quasi
1320 341 1385 368 illud
1398 341 1422 357 ⁸⁸
1436 350 1442 368 :
1459 340 1525 373 Quis
1536 345 1615 375 putas
1629 339 1718 374 ﬁdelis

930 392 953 414 et
975 388 1079 422 sapiens
1104 388 1290 422 dispensator?
1314 387 1385 414 sicut
1410 391 1438 414 et
1456 386 1508 413 hoc
1526 394 1533 413 :
1557 386 1623 413 Cum
1645 385 1716 412 enim

929 434 1093 468 apparuerit,
1116 433 1215 460 similes
1234 433 1258 460 ei
1282 434 1391 460 erimus.
1423 432 1491 465 Quis
1514 437 1556 459 est
1576 432 1622 466 qui
1646 432 1717 459 assi-

931 479 1040 505 miletur
1061 478 1109 506 ei'!
1135 478 1218 506 Pauci
1242 478 1388 505 admodum
1410 482 1476 505 sunt
1496 478 1542 512 qui
1558 482 1718 512 receperunt

930 523 1136 551 similitudinem
1161 529 1189 550 ιιι
1210 523 1337 558 apostoli.
1364 522 1508 549 Faciamus
1529 522 1659 549 hominem
1682 523 1716 549 ad

929 569 1071 604 imaginem
1090 575 1114 596 et
1131 569 1333 596 similitudinem
1361 574 1489 595 nostram.
1514 568 1567 596 Iste
1584 576 1649 603 ergo
1669 568 1716 603 qui

929 622 1001 642 nunc
1018 615 1165 650 plangitur,
1181 614 1350 649 signaculum
1371 619 1438 647 erat,
1457 618 1484 641 et
1497 614 1593 648 plenus
1609 614 1716 648 sapien-

930 660 965 687 tia
980 681 987 692 ,
1004 668 1084 694 quem
1102 664 1129 687 et
1142 665 1169 687 tu
1184 660 1295 694 planges
1306 681 1313 694 ,
1333 660 1357 687 si
1374 659 1461 687 factus
1478 659 1562 686 fueris
1578 659 1714 687 Ezechiel.

928 705 1026 732 Nescio
1042 710 1130 732 autem
1151 706 1174 732 si
1192 711 1217 732 et
1235 709 1262 732 tu
1282 705 1412 740 sapientia
1433 706 1530 739 plenus
1550 704 1635 732 fueris
1651 714 1656 732 :
1674 705 1717 732 iit--

929 751 1007 777 terim
1033 750 1084 778 iste
1108 751 1154 785 qui
1178 750 1334 785 plangitur,
1367 751 1464 785 plenus
1489 755 1547 777 erat
1571 750 1715 784 sapientia.

928 799 955 822 et
975 800 1033 822 erat
1048 796 1155 823 decoris
1179 803 1292 822 corona.
1304 795 1453 822 Considera
1465 795 1552 830 qualis
1564 794 1653 827 fuerit,
1668 794 1716 829 qui

929 841 981 868 fuit
995 849 1093 869 corona
1107 841 1225 868 decoris.
1238 840 1295 868 Non
1307 840 1465 875 simpliciter
1474 841 1566 873 decor,
1574 848 1622 867 nec
1631 841 1715 875 gloria

892 880 913 906 Β
927 892 985 914 erat
1000 887 1026 913 in
1042 894 1086 919 eo,
1101 886 1147 914 sed
1162 894 1263 914 corona
1276 886 1377 920 gloriae.
1392 885 1469 913 llunc
1484 891 1574 912 autem
1590 885 1714 912 decorem

926 933 982 959 noli
1000 937 1078 960 extra
1102 937 1127 959 te
1139 939 1271 967 quaerere,
1287 931 1334 958 sed
1350 931 1423 959 circa
1444 931 1542 958 animm
1563 931 1714 966 regionem,

926 978 973 1006 ubi
997 978 1200 1012 cogitatorium,
1225 977 1271 1004 ubi
1300 977 1482 1005 intellectuale
1511 977 1647 1010 consistit,
1669 977 1715 1004 ubi

926 1030 990 1051 vera
1005 1028 1047 1050 est
1060 1023 1245 1058 pulchritudo.
1263 1022 1340 1055 Quod
1362 1022 1385 1049 si
1401 1022 1521 1049 volueris
1543 1022 1581 1049 ibi
1594 1029 1715 1056 quaerere

925 1068 1051 1096 decorem
1070 1068 1116 1095 ubi
1130 1076 1194 1095 caro
1208 1071 1259 1100 est,
1278 1072 1305 1095 et
1318 1068 1441 1103 sanguis,
1458 1068 1569 1100 humor,
1584 1073 1611 1095 et
1627 1075 1713 1098 venae.

925 1115 972 1142 ubi
996 1115 1109 1142 materia
1136 1114 1297 1148 corporalis,
1327 1121 1381 1140 non
1408 1114 1510 1149 poteris
1535 1113 1666 1141 invenire.
1686 1114 1714 1140 Si

924 1161 1033 1196 quidem
1048 1168 1128 1188 verus
1147 1160 1229 1187 decor
1247 1161 1273 1186 in
1291 1159 1432 1186 Salvatore
1447 1163 1498 1191 est,
1515 1164 1542 1187 et
1559 1159 1595 1186 ita
1613 1160 1646 1186 ab
1665 1159 1712 1186 illo

922 1206 999 1242 juxta
1014 1207 1183 1241 largitionem
1199 1211 1226 1233 et
1245 1206 1460 1233 misericordiam
1476 1205 1536 1240 ejus
1554 1206 1581 1232 in
1600 1209 1714 1232 cuncto-

925 1261 985 1279 rum
1001 1252 1104 1280 divisus
1128 1256 1169 1279 est
1190 1251 1306 1279 animas.
1332 1252 1474 1287 Accingere
1497 1251 1616 1286 gladium
1639 1257 1714 1277 tuum

924 1299 995 1326 circa
1012 1300 1097 1334 femur
1113 1303 1197 1329 tuum,
1213 1298 1403 1333 potentissime,
1417 1298 1501 1332 specie
1512 1302 1568 1330 tua,
1580 1302 1604 1323 et
1621 1298 1713 1324 decore

925 1350 979 1377 tuo,
995 1350 1018 1372 et
1034 1343 1230 1379 pulchritudine
1244 1348 1288 1369 tua
1301 1343 1335 1369 ".
1351 1342 1399 1369 Est
1419 1342 1502 1377 igitur
1516 1342 1615 1376 aliquis
1631 1342 1712 1369 decor

923 1391 950 1418 in
962 1390 1105 1426 principali
1121 1389 1212 1417 cordis
1226 1389 1323 1421 nostri,
1338 1392 1363 1415 et
1380 1388 1406 1415 in
1421 1388 1522 1415 anima.
1539 1387 1607 1420 Quia
1621 1393 1711 1414 autem

924 1436 1077 1463 istiusmodi
1102 1436 1185 1462 decor
1205 1435 1288 1461 etiattt
1310 1434 1343 1461 ad
1363 1434 1481 1460 animatn
1501 1433 1636 1468 perlingat
1661 1433 1711 1459 hu-

924 1489 1045 1513 manam,
1061 1481 1209 1515 Prophetes
1223 1485 1249 1507 te
1263 1480 1369 1512 doceat,
1382 1479 1476 1506 dicens
1488 1479 1510 1494 ⁵⁷
1523 1488 1528 1505 :
1544 1479 1625 1511 Audi,
1643 1478 1712 1513 ﬁlia,

923 1533 948 1555 et
962 1527 1029 1559 vide,
1042 1531 1066 1553 et
1081 1527 1180 1553 inclina
1196 1534 1287 1552 aurem
1305 1530 1389 1558 tuam,
1407 1529 1431 1552 et
1446 1524 1596 1551 obliviscere
1611 1525 1713 1557 populi,

925 1578 949 1600 et
972 1573 1065 1600 domus
1090 1573 1174 1602 patris
1197 1572 1251 1603 tui,
1270 1572 1332 1607 quia
1356 1571 1503 1605 concupivit
1527 1577 1573 1596 rea;
1595 1573 1714 1597 decorem

926 1623 1010 1650 tuum,
1029 1617 1055 1644 id
1080 1621 1122 1644 est
1143 1624 1271 1651 sponsus.
1310 1615 1376 1648 Quis
1405 1615 1441 1641 ita
1464 1615 1544 1641 habet
1575 1614 1711 1647 puichram

925 1663 1056 1695 animam,
1077 1663 1139 1698 quis
1160 1667 1264 1689 tantum
1289 1661 1410 1696 possidet
1433 1660 1572 1692 decorem,
1593 1659 1652 1693 quis
1677 1659 1712 1685 ita

924 1713 966 1737 est
986 1714 1132 1736 extraneus
1152 1709 1186 1735 ab
1204 1708 1279 1734 omni
1302 1707 1434 1739 nuditate,
1453 1711 1482 1732 ut
1497 1706 1582 1740 possit
1599 1705 1624 1732 ei
1640 1704 1710 1731 dici:

925 1754 1079 1788 Concupivit
1097 1761 1142 1780 rea:
1153 1753 1272 1779 decorent
1293 1752 1391 1778 tuum?
1408 1751 1440 1777 Et
1457 1755 1483 1777 tu
1500 1750 1609 1785 quidem
1624 1750 1714 1777 adhuc

926 1799 1007 1827 istum
1033 1799 1133 1834 quatris
1149 1799 1291 1830 decorem,
1309 1803 1335 1824 et
1357 1796 1452 1823 niteris
1471 1796 1505 1822 ad
1529 1795 1711 1830 placendum;

924 1845 976 1872 iste
993 1852 1056 1872 vero
1078 1853 1093 1871 a
1112 1844 1210 1871 decore
1227 1850 1307 1877 quem
1325 1842 1439 1873 habuit,
1466 1842 1492 1867 itt
1516 1840 1712 1876 turpitudinem

925 1890 1053 1919 concidit.
1072 1889 1106 1917 Et
1118 1888 1259 1924 quomodo
1278 1888 1305 1914 in
1323 1887 1484 1923 corporibus
1501 1894 1573 1922 saepe
1589 1887 1714 1914 videmus

924 1937 1064 1970 accidere,
1089 1942 1117 1964 ut
1140 1935 1238 1963 mulier
1264 1935 1387 1969 speciosa
1412 1938 1440 1961 et
1454 1933 1567 1968 pulchra
1591 1932 1660 1960 facie
1678 1933 1712 1960 ab

924 1983 1099 2019 aegrotatione
1116 1983 1242 2009 decorem
1263 1988 1344 2008 suum
1360 1979 1465 2014 perdat,
1481 1983 1509 2006 et
1524 1986 1573 2013 per
1587 1982 1713 2006 senectu-

925 2035 977 2057 tem
1003 2029 1175 2064 splendorem
1198 2027 1292 2055 vultus
1313 2026 1420 2052 amittat
1439 2033 1446 2051 :
1466 2025 1561 2052 eodetn
1586 2025 1666 2051 modo
1685 2030 1713 2052 et

923 2084 984 2111 quae
1007 2076 1119 2111 pulchra
1140 2079 1214 2107 erat,
1236 2081 1282 2108 per
1304 2071 1489 2099 inlirmitatem
1516 2071 1619 2098 amittit
1634 2070 1719 2097 deco—

924 2131 999 2156 rem,
1019 2127 1045 2150 et
1063 2129 1110 2156 per
1131 2124 1298 2148 senectutem
1325 2119 1456 2147 deformis
1487 2117 1612 2145 ellicitur.
1644 2116 1712 2143 Cum

922 2169 994 2196 etaim
1020 2167 1169 2202 susceperit
1191 2173 1308 2194 veterem
1334 2165 1470 2192 hominem
1500 2171 1562 2191 cum
1597 2163 1704 2191 actibus

83 2215 167 2250 aquis
188 2216 282 2243 multis
305 2216 416 2250 regnat?
434 2215 569 2250 Scriptum
592 2220 634 2243 est
655 2216 755 2250 quippe
777 2216 810 2242 de
832 2215 873 2242 in-
890 2213 911 2240 ι)
926 2215 983 2243 suis
997 2235 1004 2246 ,
1033 2217 1172 2241 senectute
1202 2212 1261 2247 ejus
1291 2212 1436 2247 pristinutn
1460 2213 1549 2248 perdit
1574 2212 1713 2239 decorem.

83 2259 187 2287 visibili
201 2259 329 2291 dracone,
346 2260 409 2295 quia
425 2261 481 2295 ipse
496 2268 544 2287 rex
561 2261 596 2287 sit
609 2261 732 2287 omnium
748 2260 794 2295 qui
810 2265 874 2288 sunt

85 2306 114 2333 in
135 2305 236 2340 aquis;
267 2313 362 2332 verum
386 2310 413 2332 tu
435 2313 490 2332 non
515 2313 545 2333 es
567 2306 594 2332 in
611 2306 705 2340 aquis,
724 2306 771 2334 sed
797 2306 824 2332 in
841 2313 871 2333 ea

84 2353 159 2376 terra
170 2356 231 2383 qua:
247 2349 296 2376 tibi
313 2350 522 2384 repromittitur.
544 2343 578 2377 Et
592 2350 649 2377 hzec
663 2350 735 2378 dicta
752 2355 827 2384 sunt,
844 2355 873 2378 ut

83 2394 244 2429 diligentius
270 2395 464 2422 ventilaremus
492 2395 566 2431 quod
586 2395 622 2422 sit
644 2396 814 2430 signaculum
835 2396 873 2423 si-

86 2439 261 2467 militudinis.
278 2438 364 2472 Quam
386 2439 482 2467 beatus
497 2439 549 2467 fuit
571 2440 597 2467 in
622 2439 668 2466 illo
683 2443 805 2475 tempore
817 2448 872 2476 quo

83 2485 260 2520 signaculum
285 2485 471 2513 similitudinis
496 2490 564 2513 erat.
600 2486 659 2513 Tibi
687 2486 776 2514 adhuc
797 2487 872 2514 deest

85 2535 116 2558 ut
137 2530 290 2558 similitudo
309 2530 440 2565 signaculi
459 2532 519 2564 tias,
537 2535 563 2558 et
584 2531 678 2566 procul
698 2539 727 2559 es
744 2532 778 2559 ab
798 2531 872 2566 ejus-

84 2575 159 2604 modi
178 2584 302 2603 munere.
315 2575 390 2604 Dixit
406 2577 513 2612 quidem
528 2577 600 2604 Deus
610 2577 633 2592 ’⁵³
647 2587 653 2604 ;
670 2576 813 2604 Faciamus
825 2577 871 2604 ho-

83 2625 182 2650 minem
197 2623 232 2650 ad
248 2623 390 2659 imaginem
403 2629 427 2651 et
439 2625 639 2652 similitudinem
655 2629 787 2657 nostram;
803 2629 872 2651 atla-

84 2677 147 2697 men
173 2669 290 2696 necdum
316 2675 479 2697 consecutus
501 2678 530 2697 es
555 2670 785 2697 similitudinem:
809 2669 873 2697 fecit

85 2717 188 2751 quippe
211 2715 283 2743 Deus
308 2715 466 2749 hominem,
493 2716 526 2743 ad
547 2716 691 2751 imaginem
718 2716 764 2743 Dei
795 2715 870 2743 fecit.

472 2799 493 2814 δ’
507 2799 513 2825 Ι
526 2799 589 2826 Cor.
606 2808 649 2830 xv,
664 2800 708 2827 49.

343 2833 365 2849 ⁵³
380 2833 388 2860 l
405 2833 482 2861 Joan.
499 2842 540 2866 ιιι,
554 2836 579 2861 '2.
616 2835 638 2850 "
651 2834 721 2862 Psal.
739 2842 802 2867 va,
817 2835 856 2862 l9.

119 2799 142 2814 "‘
163 2798 261 2825 Ezech.
280 2806 376 2827 intan
392 2798 433 2825 1'2.

83 2835 106 2850 "
117 2833 187 2860 Gen.
207 2842 226 2865 t,
239 2833 284 2860 26.

83 2869 107 2886 ⁵⁵
119 2869 220 2904 Ephcs.
241 2877 266 2902 ν,
278 2868 322 2896 27.

928 2259 1007 2287 Venit
1027 2258 1107 2285 Jesus
1130 2262 1159 2284 ut
1178 2256 1324 2284 transferat
1345 2265 1396 2286 nos
1418 2265 1432 2284 a
1448 2262 1537 2285 vetere
1551 2257 1670 2288 homine,
1685 2262 1713 2283 et

927 2304 1073 2333 senectutis
1086 2303 1257 2338 insignibus:
1279 2311 1344 2338 ruga
1357 2303 1457 2338 quippe
1477 2304 1625 2331 senectutis
1641 2302 1712 2329 indi-

926 2351 997 2379 cium
1022 2354 1073 2383 cst,
1097 2353 1127 2376 ut
1153 2349 1191 2375 ait
1219 2347 1365 2383 Apostolus
1375 2349 1399 2364 “
1423 2357 1430 2374 :
1457 2348 1490 2376 Ut
1514 2348 1633 2375 exhibeat
1660 2347 1712 2374 sibi

926 2397 1069 2433 gloriosam
1089 2395 1254 2428 Ecclesium,
1276 2403 1328 2422 non
1345 2394 1483 2421 habentem
1498 2393 1648 2426 maculam,
1665 2398 1710 2419 aut

926 2450 1028 2478 rugam,
1047 2446 1094 2468 aut
1114 2441 1216 2476 aliquid
1232 2441 1396 2472 istiusmodi,
1412 2448 1501 2467 verum
1515 2444 1543 2466 ut
1564 2440 1598 2466 sit
1619 2443 1712 2465 saneta

924 2495 949 2516 et
973 2487 1158 2515 immaculata.
1185 2486 1260 2514 Licet
1284 2486 1367 2521 igitur
1393 2494 1408 2513 a
1435 2489 1572 2513 senectute
1597 2489 1623 2511 et
1645 2492 1710 2518 ruga

924 2534 958 2561 ad
982 2533 1152 2568 juventulem
1181 2531 1373 2559 transcendere
1396 2539 1403 2556 τ
1427 2535 1453 2558 et
1475 2531 1526 2557 hoc
1548 2535 1591 2558 est
1613 2530 1639 2557 in
1661 2531 1712 2558 hac

924 2583 1001 2614 parte
1017 2578 1149 2612 mirabile,
1165 2577 1238 2612 quod
1256 2585 1356 2612 corpus
1374 2577 1407 2604 ab
1426 2575 1607 2603 adolesmntia
1624 2576 1711 2610 pergit

926 2624 959 2652 ad
980 2624 1085 2652 senium
1099 2633 1106 2657 ;
1120 2624 1210 2651 anima
1237 2631 1302 2650 vero
1322 2623 1345 2650 si
1371 2623 1475 2650 venerit
1499 2622 1532 2649 ad
1549 2621 1708 2657 perfectum,

926 2679 940 2697 a
957 2675 1063 2697 senecta
1091 2670 1118 2697 in
1139 2670 1350 2697 adolescentiam
1377 2668 1580 2696 transmittitur.
1607 2666 1711 2694 Idcirco

925 2716 1030 2743 etiamsi
1045 2716 1160 2742 exterior
1174 2715 1250 2742 homo
1271 2719 1358 2741 noster
1380 2715 1577 2749 corrumpitur,
1609 2713 1653 2740 sed
1668 2714 1710 2739 in-

746 2799 768 2814 ”
780 2798 874 2826 Matth.
892 2807 931 2829 xu.
947 2798 995 2829 15;
1027 2796 1109 2824 Marc.
1126 2805 1161 2829 tv,
1179 2796 1283 2827 9:Luc.
1297 2803 1355 2828 vtu,
1368 2796 1393 2822 8.
1432 2795 1560 2826 “Matth,
1579 2805 1644 2824 xvn.
1661 2795 1709 2823 ‘26.

901 2834 923 2849 ”
934 2833 1000 2861 Luc.
1019 2841 1066 2866 xtl,
1084 2831 1126 2859 42.
1165 2832 1187 2848 ⁸⁸
1200 2832 1272 2860 Psal.
1290 2839 1360 2865 .\t.tv,
1377 2831 1405 2864 4,
1422 2831 1448 2858 5.
1486 2831 1506 2846 ⁵⁷
1521 2831 1585 2858 ihid.
1608 2831 1650 2862 ll,
1667 2830 1708 2857 12.
