1882 3052
171 117 224 145 763

764 115 924 143 ORIGENIS
943 114 976 142 IN
997 115 1213 143 EZECIIIELEH

1753 119 1799 148 7M

171 178 253 205 terior
268 181 408 205 renovatur
423 178 454 206 de
467 178 509 205 die
524 178 551 205 in
566 178 635 205 diem
650 178 683 206 ".
700 177 825 212 Oportuit
840 183 866 204 te
881 184 962 204 nosse
975 177 1000 206 A
1014 176 1180 204 tribuuntur.
1205 176 1233 203 Si
1263 177 1427 205 intellexeris
1457 183 1548 212 portas
1573 176 1725 204 Jerusalem
1738 199 1745 206 .
1774 185 1797 205 et

169 225 296 253 decorem
316 232 397 259 quem
418 232 464 252 rex
489 224 677 259 concupiscit,
701 223 822 258 oportuit
844 227 870 250 te
890 223 961 250 scire

170 277 233 298 eum
251 270 298 304 qui
315 270 462 304 aliquando
481 270 531 298 fuit
548 270 653 297 dec0ris
669 277 769 297 corona
785 277 791 295 :
805 273 832 296 et
855 273 882 296 tu
898 277 960 296 cum

171 315 258 344 fueris
279 321 443 344 consecutus
465 317 533 343 hanc
555 316 679 352 gloriam,
698 323 763 343 care
785 323 818 343 ne
836 323 959 348 corruas,

171 363 194 390 si
213 363 322 397 quidem
342 368 369 390 et
389 363 439 390 iste
460 363 506 398 qui
531 363 643 396 corruit,
662 363 830 398 signaculum
845 368 904 390 erat
925 363 962 390 si-

171 408 343 440 militudinis,
360 408 456 442 plenus
474 408 616 442 sapientia,
633 412 659 435 et
674 408 781 435 decoris
797 416 908 436 corona.
927 408 961 436 In

171 453 272 480 deliciis
299 454 420 488 paradisi
438 453 485 481 Dei
510 454 547 480 tui
575 454 728 488 inquinatus
748 462 775 481 es
791 455 824 482 ‘°.
845 453 904 481 Non
923 455 961 482 ait

171 497 332 532 simpliciter
354 499 497 533 paradiso,
517 499 563 526 sed
589 499 614 526 iu
639 499 768 534 paradiso
791 499 958 527 deliciarum.

171 543 269 577 Quaero
291 549 380 571 utrum
409 544 463 572 sint
490 544 614 579 quietiam
645 546 762 580 paradisi
790 546 958 579 diﬂ‘erentiaz,

171 593 199 616 et
220 596 281 615 cum
300 589 361 623 quis
384 589 410 615 in
426 589 552 624 paradiso
568 589 614 617 Dei
631 589 721 623 fuerit,
741 596 830 618 tamen
852 600 904 618 non
925 592 961 619 sit

170 633 197 660 in
211 634 338 668 paradiso
352 634 513 662 deliciarum
527 655 533 666 ,
550 636 621 662 sicut
639 635 707 662 latro
725 636 770 662 ille
785 637 873 670 prima
891 638 958 664 hora

169 686 231 706 cum
246 678 310 707 Jesu
323 679 461 714 ingressus
474 685 516 709 est
528 681 697 715 paradisum.
729 682 756 708 Si
779 689 794 708 a
813 688 838 709 te
854 690 958 717 rogem,

169 730 283 760 putasne
301 726 328 752 in
344 727 501 760 paradisum
523 726 706 761 introgressus
721 732 772 760 est,
784 736 886 760 annon,
905 737 959 756 non

168 770 283 798 dubiutn
298 771 362 805 quin
376 779 439 798 eum
453 774 618 807 respondeas
636 773 844 808 introgressum.
858 773 960 802 Deinde

170 815 191 842 si
208 823 317 843 rursum
335 824 351 844 a
364 816 446 852 404
462 822 487 845 te
501 826 632 853 quaeram,
648 820 713 854 quid
731 827 795 855 ergo
811 821 959 856 introgres-

1014 226 1107 257 portas
1128 222 1189 249 tilize
1211 222 1286 255 Sion,
1312 223 1356 249 ubi
1379 228 1407 250 et
1431 228 1539 258 oportet
1563 228 1588 250 te
1607 231 1709 250 canere
1727 222 1796 250 Deo:

1014 267 1133 294 Cantabo
1149 268 1259 303 quippe,
1277 269 1314 295 ait
1325 268 1358 300 ⁸³,
1376 277 1462 295 omnes
1479 268 1571 295 laudes
1589 274 1649 295 tuas
1672 270 1700 295 in
1720 272 1798 303 partit

1013 314 1078 348 ﬁlia.-
1089 313 1170 346 Sion;
1188 315 1209 342 si
1233 315 1458 342 animadverteris
1482 315 1619 350 quomodo
1640 316 1755 343 indutus
1768 318 1799 343 sit

1014 360 1113 395 aliquis
1127 360 1269 388 duodecim
1284 361 1429 395 lapidibus,
1445 365 1471 388 et
1484 361 1625 396 ingressus
1637 361 1799 394 Jerusalem,

1013 410 1040 433 et
1059 414 1106 441 per
1124 407 1192 434 alias
1215 412 1308 442 portas
1330 407 1490 442 ingressus,
1512 408 1666 443 eonspicies
1685 408 1800 443 \irgiues

1013 452 1164 480 duodecim.
1193 452 1220 479 In
1236 453 1305 480 libro
1320 452 1451 486 Pastoris,
1466 454 1494 481 in
1515 462 1569 489 quo
1583 454 1698 489 angelus
1715 455 1799 489 paeni-

1013 497 1123 523 tentiam
1147 497 1237 527 docet.
1258 498 1401 525 duodecim
1424 498 1543 533 virgines
1569 499 1670 526 habent
1692 500 1799 526 nomina

1014 550 1073 574 sua,
1090 543 1166 574 lides,
1183 544 1362 576 continentia,
1386 548 1438 571 etc.
1462 543 1577 571 Potestis
1595 546 1698 579 quippe
1714 545 1800 580 legero

1013 589 1035 614 si
1056 588 1147 615 vultis.
1176 588 1276 616 Deinde
1307 589 1418 624 quando
1447 590 1529 617 turris
1554 590 1715 623 aediﬁcatur,
1740 599 1798 617 cum

1014 634 1198 668 assumpseris
1215 633 1388 661 fortitudines
1400 635 1548 669 virginum,
1566 636 1668 671 pariter
1683 636 1798 671 accipies

1013 681 1040 704 et
1062 677 1087 704 id
1100 679 1171 712 quod
1192 679 1225 705 de
1248 679 1333 713 portis
1358 679 1477 706 dicitur:
1492 684 1684 707 ornamentum
1703 680 1800 714 quippe

1013 722 1062 749 tibi
1080 728 1122 750 est
1136 731 1306 758 unaquaeque
1327 725 1413 752 virtus
1427 734 1433 751 ε
1455 729 1536 759 atque
1549 725 1586 752 ita
1603 725 1629 752 in
1651 726 1726 752 hunc
1742 734 1799 752 mo-

1013 767 1077 795 dum
1103 769 1320 803 superrediticant
1341 770 1519 798 fundamento
1542 770 1656 804 Christi,
1679 780 1735 798 non
1759 780 1800 799 ξος

1014 813 1068 841 lum
1086 823 1183 842 aurum
1211 821 1237 843 et
1262 822 1423 851 argentum,
1448 826 1542 845 verum
1565 823 1593 845 et
1614 818 1721 853 lapides
1739 827 1800 854 pre-

170 869 218 889 sus
234 863 391 897 paradisum
404 885 411 897 ,
429 865 559 893 statimne
573 866 733 893 deliciarqu
754 867 814 894 loco
830 875 913 901 excep

1056 868 1106 887 sos.
1133 860 1302 889 Prohibitum
1316 868 1357 890 est
1371 868 1460 890 autem
1476 864 1609 892 aediﬁcare
1638 865 1714 899 ligna
1728 886 1735 898 ,
1762 865 1799 892 fe-

169 908 229 935 est?
246 908 321 936 dicas
345 909 470 942 forsitan,
491 911 554 945 quia
573 912 659 945 prima
679 913 744 939 hora
766 913 904 946 ingressus
925 915 960 942 sit

169 952 342 987 paradisum.
364 955 390 981 in
414 955 539 989 paradiso
562 957 719 984 deliciarum
736 957 781 984 Dei
800 958 887 986 iactus
904 967 958 986 nou

170 1001 221 1025 est.
240 998 287 1025 Sin
303 1004 393 1026 autem
412 993 468 1034 jam
484 1001 584 1028 videris
604 1010 665 1029 eum
685 1003 862 1037 accipientem
878 1003 911 1031 de
925 1004 959 1031 li—

170 1051 224 1078 gno
239 1045 311 1076 vitae.
327 1051 354 1072 et
373 1045 406 1072 de
418 1047 523 1074 cunctis
548 1048 693 1076 arboribus
709 1057 776 1083 quas
798 1057 851 1076 non
873 1050 958 1078 inter-

171 1091 240 1118 dixit
253 1091 337 1124 Deus,
355 1092 391 1120 ita
408 1097 437 1120 ut
459 1093 492 1120 de
511 1094 584 1120 omni
610 1094 683 1129 ligno
708 1096 827 1130 paradisi
850 1105 959 1124 vescen-

171 1140 243 1170 tem;
265 1138 287 1165 si
304 1139 443 1172 aspexeris
459 1147 532 1172 cum,
555 1144 581 1167 et
598 1141 671 1168 illius
691 1142 768 1176 ligni,
790 1148 817 1169 et
835 1143 958 1170 omnium

169 1190 230 1218 quae
245 1191 317 1211 nunc
333 1185 469 1218 prohibita
485 1193 538 1212 non
556 1186 621 1219 sint,
639 1187 730 1214 cibum
745 1188 826 1214 edere
839 1196 846 1220 ;
858 1193 885 1215 et
902 1196 917 1215 a
933 1193 959 1216 te

169 1236 271 1264 rogem,
290 1234 404 1264 putasne
421 1230 472 1258 iste
489 1239 542 1258 non
563 1232 651 1259 solum
680 1232 706 1259 in
727 1234 855 1267 paradiso
871 1234 959 1262 factus

169 1278 223 1305 cst.
241 1283 335 1302 verum
350 1276 432 1303 etiam
450 1277 476 1303 in
492 1278 619 1311 paradiso
633 1277 790 1307 deliciarum
809 1280 854 1307 Dei
869 1289 874 1306 :
890 1282 954 1316 quid

169 1320 235 1346 mihi
265 1321 338 1347 aliud
364 1329 547 1356 responsurus
571 1331 610 1356 es,
635 1323 688 1350 nisi
705 1332 767 1350 eum
791 1325 816 1352 in
839 1327 958 1360 paradisi

169 1366 275 1394 deliciis
294 1368 494 1395 constitutum?
513 1368 552 1395 Ad
568 1368 638 1396 hanc
656 1369 850 1397 beatitudinem
874 1375 901 1398 tu
920 1372 959 1399 ie-

169 1411 266 1444 stinas,
285 1412 332 1447 qui
348 1411 450 1440 videris
475 1413 612 1447 plangere.
638 1413 688 1442 Iste
703 1423 767 1442 vero
783 1416 829 1450 qui
853 1417 960 1453 plangi-

169 1461 223 1489 tur,
237 1457 286 1484 l'uil
300 1457 438 1492 quondam
455 1459 481 1485 in
496 1458 602 1486 deliciis
615 1459 672 1487 Dci.

203 1503 231 1529 5.
254 1503 363 1530 Omnem
378 1504 493 1539 lapidem
513 1505 608 1531 bonum
627 1506 735 1532 indutus
756 1512 804 1539 est,
819 1509 956 1535 sardinam
971 1524 994 1554 ε

167 1554 192 1576 et
210 1549 411 1582 carbunculum,
433 1550 587 1584 sapphirum
607 1556 631 1578 et
649 1552 790 1586 beryllum,
811 1559 834 1580 et
851 1554 958 1588 hyacin-

169 1595 256 1626 thum,
272 1602 296 1622 et
309 1596 410 1630 jaspim
428 1596 448 1611 ⁶⁴
460 1616 468 1628 ,
491 1601 518 1623 et
536 1596 655 1632 reliquos
680 1599 822 1626 duodecim
844 1599 956 1634 lapides.

168 1639 291 1668 Dimeilis
315 1645 373 1674 est,
398 1646 426 1670 et
449 1642 519 1669 ultra
544 1643 617 1670 vires
641 1649 750 1672 nostras
775 1649 958 1681 naturamque

170 1687 254 1722 hujus
269 1687 322 1715 loci
341 1696 370 1715 se
390 1689 526 1723 expositio
543 1690 672 1717 sustollit.
693 1690 760 1724 Quis
777 1692 849 1719 etiitn
865 1697 957 1727 potest

172 1738 300 1760 naturam
324 1735 540 1770 uniuscujusque
569 1736 667 1771 lapidis
690 1745 837 1772 exponere,
861 1743 889 1766 et
911 1740 958 1767 de-

172 1780 304 1813 scribere,
333 1781 391 1808 sive
413 1783 545 1816 colorem,
570 1784 627 1811 sive
650 1784 705 1811 vim
731 1785 801 1819 ejus.
826 1790 855 1812 ut
870 1786 958 1813 valeat

171 1824 292 1860 reperire
313 1833 398 1861 quare
414 1827 517 1861 lapides
531 1827 575 1855 isti
594 1829 728 1864 assumpti
741 1829 795 1857 sint
806 1830 817 1857 ’ἰ
830 1830 957 1858 Attamen

170 1871 233 1899 licet
246 1880 299 1899 non
313 1873 399 1901 simus
421 1874 498 1907 tales,
514 1875 562 1909 qui
581 1880 678 1903 cuncta
703 1876 852 1911 intelligere
867 1877 957 1911 possi-

167 1923 239 1947 mus,
263 1924 349 1951 pauca
372 1917 527 1951 videamus,
562 1920 700 1954 quomodo
724 1920 867 1947 duodecim
898 1921 957 1949 istis

166 1961 299 1997 lapidibus
314 1963 424 1992 indutus
440 1964 532 1992 fuerit.
563 1965 592 1992 Si
605 1967 649 1994 cui
664 1966 763 1994 divina:
775 1967 872 1994 litterae
886 1975 957 1995 cura:

166 2012 250 2035 sunt:
270 2009 302 2036 ad
320 2017 401 2044 quam
425 2018 482 2037 rem
508 2019 579 2045 saepe
601 2012 781 2040 exhortamur
799 2013 957 2040 adolescen-

165 2057 216 2087 tes,
242 2055 288 2082 sed
313 2059 341 2082 ut
358 2056 446 2087 video,
471 2057 538 2084 nihil
565 2058 745 2091 proﬁcimus,
767 2059 957 2087 tantummodo

167 2103 288 2134 tempora
302 2106 496 2128 consumentcs
511 2109 517 2127 :
535 2109 588 2129 non
606 2103 678 2129 enim
695 2103 834 2138 potuimus
849 2103 957 2142 aliquos

165 2152 261 2175 eorum
277 2145 310 2172 ad
331 2145 358 2172 id
378 2146 537 2180 perducere,
561 2151 590 2174 ut
607 2148 693 2175 sacris
712 2149 897 2176 voluminibus
915 2149 956 2176 in-

1012 914 1075 933 num
1089 912 1117 933 et
1131 907 1270 942 stipulam.

1011 953 1145 979 decimus.

1045 998 1072 1024 4.
1097 998 1128 1025 Et
1148 999 1227 1026 nobis
1247 999 1336 1026 adhuc
1349 999 1510 1034 imperatum
1523 1006 1564 1028 est
1580 1006 1610 1028 ut
1625 1001 1754 1029 dicamus
1769 1003 1800 1029 de

1010 1043 1093 1079 Tyro,
1115 1051 1142 1072 et
1157 1044 1276 1076 Sidone,
1296 1051 1323 1072 et
1338 1046 1488 1073 Pharaone.
1511 1047 1645 1082 Angustia
1672 1049 1800 1083 temporis

1010 1097 1098 1125 neqtte
1122 1091 1264 1126 superiora
1286 1099 1347 1126 quze
1370 1092 1504 1126 ccepimus
1529 1093 1643 1127 implere
1666 1095 1799 1128 permisit,

1009 1140 1036 1163 et
1063 1137 1119 1164 lucc
1146 1146 1206 1172 quae
1232 1138 1360 1165 volumus
1387 1146 1517 1166 enarrare
1545 1139 1623 1173 quasi
1653 1140 1799 1166 commenti

1010 1191 1085 1210 more
1107 1185 1312 1219 perstringenda
1334 1191 1398 1212 sunt
1415 1186 1543 1212 breviter.
1561 1186 1749 1213 Comminatio
1762 1192 1800 1213 est

1009 1229 1035 1256 in
1061 1229 1200 1262 Sidonem,
1226 1239 1286 1265 qum
1309 1231 1501 1266 interpretatur
1528 1236 1675 1259 venatores.
1706 1233 1798 1258 Anima

1009 1280 1100 1301 nostra
1115 1275 1182 1302 sicut
1196 1284 1288 1310 passer
1302 1281 1390 1311 ei'epta
1403 1281 1441 1303 est
1453 1277 1484 1303 de
1497 1276 1590 1312 laqueo
1604 1278 1798 1304 venantium".

1010 1319 1038 1347 Si
1062 1320 1192 1348 Ilebraice
1218 1321 1296 1357 legis,
1322 1323 1406 1350 habes
1429 1323 1462 1350 de
1488 1323 1586 1357 laqueo
1610 1322 1797 1351 Sidoniorum.

1010 1365 1091 1401 Igitur
1107 1367 1211 1394 Sidonii
1235 1373 1379 1395 venatores
1396 1373 1471 1401 sunt,
1496 1374 1519 1396 et
1538 1370 1719 1397 comminatio
1740 1377 1799 1404 qua:

1009 1412 1037 1439 lit
1053 1412 1080 1438 iu
1095 1420 1153 1445 eos,
1172 1418 1281 1448 propter
1298 1419 1323 1441 te
1336 1414 1375 1446 lit,
1390 1415 1519 1449 quoniam
1536 1415 1631 1442 volunt,
1647 1421 1674 1442 te
1690 1423 1796 1449 rapere,

1009 1462 1035 1484 et
1050 1459 1193 1494 diligenter
1205 1460 1351 1487 observant
1361 1461 1500 1495 quomodo
1521 1461 1658 1488 auditores
1672 1451 1796 1495 Scripta1

1010 1513 1101 1532 rarum
1116 1505 1148 1532 de
1162 1505 1280 1532 Ecclesia
1297 1506 1424 1539 avellant,
1437 1507 1576 1540 quomodo
1589 1507 1622 1533 de
1637 1506 1740 1533 ﬁnibus
1751 1505 1798 1534 Ju-

1009 1550 1074 1577 dzem
1086 1551 1118 1577 ad
1131 1551 1211 1578 liuent
1226 1550 1336 1578 Sidonis
1349 1551 1531 1584 transferant;
1557 1559 1650 1578 verum
1674 1556 1703 1578 tu
1728 1551 1800 1578 omni

1009 1597 1131 1624 custodia
1144 1604 1220 1623 serva
1238 1603 1286 1623 cor
1302 1602 1394 1630 tuum,
1411 1601 1437 1624 et
1451 1597 1525 1624 disce
1541 1597 1603 1631 quia
1620 1597 1800 1624 comminatio

1009 1643 1036 1669 in
1057 1647 1198 1669 venatores
1215 1642 1252 1669 tui
1267 1650 1348 1670 causa
1363 1642 1408 1670 sit.
1441 1641 1479 1669 De
1503 1642 1645 1670 Pharaone
1661 1651 1728 1670 vero
1744 1643 1799 1678 jam

1008 1689 1099 1723 aliqua
1121 1696 1211 1716 sermo
1229 1689 1399 1720 memoravit,
1416 1688 1553 1716 afﬁrmans
1569 1697 1630 1716 eum
1652 1689 1798 1716 draconem

1009 1735 1145 1762 sedentem
1173 1735 1199 1762 in
1217 1735 1307 1762 medio
1321 1735 1474 1768 ﬂuminum,
1500 1741 1581 1769 atque
1605 1736 1744 1763 dicentem
1757 1736 1795 1763 ωε

1010 1781 1069 1808 Mea
1091 1787 1151 1808 sunt
1168 1782 1294 1816 ﬂumina,
1317 1786 1341 1808 et
1356 1790 1403 1816 ego
1417 1781 1467 1815 feci
1482 1781 1542 1808 illa.
1566 1780 1634 1809 Novi
1654 1791 1706 1817 ego
1721 1782 1798 1809 diﬂ'e-

1008 1827 1111 1855 rentias
1127 1827 1282 1859 ﬂuminum,
1300 1831 1326 1854 et
1340 1827 1398 1854 seio
1414 1826 1525 1854 ﬂumina
1554 1827 1580 1854 in
1597 1827 1700 1862 quibus
1716 1827 1798 1854 draco

1008 1872 1112 1903 sedeat,
1123 1880 1204 1906 super
1214 1879 1275 1906 qua:
1287 1871 1398 1898 ﬂumina
1410 1872 1436 1898 hi
1450 1872 1495 1906 qui
1512 1871 1545 1900 de
1558 1873 1642 1899 lsrael
1654 1873 1728 1908 capti
1741 1872 1798 1899 [uec

1009 1918 1211 1950 rant,sedcntcs
1223 1926 1284 1945 cum
1298 1925 1407 1945 carmen
1422 1918 1488 1945 Sion
1501 1912 1599 1945 canere
1612 1926 1666 1946 non
1676 1924 1796 1954 pOSsent.

1009 1964 1128 1995 ﬂebant,
1153 1963 1302 1991 secundum
1327 1964 1352 1991 id
1376 1964 1448 1998 quod
1474 1964 1500 1990 in
1526 1964 1640 1991 Psalmis
1665 1965 1796 1999 scriptum

1009 2015 1049 2037 est
1064 2010 1086 2026 “
1099 2019 1105 2037 ε
1125 2009 1209 2045 Super
1220 2010 1332 2044 ﬂumina
1346 2009 1489 2044 Babylonis
1507 2010 1562 2036 illic
1575 2010 1692 2037 sedimus
1711 2016 1738 2037 ει
1751 2011 1796 2046 fle-

1008 2057 1101 2083 uimus.
1118 2055 1150 2082 Et
1168 2056 1226 2083 scio
1243 2055 1315 2082 aliud
1333 2055 1443 2085 ﬂumen,
1462 2055 1540 2089 cujus
1561 2055 1680 2088 impetus
1706 2055 1792 2084 laetiﬁ-

1007 2107 1052 2130 cat
1068 2102 1205 2130 civitatem
1228 2101 1285 2135 Dei,
1302 2101 1380 2136 juxta
1403 2100 1555 2128 Psalmist
1579 2109 1674 2128 vocem
1704 2102 1798 2129 dicen-

1008 2149 1043 2176 tis
1065 2149 1086 2164 ⁸⁷
1107 2157 1114 2175 :
1138 2147 1271 2174 Fluminis
1296 2148 1406 2181 impetus
1429 2147 1549 2181 lwli/irut
1577 2148 1714 2174 deitatem
1739 2147 1795 2174 Dei.

1310 910 1386 938 tutus
1409 915 1451 938 est
1468 910 1549 946 igitur
1577 911 1628 938 istc
1644 911 1714 946 lapis
1735 912 1800 939 duo-

165 2190 293 2218 sisterent
312 2199 319 2216 ε
337 2195 364 2218 et
379 2191 524 2219 duodecim
543 2193 603 2220 illos
617 2193 731 2228 lapides.
747 2199 775 2221 et
788 2199 885 2222 caetera
907 2203 952 2222 re—
970 2191 994 2221 D
1010 2194 1055 2222 Vis
1070 2195 1164 2221 audire
1180 2194 1241 2230 quis
1258 2198 1300 2221 est
1320 2194 1370 2221 iste
1385 2193 1484 2221 ﬂuvius
1499 2194 1578 2228 cujus
1592 2194 1712 2227 impetus
1728 2194 1797 2220 lzeti-

166 2235 257 2270 quirat
277 2235 304 2263 in
323 2236 484 2271 Scripturis.
508 2238 627 2266 inveniet
647 2239 714 2267 etin
730 2240 892 2275 Apocalypsi
906 2248 953 2267 eo-

165 2281 226 2308 dem
242 2281 322 2309 modo
337 2286 419 2317 atque
431 2283 524 2311 ordine
538 2291 708 2320 nuueupatos
722 2287 754 2313 ".
773 2285 825 2319 Qui
844 2286 880 2313 ihi
895 2287 952 2321 pri-

165 2333 239 2358 mus,
261 2330 288 2354 et
309 2327 354 2354 hic
371 2328 476 2362 primus
494 2333 536 2356 est
553 2330 670 2364 positus,
683 2331 730 2365 qui
750 2331 887 2358 secundus
910 2339 954 2358 se-

165 2370 282 2403 cundus,
310 2371 355 2405 qui
369 2372 464 2399 tertius
490 2373 596 2406 tertius,
623 2375 668 2408 qui
692 2380 807 2410 quartus
826 2381 952 2411 quartus,

165 2421 246 2451 atque
264 2417 300 2444 ita
319 2425 405 2453 usque
417 2419 450 2446 ad
468 2419 658 2449 duodecimum
675 2421 790 2456 lapidem
811 2423 879 2450 ordo
895 2431 952 2451 ser-

164 2468 244 2490 vatus
269 2468 320 2492 est.
367 2465 422 2492 Cur
443 2474 508 2502 ergo
531 2472 557 2494 et
585 2475 667 2501 super
691 2476 746 2502 quo
771 2468 874 2503 lapides
908 2470 953 2497 isti

165 2508 192 2535 in
227 2510 386 2546 Apocalypsi
422 2513 569 2545 uuueupati
597 2512 678 2540 sunt?
739 2513 839 2548 Utique
873 2523 954 2550 super

170 2557 264 2588 portas
286 2553 436 2582 Jerusalem
462 2556 590 2583 caelestis.
631 2555 723 2591 Ibique
758 2557 858 2585 dicitur
888 2559 952 2593 quia

165 2601 254 2633 prima
278 2605 355 2634 porta
382 2601 518 2635 topazium
543 2601 596 2633 sit,
623 2602 742 2629 secunda
773 2605 951 2639 smaragdos,

165 2646 243 2672 tertia
259 2647 457 2679 carbunculus,
474 2651 570 2681 quarta
586 2648 747 2682 sapphirus:
768 2653 849 2684 atque
867 2651 902 2678 ita
925 2652 951 2678 in

167 2690 239 2718 hunc
255 2692 364 2719 modum
379 2693 404 2719 in
420 2692 541 2727 singulas
554 2698 645 2727 portas
663 2694 762 2730 singuli
778 2695 881 2730 lapides
894 2697 951 2724 dis-

201 2758 222 2774 "
235 2757 256 2784 11
267 2758 330 2785 Cor.
350 2767 385 2790 IV,
398 2760 441 2787 16.

165 2801 260 2824 Cum,
274 2794 298 2820 7.
319 2794 340 2810 "
363 2794 448 2822 Ezech
480 2804 555 2827 XXIX,
583 2796 610 2822 '5.

643 2797 664 2812 “
688 2798 756 2825 Psal.
775 2800 913 2832 cunni.

167 2829 190 2845 "
204 2828 282 2856 Joan.
296 2837 344 2861 vn,
359 2828 404 2856 Μ.

481 2760 502 2778 αθ
515 2759 612 2787 Ezeeh.
628 2770 722 2794 xxvnn,
740 2764 780 2790 i5.
818 2764 839 2779 "
853 2764 950 2792 Ezech.
969 2773 1063 2795 “riu.
1080 2765 1120 2791 15.

951 2801 970 2816 ⁸⁷
985 2801 1056 2828 Psal.
1074 2808 1134 2834 xu,

1006 2241 1068 2268 licat
1083 2240 1218 2268 civitatem
1236 2239 1303 2267 Dei?
1316 2239 1396 2266 Jesus
1410 2239 1536 2266 Christus
1554 2238 1688 2266 Dominus
1705 2245 1797 2266 noster

1006 2290 1048 2313 est
1073 2286 1172 2313 ﬂuvius
1195 2285 1273 2320 cujus
1302 2285 1419 2319 impetus
1444 2284 1562 2311 laetiﬁcat
1584 2284 1723 2312 civitatem
1737 2284 1795 2312 Dei.

1005 2333 1059 2360 Iste
1078 2336 1120 2358 est
1137 2331 1184 2365 qui
1204 2331 1242 2358 ait
1262 2338 1309 2365 per
1328 2330 1425 2357 lsaiam‘
1439 2330 1481 2356 ‘5:
1506 2329 1572 2356 Ecce
1588 2339 1634 2365 ego
1652 2331 1755 2357 declina
1770 2332 1796 2357 in

1005 2385 1048 2404 vos
1060 2377 1135 2412 quasi
1148 2377 1243 2411 ﬂuvius
1257 2377 1340 2412 plicia.
1366 2375 1430 2403 Seio
1447 2383 1496 2409 ego
1512 2376 1646 2410 quosdam
1665 2385 1726 2404 esse
1747 2376 1799 2404 ﬂu-

1006 2423 1065 2450 vios
1077 2422 1269 2457 repromissos,
1284 2422 1330 2457 qui
1345 2430 1378 2448 ex
1396 2422 1445 2449 hoc
1460 2422 1542 2448 ﬂuvio
1559 2427 1683 2449 manant.
1702 2422 1797 2450 Omnis

1006 2469 1078 2496 cnim
1103 2468 1148 2502 qui
1173 2468 1268 2494 biberit
1291 2476 1324 2494 ea:
1340 2476 1409 2502 aqua
1428 2468 1491 2500 ista,
1513 2468 1585 2494 sitiet
1609 2476 1737 2495 rursum:
1751 2470 1798 2504 qui

1007 2519 1094 2541 autem
1113 2513 1207 2548 biberit
1225 2520 1257 2539 ex
1275 2521 1343 2548 aqua
1358 2521 1437 2548 quant
1461 2521 1506 2548 ego
1526 2513 1632 2544 dedero,
1653 2514 1692 2541 ait
1704 2513 1795 2546 Jcsus,

1007 2568 1057 2586 non
1073 2560 1143 2586 sitiet
1166 2560 1192 2586 in
1211 2564 1357 2591 wternum,
1378 2560 1422 2586 sed
1446 2560 1495 2586 erit
1519 2560 1615 2594 ﬂuvius
1636 2561 1662 2586 in
1684 2569 1714 2587 eo
1737 2561 1795 2595 {om

1006 2614 1080 2640 aqua:
1095 2605 1215 2632 salientis
1234 2606 1260 2632 in
1282 2606 1363 2632 vitam
1387 2604 1605 2638 αἰενηαηιθθςριε
1623 2605 1749 2632 Flumina
1763 2607 1796 2632 de

1005 2656 1091 2677 uentre
1101 2651 1157 2685 ejus
1173 2651 1387 2685 egrediantur”.
1410 2650 1498 2678 llahes
1520 2651 1601 2685 igitur
1616 2652 1716 2677 [huius
1732 2661 1794 2678 sane

1006 2701 1064 2723 ctos
1085 2705 1099 2724 a
1114 2697 1215 2731 quibus
1236 2697 1331 2731 procul
1352 2701 1393 2723 est
1431 2699 1526 2727 draco.
1558 2697 1705 2728 Quomodo
1723 2698 1793 2723 enim

1411 2764 1432 2779 ⁶³
1446 2764 1515 2791 Psal.
1543 2773 1580 2792 Ix.
1597 2765 1639 2791 13.
1680 2765 1704 2780 ⁸⁸
1719 2764 1778 2790 Psal

1489 2799 1602 2826 "toan.
1629 2807 1665 2832 Iv,
1687 2800 1728 2832 15,
1747 2800 1788 2827 ἱὸ.

1160 2764 1181 2779 ⁸⁸
1195 2764 1279 2797 Apoc.
1301 2773 1356 2791 xxi.

1210 2799 1232 2814 ⁸⁸
1245 2799 1296 2827 lsa.
1319 2800 1451 2831 I.HI,1‘2.
