1882 3052
159 131 210 159 ’167

876 122 918 150 EX
939 118 1087 149 ORICENE

1738 108 1788 136 768

160 191 207 217 die
217 195 240 217 et
254 198 334 224 genus
352 189 448 221 David,
470 188 570 222 aperire
582 187 690 217 librum,
706 191 729 212 et
743 185 841 212 solvere
858 185 946 219 sigua-
961 184 983 212 Α
998 188 1061 214 opus
1076 178 1143 213 ejus.
1155 177 1254 204 Clausa
1273 179 1314 203 est
1339 174 1429 208 itaque
1441 173 1536 224 jlanu‘a,
1552 176 1584 223 ut
1599 177 1682 197 nemo
1700 169 1787 224 videat

163 238 223 265 cula
235 238 302 272 ejus.
316 237 349 265 Et
363 237 468 273 aperttit
483 236 528 271 qui
545 239 604 263 erat
616 235 649 261 de
666 234 737 261 tribu
753 232 832 264 Juda,
848 237 874 259 et
891 240 950 258 ma-

163 283 302 311 nii'estavit
325 292 386 318 qua:
406 287 483 310 erant
511 282 621 315 Scripta.
643 280 767 312 Quandiu
797 286 851 305 non
877 277 950 304 venit

164 329 235 356 Deus
253 337 340 360 meus,
351 329 442 356 clausa
459 331 517 356 erat
535 327 588 358 lex,
603 326 712 353 clausus
728 331 818 351 sermo
831 323 949 358 prophe-

164 374 245 408 ticus,
263 375 350 401 velata
360 374 440 401 lectio
451 373 556 400 Veteris
570 370 748 402 Testamenti,
765 374 791 396 et
809 377 893 404 usque
915 369 949 395 ad

165 420 232 447 hanc
251 421 321 447 diem
341 420 444 455 quando
469 419 565 453 legitur
582 417 699 451 Moyses,
726 415 901 443 velamentum
923 414 950 441 in

165 466 242 492 corde
251 465 405 493 Judzeornm
418 470 455 492 est
470 464 584 499 positum
602 463 634 489 ⁷⁸³.
648 462 716 489 Sunt
733 466 822 488 autem
840 460 949 495 quidam

165 511 212 545 qui
226 515 319 538 amant
333 511 525 542 velamentum,
541 513 568 536 et
583 508 699 535 oderunt
716 515 763 534 eos
788 506 833 540 qui
848 507 881 533 de
905 514 950 531 vc-

165 555 265 582 lamiuc
275 554 486 588 interpretantur
498 563 505 581 :
523 553 568 580 sed
588 560 637 580 nos
651 555 842 579 convertamur
853 550 886 578 ad
899 550 952 577 Do-

166 600 281 632 minum,
300 604 328 626 ut
340 599 428 626 ablato
448 599 582 626 velamine
594 597 717 625 dicamus
727 597 749 612 ⁸⁰
768 595 845 624 :Nos
864 601 951 623 autem

166 640 253 672 omnes
267 645 379 672 revelata
400 645 466 679 facie
479 645 590 679 gloriam
600 643 647 670 Dei
661 643 837 678 speculantes,
847 643 873 669 in
883 650 952 669 enm-

165 691 222 717 dem
235 690 375 724 imaginem
392 690 616 724 transformamur
640 697 655 715 a
676 688 762 723 gloria
785 688 813 714 in
827 687 950 722 gloriam.

166 737 265 764 Verum
279 741 320 764 est
333 736 456 771 quaedam
484 740 560 770 porta
574 756 581 767 ,
610 739 637 761 et
653 742 706 761 una
722 755 728 765 .
755 739 782 761 et
797 734 889 761 clausa
904 741 951 768 per

165 790 247 817 quam
266 790 347 809 nemo
361 781 478 808 transiit.
497 780 568 807 Sunt
578 780 677 814 quippe
703 779 825 814 quaedam
844 780 951 806 univer-

166 835 203 854 sa:
216 832 349 854 creaturae
366 825 515 861 incognita,
539 830 566 852 et
591 825 636 852 uni
663 825 850 852 tantummodo
875 829 949 851 uota.

167 871 260 907 Neque
271 872 343 899 cnim
361 872 491 906 quidquid
505 871 579 898 novit
591 870 686 903 Filius,
700 872 752 897 hoc
769 870 871 897 mundo
887 878 952 905 ape-

168 918 232 944 ruit.
247 916 305 944 Non
318 918 390 951 capit
405 923 528 944 creatura
547 918 618 952 quod
640 917 711 952 capit
727 916 798 944 Deus
812 926 818 943 :
831 921 858 943 et
874 920 904 943 ut
919 916 952 943 ad

169 963 274 997 majora
285 963 402 996 veniam,
419 971 472 990 non
496 963 606 997 capiunt
623 963 699 998 signa
712 962 853 997 aequaliter
870 961 952 997 406

169 1007 362 1042 cognitionem.
376 1007 440 1034 Plus
457 1007 551 1035 eratin
566 1006 651 1034 Paulo
663 1015 743 1042 quam
757 1007 784 1033 in
796 1006 950 1038 Timotheo,

169 1061 230 1080 cum
245 1057 317 1080 esset
327 1061 374 1080 vas
385 1053 535 1081 electionis.
549 1053 581 1081 Et
593 1061 655 1080 vere
673 1061 801 1088 maguum
825 1053 852 1079 in
870 1052 952 1079 domo

170 1104 217 1123 vas
233 1096 402 1130 Timotheus,
420 1105 528 1125 rursum
554 1098 626 1133 capit
637 1105 697 1132 quae
711 1105 761 1133 ego
783 1104 881 1131 capere
897 1103 952 1123 non

167 1149 290 1177 possunt.
306 1141 338 1169 Et
353 1142 516 1170 estforsitan
529 1144 626 1176 aliquis
645 1143 691 1178 qui
708 1144 789 1170 etiam
803 1150 846 1169 me
862 1143 952 1169 minus

168 1188 256 1223 capiat
269 1197 276 1216 :
290 1193 350 1216 sunt
365 1190 487 1224 qua'dam
503 1198 563 1225 qua:
579 1191 654 1218 solus
665 1190 791 1217 Christus
807 1189 879 1223 capit
893 1209 901 1222 ,
926 1194 954 1216 et

169 1234 271 1262 idcirco
288 1235 380 1262 clausa
394 1239 436 1262 est
447 1235 531 1270 janua
548 1236 641 1271 templi
654 1236 711 1263 Dei.
727 1235 794 1268 Quae
817 1243 858 1265 est
880 1238 951 1265 enirn

169 1278 233 1312 ista,
250 1279 382 1306 obsecro?
397 1279 521 1307 Exterior
534 1289 593 1315 qua:
604 1285 680 1307 extra
694 1280 847 1309 mundanas
858 1290 913 1315 res,
927 1286 954 1309 et

170 1325 354 1359 incorporeas,
372 1330 408 1358 et,
423 1330 453 1352 ut
470 1326 506 1352 ita
520 1326 620 1359 dicam,
640 1326 833 1355 immateriales
857 1329 954 1363 aperit.

168 1369 261 1405 Neque
271 1370 343 1397 euitn
359 1371 460 1398 frustra
472 1372 590 1406 positum
604 1377 656 1406 est,
672 1374 954 1408 exterioremjanuam

170 1424 277 1451 semper
287 1424 348 1444 esse
360 1417 493 1444 clausam.
509 1417 575 1450 Qua:
591 1423 633 1446 est
649 1419 700 1446 ista
712 1419 797 1454 janua
813 1421 955 1449 exterior?

170 1460 344 1489 Sanctorum.
373 1462 464 1495 Quare
491 1464 606 1491 clausa?
632 1463 701 1497 Quia
727 1464 860 1493 Dominus
884 1465 954 1494 Deus

1001 232 1128 260 magnum
1141 223 1308 250 sacerdotem
1331 228 1427 256 panem
1449 219 1475 246 in
1493 217 1602 246 Sanctis
1628 220 1787 244 sanctorum

1000 270 1199 297 comedentem.

1035 324 1062 350 5.
1081 322 1120 349 Ad
1133 323 1189 349 haec
1203 327 1294 349 autem
1307 321 1446 356 probanda
1458 328 1518 355 quae
1531 319 1663 350 dicimus,
1678 317 1725 352 qui
1738 316 1787 343 Le-

1001 369 1112 396 viticum
1129 368 1194 403 legit
1207 368 1229 384 θ’
1239 387 1246 400 ,
1261 367 1351 394 ablato
1365 375 1397 394 ex
1415 367 1497 394 corde
1512 374 1563 393 suo
1577 365 1725 396 velamine.
1742 371 1788 398 po-

1002 415 1065 442 terit
1083 421 1230 450 agnoscere
1243 413 1402 449 mysterium
1427 412 1609 440 sacerdotum.
1634 411 1674 438 l'bi
1689 410 1789 445 quippe

1002 460 1036 487 de
1050 459 1192 487 sacriﬁciis
1211 463 1237 486 et
1249 459 1302 486 cibi
1318 466 1387 493 quos
1399 459 1449 485 soli
1464 457 1620 485 sacerdotes
1630 456 1788 487 comedunt,

1002 506 1128 534 refertur.
1145 506 1214 533 Sunt
1236 506 1346 540 quidam
1367 505 1419 533 cibi
1435 505 1630 536 sacerdotales,
1647 511 1718 538 quos
1735 510 1788 530 non

1002 553 1119 580 comedit
1136 552 1263 579 sacerdos
1277 552 1303 578 in
1317 552 1397 579 domo
1413 559 1473 582 sua,
1492 559 1546 578 non
1558 559 1619 578 cum
1637 550 1712 582 ﬁliis,
1727 550 1789 577 licet

1003 599 1184 626 sacerdotales
1197 598 1260 631 sint,
1279 606 1333 625 non
1349 605 1411 625 cum
1425 605 1519 629 uxore,
1533 597 1596 624 licet
1622 596 1744 630 legitime
1766 596 1790 622 ei

1003 645 1135 679 nupserit,
1148 644 1195 672 sed
1215 645 1241 671 in
1256 644 1315 671 loco
1334 648 1428 671 saneto
1443 643 1559 671 comedit
1575 651 1623 669 eos
1633 663 1640 674 ,
1659 646 1686 669 ct
1701 650 1793 669 come—

1003 690 1042 718 dit
1057 690 1093 717 ibi
1106 698 1196 718 escam
1210 690 1235 717 in
1251 689 1348 717 Sancta
1365 693 1532 717 sanctorum.
1545 688 1689 721 Quomodo
1702 695 1793 715 sacer~

1003 737 1053 764 dos
1068 744 1121 763 non
1138 737 1254 764 comedit
1272 744 1361 764 escam
1379 736 1405 763 in
1423 736 1505 763 domo
1523 743 1583 767 sua,
1607 739 1655 761 aut
1683 734 1710 761 in
1737 734 1791 760 alio

1004 790 1140 817 quoquam
1156 782 1226 815 loco,
1246 781 1292 809 sed
1309 782 1334 808 in
1347 780 1455 808 Sanctis
1470 785 1642 811 sanctorum;
1667 779 1709 806 sic
1735 779 1792 805 Sal—

1003 833 1081 855 vator
1090 834 1167 854 meus
1181 827 1256 854 solus
1266 827 1384 854 comedit
1393 834 1499 861 panem,
1510 825 1584 853 nullo
1597 825 1703 851 valente
1717 832 1776 851 cum
1786 839 1792 844 -

1004 874 1083 901 edere
1106 880 1166 900 eum
1192 880 1234 900 eo.
1252 872 1301 900 Est
1320 876 1411 899 autem
1434 872 1543 906 quidam
1564 871 1659 902 locus,
1681 871 1708 897 in
1739 878 1794 904 quo

1003 919 1158 951 comedens,
1169 924 1245 946 etme
1258 926 1348 946 secum
1361 918 1472 945 attrahit
1487 918 1518 944 ad
1531 917 1708 945 vescendum.
1728 915 1794 942 Ecce

1003 964 1087 998 enim,
1103 964 1231 1000 inquit”,
1244 965 1278 991 ad
1290 965 1386 992 ostium
1403 970 1454 998 sto,
1472 969 1496 990 et
1513 963 1607 999 pulso;
1621 963 1715 996 siquis
1729 963 1792 989 mihi

1004 1011 1146 1044 aperuerit,
1158 1011 1291 1046 ingrediar
1302 1011 1336 1037 ad
1351 1019 1420 1043 eum,
1433 1011 1568 1037 etcwnabo
1579 1018 1638 1036 cum
1651 1016 1693 1040 eo,
1707 1014 1731 1035 et
1742 1009 1795 1042 ipse

1005 1063 1115 1083 mecum.
1130 1055 1169 1083 Ex
1180 1063 1235 1091 quo
1251 1060 1407 1090 apparet,et
1422 1055 1503 1082 alium
1514 1062 1593 1089 pas-se
1604 1061 1716 1081 cmnare
1731 1061 1792 1080 cum

1005 1112 1046 1132 eo.
1064 1104 1151 1132 Porro
1167 1104 1290 1138 quaedam
1306 1111 1369 1131 esca
1384 1108 1436 1136 est,
1446 1111 1498 1138 qua
1508 1102 1586 1130 solus
1600 1101 1794 1129 tantummodo

1007 1151 1137 1178 vescitur.
1153 1150 1295 1178 Excellens
1309 1149 1408 1185 quippe
1426 1150 1460 1177 ab
1477 1150 1603 1176 universa
1634 1149 1794 1176 conditione

1008 1199 1104 1221 natura
1120 1194 1191 1228 ejus,
1204 1201 1230 1221 et
1251 1194 1285 1221 ab
1303 1194 1430 1221 omnibus
1455 1197 1595 1228 segregata
1607 1213 1614 1225 ,
1640 1193 1707 1221 facit
1732 1201 1792 1220 eum

1005 1239 1194 1273 quotidianum
1222 1247 1320 1274 panem
1340 1239 1373 1267 de
1401 1239 1490 1266 Patris
1511 1243 1607 1266 natura
1636 1240 1791 1267 comedere.

1006 1285 1202 1320 Unusquisque
1217 1291 1339 1313 nostrum
1353 1285 1420 1320 petit
1433 1292 1529 1320 panem
1540 1286 1743 1320 quotidianum,
1767 1291 1794 1313 et

1006 1337 1099 1367 petens
1111 1331 1297 1365 quotidianum
1310 1338 1417 1366 panem,
1434 1339 1488 1358 non
1501 1331 1639 1363 eumdem,
1655 1340 1708 1359 nec
1719 1331 1794 1366 ejus-

1004 1377 1064 1404 dem
1080 1385 1215 1404 mensurze
1228 1384 1290 1404 eum
1303 1377 1411 1412 accipit,
1426 1386 1518 1405 verum
1538 1385 1646 1411 semper
1674 1378 1702 1404 in
1729 1385 1792 1404 ora—

1006 1423 1125 1450 tionibus
1138 1423 1224 1457 puris,
1241 1427 1267 1450 et
1289 1424 1389 1451 munda
1406 1424 1582 1457 conscientia,
1599 1424 1626 1450 in
1649 1423 1732 1451 factis
1749 1423 1794 1458 ju-

1006 1469 1294 1504 stitize,quotidianum
1310 1470 1477 1498 comedimus
1486 1478 1594 1505 panem.
1610 1469 1640 1497 Si
1653 1470 1717 1505 quis
1729 1478 1793 1496 vero

170 1505 251 1551 lsrael
269 1507 342 1535 solus
355 1508 514 1542 ingreditur,
528 1513 554 1535 et
568 1510 704 1544 egreditur
719 1518 767 1545 per
779 1519 848 1538 eam.
864 1511 954 1545 Quare
968 1513 990 1543 ο
1006 1516 1096 1542 minus
1107 1523 1191 1550 purus
1205 1519 1256 1548 est,
1280 1516 1334 1542 alio
1349 1516 1430 1543 modo
1456 1517 1645 1551 quotidianum
1672 1517 1793 1544 comedit

173 1550 344 1586 ingreditur?
356 1552 390 1580 Ut
402 1558 593 1588 cognosratur.
609 1555 632 1581 Α
651 1556 724 1590 quo?
750 1555 771 1582 A
788 1556 867 1584 duce.
884 1557 952 1590 Quis

170 1596 203 1622 ad
216 1597 336 1624 clausam
359 1604 464 1633 portam
481 1599 534 1626 dux
550 1599 618 1627 iste?
635 1600 759 1628 Salvator
773 1606 825 1634 cst,
841 1603 887 1637 qui
904 1611 953 1637 pa-

172 1648 233 1667 nem
250 1643 377 1674 comedit,
389 1643 435 1677 qui
454 1649 560 1677 portam
578 1653 639 1672 eum
663 1650 739 1680 patre
760 1647 882 1679 claudit,
907 1648 953 1682 qui

172 1685 287 1719 spiritali
302 1688 423 1722 pascitur
434 1689 505 1722 cibo,
524 1698 597 1718 metu
608 1690 681 1718 cibus
694 1697 744 1725 est,
758 1692 853 1720 dicens
868 1693 889 1709 "
901 1713 907 1725 ,
925 1698 954 1720 ut

173 1731 272 1765 faciam
290 1733 449 1762 voluntatem
460 1736 516 1770 ejus
531 1737 575 1772 qui
590 1737 662 1764 misit
674 1746 713 1764 me
727 1759 734 1771 ,
761 1743 790 1765 ut
817 1739 953 1774 perﬁciam

171 1837 798 1858 ππ

1006 1567 1113 1594 panem.
1130 1560 1259 1588 Dominus
1268 1565 1370 1593 anteiit,
1382 1561 1427 1595 qui
1442 1561 1563 1588 omnium
1576 1561 1661 1595 judex
1678 1566 1731 1589 est,
1751 1561 1795 1586 det

1007 1605 1085 1632 nobis
1106 1613 1200 1640 panem
1214 1606 1358 1639 viventem,
1379 1610 1407 1633 ut
1429 1607 1509 1633 cibati
1521 1614 1564 1639 eo,
1580 1611 1606 1633 et
1620 1606 1793 1633 cori-obarati

1007 1651 1145 1685 possimus
1159 1652 1186 1678 in
1201 1652 1298 1678 coelum
1314 1652 1365 1679 iter
1376 1651 1464 1678 facere
1475 1672 1482 1683 ,
1506 1651 1693 1685 gloriﬁcantes
1710 1650 1792 1677 Deum

1007 1695 1230 1729 omnipotentem.
1245 1704 1291 1728 per
1307 1696 1443 1722 Christum
1458 1695 1548 1723 Jesum
1565 1704 1571 1722 :
1593 1696 1637 1723 cui
1652 1700 1694 1723 est
1710 1696 1793 1731 gloria

1006 1745 1033 1768 et
1047 1740 1187 1774 imperium
1202 1740 1227 1767 in
1241 1741 1339 1768 stecula
1351 1741 1524 1768 szcculorum.
1536 1740 1633 1767 Amen.

564 1950 678 2013 EK
723 1949 892 2013 ΤΩΝ
929 1948 1398 2014 ΩΡΙΓΕΝΟΥΣ

583 2077 829 2121 ΕΚΛΟΓΑΙ
854 2079 940 2122 ΕΙΣ.
965 2080 1078 2122 ΤοΝ
1110 2079 1386 2123 ΙΕΖΕΚΙΗΛ.

370 2252 451 2296 EX
485 2251 752 2298 ORIGENE
799 2254 1058 2299 SELECTA
1096 2254 1158 2299 IN
1198 2252 1601 2299 EZECHIELEM.

499 2407 575 2435 CAP.
590 2407 610 2434 Ι.
966 2409 988 2436 D

206 2452 240 2479 Et
253 2452 354 2487 factum
368 2456 407 2480 est
421 2453 447 2480 in
458 2453 589 2481 tricesimo
601 2462 681 2486 anno,
699 2454 728 2480 in
737 2459 833 2488 quarto
853 2463 948 2486 mense,

167 2501 260 2535 quinta
276 2499 390 2531 mensis;
405 2505 429 2526 et
444 2508 490 2534 ego
501 2508 573 2527 erant
586 2500 613 2526 in
632 2500 717 2527 medio
735 2501 897 2534 captivitatis
910 2509 952 2528 su-

168 2553 213 2578 per
226 2544 335 2572 ﬂuvium
347 2543 466 2576 Chobar,
485 2549 509 2570 et
533 2545 617 2578 aperti
634 2549 693 2570 sunt
705 2545 763 2571 cazlt'
776 2545 809 2571 ε’.
828 2545 950 2573 Ezechiel

1329 2405 1406 2431 ΚΕΦ.
1422 2406 1460 2432 A'.

1037 2452 1092 2479 Καὶ
1113 2451 1231 2486 ἐγένετο
1247 2452 1281 2478 ἐν
1298 2451 1337 2484 τῷ
1360 2450 1522 2485 τριακοστῷ
1540 2451 1612 2482 ἔτει,
1633 2451 1670 2478 ὲν
1691 2452 1731 2484 τῷ
1748 2461 1790 2479 τε-

1002 2499 1097 2533 τάρτῳ
1108 2498 1192 2533 μηνὶ,
1206 2497 1323 2532 πέμπτῃ
1339 2497 1390 2524 τοῦ
1402 2497 1507 2531 μηνὸς,
1525 2496 1574 2523 καὶ
1585 2496 1644 2531 ἐγὼ
1661 2497 1744 2531 ἤμην
1755 2499 1788 2523 ἐν

169 2592 195 2617 in
214 2591 306 2617 multis
324 2590 425 2616 Christi
438 2594 528 2624 typum
549 2591 627 2624 gerit,
647 2590 760 2625 ejusque
776 2591 812 2616 rei
827 2591 951 2619 conside-

170 2637 302 2663 rationem
314 2636 347 2663 ab
361 2636 420 2670 ipso
447 2636 594 2669 prophetia:
617 2636 730 2663 exordio
754 2636 949 2671 auspicaberis.

171 2680 283 2707 Factum
297 2688 335 2707 est
350 2681 377 2707 in
392 2681 523 2707 tricesimo
549 2688 618 2706 anno
632 2700 638 2712 ,
668 2681 694 2707 in
720 2686 814 2716 quarto
845 2690 931 2708 mense
943 2703 950 2713 ,

170 2726 261 2760 quinta
275 2727 389 2758 mensis;
404 2731 428 2753 et
443 2734 488 2760 ego
501 2734 574 2752 eram
589 2726 615 2752 in
629 2727 713 2753 medio
729 2727 889 2760 captivitatis
907 2735 952 2753 διι-

207 2828 229 2844 τ·
241 2826 262 2854 u
277 2827 340 2854 Cor.
358 2835 399 2861 ιιι,
415 2827 454 2855 t5.
495 2828 517 2844 ιο
538 2828 604 2856 ibid.
638 2828 678 2856 is.
717 2817 831 2857 “Joati.
852 2838 888 2863 ιν,
915 2829 947 2856 si

1037 2828 1122 2856 Levit.
1153 2835 1202 2856 vn.

1001 2545 1085 2580 μέσῳ
1111 2544 1166 2578 τῆς
1191 2543 1396 2578 αἰχμαλωσίας
1421 2543 1468 2569 ἐπὶ
1495 2542 1548 2568 τοῦ
1573 2543 1709 2577 ποταμοῦ
1740 2543 1788 2569 τοῦ

1004 2590 1114 2624 Χοϐάρ·
1139 2589 1188 2616 καὶ
1210 2590 1398 2623 ἠνοίχθησαν
1413 2590 1439 2614 οἱ
1456 2589 1587 2622 οιίριιιτί.
1614 2588 1643 2614 Ὀ
1662 2585 1788 2622 ἰεζεκιὴλ

1003 2635 1086 2661 τύπον
1116 2635 1191 2669 φέρει
1220 2634 1266 2660 τοῦ
1293 2633 1409 2669 Χριστοῦ
1443 2632 1511 2658 κατὰ
1535 2631 1630 2662 πολλὰ,
1659 2632 1708 2657 καὶ
1723 2631 1787 2666 ἄρξῃ

1005 2680 1116 2714 θεωρεῖν
1139 2679 1218 2706 τοῦτο
1241 2681 1269 2705 ἐν
1284 2680 1340 2710 τοῖς
1357 2678 1509 2713 προοιμίοις
1527 2677 1574 2712 τῆς
1601 2676 1767 2712 προφητείας
1778 2693 1787 2703 .

1011 2725 1144 2760 Ἐγένετο
1160 2725 1193 2752 ἐν
1219 2725 1257 2757 τῷ
1281 2724 1444 2758 τριακοστῷ
1466 2724 1534 2755 ἔτει,
1563 2726 1691 2757 τετάρτῳ
1703 2722 1786 2758 μηδ-ι,

1249 2827 1271 2843 ⁸³
1294 2827 1377 2862 Apoe.
1392 2834 1432 2859 tu,
1447 2825 1491 2852 20.
1530 2824 1551 2839 "
1562 2823 1659 2852 Lzech.
1675 2833 1695 2857 t,
1711 2825 1736 2852 ί.
