1882 3052
57 132 118 160 τσο

678 137 833 165 SELECTA
848 137 881 165 ΙΝ
899 138 1130 170 EZECIIIELEM.

1652 148 1702 176 77b

59 194 191 228 πέμπτῃ
215 193 269 220 τοῦ
284 194 378 228 μηνὸς
389 215 395 227 ,
418 195 508 230 κάγὼ,
526 197 619 232 φησὶν,
636 197 717 232 ἥμην
733 199 768 225 ἐν
781 199 850 234 μέσι

936 208 959 227 er
972 201 1081 234 ﬂuvium
1095 201 1218 234 Cliobar;
1234 208 1259 230 et
1270 205 1355 238 aperti
1365 210 1426 232 sunt
1443 207 1510 233 caeli.
1528 207 1626 236 Eadem
1642 219 1699 246 ipsa

63 241 280 274 αἱχμαλωσίας
289 241 337 266 ἐπὶ
347 242 480 276 ποταμοῦ
489 243 584 278 Χοσάρ
595 253 601 259 ·
620 246 669 271 καὶ
677 246 864 280 ἠνοίχθησαν

60 285 90 311 οἱ
100 285 240 318 οὐρανοί.
250 285 343 312 Ταῦτα
359 287 406 313 καὶ
422 288 541 324 περὶτοῦ
558 290 676 325 Χριστοῦ
692 292 845 327 γέγραπται
856 312 863 323 ,

60 330 111 356 ὅτε
126 328 163 366 ἦν
179 332 209 357 ἐν
223 331 261 367 τῷ
275 333 369 368 κόσμῳ
381 333 478 369 τούτῳ,
502 336 530 361 ὲν
545 337 576 371 τῇ
595 337 768 373 αἰχμαλωσίᾳ
777 337 864 374 ταύτῃ

61 375 113 402 ἐπὶ
128 376 178 403 τοῦ
196 377 339 413 Ἰορδάνου,
354 379 398 405 ὅτε
419 381 539 413 Ἰησοῦς
552 380 591 417 ἧι·
609 384 774 418 ἀρχόμενος
792 385 864 412 ὡσεὶ

60 422 146 448 ἐτῶν
155 423 324 457 τριάκοντα,
337 425 383 451 καὶ
393 426 436 452 ὅτε
449 427 610 463 ἠνοίχθησαν
620 429 693 465 αὐτῷ
706 430 731 456 οἱ
744 430 860 466 οὐρανοί.

62 469 106 494 Τὰ
131 468 160 495 δὲ
178 470 325 504 τριάκοντα
346 470 392 507 ἒτη
415 472 449 499 τὰ
466 473 495 499 ὲν
518 476 551 509 τῇ
577 476 728 512 προφητείᾳ
747 477 818 504 κατὰ
833 478 863 504 τὸ

60 514 199 550 αἰσθητόν
214 517 288 543 ἐστιν
300 517 314 543 ὁ
327 518 422 553 χρόνος
437 519 486 554 τῆς
499 520 573 556 ζωῆς
586 521 632 547 τοῦ
644 524 782 559 προφήτου
793 532 799 538 ·
813 524 862 559 τῆς

60 562 93 589 δὲ
110 564 302 598 αἰχμαλωσίας
316 565 362 599 ἀφ’
371 561 401 591 οὗ
412 566 544 600 κατῆλθον
557 567 682 603 πέμπτον
695 568 762 600 ἔτος.
782 569 861 596 Ἀλλὰ

63 609 117 643 μὲν
143 610 214 636 κατὰ
234 610 282 645 τὴν
308 612 494 646 προσηγορίαν
517 612 563 639 καὶ
585 613 718 649 σύμϐολον
739 614 794 650 ἔχει
813 615 859 642 τοῦ

60 654 188 690 Χριστοῦ
219 650 366 692 ἰεξεκιὴλ,
397 657 427 688 ὃς
453 657 634 692 ἑρμηνεύεται
658 660 758 695 κράτος
780 661 858 688 Θεοῦ.

61 701 121 727 Καὶ
143 700 173 727 τὸ
184 722 191 734 ,
213 702 259 728 υἱὲ
274 702 440 736 ἀνθρώπου,
463 704 503 735 εις
521 704 666 741 ἀναγωγὴν
684 706 731 733 τοῦ
749 715 859 743 χρημα-

59 745 192 778 τίσαντος
205 748 272 774 υἱοῦ
286 748 453 782 ἀνθρώπου.

107 791 185 826 Ἐγὼ
203 792 284 826 ἤμην
301 793 335 819 ἐν
348 793 433 827 μέσῳ
447 794 498 828 τῆς
524 796 741 830 αἰχμαλωσίας-ο
761 797 789 824 Ὀ
808 798 858 833 μὲν

60 836 127 869 νοῦς
142 838 215 864 ἐστιν
228 839 256 865 ὃν
272 839 328 874 ἔχει
343 840 373 866 τὸ
390 840 471 876 ῥητόν
482 849 488 856 ·
507 841 573 868 αὐτὸ
585 842 613 868 δὲ
622 842 707 877 ψιλῶς
722 845 752 871 οὔ
785 845 856 872 οἱον-

61 882 89 908 εί
112 892 212 918 φησιν’
236 884 314 919 Ἐγὼ,
327 886 341 911 ὁ
359 886 439 921 μηδὲν
451 887 638 922 αἰχμαλωσίας
645 889 723 924 ἔχων,
735 890 764 916 ὲν
782 891 856 927 μέσῳ

61 929 255 964 αἰχμαλωσίας
270 931 344 966 ήμην
359 931 392 957 δι’
410 932 575 968 οἰκονομίαν.
593 933 671 960 Οὕτω
690 935 738 961 καὶ
758 935 772 962 ὁ
785 936 854 972 Χρι-

61 974 127 1006 στὸς
148 975 198 1001 οὐκ
213 976 440 1011 αίχμαλωτισθεὶς
456 975 489 1013 ἦν
501 978 531 1004 ἐν
545 978 583 1014 τῷ
600 979 674 1014 τόπῳ
684 980 738 1007 τῶν
754 982 855 1016 αἰχμα-

60 1018 170 1051 λώτων,
185 1019 254 1047 ἀλλὰ
266 1020 425 1057 λυτρώσεως
438 1022 528 1049 αὐτῶν
537 1023 616 1059 χάριν
626 1032 632 1039 ·
649 1024 687 1056 ὡς
703 1025 749 1052 καὶ
764 1026 778 1052 ὁ
788 1035 855 1062 προ-

61 1065 154 1101 φήτης
167 1066 198 1092 οὐ
214 1067 248 1093 δι’
262 1067 399 1103 ἁμαρτίας
412 1065 446 1104 ἦν
459 1069 488 1095 ὲν
504 1069 580 1104 μέσῳ
593 1069 643 1105 τῆς
656 1070 853 1105 αἰχμαλωσίας,

59 1110 122 1137 ἀλλ’
141 1111 272 1147 ἰατρείας.

98 1202 155 1230 Καὶ
182 1201 263 1230 εἶδον
279 1204 400 1238 ὁράσεις
423 1206 506 1233 Θεοῦ.
535 1206 564 1233 '0
581 1207 647 1239 Θεὸς
664 1207 714 1243 τὴν
738 1209 852 1245 ἀόρατον

60 1249 110 1275 καὶ
133 1249 231 1285 νοητὴν
258 1250 338 1284 φύσιν
355 1251 384 1277 ὲν
405 1253 437 1287 τῇ
454 1253 538 1288 ὁρατῇ
561 1253 608 1280 καὶ
631 1254 745 1290 αἰσθητῇ
774 1255 853 1289 φύσει

60 1294 270 1330 ὲζωγράφησεν,
292 1296 325 1322 ἵν’
345 1297 370 1323 ot
391 1297 443 1324 ὑπὸ
463 1298 588 1335 αἴσθησιν
610 1300 800 1334 γυμνασθῶσιν
824 1302 853 1327 ἐν

61 1341 132 1376 αὐτῇ
150 1343 190 1373 εῑς
206 1341 321 1378 θεωρίαν
333 1343 382 1378 τῆς
398 1345 503 1380 νοητῆς.

97 1389 154 1416 Καὶ
170 1388 288 1422 ἐγένετο
302 1389 393 1423 λόγος
409 1391 520 1424 Κυρίου
542 1392 615 1425 πρὸς
641 1388 783 1425 Ἰεζεκιήλ.
801 1393 852 1419 Λό-

63 1441 108 1465 γος
121 1434 135 1460 ὁ
150 1434 179 1460 ὲν
198 1435 280 1469 ἀρχῇ,
294 1434 361 1461 Θεοῦ
374 1426 468 1470 Λόγος.
496 1436 569 1470 Ἐγὼ
582 1437 682 1463 εἷπον·
703 1438 769 1464 Θεοί
781 1438 851 1465 ἐστε

59 1479 109 1505 καὶ
128 1479 189 1506 υἱοὶ
210 1480 350 1513 Ὑψίστου
367 1480 487 1514 πάντες.
502 1481 538 1507 Τὸ
554 1482 666 1518 Πνεῦμα
680 1482 753 1517 λέγει
773 1483 850 1515 θεοὺς

59 1525 130 1560 πρὸς
146 1525 193 1556 οὒς
212 1526 226 1551 ὁ
246 1525 332 1559 Λόγος
347 1526 394 1552 τοῦ
409 1526 475 1553 Θεοῦ
491 1527 612 1561 ἐγένετο,
634 1529 648 1554 ὁ
665 1529 730 1560 Θεὸς
745 1529 830 1563 Λόγος
840 1537 847 1544 ·
862 1551 884 1580 G

62 1567 118 1580 1,,
131 1579 137 1580 ,
154 1579 159 1580 ,
177 1570 182 1579 ι
199 1579 203 1580 ,
224 1571 237 1580 ..
322 1571 329 1580 ρ
367 1573 374 1580 .

59 1567 138 1602 οὗτος
152 1570 207 1606 γὰρ
224 1571 345 1603 Θεοποιός
366 1573 432 1599 ἔστι.

102 1662 155 1688 Ἐν
177 1661 216 1696 γῇ
239 1662 403 1691 Χαλδαίων.
429 1665 559 1698 Χαλδαῖος
582 1665 761 1702 ἑρμηνεύεται
789 1666 849 1700 πᾶς

56 1707 164 1740 πόνος.
191 1705 269 1735 Οὗτοι
288 1709 316 1735 δέ
336 1711 404 1736 εἰσιν
425 1711 582 1746 ἀστρολόγοι
604 1711 653 1747 τὴν
679 1713 849 1748 εἱμαρμένην

59 1754 195 1788 λέγοντες,
209 1755 255 1781 καὶ
274 1755 342 1786 ὅλως
353 1757 409 1787 τοῖς
421 1756 559 1792 αἰσθητοῖς
577 1757 790 1792 προσηλωμένοι,
802 1758 849 1784 καὶ

59 1802 88 1826 ὲν
101 1801 194 1832 αὐτοῖς
209 1800 424 1836 διαπονούμενοι,
440 1802 624 1834 θεοποιοῦντες
634 1802 704 1829 αὐτά
714 1811 720 1817 -
738 1803 776 1838 Γῆ
791 1804 849 1829 ἐστι

59 1845 202 1872 Χαλδαίων
219 1847 233 1872 ὁ
248 1846 330 1878 τόπος
348 1848 395 1874 καὶ
417 1849 432 1883 ἡ
453 1847 509 1879 ἕξις
530 1848 546 1883 ὴ
568 1848 700 1883 χειρίστη.
719 1848 772 1874 Ναὶ
796 1848 848 1884 μὴν

60 1893 107 1919 καὶ
123 1892 177 1919 τῶν
198 1894 226 1919 ἐν
245 1893 357 1928 ἀσεϐείᾳ.
375 1893 556 1929 ὖπερηφανῶν
568 1894 658 1929 ἔχουσι
675 1894 807 1930 σύμὸολον
823 1894 848 1920 οἱ

59 1938 200 1965 Χαλδαῖοι.

93 1985 150 2011 Kal
171 1983 235 2011 ιόοὺ
249 1985 366 2019 πνεῦμα
378 1985 507 2020 ἐξαῖροαν.
528 1986 640 2022 Πνεῦμα
653 1986 761 2022 ὲξαῖρόν
774 1987 848 2013 ἐστιν

55 2029 69 2054 ὁ
87 2028 155 2059 Θεός
166 2037 173 2043 ·
197 2029 304 2064 πνεῦμα
319 2029 396 2066 γὰρὸ
412 2031 487 2062 Θεὸς,
506 2031 613 2066 ἐξαῖρον
630 2031 658 2057 δὲ
678 2031 727 2066 τὴν
739 2031 846 2059 κακίαν.

92 2073 149 2100 Καὶ
171 2074 283 2108 νεφέλη
298 2074 426 2109 μεγάλη.
452 2075 525 2110 Αὐτὴ
546 2076 562 2110 ἡ
581 2076 679 2110 νεφέλη
705 2076 722 2111 ἡ
746 2076 848 2102 δικαιο-

59 2118 138 2154 σύνη,
149 2119 180 2145 τὺ
195 2119 296 2153 ἀγαθὸν
310 2120 340 2146 τὸ
350 2122 382 2146 ὲκ
397 2120 444 2146 τοῦ
457 2120 525 2146 Θεοῦ
541 2120 634 2155 διῆκον
648 2121 686 2152 εἰς
701 2121 783 2156 ἡμᾶς,
801 2121 846 2155 ἀφ’

57 2162 88 2192 αὖ
103 2164 277 2200 φωτιζόμεθα
287 2166 336 2201 τὴν
350 2165 449 2200 γνῶσιν
460 2166 508 2201 τῆς
519 2166 657 2201 ἀληθείας.
672 2166 726 2192 Καὶ
739 2166 847 2201 φέγγος

57 2210 113 2245 γὰρ
125 2210 174 2237 καὶ
194 2211 294 2242 κύκλῳ
305 2211 408 2238 αὐτοῦ.
450 2206 452 2209 ’

99 2257 244 2291 Ὀμοίωμα
262 2257 302 2289 ὡς
319 2255 398 2290 εἶδος
414 2257 580 2291 ἀνθρώπου.
606 2258 701 2293 Ἡμεῖς
721 2258 847 2293 ὁμοίωμα

56 2303 111 2328 τῶν
127 2303 267 2337 τεσσάρων
283 2302 360 2334 ζώων
377 2304 470 2338 ἐσμέν.
493 2305 573 2339 Ζήτει
596 2303 625 2329 δὲ
639 2304 702 2330 τίνα
721 2303 754 2330 τὰ
772 2304 844 2339 τρία.

63 2348 92 2375 '0
108 2348 214 2383 ἡνίοχος
235 2349 290 2375 τῶν
311 2350 450 2383 τεσσάρων
467 2349 568 2376 τούτων
583 2348 660 2380 ζώων
675 2349 725 2384 οὐχ
741 2349 800 2381 ὅλος
813 2347 847 2385 ἦν

59 2393 122 2429 πῦρ,
141 2393 198 2420 ἀλλ’
217 2393 272 2420 ἀπὸ
288 2393 388 2429 ὀσφύος
403 2394 449 2420 ἐπὶ
469 2394 503 2421 τὰ
522 2394 607 2426 κάτω,
621 2394 667 2420 καὶ
682 2394 737 2420 ἀπὸ
746 2393 847 2428 ὀσφύος

57 2439 105 2466 καὶ
130 2438 183 2469 ἕως
207 2438 263 2465 ἅνω
280 2439 420 2475 ἧλεκτρον.
443 2439 480 2465 Οὐ
509 2439 562 2476 γὰρ
587 2439 654 2475 μόνα
681 2440 846 2476 κολαστήρια

57 2485 113 2521 ἔχει
126 2484 238 2519 ρλόγος,
254 2485 311 2511 ἀλλ’
329 2485 384 2521 ἔχει
403 2485 450 2513 καὶ
461 2486 493 2513 δι’
505 2482 543 2512 ὧν
558 2485 701 2513 ἀναπαύει.
726 2485 845 2518 Κολάζει

56 2532 85 2559 δὲ
102 2531 145 2557 διὰ
163 2530 218 2557 τῶν
233 2531 308 2557 κάτω
323 2531 474 2567 δυνάμεων.
494 2532 531 2558 Οὐ
550 2532 604 2568 γὰρ
625 2530 679 2558 εἶδε
702 2532 757 2568 πῦρ
779 2533 844 2568 περὶ

55 2578 105 2614 τὴν
121 2577 252 2613 κεφαλὴν,
271 2578 331 2604 οὐδὲ
345 2578 400 2604 ἀπὸ
414 2579 464 2614 τῆς
477 2579 577 2613 ὀσφύος
593 2578 638 2605 ἐπὶ
655 2579 689 2605 τὰ
701 2578 757 2605 ἄνω
772 2579 844 2614 ἡνίο-

56 2633 103 2660 χος
122 2623 177 2659 πῦρ
194 2622 239 2659 ἦν,
257 2624 324 2650 ἀλλὰ
339 2624 392 2650 ἀπὸ
407 2624 457 2659 γῆς
472 2624 571 2659 ὀσφύος
587 2625 634 2651 ἐπὶ
648 2624 682 2651 τὰ
699 2624 773 2651 κάτω
788 2624 843 2661 πῦρ

55 2668 98 2706 ἧν,
116 2670 160 2696 ἴνα
178 2669 296 2705 δηλώσῃ,
315 2670 355 2696 ὅτι
368 2670 392 2695 οἱ
409 2670 437 2697 ὲν
452 2671 577 2706 γεννήσει
589 2670 777 2705 τυγχάνοντες.
796 2666 843 2696 οῦ-

55 2723 94 2743 τοι
113 2716 217 2742 δέονται
238 2715 324 2751 πυρός
336 2723 342 2730 ·
363 2715 448 2749 ὀσφὺς
462 2715 517 2751 γὰρ
533 2716 684 2751 γεννήσεως
699 2715 842 2750 σύμϐολον.

55 2763 90 2789 Οὐ
116 2762 196 2797 μόνον
220 2762 248 2788 δὲ
272 2762 335 2793 τοὺς
362 2762 413 2788 ὑπὸ
435 2762 561 2798 γέννησιν
582 2761 699 2791 ἐδήλωσε
721 2760 763 2794 τὸ,
790 2761 844 2788 ἀπὸ

88 2819 111 2833 ⁸³
131 2817 196 2845 Luc.
216 2825 259 2850 nl,
275 2818 320 2845 ‘21.
359 2817 382 2834 "
398 2818 495 2846 Ezech.
514 2827 532 2850 ι,
552 2819 574 2845 1.
613 2818 635 2834 ³⁷
653 2818 730 2851 ibid.,
743 2818 768 2844 5.
801 2817 850 2844 ⁸⁸Ρ

947 2825 1038 2851 uni,
1056 2817 1082 2844 6.
1122 2817 1143 2833 ⁸⁹
1156 2815 1253 2844 Ezech.
1271 2825 1290 2848 ι,
1308 2817 1334 2843 5.

55 2849 76 2865 θ’
97 2854 161 2881 ibid.
200 2853 224 2870 π
242 2854 326 2887 ibid.,
348 2853 393 2881 26.

915 245 948 272 de
972 245 1035 274 Ji-su
1065 248 1164 282 scripta
1193 253 1274 282 sunt,
1307 250 1396 284 ipsum
1432 259 1529 288 nempe
1562 245 1699 285 fuisserin

915 292 1016 319 mundo
1041 293 1112 326 hoc,
1139 293 1166 320 in
1189 294 1240 322 hac
1260 296 1417 330 captivitate
1429 305 1511 332 super
1527 299 1673 329 Jordanem
1693 327 1700 337 ,

913 338 1024 372 quando
1038 339 1117 366 Iesus
1129 345 1186 366 erat
1202 341 1329 376 incipiens
1343 343 1420 376 quasi
1432 352 1562 372 annorum
1576 348 1699 383 triginta,

913 386 940 409 et
951 384 1061 418 quando
1076 386 1161 418 aperti
1173 392 1234 413 sunt
1248 387 1273 413 ei
1286 388 1343 414 caeli
1354 389 1387 415 ⁸⁸.
1401 388 1452 422 Qui
1466 396 1556 418 autem
1571 393 1634 419 anni
1650 394 1700 420 tri-

912 427 985 462 ginta
1015 430 1041 456 in
1066 431 1206 465 prophetia
1230 432 1366 461 habentur
1380 455 1387 466 ,
1402 436 1435 462 ad
1454 436 1570 464 litteram
1591 443 1699 474 tempus

912 478 976 500 sunt
991 481 1044 509 quo
1061 477 1190 509 propheta
1208 477 1234 503 in
1253 477 1380 508 humanis
1394 480 1493 515 fuerat,
1512 488 1539 510 et
1553 491 1567 511 a
1588 485 1699 520 captivi-

913 523 976 550 tate,
996 526 1049 552 qua
1075 519 1221 554 reliquerat
1247 523 1373 557 patriam,
1389 532 1477 552 annus
1494 519 1696 561 quintus.Quin

911 567 937 589 et
955 563 1104 590 secundum
1125 566 1243 594 nominis
1259 568 1449 604 etymologiam
1464 569 1564 598 Christi
1581 573 1695 608 ﬁguram

911 607 1018 640 prmfert
1033 608 1176 644 Ezechiel,
1194 612 1241 646 qui
1269 613 1462 649 interpretatur
1478 607 1612 650 fortitudu
1636 619 1693 648 Dei.

910 651 987 685 Quod
1000 655 1063 681 item
1081 656 1105 683 ei
1133 656 1232 684 dicitur
1250 667 1257 685 :
1278 658 1334 686 Fili
1355 660 1470 688 hominis
1484 683 1491 695 ,
1519 664 1552 690 ad
1571 664 1694 693 altiorem

910 705 1021 726 sensum
1031 700 1201 729 referendum
1214 708 1264 736 est,
1277 709 1306 731 ut
1320 705 1364 732 ille
1375 707 1544 742 signiﬁcetur
1551 710 1597 744 qui
1610 718 1694 738 voca-

910 748 953 771 tus
965 750 1006 772 est
1020 746 1094 780 ﬁlius
1105 747 1227 776 hominis.

943 793 1024 829 407
1039 794 1095 830 Ego
1106 804 1178 822 eram
1195 796 1222 822 in
1235 797 1319 824 medio
1337 798 1509 832 captivitatis.
1524 800 1692 837 Estquidem

909 838 967 873 ipse
981 847 1079 867 sensus
1090 848 1170 875 quem
1185 841 1295 876 przel'ert
1308 842 1398 870 littera
1417 852 1424 871 :
1443 845 1489 872 sed
1512 853 1564 872 non
1586 847 1693 882 simpli-

907 885 974 912 citer
984 893 1017 913 ac
1032 886 1125 920 nude;
1142 887 1221 922 quasi
1238 887 1310 915 dicat
1324 897 1331 915 :
1347 888 1403 924 Ego
1423 890 1466 917 cui
1490 891 1558 918 nihil
1579 893 1693 928 captivi-

906 929 953 956 tati
971 930 1120 958 obnoxium
1138 931 1235 964 inerat,
1250 932 1277 959 in
1289 933 1379 960 medio
1406 942 1480 962 eram
1505 938 1669 972 captivitatis
1681 959 1691 974 ,

905 975 1117 1010 dispensationis
1133 985 1227 1005 causa.
1241 978 1286 1006 Sic
1300 983 1328 1005 et
1340 978 1476 1014 Christus,
1492 982 1554 1009 licet
1571 991 1624 1011 non
1642 992 1690 1012 ca-

904 1022 1011 1055 ptivus,
1022 1023 1048 1049 in
1064 1022 1126 1050 loco
1136 1027 1194 1050 erat
1211 1024 1390 1059 captivorum,
1405 1027 1451 1053 sed
1474 1032 1502 1054 ut
1518 1028 1591 1062 ipsos
1616 1030 1690 1057 redi-

904 1071 1009 1100 meret;
1025 1068 1255 1102 quemadmodum
1267 1069 1350 1096 etiam
1362 1071 1503 1105 propheta,
1515 1080 1569 1100 non
1580 1079 1692 1109 propter

904 1117 1015 1146 peccata
1029 1113 1055 1139 in
1072 1114 1161 1141 medio
1176 1119 1236 1142 erat
1254 1115 1431 1150 captivitatis,
1454 1118 1502 1145 sed
1526 1123 1555 1146 ut
1573 1121 1691 1155 captivis

904 1158 1051 1185 remedium
1066 1159 1184 1187 atierret.

939 1202 972 1229 Et
985 1204 1037 1230 vidi
1050 1204 1160 1231 visiones
1175 1204 1223 1231 Dei
1236 1205 1269 1232 ".
1287 1205 1357 1233 Deus
1382 1207 1544 1236 invisibilem
1575 1215 1602 1238 et
1627 1219 1689 1246 qua:

903 1247 959 1274 sola
978 1253 1066 1275 mente
1084 1253 1173 1283 potest
1191 1249 1315 1285 intelligi,
1331 1256 1473 1284 naturam,
1491 1254 1516 1280 in
1537 1260 1632 1283 natura
1648 1257 1690 1284 vi-

902 1293 973 1320 sibili
988 1298 1014 1319 et
1032 1301 1094 1329 qua:
1106 1294 1158 1322 sub
1175 1303 1284 1323 sensum
1305 1297 1395 1330 cadit,
1409 1299 1490 1326 veluti
1508 1300 1644 1337 depingit,
1659 1308 1689 1330 ut

901 1338 947 1373 qui
963 1341 1055 1366 sensui
1073 1340 1182 1368 obnoxii
1197 1346 1271 1373 sunt,
1287 1342 1314 1369 in
1329 1342 1373 1369 illa
1382 1343 1416 1370 ad
1429 1346 1686 1380 contemplationem

901 1391 1006 1412 natura,
1023 1386 1153 1420 spiritalis
1168 1387 1337 1415 erudiantur.

936 1430 969 1457 Et
979 1431 1078 1465 factum
1087 1437 1124 1458 est
1136 1432 1240 1459 verbum
1249 1433 1355 1460 Domini
1364 1433 1398 1460 ad
1411 1433 1572 1464 Ezechielem
1583 1437 1614 1465 ³⁷.
1625 1437 1689 1466 Ver.

901 1475 963 1503 bum
977 1477 1049 1510 quod
1062 1476 1088 1503 iu
1104 1477 1236 1512 principio
1249 1483 1316 1510 erat,
1336 1479 1383 1506 Dei
1395 1479 1524 1509 Verbum.
1540 1481 1595 1517 Ego
1610 1484 1687 1511 diri:

902 1520 947 1547 Dii
958 1522 1030 1553 estis,
1050 1525 1074 1548 et
1093 1522 1145 1556 ﬁlii
1169 1522 1275 1549 Excelsi
1302 1531 1393 1552 omnes
1417 1524 1449 1552 ⁸⁸.
1468 1525 1585 1560 Spiritus
1609 1536 1688 1557 vorat

900 1566 975 1600 deos,
988 1567 1021 1594 ad
1033 1576 1102 1602 quos
1111 1567 1228 1595 Verbum
1239 1568 1285 1596 Dei
1296 1568 1399 1598 factum
1411 1576 1463 1604 est,
1477 1572 1547 1601 Deus
1555 1573 1685 1604 Verbum.

900 1611 986 1640 Tanta
999 1614 1070 1640 enim
1084 1619 1125 1642 est
1138 1614 1197 1649 ejus
1212 1615 1299 1643 virtus
1314 1621 1343 1643 ut
1357 1616 1474 1645 deiﬁcet.

935 1657 969 1684 In
980 1663 1051 1686 terra
1064 1659 1253 1687 Chuldworum
1267 1661 1299 1688 δ’.
1326 1661 1469 1691 Chaldaeus
1495 1663 1686 1700 interpretatur

900 1703 984 1729 omnis
998 1703 1083 1730 labor.
1103 1703 1134 1731 Hi
1147 1710 1236 1732 autem
1255 1710 1319 1733 sunt
1331 1707 1459 1743 astrologi
1474 1728 1481 1741 ,
1502 1709 1588 1737 fatum
1611 1719 1688 1740 asse-

899 1752 998 1781 rentes,
1016 1750 1131 1778 terrenis
1149 1751 1231 1778 rebus
1250 1759 1364 1785 prorsus
1393 1753 1492 1781 addieti
1508 1774 1516 1787 ,
1537 1763 1688 1793 earumque

900 1793 990 1820 studio
1001 1793 1095 1827 dediti,
1108 1802 1238 1822 concessa
1250 1797 1289 1822 cis
1306 1796 1416 1825 deitate.
1438 1798 1522 1826 Terra
1543 1800 1686 1829 Chaldaeo-

898 1847 959 1866 rum
973 1841 1048 1868 locus
1063 1846 1105 1868 est
1117 1846 1198 1876 atque
1211 1842 1320 1870 habitus
1341 1845 1486 1878 pessimus.
1503 1846 1574 1878 Quin
1596 1853 1623 1875 et
1638 1857 1687 1876 eo-

900 1894 958 1912 rum
969 1887 1016 1921 qui
1034 1887 1060 1914 in
1072 1887 1210 1922 impietate
1222 1889 1398 1923 superhiunt,
1423 1891 1509 1926 ﬁgura
1528 1898 1593 1920 sunt
1603 1894 1687 1922 Chal—

898 1933 948 1960 daei
955 1951 962 1959 .

934 1977 969 2003 Et
982 1985 1038 2004 ecce
1054 1978 1161 2012 spiritus
1174 1979 1294 2013 auferens
1307 1979 1340 2006 9°.
1356 1979 1475 2014 Spiritus
1496 1981 1622 2011 auferens
1643 1988 1686 2012 est

900 2023 981 2051 Deus.
996 2023 1113 2058 Spiritus
1128 2024 1199 2051 enim
1216 2024 1298 2058 Deus,
1310 2025 1435 2054 auferens
1452 2028 1593 2056 malitiam.

937 2069 968 2096 Et
985 2069 1063 2096 nubes
1089 2078 1184 2104 magna
1198 2071 1231 2098 9‘.
1251 2071 1313 2099 Haec
1328 2073 1415 2100 nubes
1430 2073 1536 2107 justitia
1551 2079 1593 2103 est
1609 2083 1616 2103 :
1635 2075 1685 2102 ho-

899 2123 964 2142 num
977 2123 1074 2150 nempe
1092 2116 1166 2150 quod
1181 2124 1212 2143 ex
1225 2117 1280 2144 Deo
1293 2118 1324 2145 ad
1337 2126 1386 2146 nos
1399 2119 1537 2152 dimanat,
1563 2128 1616 2155 quo
1640 2129 1686 2148 ve-

899 2161 987 2188 ritatis
997 2162 1111 2188 scientia
1128 2161 1305 2190 illustramur.
1318 2163 1385 2191 Nam
1399 2169 1426 2192 et
1446 2165 1570 2200 splendor
1583 2167 1611 2193 in
1628 2168 1682 2194 cir-

862 2217 884 2244 D
898 2207 970 2233 cuitu
982 2207 1038 2241 ejus
1050 2208 1083 2234 9'.

934 2252 1087 2280 Similitudo
1115 2255 1192 2289 quasi
1211 2255 1307 2289 species
1332 2256 1445 2283 hominis
1459 2257 1492 2285 9’.
1508 2258 1609 2286 Sumus
1635 2267 1685 2286 nos

897 2297 1046 2326 similitudo
1057 2305 1176 2334 quatuor
1187 2301 1356 2329 animalium.
1373 2302 1469 2335 Quaere
1482 2311 1547 2330 vero
1559 2313 1684 2339 quaenam

899 2344 949 2371 tria
972 2345 1035 2372 sint.
1061 2345 1164 2372 Horum
1182 2350 1300 2380 quatuor
1321 2348 1479 2375 animalium
1492 2349 1584 2384 auxiga
1598 2370 1605 2382 ,
1630 2359 1684 2378 non

897 2394 971 2418 totus
984 2391 1055 2426 ignis
1068 2396 1137 2424 erat,
1150 2393 1196 2420 sed
1209 2401 1223 2419 a
1240 2393 1340 2421 lumbis
1362 2394 1489 2422 deorsum
1505 2404 1511 2428 ς
1544 2404 1558 2422 a
1584 2396 1684 2423 lumbis

898 2444 962 2464 VCI‘O
975 2445 1083 2464 sursum
1100 2438 1242 2467 electrum.
1258 2438 1317 2466 Non
1345 2439 1417 2466 enim
1441 2448 1530 2467 sermo
1549 2445 1683 2468 tormenta

897 2483 986 2510 solum
997 2483 1077 2510 habet
1090 2492 1096 2516 ;
1114 2485 1160 2511 sed
1174 2484 1253 2511 habet
1266 2485 1346 2512 etiam
1361 2485 1460 2519 quibus
1471 2487 1590 2520 requiem
1614 2495 1683 2520 prie-

896 2528 969 2556 beat.
980 2527 1061 2556 Punit
1070 2537 1135 2556 vero
1150 2537 1198 2564 per
1212 2530 1356 2557 inferiores
1365 2535 1523 2565 potestates.
1535 2530 1594 2558 Non
1610 2533 1681 2559 enim

895 2575 985 2611 ignem
1004 2576 1070 2603 vidit
1096 2577 1169 2603 circa
1194 2581 1295 2612 caput;
1322 2585 1410 2611 neque
1433 2577 1527 2612 auriga
1542 2586 1556 2604 a
1581 2578 1682 2605 lumbis

896 2628 1005 2648 sursum
1022 2622 1093 2657 ignis
1104 2627 1172 2655 erat,
1191 2623 1236 2650 sed
1251 2630 1266 2650 a
1282 2623 1382 2650 lumbis
1399 2623 1537 2654 deorsum,
1549 2628 1577 2650 ut
1590 2627 1683 2650 osten-

896 2668 942 2695 dat
966 2675 1014 2695 eos
1030 2668 1084 2703 "qui
1111 2668 1261 2695 nativitatis
1280 2673 1369 2695 ortum
1401 2668 1518 2701 habent,
1536 2668 1596 2703 igne
1612 2668 1684 2695 indi-

897 2721 969 2749 gere.
983 2714 1053 2741 Sunt
1065 2713 1138 2741 enim
1151 2713 1236 2740 lumbi
1254 2713 1435 2748 generationis
1448 2713 1610 2749 symbolum.
1624 2712 1684 2740 Non

897 2760 984 2788 solum
1001 2764 1091 2786 autem
1107 2766 1154 2786 eos
1170 2759 1217 2793 qui
1239 2758 1407 2794 generationi
1432 2759 1543 2786 obnoxii
1559 2763 1632 2788 sunt.
1645 2759 1683 2786 si-

1373 2817 1395 2832 '-‘°
1411 2817 1489 2852 ibid.,
1509 2818 1537 2845 4.
1575 2817 1596 2833 ἰ
1615 2817 1681 2845 ibid.
