1882 3052
195 100 242 126 771

909 97 953 125 EX
975 96 1125 125 ORIGENE

1776 96 1822 123 772

193 158 331 194 gniﬁeavit
350 157 422 192 quod
438 164 452 184 a
465 157 565 184 lumbis
577 156 701 184 deorsum
714 160 884 189 erat,verum
899 157 973 183 etiau

1056 156 1133 191 κρύος
1151 155 1204 187 ἕως
1221 156 1305 188 κάτω,
1322 155 1389 182 ἀλλὰ
1400 155 1447 182 καὶ
1460 154 1564 186 πάντας
1578 154 1643 186 τοὺς
1658 154 1741 186 ιντας
1755 155 1822 182 κάτω

194 212 289 231 omnes
302 204 349 239 qui
366 204 392 230 in
412 204 491 231 terris
514 208 657 230 versamur
689 210 721 229 ac
750 204 866 230 terrenis
894 203 976 230 rebus

193 248 293 275 atldicti
318 253 392 276 sunt.
410 247 492 276 Ortus
513 248 584 274 enim
608 253 634 274 et
658 247 784 275 iutcritns
812 248 838 274 in
869 248 983 276 terrenis

194 299 267 322 sunt.
281 294 416 322 Electrmn
427 302 491 321 vero
503 294 574 329 quod
590 301 657 321 auro
673 298 841 328 argentoque
849 295 984 322 conﬂatur

194 345 324 374 tanquam
341 340 422 368 rebus
435 340 462 367 in
477 345 547 367 terra
563 339 780 374 pretiosissimis,
793 341 981 374 prsestantinm

192 394 427 421 supernorumque
439 391 596 413 sanctarum
615 389 780 420 potestatum
790 386 929 421 agminum
941 391 984 414 est

192 430 357 467 symbolum.

452 475 541 511 ,ωε
565 475 643 504 CAP.
664 476 695 504 u.

226 522 283 549 Fili
311 522 433 554 hominis,
450 527 492 549 sta
510 530 588 557 super
609 522 686 557 pedes
712 527 770 550 tuos
790 523 824 550 ".
841 522 979 556 Quantum

192 569 377 600 meminimus,
390 569 519 596 continue
531 577 562 596 ac
575 576 623 604 per
645 574 729 597 totam
745 571 917 605 prophetiam
946 570 979 597 ad

190 614 360 641 Ezechielem
373 614 474 642 dicitur
498 624 505 641 :
526 615 583 641 Fili
600 615 731 648 hominis;
749 617 889 644 rarissime
914 624 980 644 vero

189 661 222 686 ad
234 660 370 687 Danielem
386 669 393 687 :
407 661 453 695 qui
469 661 550 688 ambo
562 661 588 687 iu
602 662 759 696 captivitate
773 662 854 697 positi
870 683 877 696 ,
899 668 979 698 typus

189 713 266 735 erant
273 706 337 735 Jesu
348 706 499 735 Salvatoris
519 707 577 741 Dei,
589 709 635 743 qui
646 709 680 736 ad
693 716 742 736 nos
753 710 874 744 captivos
884 709 976 736 exivit.

226 845 257 873 Si
270 846 338 880 forte
351 845 462 872 audiant
477 850 522 872 aut
531 851 641 880 paveant
651 846 684 872 9".
697 844 764 873 Huic
777 845 936 873 dubitatioui
946 846 978 873 si-

190 891 255 918 mile
272 895 313 918 est
328 892 400 926 quod
418 896 508 918 exstat
519 892 590 926 apud
607 891 753 919 Jeremiam
773 892 797 908 "
812 901 817 918 :
840 891 918 918 Forte
930 900 979 918 au-

189 937 301 971 dient,et
314 942 506 964 convertentur.
519 937 634 965 Aiebant
649 942 738 965 autem
758 937 804 973 qui
822 938 879 964 luet:
894 945 978 973 expo-

191 984 301 1016 nebant,
319 983 390 1010 dicta
406 984 462 1011 haec
479 990 539 1011 eSSe
553 984 586 1010 ad
605 984 762 1011 auditorum
788 985 978 1019 provocandos

190 1029 307 1063 animos,
326 1037 359 1056 ne
375 1030 452 1064 quasi
469 1030 525 1064 jam
541 1029 588 1056 Dei
602 1035 755 1064 occupante
773 1030 899 1063 scientia,
916 1038 978 1065 quae

189 1081 204 1101 a
221 1075 298 1102 nobis
314 1079 386 1102 recte
403 1075 445 1102 vel
462 1075 530 1102 male
544 1080 692 1110 geruntur,
709 1083 739 1102 ea
758 1076 836 1103 aliter
848 1076 906 1103 fieri
922 1085 976 1103 non

190 1127 269 1154 posse
283 1128 364 1155 quam
382 1120 437 1147 sint
448 1121 571 1154 praescita
585 1121 755 1154 existiment,
781 1121 845 1148 dum
872 1129 978 1149 sermo-

189 1174 236 1193 nes
248 1167 371 1194 audiunt.
392 1166 436 1194 Sic
448 1168 519 1194 enim
532 1168 642 1202 perinde
657 1168 735 1195 nobis
744 1167 858 1195 liberum
871 1172 914 1195 est
926 1176 976 1195 au-

189 1212 247 1239 dire
266 1213 305 1240 vel
322 1220 375 1239 non
391 1213 495 1245 audire,
513 1221 545 1240 ac
567 1213 589 1240 si
604 1212 675 1239 Deus
698 1220 753 1240 non
770 1213 951 1247 preseivisset
967 1223 974 1241 :

188 1265 249 1284 cum
265 1258 340 1285 liberi
357 1259 462 1285 arbitrii
481 1259 565 1286 nostri
580 1258 620 1286 vis
631 1266 681 1286 nec
690 1259 778 1285 minor
788 1266 821 1285 ex
832 1259 977 1293 praescien-

188 1303 224 1331 tia
240 1304 343 1336 divina,
355 1312 405 1331 nec
426 1304 512 1339 major
531 1312 563 1331 ex
584 1305 818 1339 nonpraascientia
829 1305 886 1333 fiat.

224 1395 361 1430 Ejusdem.
381 1394 477 1422 Tutius
493 1403 541 1430 pro
557 1399 678 1430 pareant,
694 1395 831 1422 diceretur
844 1395 972 1423 desinant.

189 1439 326 1474 Scriptum
342 1445 382 1467 est
395 1446 485 1467 autem
500 1441 552 1467 hoc
568 1441 638 1473 loco,
650 1445 772 1474 paveant,
793 1441 826 1468 de
845 1441 898 1469 illis
927 1442 973 1476 qui

1034 202 1082 228 καὶ
1099 203 1132 237 τῇ
1154 200 1204 237 ὕλῃ
1225 200 1462 236 προσπαθοῦντας.
1480 200 1589 231 Γένεσις
1606 199 1660 235 γὰρ
1677 198 1727 225 καὶ¹
1743 198 1821 234 φθορὰ

1034 250 1063 275 ὲν
1077 249 1110 284 τῇ
1126 248 1176 283 ὖλῃ
1192 247 1260 274 ὲστί.
1279 247 1430 282 Ἦλεκτρον
1449 247 1477 273 δέ
1493 247 1551 273 ἐστι
1566 245 1596 271 τὸ
1608 246 1642 271 ὲκ
1657 244 1770 280 χρυσίου
1781 245 1821 271 καὶ

1033 295 1165 330 ἀργυρίου
1180 293 1212 328 χύ
1218 302 1265 329 μα,
1276 293 1313 324 ὡς
1327 293 1380 319 τῶν
1395 292 1566 328 τιμιωτάτων
1582 291 1687 317 τούτων
1702 291 1752 325 τῆς
1763 290 1821 326 ὕλης

1033 340 1175 375 συμὸὀλων
1189 340 1272 367 ὄντων
1286 339 1341 366 τῶν
1359 339 1457 374 τιμίων
1476 338 1524 364 καὶ
1538 337 1596 364 ἄνω
1611 337 1763 372 ταγμάτων
1776 337 1822 364 τῶν

1033 387 1119 421 ἁγίων
1130 385 1282 421 δυνάμεων.

1358 476 1437 502 ΚΕΦ.
1455 475 1493 501 B’.

1074 522 1122 550 Υἱὲ
1145 521 1313 556 ἀνθράκων,
1343 520 1431 555 στῆθι
1462 520 1511 548 ἐπι
1538 518 1611 553 τοὺς
1641 518 1738 552 πόδας
1757 526 1819 546 σου.

1032 569 1114 595 Ὅσον
1130 568 1172 602 ἐφ’
1197 565 1238 600 οἷς
1259 567 1422 603 μεμνήμεθα
1446 566 1627 602 συνεχέστατα
1651 565 1702 601 μὲν
1725 565 1771 591 καὶ
1791 565 1820 591 δι’

1030 615 1093 650 ὅλης
1102 614 1152 649 τῆς
1160 614 1329 650 προφητείας
1342 612 1381 645 τὸ,
1395 612 1442 639 Υἱὲ
1451 611 1618 645 ἀνθρώπου,
1633 610 1744 644 λέγεται
1758 610 1820 645 πρὶς

1029 661 1075 686 τὸν
1104 657 1244 694 Ἰεζεκιὴλ,
1272 658 1446 693 σπανιώτερα
1466 657 1495 683 δὲ
1511 656 1578 691 πρὸς
1597 656 1644 681 τὸν
1661 656 1772 690 Δανιὴλ,
1787 652 1820 681 ὢν

1028 707 1142 737 ἕκαστος
1159 706 1187 732 ὲν
1207 707 1240 740 τῇ
1265 704 1438 740 αἰχμαλωσίᾳ
1457 702 1541 733 τύπος
1551 701 1588 728 ὢν
1608 701 1656 728 τοῦ
1681 701 1750 736 προς
1763 702 1820 732 τοὺς

1028 750 1218 786 αἰχμαλώτους
1234 750 1310 786 ἡμᾶς
1323 748 1512 785 ἐξεληλυθότος
1533 746 1619 782 Ἰησοῦ
1635 746 1682 773 τοῦ
1699 746 1820 781 Σωτῆρος

1030 796 1109 822 Θεοῦ.

1071 841 1142 868 Ἐὰν
1163 841 1221 875 ἄρα
1242 840 1416 868 ἀκούσωσιν
1429 858 1437 871 ,
1461 838 1480 872 ἢ
1506 837 1687 870 πτοηθῶσιν.
1711 836 1818 871 Ὅμοιον

1028 887 1114 922 τούτῳ
1128 887 1167 922 τῷ
1178 885 1344 920 διστακτικῷ
1354 886 1412 911 ἐστι
1429 883 1459 910 τὸ
1471 885 1500 910 ὲν
1514 883 1552 918 τῷ
1574 882 1695 918 Ἱερεμίᾳ
1705 890 1712 897 ο
1733 882 1818 914 Ἴσως

1027 935 1222 966 ἀκούσονται,
1248 932 1297 960 καὶ
1317 931 1564 967 μετανοήσονται.
1593 929 1706 963 Ἔλεγον
1729 928 1757 955 ἃ
1772 929 1818 954 κά-

1028 982 1104 1007 κεῖνα
1119 979 1303 1015 διηγούμενοι,
1319 979 1361 1005 ὅτι
1371 977 1456 1005 ταῦτα
1476 977 1545 1012 ὑπὲρ
1561 975 1720 1012 προτροπῆς
1730 974 1819 1007 λέγον-

1027 1036 1072 1054 ται
1092 1026 1147 1053 τῶν
1167 1025 1331 1056 ἀκουόντων,
1357 1024 1402 1050 ἵνα
1422 1023 1460 1058 μὴ
1475 1022 1584 1054 δοκῶσι,
1616 1021 1819 1056 προκατειλημ-

1029 1073 1117 1109 μένων
1129 1071 1180 1098 ὑπδ
1194 1071 1244 1106 τῆς
1260 1070 1306 1096 τοῦ
1324 1069 1390 1096 Θεοῦ
1404 1067 1528 1103 γνώσεως
1545 1067 1598 1094 τῶν
1615 1067 1660 1102 ὑφ’
1676 1066 1755 1102 ἡμῶν
1767 1074 1819 1101 χει-

1029 1120 1112 1155 ρόνων
1133 1118 1150 1153 ἢ
1169 1117 1331 1152 κρειττόνων
1343 1136 1351 1148 ,
1373 1115 1411 1151 μὴ
1433 1114 1546 1142 δυνατὸν
1567 1112 1638 1140 εἶναι
1655 1113 1685 1138 τὸ
1701 1111 1818 1138 ἐναντίον

1026 1164 1081 1191 τῶν
1101 1163 1336 1200 προεγνωσμένων
1350 1160 1488 1196 γενέσθαι,
1511 1160 1658 1190 ἀκούοντες
1675 1159 1730 1185 τῶν
1744 1158 1818 1191 λεγο-

1029 1211 1126 1246 μένων.
1156 1209 1304 1244 Οὕτω-γὰρ
1322 1208 1421 1242 ἐπίσης
1439 1207 1480 1242 ἐφ’
1501 1208 1568 1242 ἡμῖν
1583 1207 1640 1232 ἐστι
1655 1205 1688 1231 τὺ
1700 1204 1816 1237 ἀκούειν,

1027 1255 1117 1282 καὶτὸ
1129 1254 1166 1290 μὴ
1181 1253 1301 1286 ἀκούειν,
1319 1253 1385 1279 ὡσεὶ
1414 1253 1462 1279 καὶ
1480 1252 1517 1287 μὴ
1534 1249 1706 1287 προεγνώκει
1723 1251 1738 1276 ὁ
1756 1249 1816 1280 Θεὸς

1026 1302 1088 1328 οὔτε
1103 1301 1243 1332 ἐλάττονος
1258 1299 1403 1334 γενομένου
1423 1299 1464 1333 ἐφ’
1490 1299 1554 1333 ἡμῖν
1570 1297 1613 1324 διὰ
1632 1297 1663 1323 τὸ
1680 1304 1816 1332 προεγνω-

1027 1348 1103 1375 κέναι
1122 1347 1213 1379 αὑτὸν,
1236 1346 1297 1373 οὔτε
1314 1346 1445 1378 πλείονος,
1463 1346 1488 1371 εἰ
1505 1345 1542 1380 μὴ
1558 1343 1742 1380 προεγνώκει.

1063 1394 1119 1421 Τοῦ
1139 1393 1243 1421 αὐτοῦ.
1271 1392 1484 1427 Ἀσφαλέστερον
1508 1391 1540 1418 ἂν
1561 1390 1667 1425 λέγοιτο
1689 1389 1750 1416 ἀντὶ
1771 1387 1816 1415 τοῦ

1025 1439 1186 1474 πτοηθῶσι,
1199 1439 1380 1466 κοπάσουσι.
1401 1439 1533 1465 Τέτακται
1549 1437 1578 1463 δὲ
1589 1437 1633 1468 τὺ,
1647 1435 1818 1470 πτσηθῶσιν

190 1485 289 1512 divinis
307 1486 429 1513 oraculis
442 1490 632 1517 moventur-,et
648 1493 662 1513 a
683 1493 780 1520 pavere
792 1494 872 1521 quem
894 1494 910 1514 e
931 1487 973 1514 di-

1056 1486 1143 1514 ταῦθα
1159 1486 1206 1512 ἐπὶ
1222 1486 1274 1513 τῶν
1290 1486 1344 1512 ἀπὸ
1370 1485 1468 1520 λογίων
1489 1483 1568 1511 θείων
1587 1482 1757 1517 κινουμένων
1771 1480 1817 1507 καὶ

188 1531 240 1558 etis
257 1536 452 1566 coneeperunt,
467 1531 500 1559 ad
513 1532 636 1558 timorem
651 1531 699 1558 Dei
717 1536 869 1559 transeunt.
893 1533 974 1560 Aliud

189 1581 280 1602 autem
296 1577 507 1603 existimandum
533 1582 573 1604 est
598 1577 745 1612 signiﬁcari
761 1578 813 1604 hoc
827 1579 911 1605 verbo
925 1585 975 1613 pa-

188 1625 276 1653 veant.
289 1629 370 1655 quam
388 1621 414 1648 id
433 1621 557 1656 quoddc
571 1628 669 1656 pavore
685 1622 787 1649 dicitur
811 1630 826 1650 a
853 1621 972 1656 Graecis,

189 1665 234 1700 qui
249 1666 323 1693 illum
339 1674 400 1694 esse
414 1666 549 1693 definiunt
562 1667 688 1694 humana:
704 1667 802 1695 animae
815 1668 953 1696 allectum.

225 1756 258 1784 Et
270 1758 297 1784 in
308 1765 338 1785 ea
353 1757 500 1792 capitulum
515 1758 577 1785 libri
587 1759 618 1785 ’⁷.
634 1758 727 1787 Divina
745 1761 838 1793 verba,
856 1761 928 1795 quod
940 1768 973 1788 ex

189 1808 265 1838 parte
282 1803 346 1837 sint,
363 1807 388 1831 et
402 1804 573 1837 brevissima,
588 1805 610 1832 si
633 1813 694 1832 cum
711 1810 769 1833 toto
786 1814 912 1833 sermone
929 1810 972 1833 at-

187 1858 240 1884 que
252 1851 326 1877 omni
350 1850 482 1886 sapiemia
503 1850 690 1885 conferantur,
705 1859 758 1878 non
776 1852 852 1884 liber,
877 1852 924 1879 sed
941 1851 974 1878 li-

188 1897 230 1924 bri
247 1897 395 1931 capitulum
421 1896 557 1931 quoddam
583 1897 647 1924 dieti
672 1901 745 1924 sunt.
761 1897 839 1930 Quod
852 1897 916 1924 item
945 1897 972 1924 in

186 1942 295 1977 psalmo
306 1943 420 1970 habetur
432 1942 456 1958 ’⁸
471 1953 476 1970 :
504 1941 538 1969 In
558 1943 643 1977 capite
667 1942 730 1969 libri
745 1943 873 1978 scriptum
886 1947 924 1970 est
942 1943 973 1969 de

187 1997 237 2021 me,
253 1988 340 2016 simile
356 1989 494 2024 quidpiam
513 1988 655 2022 signiﬁcat.
683 1987 742 2016 Non
757 1993 846 2017 tamen
867 1990 915 2024 qui
939 1989 972 2016 ad

186 2034 324 2062 dexteram
339 2038 381 2061 est
392 2035 511 2061 sedentis
526 2034 553 2061 in
573 2035 680 2068 throno,
696 2035 757 2062 libri
767 2039 849 2069 caput
862 2035 972 2068 dicitur,

187 2079 233 2107 sed
248 2079 313 2106 liber
322 2079 436 2114 scriptus
448 2081 519 2106 intus
535 2084 559 2106 et
573 2081 648 2113 foris.
667 2081 870 2114 Verumtamen,
886 2081 974 2115 inquit

185 2124 305 2152 Joannes
327 2125 361 2157 '9,
390 2133 464 2152 nemo
481 2127 587 2159 ‘poterat
615 2135 697 2162 neque
710 2127 738 2153 in
753 2127 833 2159 caelo.
851 2135 931 2162 neque
946 2127 972 2153 in

1024 1532 1168 1559 ὁδευόντων
1188 1533 1221 1558 ὲκ
1239 1531 1286 1558 τοῦ
1308 1531 1446 1558 πτοεῖσθαι
1468 1532 1496 1556 ὲν
1514 1531 1569 1561 τοῖς
1595 1528 1755 1563 εἰρημένοις
1773 1526 1817 1552 καὶ

1024 1578 1070 1604 ἐπὶ
1086 1577 1115 1604 τὸ
1131 1577 1282 1612 φοϐηθῆναι
1296 1577 1341 1604 τὸν
1357 1576 1432 1603 Θεόνη
1450 1576 1505 1603 Καὶ
1519 1575 1581 1602 ἄλλο
1595 1583 1628 1608 γε
1643 1573 1760 1608 ἡγητέον
1777 1573 1817 1598 ὲν-

1023 1623 1112 1650 ταῦθα
1130 1622 1309 1659 σημαίνεσθαι
1325 1623 1379 1649 ἀπὸ
1399 1622 1446 1649 τοῦ
1460 1620 1611 1654 artant)th
1628 1619 1705 1656 παρὰ
1720 1619 1751 1645 τὸ
1765 1617 1818 1644 ὑπὸ

1023 1672 1077 1698 τῶν
1095 1671 1228 1706 Ἐλλήνων
1241 1670 1385 1705 λεγόμενον
1399 1669 1452 1696 ὑπὸ
1470 1670 1519 1704 τῆς
1532 1667 1628 1699 πτοίας
1647 1665 1816 1702 ὁριζομένων

1024 1717 1109 1753 αὐτὴν
1125 1717 1270 1753 ἀνθρώπου
1285 1716 1374 1751 ψυχῆς
1388 1715 1483 1746 πάθος.

1060 1763 1114 1790 Καὶ
1126 1764 1161 1790 ἐν
1175 1762 1253 1796 αὐτῇ
1267 1761 1393 1796 accisam/lic
1405 1761 1536 1793 βιϐλίου.
1552 1760 1583 1786 Oi.
1596 1759 1664 1786 θεῖοι
1677 1758 1763 1792 λόγοι,
1773 1757 1816 1783 διὰ

1023 1809 1054 1836 τὸ
1068 1810 1101 1836 ὲκ
1118 1808 1216 1845 μέρους
1229 1806 1298 1834 εῐναι
1315 1808 1362 1834 καὶ
1377 1807 1512 1842 ἐλάχιστοι
1529 1806 1672 1841 συγκρίσει
1693 1804 1742 1831 τοῦ
1756 1804 1815 1830 ὅλου

1023 1855 1103 1890 λόγου
1115 1855 1160 1882 καὶ
1177 1855 1226 1890 τῆς
1237 1854 1328 1888 πάσης
1342 1853 1449 1887 σοφίας,
1466 1853 1496 1879 οὐ
1510 1851 1621 1887 βιϐλίον,
1636 1851 1706 1878 ἀλλά
1717 1859 1760 1882 τις
1773 1859 1818 1876 κε-

1025 1901 1103 1936 φαλὶς
1124 1900 1225 1935 βιϐλίου
1241 1899 1359 1936 εἴρηται.
1378 1898 1433 1924 Καὶ
1452 1899 1480 1924 ἐν
1500 1897 1634 1931 Ψαλμοῖς
1651 1896 1683 1923 δὲ
1699 1897 1748 1922 τό’
1770 1896 1818 1922 ‘Er

1024 1945 1162 1980 κεφαλίδι
1177 1945 1299 1978 ,βιϐλίου
1315 1943 1475 1979 γέγραπται
1493 1942 1559 1976 περὶ
1574 1941 1658 1976 ἐμοῦ,
1677 1942 1708 1968 τὸ
1725 1941 1817 1975 ὅμοιον

1023 1992 1106 2028 δηλοῖ.
1132 1991 1229 2018 Οὐκέτι
1246 1991 1275 2018 δὲ
1291 1991 1404 2026 κεφαλὶς
1422 1989 1523 2025 βιϐλίου
1537 1988 1646 2022 λέγεται
1663 1987 1694 2015 τὸ
1706 1987 1753 2015 ἐπὶ
1766 1989 1815 2023 τὴν

1023 2037 1112 2070 δεξιὰν
1126 2036 1172 2063 τοῦ
1187 2037 1344 2073 καθημένου
1369 2036 1416 2063 ἐπὶ
1432 2035 1477 2062 τὸν
1491 2035 1594 2071 θρόνον,
1610 2034 1679 2062 ἀλλὰ
1691 2035 1818 2068 βιελῖον

1024 2083 1227 2117 τετραμμένον
1247 2083 1361 2110 ἔσωθεν
1377 2082 1425 2110 καί
1440 2083 1576 2109 ὄπισθεν.
1597 2081 1632 2108 ID
1639 2082 1673 2116 ήν
1685 2089 1692 2096 ·
1710 2080 1817 2113 οὐδεὶς

1025 2128 1171 2161 ἠδύνατο,
1192 2128 1274 2163 φησὶν
1291 2129 1306 2155 ό
1327 2128 1463 2164 Ἰωάννης,
1487 2128 1556 2154 οὔτε
1579 2128 1615 2154 ἐν·
1629 2126 1670 2160 τῷ
1687 2127 1815 2161 οὐρανῷ,

188 2176 269 2203 terra,
282 2179 363 2206 neque
378 2170 468 2197 subtus
484 2175 581 2198 terram
594 2173 694 2206 aperire
710 2172 808 2199 librum
821 2172 909 2205 illum,
926 2181 972 2199 ne-

1056 2181 1091 2198 ντε
1103 2172 1152 2198 ἐπὶ
1167 2172 1221 2206 τῆς
1233 2172 1298 2207 τῆς,
1314 2174 1383 2200 οὔτε
1398 2173 1537 2201 ὑποκάτω
1550 2172 1604 2207 τῆς
1613 2173 1681 2208 τῆς.
1696 2173 1817 2205 ἀνοῖξαι

187 2224 236 2251 que
247 2216 332 2243 videre
342 2224 412 2249 eum,
433 2217 486 2243 nisi
509 2217 581 2244 salua
595 2217 640 2244 ille
653 2218 699 2253 qui
712 2218 772 2244 vicit
786 2218 826 2244 leo
851 2217 883 2245 de
901 2218 971 2245 tribu

187 2262 270 2294 Juda,
283 2261 361 2288 radix
381 2261 476 2289 Dauid.
489 2261 561 2295 Quin
587 2267 614 2290 et
643 2263 716 2291 aliud
733 2264 882 2298 capitulum
908 2265 972 2292 libri

188 2308 318 2342 scriptum
332 2307 482 2335 comedisse
510 2307 641 2335 Joannem
658 2309 779 2337 invenies
798 2310 824 2336 in
837 2310 972 2346 Apocaly-

187 2353 238 2387 psi.
254 2352 312 2380 Non
330 2353 401 2380 enim
417 2354 476 2388 plus
493 2362 574 2389 quam
589 2355 738 2390 capitulum
765 2356 908 2383 comedere
923 2363 972 2391 po-

187 2403 240 2427 test
255 2399 373 2426 humana
388 2403 496 2428 natura.

224 2490 257 2518 Et
268 2491 369 2526 scripta
383 2495 457 2518 erant
471 2492 498 2518 iu
513 2499 542 2518 eo
556 2490 710 2518 lamentatio
718 2497 742 2519 et
753 2500 858 2520 carmen
871 2494 892 2520 ¹.
904 2491 971 2521 Car-

187 2545 244 2563 men
259 2536 367 2571 quidem
382 2537 499 2570 sanctis;
513 2536 668 2563 lamentatio
683 2545 747 2565 vero
772 2538 806 2566 iis
821 2539 971 2573 peccatori—

188 2583 250 2616 bus,
262 2586 378 2618 quortim
390 2592 444 2610 non
457 2584 492 2611 sit
503 2584 645 2619 desperata
658 2585 751 2619 salus;
763 2593 800 2613 rte
815 2586 923 2613 demum
938 2586 970 2615 iis

186 2628 233 2663 qui
247 2630 403 2663 punientur.

222 2762 248 2802 ’ζ
263 2761 359 2802 Ezecli.
374 2772 403 2802 u_,
421 2765 446 2792 i.
482 2766 586 2802 Ἶίὺὶιι.
601 2767 627 2799 2,
641 2767 666 2794 5.
701 2768 724 2784 ’⁸
743 2768 842 2796 Jercm.
862 2777 935 2802 tum,
962 2769 988 2796 5.

189 2797 214 2829 Ι,
232 2797 260 2824 5.
298 2799 305 2814 ¹
323 2798 421 2826 Ezech.
438 2808 467 2832 ll,
485 2800 526 2827 10.

1038 2217 1069 2243 τὸ
1086 2217 1209 2249 βιϐλίον
1226 2218 1333 2250 ἐκεῖνο,
1348 2219 1417 2245 οὐτε
1428 2220 1556 2251 βλέπειν
1565 2219 1649 2250 αὐτὸ,
1671 2221 1697 2246 εὶ
1705 2218 1750 2253 μὴ
1759 2220 1817 2253 μό-

1027 2272 1082 2290 νον
1093 2265 1109 2291 ό
1124 2263 1251 2297 νικήσας
1263 2264 1340 2292 λέων
1357 2265 1391 2292 ὲκ
1409 2263 1461 2298 τῆς
1471 2265 1572 2299 φυλῆς
1592 2265 1701 2297 Ἰούδα,
1715 2266 1736 2298 ὴ
1750 2264 1818 2298 ῥίζα

1027 2309 1126 2335 Δαυίδ.
1148 2309 1202 2336 Καὶ
1218 2309 1300 2344 ἄλλην
1314 2309 1342 2336 δὲ
1357 2309 1485 2343 κεφαλίδα
1502 2309 1604 2344 βιϐλίου
1616 2309 1817 2343 γεγραμμένην

1027 2353 1153 2388 εὑρήσεις
1175 2354 1204 2380 ὲν
1225 2355 1258 2388 τῇ
1283 2354 1486 2387 Ἀποκαλύψει
1504 2353 1549 2380 τὸν
1582 2354 1710 2389 Ἰωάννην
1736 2362 1818 2380 κατε-

1028 2398 1152 2425 σθίοντα·
1181 2398 1270 2425 πλεῖον
1295 2399 1350 2435 γὰρ
1372 2398 1513 2433 κεφαλίδος
1531 2400 1562 2426 οὐ
1578 2400 1664 2434 χωρεῖ
1684 2401 1781 2433 φαγεῖν
1799 2401 1817 2434 ἡ

1025 2444 1181 2481 ἀνθρώπεια
1201 2445 1291 2480 φύσις,

1059 2501 1114 2528 Kal
1131 2502 1292 2536 ἐγέγραπτο
1311 2501 1346 2528 ἐν
1361 2501 1438 2535 αὐτῇ
1449 2501 1559 2535 θρῆνος
1572 2501 1622 2528 καὶ
1636 2501 1740 2536 μέλος.
1757 2501 1818 2528 Μέ-

1022 2546 1068 2578 λος
1085 2547 1134 2582 μὲν
1149 2549 1203 2579 τοῖς
1217 2548 1304 2582 ἁγίοις
1314 2568 1321 2580 ,
1343 2547 1438 2583 θρῆνος
1455 2548 1483 2574 δὲ
1499 2549 1556 2580 τοῖς
1571 2549 1621 2575 οὔκ
1636 2547 1817 2583 ἀπεγνωσμέ-

1024 2601 1079 2624 νοις
1103 2592 1156 2619 τῶν
1182 2586 1397 2629 ἡμαρτηκότων·
1440 2593 1507 2621 οὐαὶ
1533 2592 1561 2619 δὲ
1598 2593 1655 2624 τοῖς
1681 2591 1816 2627 κολασθη-

1027 2638 1160 2672 σομένοις.

1026 2770 1048 2786 ’⁷
1061 2769 1158 2798 Ezccli.
1177 2779 1206 2805 tl,
1222 2772 1264 2800 l9.
1304 2771 1326 2788 ’⁸
1341 2771 1412 2800 Psal.
1444 2779 1560 2804 uxvul,
1574 2771 1601 2798 9.
1645 2772 1668 2788 "
1681 2773 1765 2808 Apoc.
1781 2778 1814 2804 νο
