  <div class='ocr_page' id='page_1' title='image "/cluster/home/n/w/nwhite01/storage/ocr_20150623/13/njp.32101077772430/476.png"; bbox 0 0 1882 3052; ppageno 0'>
   <div class='ocr_carea' id='block_1_1' title="bbox 58 140 842 171">
    <p class='ocr_par' dir='ltr' id='par_1_1' title="bbox 58 140 842 171">
     <span class='ocr_line' id='line_1_1' title="bbox 58 140 842 171; baseline 0.003 -4"><span class='ocrx_word' id='word_1_1' title='bbox 58 143 105 168; x_wconf 72' lang='grc'><strong>775</strong></span> <span class='ocrx_word' id='word_1_2' title='bbox 652 140 808 171; x_wconf 68' lang='lat' dir='ltr'><strong>SELECTA</strong></span> <span class='ocrx_word' id='word_1_3' title='bbox 825 142 842 170; x_wconf 79' lang='lat' dir='ltr'><strong>li</strong></span> 
     </span>
    </p>
   </div>
   <div class='ocr_carea' id='block_1_2' title="bbox 933 140 1103 171">
    <p class='ocr_par' dir='ltr' id='par_1_2' title="bbox 933 141 1103 170">
     <span class='ocr_line' id='line_1_2' title="bbox 933 141 1103 170; baseline 0.006 -1"><span class='ocrx_word' id='word_1_4' title='bbox 933 141 986 170; x_wconf 70' lang='lat' dir='ltr'><strong>iCH</strong></span> <span class='ocrx_word' id='word_1_5' title='bbox 991 142 1103 170; x_wconf 81' lang='lat' dir='ltr'><strong>IELEM.</strong></span> 
     </span>
    </p>
   </div>
   <div class='ocr_carea' id='block_1_3' title="bbox 391 203 523 230">
    <p class='ocr_par' dir='ltr' id='par_1_3' title="bbox 391 203 523 230">
     <span class='ocr_line' id='line_1_3' title="bbox 391 203 523 230; baseline 0.008 -1"><span class='ocrx_word' id='word_1_6' title='bbox 391 203 469 230; x_wconf 73' lang='grc' dir='ltr'><strong>ΚΕΦ.</strong></span> <span class='ocrx_word' id='word_1_7' title='bbox 486 203 523 230; x_wconf 84' lang='grc' dir='ltr'><strong>Γ¹.</strong></span> 
     </span>
    </p>
   </div>
   <div class='ocr_carea' id='block_1_4' title="bbox 91 248 850 285">
    <p class='ocr_par' dir='ltr' id='par_1_4' title="bbox 91 248 850 285">
     <span class='ocr_line' id='line_1_4' title="bbox 91 248 850 285; baseline 0 -9"><span class='ocrx_word' id='word_1_8' title='bbox 91 250 144 277; x_wconf 77' lang='grc' dir='ltr'><strong>Καὶ</strong></span> <span class='ocrx_word' id='word_1_9' title='bbox 160 249 337 284; x_wconf 65' lang='grc' dir='ltr'>ἑψώμισέμε</span> <span class='ocrx_word' id='word_1_10' title='bbox 348 249 405 283; x_wconf 80' lang='grc' dir='ltr'><strong>τὴν</strong></span> <span class='ocrx_word' id='word_1_11' title='bbox 416 248 571 284; x_wconf 71' lang='grc' dir='ltr'>κεφαλίδα.</span> <span class='ocrx_word' id='word_1_12' title='bbox 587 249 726 276; x_wconf 74' lang='grc' dir='ltr'><strong>Ἐντεῦθεν</strong></span> <span class='ocrx_word' id='word_1_13' title='bbox 734 249 850 285; x_wconf 80' lang='grc' dir='ltr'>μάλιστα</span> 
     </span>
    </p>
   </div>
   <div class='ocr_carea' id='block_1_5' title="bbox 59 292 848 331">
    <p class='ocr_par' dir='ltr' id='par_1_5' title="bbox 59 292 848 331">
     <span class='ocr_line' id='line_1_5' title="bbox 59 292 848 331; baseline 0 -9"><span class='ocrx_word' id='word_1_14' title='bbox 59 295 145 329; x_wconf 65' lang='grc' dir='ltr'>δῆλον,</span> <span class='ocrx_word' id='word_1_15' title='bbox 175 296 215 322; x_wconf 81' lang='grc' dir='ltr'><strong>ὃτι</strong></span> <span class='ocrx_word' id='word_1_16' title='bbox 238 292 331 322; x_wconf 69' lang='grc' dir='ltr'>πλεῖον</span> <span class='ocrx_word' id='word_1_17' title='bbox 348 295 398 331; x_wconf 81' lang='grc' dir='ltr'>τῆς</span> <span class='ocrx_word' id='word_1_18' title='bbox 419 295 562 330; x_wconf 82' lang='grc' dir='ltr'>κεφαλίδος</span> <span class='ocrx_word' id='word_1_19' title='bbox 578 295 609 321; x_wconf 84' lang='grc' dir='ltr'>οὺ</span> <span class='ocrx_word' id='word_1_20' title='bbox 624 296 709 330; x_wconf 71' lang='grc' dir='ltr'>χωρεῖ</span> <span class='ocrx_word' id='word_1_21' title='bbox 724 295 848 330; x_wconf 81' lang='grc' dir='ltr'>φαγεῐνή</span> 
     </span>
    </p>
   </div>
   <div class='ocr_carea' id='block_1_6' title="bbox 59 340 849 377">
    <p class='ocr_par' dir='ltr' id='par_1_6' title="bbox 59 340 849 377">
     <span class='ocr_line' id='line_1_6' title="bbox 59 340 849 377; baseline -0.001 -9"><span class='ocrx_word' id='word_1_22' title='bbox 59 341 213 377; x_wconf 77' lang='grc' dir='ltr'><strong>ἀνθρωπίνη</strong></span> <span class='ocrx_word' id='word_1_23' title='bbox 230 340 320 376; x_wconf 73' lang='grc' dir='ltr'>φύσις,</span> <span class='ocrx_word' id='word_1_24' title='bbox 334 341 380 367; x_wconf 76' lang='grc' dir='ltr'>καὶ</span> <span class='ocrx_word' id='word_1_25' title='bbox 394 341 479 367; x_wconf 75' lang='grc' dir='ltr'>ταῦτα</span> <span class='ocrx_word' id='word_1_26' title='bbox 492 341 544 367; x_wconf 83' lang='grc' dir='ltr'><strong>ὑπὸ</strong></span> <span class='ocrx_word' id='word_1_27' title='bbox 559 341 607 376; x_wconf 77' lang='grc' dir='ltr'>τῆς</span> <span class='ocrx_word' id='word_1_28' title='bbox 620 341 710 376; x_wconf 73' lang='grc' dir='ltr'>χειρὸς</span> <span class='ocrx_word' id='word_1_29' title='bbox 721 341 767 367; x_wconf 80' lang='grc' dir='ltr'><strong>τοῦ</strong></span> <span class='ocrx_word' id='word_1_30' title='bbox 781 340 849 367; x_wconf 81' lang='grc' dir='ltr'>Θεοῦ</span> 
     </span>
    </p>
   </div>
   <div class='ocr_carea' id='block_1_7' title="bbox 60 385 849 421">
    <p class='ocr_par' dir='ltr' id='par_1_7' title="bbox 60 385 849 421">
     <span class='ocr_line' id='line_1_7' title="bbox 60 385 849 421; baseline 0.003 -11"><span class='ocrx_word' id='word_1_31' title='bbox 60 385 244 420; x_wconf 64' lang='grc' dir='ltr'>ψωμιζομένη.</span> <span class='ocrx_word' id='word_1_32' title='bbox 274 385 302 411; x_wconf 87' lang='lat'><strong>&#39;0</strong></span> <span class='ocrx_word' id='word_1_33' title='bbox 325 385 450 420; x_wconf 76' lang='grc' dir='ltr'><strong>μέντοιγε</strong></span> <span class='ocrx_word' id='word_1_34' title='bbox 473 385 569 411; x_wconf 77' lang='grc' dir='ltr'>ἐσθίων</span> <span class='ocrx_word' id='word_1_35' title='bbox 585 385 686 421; x_wconf 80' lang='grc' dir='ltr'>ταύτην</span> <span class='ocrx_word' id='word_1_36' title='bbox 701 385 750 421; x_wconf 85' lang='grc' dir='ltr'><strong>τὴν</strong></span> <span class='ocrx_word' id='word_1_37' title='bbox 765 394 849 420; x_wconf 82' lang='grc' dir='ltr'>κεφα-</span> 
     </span>
    </p>
   </div>
   <div class='ocr_carea' id='block_1_8' title="bbox 58 430 848 467">
    <p class='ocr_par' dir='ltr' id='par_1_8' title="bbox 58 430 848 467">
     <span class='ocr_line' id='line_1_8' title="bbox 58 430 848 467; baseline 0.001 -11"><span class='ocrx_word' id='word_1_38' title='bbox 58 430 123 462; x_wconf 77' lang='grc' dir='ltr'>λίδα,</span> <span class='ocrx_word' id='word_1_39' title='bbox 139 430 295 465; x_wconf 75' lang='grc' dir='ltr'>ἀνειλούσης</span> <span class='ocrx_word' id='word_1_40' title='bbox 307 431 392 465; x_wconf 81' lang='grc' dir='ltr'>αὐτὴν</span> <span class='ocrx_word' id='word_1_41' title='bbox 407 431 455 465; x_wconf 81' lang='grc' dir='ltr'>τῆς</span> <span class='ocrx_word' id='word_1_42' title='bbox 476 430 660 466; x_wconf 80' lang='grc' dir='ltr'>ὲκτεταμένης</span> <span class='ocrx_word' id='word_1_43' title='bbox 676 431 766 466; x_wconf 77' lang='grc' dir='ltr'>χειρὸς</span> <span class='ocrx_word' id='word_1_44' title='bbox 781 431 848 467; x_wconf 76' lang='grc' dir='ltr'>πρὸς</span> 
     </span>
    </p>
   </div>
   <div class='ocr_carea' id='block_1_9' title="bbox 58 476 849 513">
    <p class='ocr_par' dir='ltr' id='par_1_9' title="bbox 58 476 849 513">
     <span class='ocr_line' id='line_1_9' title="bbox 58 476 849 513; baseline 0.001 -11"><span class='ocrx_word' id='word_1_45' title='bbox 58 477 99 503; x_wconf 68' lang='grc' dir='ltr'>τὸν</span> <span class='ocrx_word' id='word_1_46' title='bbox 116 476 249 507; x_wconf 76' lang='grc' dir='ltr'>ἐσθίοντα,</span> <span class='ocrx_word' id='word_1_47' title='bbox 262 477 378 511; x_wconf 71' lang='grc' dir='ltr'>φάγεται</span> <span class='ocrx_word' id='word_1_48' title='bbox 395 477 479 511; x_wconf 76' lang='grc' dir='ltr'>αὐτήν</span> <span class='ocrx_word' id='word_1_49' title='bbox 488 485 494 491; x_wconf 92' lang='grc'>·</span> <span class='ocrx_word' id='word_1_50' title='bbox 511 476 555 503; x_wconf 85' lang='grc' dir='ltr'><strong>ἴνα</strong></span> <span class='ocrx_word' id='word_1_51' title='bbox 567 476 610 503; x_wconf 84' lang='grc' dir='ltr'><strong>διὰ</strong></span> <span class='ocrx_word' id='word_1_52' title='bbox 621 477 672 512; x_wconf 78' lang='grc' dir='ltr'><strong>τῆς</strong></span> <span class='ocrx_word' id='word_1_53' title='bbox 685 477 849 513; x_wconf 77' lang='grc' dir='ltr'>ἀνειλήσεως</span> 
     </span>
    </p>
   </div>
   <div class='ocr_carea' id='block_1_10' title="bbox 59 522 849 559">
    <p class='ocr_par' dir='ltr' id='par_1_10' title="bbox 59 522 849 559">
     <span class='ocr_line' id='line_1_10' title="bbox 59 522 849 559; baseline 0.003 -11"><span class='ocrx_word' id='word_1_54' title='bbox 59 524 103 557; x_wconf 71' lang='grc' dir='ltr'>τῆς</span> <span class='ocrx_word' id='word_1_55' title='bbox 126 522 268 557; x_wconf 71' lang='grc' dir='ltr'>κεφαλίόος</span> <span class='ocrx_word' id='word_1_56' title='bbox 290 522 349 554; x_wconf 69' lang='grc' dir='ltr'>ἑνὸς</span> <span class='ocrx_word' id='word_1_57' title='bbox 366 523 481 548; x_wconf 81' lang='grc' dir='ltr'>ἑκάστου</span> <span class='ocrx_word' id='word_1_58' title='bbox 499 522 553 548; x_wconf 87' lang='grc' dir='ltr'>τῶν</span> <span class='ocrx_word' id='word_1_59' title='bbox 570 523 802 559; x_wconf 78' lang='grc' dir='ltr'><strong>ἐγγεγραμμένων</strong></span> <span class='ocrx_word' id='word_1_60' title='bbox 820 524 849 550; x_wconf 86' lang='grc' dir='ltr'>ὲν</span> 
     </span>
    </p>
   </div>
   <div class='ocr_carea' id='block_1_11' title="bbox 58 568 849 605">
    <p class='ocr_par' dir='ltr' id='par_1_11' title="bbox 58 568 849 605">
     <span class='ocr_line' id='line_1_11' title="bbox 58 568 849 605; baseline 0.003 -11"><span class='ocrx_word' id='word_1_61' title='bbox 58 568 120 604; x_wconf 73' lang='grc' dir='ltr'>αὐτῇ</span> <span class='ocrx_word' id='word_1_62' title='bbox 136 569 323 603; x_wconf 73' lang='grc' dir='ltr'>ἀντιλάϐηται,</span> <span class='ocrx_word' id='word_1_63' title='bbox 345 569 406 601; x_wconf 64' lang='grc' dir='ltr'>καὶ,</span> <span class='ocrx_word' id='word_1_64' title='bbox 425 568 637 604; x_wconf 82' lang='grc' dir='ltr'>μασσησὰμενος</span> <span class='ocrx_word' id='word_1_65' title='bbox 653 569 701 605; x_wconf 83' lang='grc' dir='ltr'><strong>τὴν</strong></span> <span class='ocrx_word' id='word_1_66' title='bbox 716 570 849 604; x_wconf 74' lang='grc' dir='ltr'>κεφαλίδα</span> 
     </span>
    </p>
   </div>
   <div class='ocr_carea' id='block_1_12' title="bbox 59 614 848 651">
    <p class='ocr_par' dir='ltr' id='par_1_12' title="bbox 59 614 848 651">
     <span class='ocr_line' id='line_1_12' title="bbox 59 614 848 651; baseline 0.004 -12"><span class='ocrx_word' id='word_1_67' title='bbox 59 614 101 640; x_wconf 62' lang='grc' dir='ltr'>καὶ</span> <span class='ocrx_word' id='word_1_68' title='bbox 116 614 164 649; x_wconf 76' lang='grc' dir='ltr'><strong>τὴν</strong></span> <span class='ocrx_word' id='word_1_69' title='bbox 181 614 317 650; x_wconf 76' lang='grc' dir='ltr'><strong>ἀνείλησιν</strong></span> <span class='ocrx_word' id='word_1_70' title='bbox 334 614 420 648; x_wconf 69' lang='grc' dir='ltr'>αὐτῆς</span> <span class='ocrx_word' id='word_1_71' title='bbox 438 614 526 641; x_wconf 81' lang='grc' dir='ltr'>πάντα</span> <span class='ocrx_word' id='word_1_72' title='bbox 543 614 613 651; x_wconf 74' lang='grc' dir='ltr'>λάϐῃ</span> <span class='ocrx_word' id='word_1_73' title='bbox 630 617 671 647; x_wconf 87' lang='grc' dir='ltr'>εἰς</span> <span class='ocrx_word' id='word_1_74' title='bbox 686 616 736 650; x_wconf 78' lang='grc' dir='ltr'><strong>τὴν</strong></span> <span class='ocrx_word' id='word_1_75' title='bbox 751 616 848 651; x_wconf 84' lang='grc' dir='ltr'>νοητὴν</span> 
     </span>
    </p>
   </div>
   <div class='ocr_carea' id='block_1_13' title="bbox 59 659 847 697">
    <p class='ocr_par' dir='ltr' id='par_1_13' title="bbox 59 659 847 697">
     <span class='ocr_line' id='line_1_13' title="bbox 59 659 847 697; baseline 0.004 -12"><span class='ocrx_word' id='word_1_76' title='bbox 59 659 136 685; x_wconf 75' lang='grc' dir='ltr'>αὑτοῦ</span> <span class='ocrx_word' id='word_1_77' title='bbox 150 660 254 686; x_wconf 82' lang='grc' dir='ltr'>κοιλίαν</span> <span class='ocrx_word' id='word_1_78' title='bbox 269 660 302 686; x_wconf 84' lang='grc' dir='ltr'>τὰ</span> <span class='ocrx_word' id='word_1_79' title='bbox 319 661 532 697; x_wconf 70' lang='grc' dir='ltr'><strong>ἐγγεγραμμένα</strong></span> <span class='ocrx_word' id='word_1_80' title='bbox 544 663 574 688; x_wconf 80' lang='grc' dir='ltr'><strong>οὐ</strong></span> <span class='ocrx_word' id='word_1_81' title='bbox 588 662 667 696; x_wconf 86' lang='grc' dir='ltr'>μόνον</span> <span class='ocrx_word' id='word_1_82' title='bbox 682 662 847 697; x_wconf 81' lang='grc' dir='ltr'>ἔμπροσθεν,</span> 
     </span>
    </p>
   </div>
   <div class='ocr_carea' id='block_1_14' title="bbox 59 705 848 744">
    <p class='ocr_par' dir='ltr' id='par_1_14' title="bbox 59 705 848 744">
     <span class='ocr_line' id='line_1_14' title="bbox 59 705 848 744; baseline 0.005 -13"><span class='ocrx_word' id='word_1_83' title='bbox 59 705 122 732; x_wconf 84' lang='grc' dir='ltr'>ἀλλὰ</span> <span class='ocrx_word' id='word_1_84' title='bbox 136 706 183 732; x_wconf 67' lang='grc' dir='ltr'>καὶ</span> <span class='ocrx_word' id='word_1_85' title='bbox 195 706 316 733; x_wconf 69' lang='grc' dir='ltr'>ὄπισθεν.</span> <span class='ocrx_word' id='word_1_86' title='bbox 331 707 443 742; x_wconf 76' lang='grc' dir='ltr'>Νομίζω</span> <span class='ocrx_word' id='word_1_87' title='bbox 457 707 485 733; x_wconf 80' lang='grc' dir='ltr'>δὲ</span> <span class='ocrx_word' id='word_1_88' title='bbox 502 708 546 734; x_wconf 82' lang='grc' dir='ltr'><strong>διὰ</strong></span> <span class='ocrx_word' id='word_1_89' title='bbox 564 708 613 743; x_wconf 83' lang='grc' dir='ltr'>μὲν</span> <span class='ocrx_word' id='word_1_90' title='bbox 630 708 683 734; x_wconf 76' lang='grc' dir='ltr'><strong>τῶν</strong></span> <span class='ocrx_word' id='word_1_91' title='bbox 694 708 848 744; x_wconf 75' lang='grc' dir='ltr'>ἔμπροσθεν</span> 
     </span>
    </p>
   </div>
   <div class='ocr_carea' id='block_1_15' title="bbox 57 751 849 790">
    <p class='ocr_par' dir='ltr' id='par_1_15' title="bbox 57 751 849 790">
     <span class='ocr_line' id='line_1_15' title="bbox 57 751 849 790; baseline 0.005 -13"><span class='ocrx_word' id='word_1_92' title='bbox 57 751 103 787; x_wconf 81' lang='grc' dir='ltr'>τῆς</span> <span class='ocrx_word' id='word_1_93' title='bbox 118 752 261 786; x_wconf 74' lang='grc' dir='ltr'>κεφαλίδος</span> <span class='ocrx_word' id='word_1_94' title='bbox 268 752 413 788; x_wconf 76' lang='grc' dir='ltr'><strong>δηλοῦσθαι</strong></span> <span class='ocrx_word' id='word_1_95' title='bbox 423 753 456 780; x_wconf 83' lang='grc' dir='ltr'>τὰ</span> <span class='ocrx_word' id='word_1_96' title='bbox 471 754 664 789; x_wconf 81' lang='grc' dir='ltr'>προηγούμενα</span> <span class='ocrx_word' id='word_1_97' title='bbox 677 754 732 781; x_wconf 85' lang='grc' dir='ltr'><strong>τῶν</strong></span> <span class='ocrx_word' id='word_1_98' title='bbox 746 755 849 790; x_wconf 78' lang='grc' dir='ltr'>δογμά-</span> 
     </span>
    </p>
   </div>
   <div class='ocr_carea' id='block_1_16' title="bbox 59 797 848 834">
    <p class='ocr_par' dir='ltr' id='par_1_16' title="bbox 59 797 848 834">
     <span class='ocr_line' id='line_1_16' title="bbox 59 797 848 834; baseline 0.005 -11"><span class='ocrx_word' id='word_1_99' title='bbox 59 805 117 829; x_wconf 77' lang='grc' dir='ltr'>των,</span> <span class='ocrx_word' id='word_1_100' title='bbox 129 797 175 824; x_wconf 76' lang='grc' dir='ltr'>καὶ</span> <span class='ocrx_word' id='word_1_101' title='bbox 190 797 224 824; x_wconf 81' lang='grc' dir='ltr'>τὰ</span> <span class='ocrx_word' id='word_1_102' title='bbox 242 799 306 833; x_wconf 68' lang='grc' dir='ltr'>περὶ</span> <span class='ocrx_word' id='word_1_103' title='bbox 318 799 370 825; x_wconf 86' lang='grc' dir='ltr'><strong>τῶν</strong></span> <span class='ocrx_word' id='word_1_104' title='bbox 385 799 480 833; x_wconf 78' lang='grc' dir='ltr'>ἁγίων,</span> <span class='ocrx_word' id='word_1_105' title='bbox 495 799 541 825; x_wconf 72' lang='grc' dir='ltr'>καὶ</span> <span class='ocrx_word' id='word_1_106' title='bbox 558 799 592 826; x_wconf 82' lang='grc' dir='ltr'>τὰ</span> <span class='ocrx_word' id='word_1_107' title='bbox 606 801 670 834; x_wconf 72' lang='grc' dir='ltr'>περὶ</span> <span class='ocrx_word' id='word_1_108' title='bbox 688 800 742 826; x_wconf 81' lang='grc' dir='ltr'><strong>τῶν</strong></span> <span class='ocrx_word' id='word_1_109' title='bbox 758 801 848 834; x_wconf 84' lang='grc' dir='ltr'>ἀπαγ-</span> 
     </span>
    </p>
   </div>
   <div class='ocr_carea' id='block_1_17' title="bbox 59 842 847 882">
    <p class='ocr_par' dir='ltr' id='par_1_17' title="bbox 59 842 847 882">
     <span class='ocr_line' id='line_1_17' title="bbox 59 842 847 882; baseline 0.005 -14"><span class='ocrx_word' id='word_1_110' title='bbox 59 842 165 875; x_wconf 78' lang='grc' dir='ltr'>γελιῶν,</span> <span class='ocrx_word' id='word_1_111' title='bbox 187 845 233 870; x_wconf 70' lang='grc' dir='ltr'><strong>καὶ</strong></span> <span class='ocrx_word' id='word_1_112' title='bbox 253 844 422 877; x_wconf 80' lang='grc' dir='ltr'>ἁπαξαπλῶς</span> <span class='ocrx_word' id='word_1_113' title='bbox 441 845 474 872; x_wconf 83' lang='grc' dir='ltr'>τὰ</span> <span class='ocrx_word' id='word_1_114' title='bbox 494 845 626 881; x_wconf 74' lang='grc' dir='ltr'>περὶτῶν</span> <span class='ocrx_word' id='word_1_115' title='bbox 645 846 787 882; x_wconf 84' lang='grc' dir='ltr'>μακαρίων</span> <span class='ocrx_word' id='word_1_116' title='bbox 802 845 847 872; x_wconf 78' lang='grc' dir='ltr'>καὶ</span> 
     </span>
    </p>
   </div>
   <div class='ocr_carea' id='block_1_18' title="bbox 1641 145 1694 173">
    <p class='ocr_par' dir='ltr' id='par_1_18' title="bbox 1641 145 1694 173">
     <span class='ocr_line' id='line_1_18' title="bbox 1641 145 1694 173; baseline 0.019 -1"><span class='ocrx_word' id='word_1_117' title='bbox 1641 145 1694 173; x_wconf 64' lang='grc'><strong>774</strong></span> 
     </span>
    </p>
   </div>
   <div class='ocr_carea' id='block_1_19' title="bbox 1231 198 1369 229">
    <p class='ocr_par' dir='ltr' id='par_1_19' title="bbox 1231 198 1369 229">
     <span class='ocr_line' id='line_1_19' title="bbox 1231 198 1369 229; baseline -0.014 0"><span class='ocrx_word' id='word_1_118' title='bbox 1231 201 1307 229; x_wconf 77' lang='lat' dir='ltr'><strong>CAP.</strong></span> <span class='ocrx_word' id='word_1_119' title='bbox 1326 198 1369 228; x_wconf 89' lang='lat' dir='ltr'><strong>Ill.</strong></span> 
     </span>
    </p>
   </div>
   <div class='ocr_carea' id='block_1_20' title="bbox 938 245 1694 281">
    <p class='ocr_par' dir='ltr' id='par_1_20' title="bbox 938 245 1694 281">
     <span class='ocr_line' id='line_1_20' title="bbox 938 245 1694 281; baseline 0 -7"><span class='ocrx_word' id='word_1_120' title='bbox 938 247 972 274; x_wconf 82' lang='lat' dir='ltr'><strong>Et</strong></span> <span class='ocrx_word' id='word_1_121' title='bbox 980 248 1076 274; x_wconf 81' lang='lat' dir='ltr'><strong>cibavit</strong></span> <span class='ocrx_word' id='word_1_122' title='bbox 1086 255 1126 274; x_wconf 85' lang='lat' dir='ltr'><strong>me</strong></span> <span class='ocrx_word' id='word_1_123' title='bbox 1134 247 1250 281; x_wconf 81' lang='lat' dir='ltr'><strong>capitulo</strong></span> <span class='ocrx_word' id='word_1_124' title='bbox 1259 248 1279 274; x_wconf 87' lang='lat'><strong>&#39;.</strong></span> <span class='ocrx_word' id='word_1_125' title='bbox 1288 246 1357 274; x_wconf 85' lang='lat' dir='ltr'><strong>Hinc</strong></span> <span class='ocrx_word' id='word_1_126' title='bbox 1369 246 1488 273; x_wconf 79' lang='lat' dir='ltr'><strong>maxime</strong></span> <span class='ocrx_word' id='word_1_127' title='bbox 1504 246 1587 281; x_wconf 83' lang='lat' dir='ltr'><strong>liquet</strong></span> <span class='ocrx_word' id='word_1_128' title='bbox 1597 245 1694 274; x_wconf 86' lang='lat' dir='ltr'><strong>huma-</strong></span> 
     </span>
    </p>
   </div>
   <div class='ocr_carea' id='block_1_21' title="bbox 901 292 1694 327">
    <p class='ocr_par' dir='ltr' id='par_1_21' title="bbox 901 292 1694 327">
     <span class='ocr_line' id='line_1_21' title="bbox 901 292 1694 327; baseline 0 -7"><span class='ocrx_word' id='word_1_129' title='bbox 901 301 963 320; x_wconf 94' lang='lat' dir='ltr'><strong>nam</strong></span> <span class='ocrx_word' id='word_1_130' title='bbox 972 298 1097 320; x_wconf 88' lang='lat' dir='ltr'><strong>naturam</strong></span> <span class='ocrx_word' id='word_1_131' title='bbox 1107 293 1174 320; x_wconf 88' lang='lat' dir='ltr'><strong>nihil</strong></span> <span class='ocrx_word' id='word_1_132' title='bbox 1187 293 1303 327; x_wconf 86' lang='lat' dir='ltr'><strong>amplius</strong></span> <span class='ocrx_word' id='word_1_133' title='bbox 1310 292 1453 320; x_wconf 87' lang='lat' dir='ltr'><strong>comedere</strong></span> <span class='ocrx_word' id='word_1_134' title='bbox 1461 299 1540 327; x_wconf 84' lang='lat' dir='ltr'><strong>posse</strong></span> <span class='ocrx_word' id='word_1_135' title='bbox 1552 301 1633 327; x_wconf 88' lang='lat' dir='ltr'><strong>quam</strong></span> <span class='ocrx_word' id='word_1_136' title='bbox 1646 300 1694 320; x_wconf 86' lang='lat' dir='ltr'><strong>ca-</strong></span> 
     </span>
    </p>
   </div>
   <div class='ocr_carea' id='block_1_22' title="bbox 901 339 1693 374">
    <p class='ocr_par' dir='ltr' id='par_1_22' title="bbox 901 339 1693 374">
     <span class='ocr_line' id='line_1_22' title="bbox 901 339 1693 374; baseline 0 -8"><span class='ocrx_word' id='word_1_137' title='bbox 901 339 1027 373; x_wconf 87' lang='lat' dir='ltr'><strong>pitulum,</strong></span> <span class='ocrx_word' id='word_1_138' title='bbox 1034 339 1107 374; x_wconf 91' lang='lat' dir='ltr'><strong>quod</strong></span> <span class='ocrx_word' id='word_1_139' title='bbox 1116 339 1203 373; x_wconf 88' lang='lat' dir='ltr'><strong>ipsum</strong></span> <span class='ocrx_word' id='word_1_140' title='bbox 1213 339 1258 366; x_wconf 83' lang='lat' dir='ltr'><strong>Dei</strong></span> <span class='ocrx_word' id='word_1_141' title='bbox 1267 347 1364 366; x_wconf 87' lang='lat' dir='ltr'><strong>manus</strong></span> <span class='ocrx_word' id='word_1_142' title='bbox 1372 339 1524 366; x_wconf 88' lang='lat' dir='ltr'><strong>vorandum</strong></span> <span class='ocrx_word' id='word_1_143' title='bbox 1533 339 1631 365; x_wconf 88' lang='lat' dir='ltr'><strong>tradat.</strong></span> <span class='ocrx_word' id='word_1_144' title='bbox 1641 339 1693 372; x_wconf 84' lang='lat' dir='ltr'><strong>Qui</strong></span> 
     </span>
    </p>
   </div>
   <div class='ocr_carea' id='block_1_23' title="bbox 900 384 1694 422">
    <p class='ocr_par' dir='ltr' id='par_1_23' title="bbox 900 384 1694 422">
     <span class='ocr_line' id='line_1_23' title="bbox 900 384 1694 422; baseline -0.001 -9"><span class='ocrx_word' id='word_1_145' title='bbox 900 386 972 413; x_wconf 90' lang='lat' dir='ltr'><strong>enim</strong></span> <span class='ocrx_word' id='word_1_146' title='bbox 982 385 1064 422; x_wconf 62' lang='grc'>409</span> <span class='ocrx_word' id='word_1_147' title='bbox 1073 392 1136 412; x_wconf 88' lang='lat' dir='ltr'><strong>vero</strong></span> <span class='ocrx_word' id='word_1_148' title='bbox 1145 385 1261 412; x_wconf 79' lang='lat' dir='ltr'><strong>comedit</strong></span> <span class='ocrx_word' id='word_1_149' title='bbox 1270 385 1346 417; x_wconf 81' lang='lat' dir='ltr'><strong>illud,</strong></span> <span class='ocrx_word' id='word_1_150' title='bbox 1355 385 1496 412; x_wconf 79' lang='lat' dir='ltr'><strong>evolvente</strong></span> <span class='ocrx_word' id='word_1_151' title='bbox 1511 384 1599 419; x_wconf 85' lang='lat' dir='ltr'><strong>ipsnr&#39;n</strong></span> <span class='ocrx_word' id='word_1_152' title='bbox 1611 391 1694 412; x_wconf 80' lang='lat' dir='ltr'><strong>manu</strong></span> 
     </span>
    </p>
   </div>
   <div class='ocr_carea' id='block_1_24' title="bbox 899 431 1692 466">
    <p class='ocr_par' dir='ltr' id='par_1_24' title="bbox 899 431 1692 466">
     <span class='ocr_line' id='line_1_24' title="bbox 899 431 1692 466; baseline -0.001 -8"><span class='ocrx_word' id='word_1_153' title='bbox 899 431 1061 459; x_wconf 79' lang='lat' dir='ltr'><strong>etoﬁerente</strong></span> <span class='ocrx_word' id='word_1_154' title='bbox 1069 431 1197 464; x_wconf 82' lang='lat' dir='ltr'><strong>comedit,</strong></span> <span class='ocrx_word' id='word_1_155' title='bbox 1209 436 1237 459; x_wconf 90' lang='lat' dir='ltr'><strong>ut</strong></span> <span class='ocrx_word' id='word_1_156' title='bbox 1246 431 1303 466; x_wconf 84' lang='lat' dir='ltr'><strong>ejus</strong></span> <span class='ocrx_word' id='word_1_157' title='bbox 1310 431 1416 458; x_wconf 90' lang='lat' dir='ltr'><strong>scilicet</strong></span> <span class='ocrx_word' id='word_1_158' title='bbox 1425 431 1579 458; x_wconf 86' lang='lat' dir='ltr'><strong>evolutionc</strong></span> <span class='ocrx_word' id='word_1_159' title='bbox 1588 431 1692 466; x_wconf 77' lang='lat' dir='ltr'><strong>singula</strong></span> 
     </span>
    </p>
   </div>
   <div class='ocr_carea' id='block_1_25' title="bbox 899 477 1693 513">
    <p class='ocr_par' dir='ltr' id='par_1_25' title="bbox 899 477 1693 513">
     <span class='ocr_line' id='line_1_25' title="bbox 899 477 1693 513; baseline 0 -9"><span class='ocrx_word' id='word_1_160' title='bbox 899 486 1013 513; x_wconf 71' lang='lat' dir='ltr'><strong>quaeque</strong></span> <span class='ocrx_word' id='word_1_161' title='bbox 1033 479 1059 505; x_wconf 92' lang='lat' dir='ltr'><strong>in</strong></span> <span class='ocrx_word' id='word_1_162' title='bbox 1076 486 1109 505; x_wconf 87' lang='lat' dir='ltr'><strong>eo</strong></span> <span class='ocrx_word' id='word_1_163' title='bbox 1123 478 1223 513; x_wconf 87' lang='lat' dir='ltr'><strong>scripta</strong></span> <span class='ocrx_word' id='word_1_164' title='bbox 1246 478 1387 512; x_wconf 83' lang='lat' dir='ltr'><strong>percipiat.</strong></span> <span class='ocrx_word' id='word_1_165' title='bbox 1407 477 1593 512; x_wconf 88' lang='lat' dir='ltr'><strong>mandensque</strong></span> <span class='ocrx_word' id='word_1_166' title='bbox 1616 478 1693 512; x_wconf 87' lang='lat' dir='ltr'><strong>capi-</strong></span> 
     </span>
    </p>
   </div>
   <div class='ocr_carea' id='block_1_26' title="bbox 901 515 1693 558">
    <p class='ocr_par' dir='ltr' id='par_1_26' title="bbox 901 515 1693 558">
     <span class='ocr_line' id='line_1_26' title="bbox 901 515 1693 558; baseline 0 -9"><span class='ocrx_word' id='word_1_167' title='bbox 901 523 997 556; x_wconf 88' lang='lat' dir='ltr'><strong>tulum,</strong></span> <span class='ocrx_word' id='word_1_168' title='bbox 1012 515 1156 558; x_wconf 83' lang='lat' dir='ltr'><strong>ipsumque</strong></span> <span class='ocrx_word' id='word_1_169' title='bbox 1172 523 1332 554; x_wconf 83' lang='lat' dir='ltr'><strong>evolvendo,</strong></span> <span class='ocrx_word' id='word_1_170' title='bbox 1353 528 1450 550; x_wconf 85' lang='lat' dir='ltr'><strong>cuncta</strong></span> <span class='ocrx_word' id='word_1_171' title='bbox 1476 523 1502 549; x_wconf 94' lang='lat' dir='ltr'><strong>in</strong></span> <span class='ocrx_word' id='word_1_172' title='bbox 1524 530 1557 549; x_wconf 87' lang='lat' dir='ltr'><strong>co</strong></span> <span class='ocrx_word' id='word_1_173' title='bbox 1582 528 1693 550; x_wconf 87' lang='lat' dir='ltr'><strong>exarata</strong></span> 
     </span>
    </p>
   </div>
   <div class='ocr_carea' id='block_1_27' title="bbox 901 568 1694 603">
    <p class='ocr_par' dir='ltr' id='par_1_27' title="bbox 901 568 1694 603">
     <span class='ocr_line' id='line_1_27' title="bbox 901 568 1694 603; baseline 0.001 -9"><span class='ocrx_word' id='word_1_174' title='bbox 901 575 953 594; x_wconf 87' lang='lat' dir='ltr'><strong>non</strong></span> <span class='ocrx_word' id='word_1_175' title='bbox 977 569 1065 595; x_wconf 89' lang='lat' dir='ltr'><strong>solum</strong></span> <span class='ocrx_word' id='word_1_176' title='bbox 1084 573 1157 601; x_wconf 86' lang='lat' dir='ltr'><strong>ante,</strong></span> <span class='ocrx_word' id='word_1_177' title='bbox 1180 577 1276 596; x_wconf 88' lang='lat' dir='ltr'><strong>verum</strong></span> <span class='ocrx_word' id='word_1_178' title='bbox 1300 568 1381 596; x_wconf 86' lang='lat' dir='ltr'><strong>etiam</strong></span> <span class='ocrx_word' id='word_1_179' title='bbox 1403 573 1475 595; x_wconf 88' lang='lat' dir='ltr'><strong>retro</strong></span> <span class='ocrx_word' id='word_1_180' title='bbox 1493 568 1519 595; x_wconf 89' lang='lat' dir='ltr'><strong>in</strong></span> <span class='ocrx_word' id='word_1_181' title='bbox 1545 568 1694 603; x_wconf 83' lang='lat' dir='ltr'><strong>spiritalem</strong></span> 
     </span>
    </p>
   </div>
   <div class='ocr_carea' id='block_1_28' title="bbox 900 614 1708 649">
    <p class='ocr_par' dir='ltr' id='par_1_28' title="bbox 900 614 1708 649">
     <span class='ocr_line' id='line_1_28' title="bbox 900 614 1708 649; baseline 0.001 -10"><span class='ocrx_word' id='word_1_182' title='bbox 900 619 1024 641; x_wconf 87' lang='lat' dir='ltr'><strong>ventrem</strong></span> <span class='ocrx_word' id='word_1_183' title='bbox 1062 614 1185 649; x_wconf 88' lang='lat' dir='ltr'><strong>recipiat.</strong></span> <span class='ocrx_word' id='word_1_184' title='bbox 1219 614 1345 641; x_wconf 75' lang='lat' dir='ltr'><strong>Arbitror</strong></span> <span class='ocrx_word' id='word_1_185' title='bbox 1372 619 1482 646; x_wconf 91' lang='lat' dir='ltr'><strong>autem,</strong></span> <span class='ocrx_word' id='word_1_186' title='bbox 1511 621 1559 648; x_wconf 89' lang='lat' dir='ltr'><strong>per</strong></span> <span class='ocrx_word' id='word_1_187' title='bbox 1584 614 1708 648; x_wconf 80' lang='lat' dir='ltr'><strong>capituli&#39;</strong></span> 
     </span>
    </p>
   </div>
   <div class='ocr_carea' id='block_1_29' title="bbox 899 660 1694 695">
    <p class='ocr_par' dir='ltr' id='par_1_29' title="bbox 899 660 1694 695">
     <span class='ocr_line' id='line_1_29' title="bbox 899 660 1694 695; baseline 0 -9"><span class='ocrx_word' id='word_1_188' title='bbox 899 661 1009 695; x_wconf 72' lang='lat' dir='ltr'><strong>quidem</strong></span> <span class='ocrx_word' id='word_1_189' title='bbox 1045 661 1180 687; x_wconf 82' lang='lat' dir='ltr'><strong>anteriora</strong></span> <span class='ocrx_word' id='word_1_190' title='bbox 1214 660 1360 695; x_wconf 77' lang='lat' dir='ltr'><strong>signiﬁcari</strong></span> <span class='ocrx_word' id='word_1_191' title='bbox 1390 660 1525 694; x_wconf 56' lang='lat' dir='ltr'><strong>praecipua</strong></span> <span class='ocrx_word' id='word_1_192' title='bbox 1551 660 1694 694; x_wconf 68' lang='lat' dir='ltr'><strong>dogmata,</strong></span> 
     </span>
    </p>
   </div>
   <div class='ocr_carea' id='block_1_30' title="bbox 900 705 1693 740">
    <p class='ocr_par' dir='ltr' id='par_1_30' title="bbox 900 705 1693 740">
     <span class='ocr_line' id='line_1_30' title="bbox 900 705 1693 740; baseline 0.001 -9"><span class='ocrx_word' id='word_1_193' title='bbox 900 705 962 731; x_wconf 89' lang='lat' dir='ltr'><strong>item</strong></span> <span class='ocrx_word' id='word_1_194' title='bbox 995 713 1056 740; x_wconf 69' lang='lat' dir='ltr'><strong>quae</strong></span> <span class='ocrx_word' id='word_1_195' title='bbox 1090 705 1122 732; x_wconf 87' lang='lat' dir='ltr'><strong>ad</strong></span> <span class='ocrx_word' id='word_1_196' title='bbox 1153 709 1275 738; x_wconf 86' lang='lat' dir='ltr'><strong>sanctos,</strong></span> <span class='ocrx_word' id='word_1_197' title='bbox 1299 709 1326 731; x_wconf 87' lang='lat' dir='ltr'><strong>et</strong></span> <span class='ocrx_word' id='word_1_198' title='bbox 1353 705 1558 739; x_wconf 84' lang='lat' dir='ltr'><strong>promissiones,</strong></span> <span class='ocrx_word' id='word_1_199' title='bbox 1587 712 1693 732; x_wconf 84' lang='lat' dir='ltr'><strong>necnon</strong></span> 
     </span>
    </p>
   </div>
   <div class='ocr_carea' id='block_1_31' title="bbox 899 751 1694 786">
    <p class='ocr_par' dir='ltr' id='par_1_31' title="bbox 899 751 1694 786">
     <span class='ocr_line' id='line_1_31' title="bbox 899 751 1694 786; baseline 0 -9"><span class='ocrx_word' id='word_1_200' title='bbox 899 759 959 785; x_wconf 77' lang='lat' dir='ltr'><strong>qua:</strong></span> <span class='ocrx_word' id='word_1_201' title='bbox 980 751 1013 778; x_wconf 63' lang='lat' dir='ltr'><strong>a&#39;l</strong></span> <span class='ocrx_word' id='word_1_202' title='bbox 1031 751 1124 779; x_wconf 80' lang='lat' dir='ltr'><strong>beatos</strong></span> <span class='ocrx_word' id='word_1_203' title='bbox 1142 759 1292 786; x_wconf 89' lang='lat' dir='ltr'><strong>eorumque</strong></span> <span class='ocrx_word' id='word_1_204' title='bbox 1306 751 1368 778; x_wconf 70' lang='lat' dir='ltr'><strong>vita:</strong></span> <span class='ocrx_word' id='word_1_205' title='bbox 1384 751 1581 778; x_wconf 86' lang='lat' dir='ltr'><strong>institutionem</strong></span> <span class='ocrx_word' id='word_1_206' title='bbox 1601 757 1633 778; x_wconf 91' lang='lat' dir='ltr'><strong>ac</strong></span> <span class='ocrx_word' id='word_1_207' title='bbox 1652 751 1694 778; x_wconf 89' lang='lat' dir='ltr'><strong>di-</strong></span> 
     </span>
    </p>
   </div>
   <div class='ocr_carea' id='block_1_32' title="bbox 899 795 1694 831">
    <p class='ocr_par' dir='ltr' id='par_1_32' title="bbox 899 795 1694 831">
     <span class='ocr_line' id='line_1_32' title="bbox 899 795 1694 831; baseline 0 -9"><span class='ocrx_word' id='word_1_208' title='bbox 899 796 1041 830; x_wconf 83' lang='lat' dir='ltr'><strong>sciplinam</strong></span> <span class='ocrx_word' id='word_1_209' title='bbox 1067 801 1207 831; x_wconf 84' lang='lat' dir='ltr'><strong>spectant;</strong></span> <span class='ocrx_word' id='word_1_210' title='bbox 1231 803 1278 831; x_wconf 90' lang='lat' dir='ltr'><strong>per</strong></span> <span class='ocrx_word' id='word_1_211' title='bbox 1299 796 1452 831; x_wconf 87' lang='lat' dir='ltr'><strong>posteriora</strong></span> <span class='ocrx_word' id='word_1_212' title='bbox 1474 803 1549 827; x_wconf 87' lang='lat' dir='ltr'><strong>vero,</strong></span> <span class='ocrx_word' id='word_1_213' title='bbox 1573 802 1636 830; x_wconf 71' lang='lat' dir='ltr'><strong>quae</strong></span> <span class='ocrx_word' id='word_1_214' title='bbox 1659 795 1694 822; x_wconf 89' lang='lat' dir='ltr'><strong>ad</strong></span> 
     </span>
    </p>
   </div>
   <div class='ocr_carea' id='block_1_33' title="bbox 899 841 1693 876">
    <p class='ocr_par' dir='ltr' id='par_1_33' title="bbox 899 841 1693 876">
     <span class='ocr_line' id='line_1_33' title="bbox 899 841 1693 876; baseline 0 -8"><span class='ocrx_word' id='word_1_215' title='bbox 899 842 1062 876; x_wconf 78' lang='lat' dir='ltr'><strong>puniendos.</strong></span> <span class='ocrx_word' id='word_1_216' title='bbox 1084 849 1115 870; x_wconf 90' lang='lat' dir='ltr'><strong>ac</strong></span> <span class='ocrx_word' id='word_1_217' title='bbox 1134 842 1244 870; x_wconf 90' lang='lat' dir='ltr'><strong>modum</strong></span> <span class='ocrx_word' id='word_1_218' title='bbox 1271 841 1410 868; x_wconf 81' lang='lat' dir='ltr'><strong>cruciatus</strong></span> <span class='ocrx_word' id='word_1_219' title='bbox 1431 848 1524 868; x_wconf 90' lang='lat' dir='ltr'><strong>eorum</strong></span> <span class='ocrx_word' id='word_1_220' title='bbox 1545 841 1693 876; x_wconf 83' lang='lat' dir='ltr'><strong>pertinent,</strong></span> 
     </span>
    </p>
   </div>
   <div class='ocr_carea' id='block_1_34' title="bbox 57 885 842 926">
    <p class='ocr_par' dir='ltr' id='par_1_34' title="bbox 57 888 842 926">
     <span class='ocr_line' id='line_1_34' title="bbox 57 888 842 926; baseline 0.005 -12"><span class='ocrx_word' id='word_1_221' title='bbox 57 889 101 924; x_wconf 77' lang='grc' dir='ltr'><strong>τῆς</strong></span> <span class='ocrx_word' id='word_1_222' title='bbox 116 888 284 925; x_wconf 77' lang='grc' dir='ltr'>διεξαγωγῆς</span> <span class='ocrx_word' id='word_1_223' title='bbox 304 891 351 917; x_wconf 76' lang='grc' dir='ltr'>τοῦ</span> <span class='ocrx_word' id='word_1_224' title='bbox 368 891 416 926; x_wconf 82' lang='grc' dir='ltr'><strong>ζῇν</strong></span> <span class='ocrx_word' id='word_1_225' title='bbox 429 891 518 917; x_wconf 77' lang='grc' dir='ltr'>αὐτῶν</span> <span class='ocrx_word' id='word_1_226' title='bbox 528 900 535 906; x_wconf 90' lang='grc'><strong>·</strong></span> <span class='ocrx_word' id='word_1_227' title='bbox 563 891 606 918; x_wconf 83' lang='grc' dir='ltr'><strong>διὰ</strong></span> <span class='ocrx_word' id='word_1_228' title='bbox 620 891 648 918; x_wconf 81' lang='grc' dir='ltr'><strong>δὲ</strong></span> <span class='ocrx_word' id='word_1_229' title='bbox 663 891 716 918; x_wconf 81' lang='grc' dir='ltr'><strong>τῶν</strong></span> <span class='ocrx_word' id='word_1_230' title='bbox 737 891 842 918; x_wconf 71' lang='grc' dir='ltr'>όπισθει</span> 
     </span>
    </p>
   </div>
   <div class='ocr_carea' id='block_1_35' title="bbox 933 885 1694 926">
    <p class='ocr_par' dir='ltr' id='par_1_35' title="bbox 933 885 1694 921">
     <span class='ocr_line' id='line_1_35' title="bbox 933 885 1694 921; baseline 0.003 -9"><span class='ocrx_word' id='word_1_231' title='bbox 933 886 940 912; x_wconf 91' lang='grc'><strong>1</strong></span> <span class='ocrx_word' id='word_1_232' title='bbox 957 894 1018 921; x_wconf 71' lang='lat' dir='ltr'><strong>qua:</strong></span> <span class='ocrx_word' id='word_1_233' title='bbox 1030 886 1056 913; x_wconf 90' lang='lat' dir='ltr'><strong>in</strong></span> <span class='ocrx_word' id='word_1_234' title='bbox 1073 893 1163 913; x_wconf 90' lang='lat' dir='ltr'><strong>rerum</strong></span> <span class='ocrx_word' id='word_1_235' title='bbox 1180 885 1317 913; x_wconf 76' lang='lat' dir='ltr'><strong>creatione</strong></span> <span class='ocrx_word' id='word_1_236' title='bbox 1338 890 1484 913; x_wconf 81' lang='lat' dir='ltr'><strong>consecuta</strong></span> <span class='ocrx_word' id='word_1_237' title='bbox 1505 890 1570 913; x_wconf 88' lang='lat' dir='ltr'><strong>sunt</strong></span> <span class='ocrx_word' id='word_1_238' title='bbox 1585 894 1616 914; x_wconf 88' lang='lat' dir='ltr'><strong>ea</strong></span> <span class='ocrx_word' id='word_1_239' title='bbox 1632 894 1694 921; x_wconf 59' lang='lat' dir='ltr'><strong>qua</strong></span> 
     </span>
    </p>
   </div>
   <div class='ocr_carea' id='block_1_36' title="bbox 58 934 848 974">
    <p class='ocr_par' dir='ltr' id='par_1_36' title="bbox 58 934 848 974">
     <span class='ocr_line' id='line_1_36' title="bbox 58 934 848 974; baseline 0.005 -14"><span class='ocrx_word' id='word_1_240' title='bbox 58 934 88 960; x_wconf 66' lang='lat' dir='ltr'><strong>si</strong></span> <span class='ocrx_word' id='word_1_241' title='bbox 103 936 164 970; x_wconf 73' lang='grc' dir='ltr'>περὶ</span> <span class='ocrx_word' id='word_1_242' title='bbox 178 935 233 962; x_wconf 83' lang='grc' dir='ltr'>τῶν</span> <span class='ocrx_word' id='word_1_243' title='bbox 250 936 438 972; x_wconf 75' lang='grc' dir='ltr'>κολαζομένων</span> <span class='ocrx_word' id='word_1_244' title='bbox 456 938 501 964; x_wconf 74' lang='grc' dir='ltr'>καὶ</span> <span class='ocrx_word' id='word_1_245' title='bbox 519 936 566 964; x_wconf 74' lang='grc' dir='ltr'>τοῦ</span> <span class='ocrx_word' id='word_1_246' title='bbox 584 938 683 974; x_wconf 70' lang='grc' dir='ltr'>τρόπον</span> <span class='ocrx_word' id='word_1_247' title='bbox 700 938 750 973; x_wconf 72' lang='grc' dir='ltr'>τῆς</span> <span class='ocrx_word' id='word_1_248' title='bbox 767 937 848 964; x_wconf 83' lang='grc' dir='ltr'>κολά-</span> 
     </span>
    </p>
   </div>
   <div class='ocr_carea' id='block_1_37' title="bbox 59 981 847 1019">
    <p class='ocr_par' dir='ltr' id='par_1_37' title="bbox 59 981 847 1019">
     <span class='ocr_line' id='line_1_37' title="bbox 59 981 847 1019; baseline 0.005 -13"><span class='ocrx_word' id='word_1_249' title='bbox 59 988 121 1012; x_wconf 77' lang='grc' dir='ltr'>σεως</span> <span class='ocrx_word' id='word_1_250' title='bbox 132 981 223 1008; x_wconf 72' lang='grc' dir='ltr'>αὐτῶν</span> <span class='ocrx_word' id='word_1_251' title='bbox 241 983 288 1008; x_wconf 80' lang='grc' dir='ltr'>καὶ</span> <span class='ocrx_word' id='word_1_252' title='bbox 303 982 357 1009; x_wconf 83' lang='grc' dir='ltr'><strong>τῶν</strong></span> <span class='ocrx_word' id='word_1_253' title='bbox 374 983 651 1019; x_wconf 72' lang='grc' dir='ltr'>ἐπακολουθησάντων</span> <span class='ocrx_word' id='word_1_254' title='bbox 667 985 695 1010; x_wconf 79' lang='grc' dir='ltr'>ὲν</span> <span class='ocrx_word' id='word_1_255' title='bbox 708 985 741 1019; x_wconf 84' lang='grc' dir='ltr'>τῇ</span> <span class='ocrx_word' id='word_1_256' title='bbox 759 983 847 1010; x_wconf 81' lang='grc' dir='ltr'>κτίσει</span> 
     </span>
    </p>
   </div>
   <div class='ocr_carea' id='block_1_38' title="bbox 58 1026 848 1063">
    <p class='ocr_par' dir='ltr' id='par_1_38' title="bbox 58 1026 848 1063">
     <span class='ocr_line' id='line_1_38' title="bbox 58 1026 848 1063; baseline 0.005 -13"><span class='ocrx_word' id='word_1_257' title='bbox 58 1026 110 1056; x_wconf 79' lang='grc' dir='ltr'>τοῖς</span> <span class='ocrx_word' id='word_1_258' title='bbox 130 1027 344 1062; x_wconf 81' lang='grc' dir='ltr'>προηγουμένως</span> <span class='ocrx_word' id='word_1_259' title='bbox 366 1028 570 1063; x_wconf 79' lang='grc' dir='ltr'>γεγενημένοις.</span> <span class='ocrx_word' id='word_1_260' title='bbox 595 1029 649 1054; x_wconf 73' lang='grc' dir='ltr'>Καὶ</span> <span class='ocrx_word' id='word_1_261' title='bbox 669 1027 796 1062; x_wconf 83' lang='grc' dir='ltr'>δηλοῦται</span> <span class='ocrx_word' id='word_1_262' title='bbox 813 1028 848 1055; x_wconf 83' lang='grc' dir='ltr'>τὰ</span> 
     </span>
    </p>
   </div>
   <div class='ocr_carea' id='block_1_39' title="bbox 60 1070 842 1110">
    <p class='ocr_par' dir='ltr' id='par_1_39' title="bbox 60 1070 842 1110">
     <span class='ocr_line' id='line_1_39' title="bbox 60 1070 842 1110; baseline 0.005 -14"><span class='ocrx_word' id='word_1_263' title='bbox 60 1070 103 1105; x_wconf 80' lang='grc' dir='ltr'>μὲν</span> <span class='ocrx_word' id='word_1_264' title='bbox 117 1072 311 1108; x_wconf 80' lang='grc' dir='ltr'>προηγούμενα</span> <span class='ocrx_word' id='word_1_265' title='bbox 327 1074 374 1100; x_wconf 74' lang='grc' dir='ltr'>καὶ</span> <span class='ocrx_word' id='word_1_266' title='bbox 390 1073 424 1100; x_wconf 80' lang='grc' dir='ltr'>τὰ</span> <span class='ocrx_word' id='word_1_267' title='bbox 441 1073 595 1110; x_wconf 78' lang='grc' dir='ltr'>ἔμπροσθεν</span> <span class='ocrx_word' id='word_1_268' title='bbox 608 1074 652 1100; x_wconf 77' lang='grc' dir='ltr'><strong>διὰ</strong></span> <span class='ocrx_word' id='word_1_269' title='bbox 671 1075 718 1101; x_wconf 82' lang='grc' dir='ltr'><strong>τοῦ</strong></span> <span class='ocrx_word' id='word_1_270' title='bbox 734 1074 842 1110; x_wconf 82' lang='grc' dir='ltr'>μέλους,</span> 
     </span>
    </p>
   </div>
   <div class='ocr_carea' id='block_1_40' title="bbox 57 1114 846 1155">
    <p class='ocr_par' dir='ltr' id='par_1_40' title="bbox 57 1114 846 1155">
     <span class='ocr_line' id='line_1_40' title="bbox 57 1114 846 1155; baseline 0.006 -15"><span class='ocrx_word' id='word_1_271' title='bbox 57 1114 88 1141; x_wconf 68' lang='grc' dir='ltr'>τὶ</span> <span class='ocrx_word' id='word_1_272' title='bbox 101 1116 127 1142; x_wconf 78' lang='grc' dir='ltr'><strong>δὲ</strong></span> <span class='ocrx_word' id='word_1_273' title='bbox 142 1116 224 1144; x_wconf 81' lang='grc' dir='ltr'>λοιπὰ</span> <span class='ocrx_word' id='word_1_274' title='bbox 243 1115 350 1144; x_wconf 55' lang='lat' dir='ltr'><strong>sti-.06</strong></span> <span class='ocrx_word' id='word_1_275' title='bbox 372 1118 470 1154; x_wconf 82' lang='grc' dir='ltr'>θρήνου</span> <span class='ocrx_word' id='word_1_276' title='bbox 494 1119 541 1146; x_wconf 70' lang='grc' dir='ltr'>καὶ</span> <span class='ocrx_word' id='word_1_277' title='bbox 557 1119 603 1145; x_wconf 80' lang='grc' dir='ltr'>τοῦ</span> <span class='ocrx_word' id='word_1_278' title='bbox 619 1120 689 1147; x_wconf 84' lang='grc' dir='ltr'>οὐαί.</span> <span class='ocrx_word' id='word_1_279' title='bbox 711 1120 781 1151; x_wconf 75' lang='grc' dir='ltr'>Τοὺς</span> <span class='ocrx_word' id='word_1_280' title='bbox 798 1120 846 1155; x_wconf 78' lang='grc' dir='ltr'><strong>μὲν</strong></span> 
     </span>
    </p>
   </div>
   <div class='ocr_carea' id='block_1_41' title="bbox 58 1159 846 1201">
    <p class='ocr_par' dir='ltr' id='par_1_41' title="bbox 58 1159 846 1201">
     <span class='ocr_line' id='line_1_41' title="bbox 58 1159 846 1201; baseline 0.005 -13"><span class='ocrx_word' id='word_1_281' title='bbox 58 1159 99 1188; x_wconf 84' lang='grc' dir='ltr'><strong>οὖν</strong></span> <span class='ocrx_word' id='word_1_282' title='bbox 114 1163 142 1188; x_wconf 88' lang='grc' dir='ltr'>ὲν</span> <span class='ocrx_word' id='word_1_283' title='bbox 162 1164 343 1200; x_wconf 78' lang='grc' dir='ltr'>ἁμαρτήμασι</span> <span class='ocrx_word' id='word_1_284' title='bbox 360 1165 522 1200; x_wconf 80' lang='grc' dir='ltr'>γενομένους</span> <span class='ocrx_word' id='word_1_285' title='bbox 532 1166 579 1192; x_wconf 79' lang='grc' dir='ltr'><strong>καὶ</strong></span> <span class='ocrx_word' id='word_1_286' title='bbox 593 1165 680 1201; x_wconf 80' lang='grc' dir='ltr'>πάντη</span> <span class='ocrx_word' id='word_1_287' title='bbox 696 1166 846 1192; x_wconf 82' lang='grc' dir='ltr'>ἀποπεσόν-</span> 
     </span>
    </p>
   </div>
   <div class='ocr_carea' id='block_1_42' title="bbox 57 1206 846 1245">
    <p class='ocr_par' dir='ltr' id='par_1_42' title="bbox 57 1206 846 1245">
     <span class='ocr_line' id='line_1_42' title="bbox 57 1206 846 1245; baseline 0.005 -13"><span class='ocrx_word' id='word_1_288' title='bbox 57 1214 101 1237; x_wconf 85' lang='grc' dir='ltr'><strong>τας</strong></span> <span class='ocrx_word' id='word_1_289' title='bbox 109 1206 162 1233; x_wconf 87' lang='grc' dir='ltr'><strong>τῶν</strong></span> <span class='ocrx_word' id='word_1_290' title='bbox 177 1208 226 1242; x_wconf 84' lang='grc' dir='ltr'>τῆς</span> <span class='ocrx_word' id='word_1_291' title='bbox 245 1209 382 1245; x_wconf 78' lang='grc' dir='ltr'>σωτηρίας</span> <span class='ocrx_word' id='word_1_292' title='bbox 398 1209 541 1244; x_wconf 70' lang='grc' dir='ltr'>δογμάτων</span> <span class='ocrx_word' id='word_1_293' title='bbox 555 1209 711 1245; x_wconf 81' lang='grc' dir='ltr'>Θρηνεῐσθαι</span> <span class='ocrx_word' id='word_1_294' title='bbox 727 1210 846 1244; x_wconf 87' lang='grc' dir='ltr'>ὑπολαμ-</span> 
     </span>
    </p>
   </div>
   <div class='ocr_carea' id='block_1_43' title="bbox 59 1252 846 1290">
    <p class='ocr_par' dir='ltr' id='par_1_43' title="bbox 59 1252 846 1290">
     <span class='ocr_line' id='line_1_43' title="bbox 59 1252 846 1290; baseline 0.004 -12"><span class='ocrx_word' id='word_1_295' title='bbox 59 1252 127 1279; x_wconf 72' lang='grc' dir='ltr'>ϐάνω</span> <span class='ocrx_word' id='word_1_296' title='bbox 138 1261 144 1267; x_wconf 90' lang='grc'><strong><em>“</em></strong></span> <span class='ocrx_word' id='word_1_297' title='bbox 163 1253 192 1279; x_wconf 73' lang='grc' dir='ltr'><strong>τὸ</strong></span> <span class='ocrx_word' id='word_1_298' title='bbox 204 1254 233 1279; x_wconf 83' lang='grc' dir='ltr'><strong>δὲ</strong></span> <span class='ocrx_word' id='word_1_299' title='bbox 245 1254 322 1289; x_wconf 81' lang='grc' dir='ltr'>μέλος</span> <span class='ocrx_word' id='word_1_300' title='bbox 334 1255 554 1289; x_wconf 78' lang='grc' dir='ltr'>ἀπαγγέλλεσθαι</span> <span class='ocrx_word' id='word_1_301' title='bbox 572 1257 633 1286; x_wconf 75' lang='grc' dir='ltr'>τοῖς</span> <span class='ocrx_word' id='word_1_302' title='bbox 646 1256 800 1290; x_wconf 57' lang='grc' dir='ltr'>μακαρίοις</span> <span class='ocrx_word' id='word_1_303' title='bbox 815 1255 846 1281; x_wconf 81' lang='grc' dir='ltr'><strong>τὸ</strong></span> 
     </span>
    </p>
   </div>
   <div class='ocr_carea' id='block_1_44' title="bbox 58 1297 844 1336">
    <p class='ocr_par' dir='ltr' id='par_1_44' title="bbox 58 1297 844 1336">
     <span class='ocr_line' id='line_1_44' title="bbox 58 1297 844 1336; baseline 0.005 -13"><span class='ocrx_word' id='word_1_304' title='bbox 58 1297 93 1328; x_wconf 77' lang='grc' dir='ltr'>δὲ,</span> <span class='ocrx_word' id='word_1_305' title='bbox 115 1299 184 1330; x_wconf 71' lang='grc' dir='ltr'>οὐαὶ,</span> <span class='ocrx_word' id='word_1_306' title='bbox 208 1301 264 1331; x_wconf 83' lang='grc' dir='ltr'>τοῖς</span> <span class='ocrx_word' id='word_1_307' title='bbox 283 1300 374 1326; x_wconf 81' lang='grc' dir='ltr'>τέλεον</span> <span class='ocrx_word' id='word_1_308' title='bbox 398 1300 565 1327; x_wconf 76' lang='grc' dir='ltr'>ἀποπεσοῦσι</span> <span class='ocrx_word' id='word_1_309' title='bbox 585 1300 631 1327; x_wconf 84' lang='grc' dir='ltr'>τοῦ</span> <span class='ocrx_word' id='word_1_310' title='bbox 656 1301 844 1336; x_wconf 83' lang='grc' dir='ltr'>μακαρισμοῦ.</span> 
     </span>
    </p>
   </div>
   <div class='ocr_carea' id='block_1_45' title="bbox 59 1342 846 1384">
    <p class='ocr_par' dir='ltr' id='par_1_45' title="bbox 59 1342 846 1384">
     <span class='ocr_line' id='line_1_45' title="bbox 59 1342 846 1384; baseline 0.005 -15"><span class='ocrx_word' id='word_1_311' title='bbox 59 1342 166 1371; x_wconf 80' lang='grc' dir='ltr'>Δύναται</span> <span class='ocrx_word' id='word_1_312' title='bbox 183 1345 230 1371; x_wconf 70' lang='grc' dir='ltr'>καὶ</span> <span class='ocrx_word' id='word_1_313' title='bbox 242 1345 328 1377; x_wconf 73' lang='grc' dir='ltr'>οὕτως</span> <span class='ocrx_word' id='word_1_314' title='bbox 338 1346 466 1379; x_wconf 81' lang='grc' dir='ltr'>γεύεσθαι</span> <span class='ocrx_word' id='word_1_315' title='bbox 477 1347 524 1384; x_wconf 79' lang='grc' dir='ltr'><strong>καὶ</strong></span> <span class='ocrx_word' id='word_1_316' title='bbox 535 1348 549 1372; x_wconf 85' lang='grc' dir='ltr'><strong>ὸ</strong></span> <span class='ocrx_word' id='word_1_317' title='bbox 563 1348 590 1372; x_wconf 76' lang='grc' dir='ltr'>ἐν</span> <span class='ocrx_word' id='word_1_318' title='bbox 601 1346 700 1380; x_wconf 85' lang='grc' dir='ltr'>γνώσει</span> <span class='ocrx_word' id='word_1_319' title='bbox 716 1346 763 1373; x_wconf 86' lang='grc' dir='ltr'>τοῦ</span> <span class='ocrx_word' id='word_1_320' title='bbox 777 1346 846 1378; x_wconf 83' lang='grc' dir='ltr'><strong>ζῶν-</strong></span> 
     </span>
    </p>
   </div>
   <div class='ocr_carea' id='block_1_46' title="bbox 60 1390 845 1428">
    <p class='ocr_par' dir='ltr' id='par_1_46' title="bbox 60 1390 845 1428">
     <span class='ocr_line' id='line_1_46' title="bbox 60 1390 845 1428; baseline 0.005 -13"><span class='ocrx_word' id='word_1_321' title='bbox 60 1393 100 1421; x_wconf 71' lang='grc' dir='ltr'><strong>τος</strong></span> <span class='ocrx_word' id='word_1_322' title='bbox 113 1390 193 1426; x_wconf 71' lang='grc' dir='ltr'>ἄρτου</span> <span class='ocrx_word' id='word_1_323' title='bbox 211 1391 259 1417; x_wconf 81' lang='grc' dir='ltr'>τοῦ</span> <span class='ocrx_word' id='word_1_324' title='bbox 274 1392 305 1417; x_wconf 77' lang='grc' dir='ltr'>ἐκ</span> <span class='ocrx_word' id='word_1_325' title='bbox 317 1391 364 1417; x_wconf 77' lang='grc' dir='ltr'>τοῦ</span> <span class='ocrx_word' id='word_1_326' title='bbox 378 1392 493 1428; x_wconf 77' lang='grc' dir='ltr'>οὐρανοῦ</span> <span class='ocrx_word' id='word_1_327' title='bbox 511 1392 730 1427; x_wconf 78' lang='grc' dir='ltr'>καταϐεϐηκότος</span> <span class='ocrx_word' id='word_1_328' title='bbox 748 1401 845 1427; x_wconf 81' lang='grc' dir='ltr'>γεγευ-</span> 
     </span>
    </p>
   </div>
   <div class='ocr_carea' id='block_1_47' title="bbox 62 1435 844 1473">
    <p class='ocr_par' dir='ltr' id='par_1_47' title="bbox 62 1435 844 1473">
     <span class='ocr_line' id='line_1_47' title="bbox 62 1435 844 1473; baseline 0.004 -11"><span class='ocrx_word' id='word_1_329' title='bbox 62 1435 143 1470; x_wconf 76' lang='grc' dir='ltr'>μένος,</span> <span class='ocrx_word' id='word_1_330' title='bbox 161 1437 242 1463; x_wconf 78' lang='grc' dir='ltr'>ὁπότε</span> <span class='ocrx_word' id='word_1_331' title='bbox 260 1437 405 1473; x_wconf 73' lang='grc' dir='ltr'>θρηνηθεὶς</span> <span class='ocrx_word' id='word_1_332' title='bbox 427 1437 500 1470; x_wconf 77' lang='grc' dir='ltr'>ἄξιος</span> <span class='ocrx_word' id='word_1_333' title='bbox 514 1437 639 1471; x_wconf 75' lang='grc' dir='ltr'>γενέσθαι</span> <span class='ocrx_word' id='word_1_334' title='bbox 658 1437 704 1464; x_wconf 81' lang='grc' dir='ltr'>τοῦ</span> <span class='ocrx_word' id='word_1_335' title='bbox 724 1447 844 1473; x_wconf 70' lang='grc' dir='ltr'>μακαριο</span> 
     </span>
    </p>
   </div>
   <div class='ocr_carea' id='block_1_48' title="bbox 60 1481 845 1518">
    <p class='ocr_par' dir='ltr' id='par_1_48' title="bbox 60 1481 845 1518">
     <span class='ocr_line' id='line_1_48' title="bbox 60 1481 845 1518; baseline 0.005 -12"><span class='ocrx_word' id='word_1_336' title='bbox 60 1481 132 1515; x_wconf 77' lang='grc' dir='ltr'><strong>σμοῦ.</strong></span> <span class='ocrx_word' id='word_1_337' title='bbox 152 1483 206 1509; x_wconf 77' lang='grc' dir='ltr'><strong>Καὶ</strong></span> <span class='ocrx_word' id='word_1_338' title='bbox 224 1485 237 1510; x_wconf 80' lang='grc' dir='ltr'>ὁ</span> <span class='ocrx_word' id='word_1_339' title='bbox 255 1484 303 1518; x_wconf 76' lang='grc' dir='ltr'><strong>μὲν</strong></span> <span class='ocrx_word' id='word_1_340' title='bbox 318 1481 520 1509; x_wconf 77' lang='grc' dir='ltr'>οὗνθεοδοτίων</span> <span class='ocrx_word' id='word_1_341' title='bbox 533 1482 686 1514; x_wconf 79' lang='grc' dir='ltr'>ἀκολούθως</span> <span class='ocrx_word' id='word_1_342' title='bbox 706 1485 761 1515; x_wconf 85' lang='grc' dir='ltr'>τοῖς</span> <span class='ocrx_word' id='word_1_343' title='bbox 785 1483 845 1510; x_wconf 75' lang='grc' dir='ltr'><strong>Ἐϐ-</strong></span> 
     </span>
    </p>
   </div>
   <div class='ocr_carea' id='block_1_49' title="bbox 59 1525 845 1565">
    <p class='ocr_par' dir='ltr' id='par_1_49' title="bbox 59 1525 845 1565">
     <span class='ocr_line' id='line_1_49' title="bbox 59 1525 845 1565; baseline 0.005 -14"><span class='ocrx_word' id='word_1_344' title='bbox 59 1525 204 1562; x_wconf 79' lang='grc' dir='ltr'>δομήκοντα</span> <span class='ocrx_word' id='word_1_345' title='bbox 226 1528 372 1560; x_wconf 71' lang='grc' dir='ltr'>ἐξέδωκεν·</span> <span class='ocrx_word' id='word_1_346' title='bbox 395 1529 408 1554; x_wconf 87' lang='grc' dir='ltr'>ὁ</span> <span class='ocrx_word' id='word_1_347' title='bbox 424 1528 452 1554; x_wconf 87' lang='grc' dir='ltr'><strong>δὲ</strong></span> <span class='ocrx_word' id='word_1_348' title='bbox 473 1528 619 1563; x_wconf 78' lang='grc' dir='ltr'>Σύμμαχος</span> <span class='ocrx_word' id='word_1_349' title='bbox 637 1529 666 1554; x_wconf 88' lang='grc' dir='ltr'>οὐ</span> <span class='ocrx_word' id='word_1_350' title='bbox 688 1529 758 1555; x_wconf 88' lang='grc' dir='ltr'>πάνυ</span> <span class='ocrx_word' id='word_1_351' title='bbox 774 1529 845 1565; x_wconf 84' lang='grc' dir='ltr'><strong>ἀπᾳ-</strong></span> 
     </span>
    </p>
   </div>
   <div class='ocr_carea' id='block_1_50' title="bbox 61 1571 845 1609">
    <p class='ocr_par' dir='ltr' id='par_1_50' title="bbox 61 1571 845 1609">
     <span class='ocr_line' id='line_1_50' title="bbox 61 1571 845 1609; baseline 0.005 -11"><span class='ocrx_word' id='word_1_352' title='bbox 61 1571 162 1604; x_wconf 68' lang='grc' dir='ltr'>ειόντως,</span> <span class='ocrx_word' id='word_1_353' title='bbox 177 1574 307 1607; x_wconf 79' lang='grc' dir='ltr'>θρήνους</span> <span class='ocrx_word' id='word_1_354' title='bbox 327 1574 378 1600; x_wconf 78' lang='grc' dir='ltr'>καὶ</span> <span class='ocrx_word' id='word_1_355' title='bbox 397 1573 580 1609; x_wconf 63' lang='grc' dir='ltr'>κατάλεῃια,</span> <span class='ocrx_word' id='word_1_356' title='bbox 603 1575 651 1601; x_wconf 82' lang='grc' dir='ltr'>καὶ</span> <span class='ocrx_word' id='word_1_357' title='bbox 667 1575 760 1609; x_wconf 84' lang='grc' dir='ltr'>μέλος</span> <span class='ocrx_word' id='word_1_358' title='bbox 773 1583 845 1602; x_wconf 74' lang='grc' dir='ltr'><strong>πεν-</strong></span> 
     </span>
    </p>
   </div>
   <div class='ocr_carea' id='block_1_51' title="bbox 63 1618 844 1655">
    <p class='ocr_par' dir='ltr' id='par_1_51' title="bbox 63 1618 844 1655">
     <span class='ocr_line' id='line_1_51' title="bbox 63 1618 844 1655; baseline 0.005 -12"><span class='ocrx_word' id='word_1_359' title='bbox 63 1618 153 1644; x_wconf 70' lang='grc' dir='ltr'>θικίν·</span> <span class='ocrx_word' id='word_1_360' title='bbox 176 1619 190 1644; x_wconf 80' lang='grc' dir='ltr'>ὁ</span> <span class='ocrx_word' id='word_1_361' title='bbox 213 1619 243 1646; x_wconf 77' lang='grc' dir='ltr'><strong>δὲ</strong></span> <span class='ocrx_word' id='word_1_362' title='bbox 260 1619 385 1652; x_wconf 81' lang='grc' dir='ltr'>Ἀκύλας,</span> <span class='ocrx_word' id='word_1_363' title='bbox 404 1620 615 1655; x_wconf 69' lang='grc' dir='ltr'>γεπραμμένον,</span> <span class='ocrx_word' id='word_1_364' title='bbox 633 1622 725 1655; x_wconf 63' lang='grc' dir='ltr'>φησιν,</span> <span class='ocrx_word' id='word_1_365' title='bbox 743 1619 782 1655; x_wconf 81' lang='grc' dir='ltr'><strong>ἦν</strong></span> <span class='ocrx_word' id='word_1_366' title='bbox 798 1621 844 1647; x_wconf 80' lang='grc' dir='ltr'><strong>ἐπ’</strong></span> 
     </span>
    </p>
   </div>
   <div class='ocr_carea' id='block_1_52' title="bbox 61 1663 846 1702">
    <p class='ocr_par' dir='ltr' id='par_1_52' title="bbox 61 1663 846 1702">
     <span class='ocr_line' id='line_1_52' title="bbox 61 1663 846 1702; baseline 0.006 -14"><span class='ocrx_word' id='word_1_367' title='bbox 61 1663 146 1690; x_wconf 74' lang='grc' dir='ltr'>αὐτοῦ</span> <span class='ocrx_word' id='word_1_368' title='bbox 159 1665 261 1698; x_wconf 80' lang='grc' dir='ltr'>κτίσις</span> <span class='ocrx_word' id='word_1_369' title='bbox 276 1665 324 1692; x_wconf 76' lang='grc' dir='ltr'>καὶ</span> <span class='ocrx_word' id='word_1_370' title='bbox 338 1667 515 1699; x_wconf 72' lang='grc' dir='ltr'>ἀντίϐλησις</span> <span class='ocrx_word' id='word_1_371' title='bbox 524 1675 532 1681; x_wconf 85' lang='grc'>·</span> <span class='ocrx_word' id='word_1_372' title='bbox 545 1666 593 1692; x_wconf 77' lang='grc' dir='ltr'>καὶ</span> <span class='ocrx_word' id='word_1_373' title='bbox 603 1666 699 1693; x_wconf 78' lang='grc' dir='ltr'>ἔσται.</span> <span class='ocrx_word' id='word_1_374' title='bbox 710 1667 765 1693; x_wconf 71' lang='grc' dir='ltr'><strong>Καὶ</strong></span> <span class='ocrx_word' id='word_1_375' title='bbox 775 1667 846 1702; x_wconf 80' lang='grc' dir='ltr'>τάχα</span> 
     </span>
    </p>
   </div>
   <div class='ocr_carea' id='block_1_53' title="bbox 64 1706 846 1748">
    <p class='ocr_par' dir='ltr' id='par_1_53' title="bbox 64 1706 846 1748">
     <span class='ocr_line' id='line_1_53' title="bbox 64 1706 846 1748; baseline 0.006 -14"><span class='ocrx_word' id='word_1_376' title='bbox 64 1706 104 1734; x_wconf 79' lang='grc' dir='ltr'><strong>διὰ</strong></span> <span class='ocrx_word' id='word_1_377' title='bbox 118 1712 209 1737; x_wconf 83' lang='grc' dir='ltr'>τούτου</span> <span class='ocrx_word' id='word_1_378' title='bbox 223 1711 349 1747; x_wconf 77' lang='grc' dir='ltr'>δηλοῦται</span> <span class='ocrx_word' id='word_1_379' title='bbox 364 1713 424 1739; x_wconf 76' lang='grc' dir='ltr'>κατ’</span> <span class='ocrx_word' id='word_1_380' title='bbox 439 1713 530 1743; x_wconf 76' lang='grc' dir='ltr'>αὑτὸν,</span> <span class='ocrx_word' id='word_1_381' title='bbox 542 1713 582 1739; x_wconf 79' lang='grc' dir='ltr'>ὅτι</span> <span class='ocrx_word' id='word_1_382' title='bbox 598 1713 662 1748; x_wconf 50' lang='grc' dir='ltr'><strong>περὶ⁸</strong></span> <span class='ocrx_word' id='word_1_383' title='bbox 673 1713 722 1748; x_wconf 88' lang='grc' dir='ltr'>τῆς</span> <span class='ocrx_word' id='word_1_384' title='bbox 733 1712 846 1744; x_wconf 82' lang='grc' dir='ltr'>κτίσεως</span> 
     </span>
    </p>
   </div>
   <div class='ocr_carea' id='block_1_54' title="bbox 898 931 1693 967">
    <p class='ocr_par' dir='ltr' id='par_1_54' title="bbox 898 931 1693 967">
     <span class='ocr_line' id='line_1_54' title="bbox 898 931 1693 967; baseline 0.001 -9"><span class='ocrx_word' id='word_1_385' title='bbox 898 931 1030 967; x_wconf 79' lang='lat' dir='ltr'><strong>primario</strong></span> <span class='ocrx_word' id='word_1_386' title='bbox 1056 932 1183 966; x_wconf 75' lang='lat' dir='ltr'><strong>velutque</strong></span> <span class='ocrx_word' id='word_1_387' title='bbox 1203 939 1235 958; x_wconf 90' lang='lat' dir='ltr'><strong>ex</strong></span> <span class='ocrx_word' id='word_1_388' title='bbox 1261 931 1385 958; x_wconf 87' lang='lat' dir='ltr'><strong>instituto</strong></span> <span class='ocrx_word' id='word_1_389' title='bbox 1407 931 1479 958; x_wconf 82' lang='lat' dir='ltr'><strong>edita</strong></span> <span class='ocrx_word' id='word_1_390' title='bbox 1505 931 1626 958; x_wconf 79' lang='lat' dir='ltr'><strong>fuerunt.</strong></span> <span class='ocrx_word' id='word_1_391' title='bbox 1654 932 1693 960; x_wconf 81' lang='lat' dir='ltr'><strong>Ac</strong></span> 
     </span>
    </p>
   </div>
   <div class='ocr_carea' id='block_1_55' title="bbox 898 977 1691 1013">
    <p class='ocr_par' dir='ltr' id='par_1_55' title="bbox 898 977 1691 1013">
     <span class='ocr_line' id='line_1_55' title="bbox 898 977 1691 1013; baseline 0 -9"><span class='ocrx_word' id='word_1_392' title='bbox 898 977 1028 1013; x_wconf 85' lang='lat' dir='ltr'><strong>primaria</strong></span> <span class='ocrx_word' id='word_1_393' title='bbox 1041 982 1068 1005; x_wconf 87' lang='lat' dir='ltr'><strong>et</strong></span> <span class='ocrx_word' id='word_1_394' title='bbox 1087 985 1148 1012; x_wconf 72' lang='lat' dir='ltr'><strong>qua:</strong></span> <span class='ocrx_word' id='word_1_395' title='bbox 1164 981 1227 1004; x_wconf 84' lang='lat' dir='ltr'><strong>ante</strong></span> <span class='ocrx_word' id='word_1_396' title='bbox 1241 981 1319 1010; x_wconf 91' lang='lat' dir='ltr'><strong>sunt,</strong></span> <span class='ocrx_word' id='word_1_397' title='bbox 1343 977 1464 1003; x_wconf 86' lang='lat' dir='ltr'><strong>carmine</strong></span> <span class='ocrx_word' id='word_1_398' title='bbox 1482 977 1691 1012; x_wconf 86' lang='lat' dir='ltr'><strong>signiﬁcantur;</strong></span> 
     </span>
    </p>
   </div>
   <div class='ocr_carea' id='block_1_56' title="bbox 897 1023 1693 1059">
    <p class='ocr_par' dir='ltr' id='par_1_56' title="bbox 897 1023 1693 1059">
     <span class='ocr_line' id='line_1_56' title="bbox 897 1023 1693 1059; baseline 0.001 -9"><span class='ocrx_word' id='word_1_399' title='bbox 897 1024 1002 1059; x_wconf 82' lang='lat' dir='ltr'><strong>reliqua</strong></span> <span class='ocrx_word' id='word_1_400' title='bbox 1016 1032 1081 1052; x_wconf 90' lang='lat' dir='ltr'><strong>vero</strong></span> <span class='ocrx_word' id='word_1_401' title='bbox 1097 1024 1291 1051; x_wconf 86' lang='lat' dir='ltr'><strong>lamentatione</strong></span> <span class='ocrx_word' id='word_1_402' title='bbox 1308 1028 1335 1051; x_wconf 91' lang='lat' dir='ltr'><strong>et</strong></span> <span class='ocrx_word' id='word_1_403' title='bbox 1349 1031 1398 1051; x_wconf 64' lang='lat' dir='ltr'><strong>vae.</strong></span> <span class='ocrx_word' id='word_1_404' title='bbox 1418 1023 1472 1050; x_wconf 88' lang='lat' dir='ltr'><strong>Eos</strong></span> <span class='ocrx_word' id='word_1_405' title='bbox 1495 1024 1578 1057; x_wconf 74' lang='lat' dir='ltr'><strong>igitur</strong></span> <span class='ocrx_word' id='word_1_406' title='bbox 1600 1024 1647 1058; x_wconf 91' lang='lat' dir='ltr'><strong>qui</strong></span> <span class='ocrx_word' id='word_1_407' title='bbox 1663 1031 1693 1051; x_wconf 84' lang='lat' dir='ltr'><strong>se</strong></span> 
     </span>
    </p>
   </div>
   <div class='ocr_carea' id='block_1_57' title="bbox 898 1069 1694 1104">
    <p class='ocr_par' dir='ltr' id='par_1_57' title="bbox 898 1069 1694 1104">
     <span class='ocr_line' id='line_1_57' title="bbox 898 1069 1694 1104; baseline 0 -7"><span class='ocrx_word' id='word_1_408' title='bbox 898 1071 1017 1104; x_wconf 87' lang='lat' dir='ltr'><strong>peccatis</strong></span> <span class='ocrx_word' id='word_1_409' title='bbox 1033 1071 1166 1098; x_wconf 84' lang='lat' dir='ltr'><strong>obnoxios</strong></span> <span class='ocrx_word' id='word_1_410' title='bbox 1184 1070 1322 1100; x_wconf 79' lang='lat' dir='ltr'><strong>fecerunt.</strong></span> <span class='ocrx_word' id='word_1_411' title='bbox 1344 1074 1425 1104; x_wconf 86' lang='lat' dir='ltr'><strong>atque</strong></span> <span class='ocrx_word' id='word_1_412' title='bbox 1438 1077 1453 1096; x_wconf 89' lang='lat' dir='ltr'><strong>a</strong></span> <span class='ocrx_word' id='word_1_413' title='bbox 1471 1069 1568 1097; x_wconf 87' lang='lat' dir='ltr'><strong>salutis</strong></span> <span class='ocrx_word' id='word_1_414' title='bbox 1581 1069 1694 1104; x_wconf 66' lang='lat' dir='ltr'><strong>dogma-</strong></span> 
     </span>
    </p>
   </div>
   <div class='ocr_carea' id='block_1_58' title="bbox 898 1115 1690 1151">
    <p class='ocr_par' dir='ltr' id='par_1_58' title="bbox 898 1115 1690 1151">
     <span class='ocr_line' id='line_1_58' title="bbox 898 1115 1690 1151; baseline 0.001 -8"><span class='ocrx_word' id='word_1_415' title='bbox 898 1117 932 1144; x_wconf 92' lang='lat' dir='ltr'><strong>tis</strong></span> <span class='ocrx_word' id='word_1_416' title='bbox 957 1124 1072 1151; x_wconf 84' lang='lat' dir='ltr'><strong>pr0rsus</strong></span> <span class='ocrx_word' id='word_1_417' title='bbox 1093 1115 1268 1148; x_wconf 83' lang='lat' dir='ltr'><strong>aberrarunt,</strong></span> <span class='ocrx_word' id='word_1_418' title='bbox 1294 1115 1379 1150; x_wconf 81' lang='lat' dir='ltr'><strong>lugeri</strong></span> <span class='ocrx_word' id='word_1_419' title='bbox 1404 1115 1550 1148; x_wconf 80' lang='lat' dir='ltr'><strong>existimo,</strong></span> <span class='ocrx_word' id='word_1_420' title='bbox 1579 1123 1690 1144; x_wconf 86' lang='lat' dir='ltr'><strong>carmen</strong></span> 
     </span>
    </p>
   </div>
   <div class='ocr_carea' id='block_1_59' title="bbox 897 1161 1691 1197">
    <p class='ocr_par' dir='ltr' id='par_1_59' title="bbox 897 1161 1691 1197">
     <span class='ocr_line' id='line_1_59' title="bbox 897 1161 1691 1197; baseline 0 -9"><span class='ocrx_word' id='word_1_421' title='bbox 897 1170 960 1189; x_wconf 80' lang='lat' dir='ltr'><strong>vero</strong></span> <span class='ocrx_word' id='word_1_422' title='bbox 976 1162 1062 1190; x_wconf 89' lang='lat' dir='ltr'><strong>beatis</strong></span> <span class='ocrx_word' id='word_1_423' title='bbox 1079 1162 1249 1197; x_wconf 83' lang='lat' dir='ltr'><strong>repromitti;</strong></span> <span class='ocrx_word' id='word_1_424' title='bbox 1274 1162 1307 1189; x_wconf 91' lang='lat' dir='ltr'><strong>iis</strong></span> <span class='ocrx_word' id='word_1_425' title='bbox 1330 1162 1448 1196; x_wconf 90' lang='lat' dir='ltr'><strong>denique</strong></span> <span class='ocrx_word' id='word_1_426' title='bbox 1465 1161 1512 1197; x_wconf 84' lang='lat' dir='ltr'><strong>qui</strong></span> <span class='ocrx_word' id='word_1_427' title='bbox 1533 1169 1548 1189; x_wconf 91' lang='lat' dir='ltr'><strong>e</strong></span> <span class='ocrx_word' id='word_1_428' title='bbox 1572 1162 1691 1190; x_wconf 88' lang='lat' dir='ltr'><strong>beatitu-</strong></span> 
     </span>
    </p>
   </div>
   <div class='ocr_carea' id='block_1_60' title="bbox 896 1207 1691 1241">
    <p class='ocr_par' dir='ltr' id='par_1_60' title="bbox 896 1207 1691 1241">
     <span class='ocr_line' id='line_1_60' title="bbox 896 1207 1691 1241; baseline 0.001 -6"><span class='ocrx_word' id='word_1_429' title='bbox 896 1209 959 1236; x_wconf 87' lang='lat' dir='ltr'><strong>dine</strong></span> <span class='ocrx_word' id='word_1_430' title='bbox 975 1209 1086 1236; x_wconf 87' lang='lat' dir='ltr'><strong>omnino</strong></span> <span class='ocrx_word' id='word_1_431' title='bbox 1109 1207 1271 1241; x_wconf 81' lang='lat' dir='ltr'><strong>excidennt,</strong></span> <span class='ocrx_word' id='word_1_432' title='bbox 1292 1215 1331 1235; x_wconf 73' lang='lat' dir='ltr'><strong>vae</strong></span> <span class='ocrx_word' id='word_1_433' title='bbox 1349 1207 1514 1235; x_wconf 77' lang='lat' dir='ltr'><strong>denuntiari.</strong></span> <span class='ocrx_word' id='word_1_434' title='bbox 1533 1207 1628 1235; x_wconf 82' lang='lat' dir='ltr'><strong>Potest</strong></span> <span class='ocrx_word' id='word_1_435' title='bbox 1651 1209 1691 1236; x_wconf 87' lang='lat' dir='ltr'><strong>sic</strong></span> 
     </span>
    </p>
   </div>
   <div class='ocr_carea' id='block_1_61' title="bbox 896 1254 1689 1289">
    <p class='ocr_par' dir='ltr' id='par_1_61' title="bbox 896 1254 1689 1289">
     <span class='ocr_line' id='line_1_61' title="bbox 896 1254 1689 1289; baseline -0.001 -8"><span class='ocrx_word' id='word_1_436' title='bbox 896 1262 1006 1289; x_wconf 90' lang='lat' dir='ltr'><strong>quoque</strong></span> <span class='ocrx_word' id='word_1_437' title='bbox 1021 1258 1142 1288; x_wconf 79' lang='lat' dir='ltr'><strong>gustare,</strong></span> <span class='ocrx_word' id='word_1_438' title='bbox 1157 1259 1184 1282; x_wconf 89' lang='lat' dir='ltr'><strong>et</strong></span> <span class='ocrx_word' id='word_1_439' title='bbox 1203 1254 1249 1289; x_wconf 87' lang='lat' dir='ltr'><strong>qui</strong></span> <span class='ocrx_word' id='word_1_440' title='bbox 1272 1262 1369 1289; x_wconf 81' lang='lat' dir='ltr'><strong>panem</strong></span> <span class='ocrx_word' id='word_1_441' title='bbox 1388 1254 1479 1280; x_wconf 73' lang='lat' dir='ltr'><strong>vivum</strong></span> <span class='ocrx_word' id='word_1_442' title='bbox 1496 1254 1529 1281; x_wconf 90' lang='lat' dir='ltr'><strong>de</strong></span> <span class='ocrx_word' id='word_1_443' title='bbox 1552 1259 1623 1280; x_wconf 79' lang='lat' dir='ltr'><strong>coelo</strong></span> <span class='ocrx_word' id='word_1_444' title='bbox 1640 1254 1689 1281; x_wconf 87' lang='lat' dir='ltr'><strong>de-</strong></span> 
     </span>
    </p>
   </div>
   <div class='ocr_carea' id='block_1_62' title="bbox 897 1300 1691 1334">
    <p class='ocr_par' dir='ltr' id='par_1_62' title="bbox 897 1300 1691 1334">
     <span class='ocr_line' id='line_1_62' title="bbox 897 1300 1691 1334; baseline 0 -8"><span class='ocrx_word' id='word_1_445' title='bbox 897 1300 1002 1334; x_wconf 88' lang='lat' dir='ltr'><strong>lapsum</strong></span> <span class='ocrx_word' id='word_1_446' title='bbox 1019 1300 1045 1326; x_wconf 95' lang='lat' dir='ltr'><strong>in</strong></span> <span class='ocrx_word' id='word_1_447' title='bbox 1062 1300 1174 1326; x_wconf 88' lang='lat' dir='ltr'><strong>scientia</strong></span> <span class='ocrx_word' id='word_1_448' title='bbox 1197 1300 1324 1334; x_wconf 79' lang='lat' dir='ltr'><strong>gustavit,</strong></span> <span class='ocrx_word' id='word_1_449' title='bbox 1344 1300 1446 1334; x_wconf 84' lang='lat' dir='ltr'><strong>quique</strong></span> <span class='ocrx_word' id='word_1_450' title='bbox 1470 1300 1618 1334; x_wconf 88' lang='lat' dir='ltr'><strong>aliquando</strong></span> <span class='ocrx_word' id='word_1_451' title='bbox 1644 1300 1691 1326; x_wconf 89' lang='lat' dir='ltr'><strong>de-</strong></span> 
     </span>
    </p>
   </div>
   <div class='ocr_carea' id='block_1_63' title="bbox 896 1345 1688 1380">
    <p class='ocr_par' dir='ltr' id='par_1_63' title="bbox 896 1345 1688 1380">
     <span class='ocr_line' id='line_1_63' title="bbox 896 1345 1688 1380; baseline -0.001 -7"><span class='ocrx_word' id='word_1_452' title='bbox 896 1345 975 1373; x_wconf 80' lang='lat' dir='ltr'><strong>ﬂetus</strong></span> <span class='ocrx_word' id='word_1_453' title='bbox 994 1350 1046 1378; x_wconf 84' lang='lat' dir='ltr'><strong>est,</strong></span> <span class='ocrx_word' id='word_1_454' title='bbox 1069 1346 1168 1380; x_wconf 79' lang='lat' dir='ltr'><strong>dignus</strong></span> <span class='ocrx_word' id='word_1_455' title='bbox 1185 1346 1243 1373; x_wconf 89' lang='lat' dir='ltr'><strong>ﬁeri</strong></span> <span class='ocrx_word' id='word_1_456' title='bbox 1271 1346 1448 1373; x_wconf 83' lang='lat' dir='ltr'><strong>beatitudine.</strong></span> <span class='ocrx_word' id='word_1_457' title='bbox 1474 1346 1512 1373; x_wconf 85' lang='lat' dir='ltr'><strong>Ac</strong></span> <span class='ocrx_word' id='word_1_458' title='bbox 1537 1345 1688 1373; x_wconf 87' lang='lat' dir='ltr'><strong>Theodotio</strong></span> 
     </span>
    </p>
   </div>
   <div class='ocr_carea' id='block_1_64' title="bbox 896 1390 1685 1426">
    <p class='ocr_par' dir='ltr' id='par_1_64' title="bbox 896 1390 1685 1426">
     <span class='ocr_line' id='line_1_64' title="bbox 896 1390 1685 1426; baseline 0 -8"><span class='ocrx_word' id='word_1_459' title='bbox 896 1392 1006 1426; x_wconf 90' lang='lat' dir='ltr'><strong>quidem</strong></span> <span class='ocrx_word' id='word_1_460' title='bbox 1027 1391 1106 1426; x_wconf 83' lang='lat' dir='ltr'><strong>juxta</strong></span> <span class='ocrx_word' id='word_1_461' title='bbox 1125 1399 1157 1418; x_wconf 89' lang='lat' dir='ltr'><strong>ac</strong></span> <span class='ocrx_word' id='word_1_462' title='bbox 1183 1390 1376 1426; x_wconf 81' lang='lat' dir='ltr'><strong>Septuaginta;</strong></span> <span class='ocrx_word' id='word_1_463' title='bbox 1397 1391 1577 1426; x_wconf 84' lang='lat' dir='ltr'><strong>Symmachus</strong></span> <span class='ocrx_word' id='word_1_464' title='bbox 1595 1396 1685 1418; x_wconf 82' lang='lat' dir='ltr'><strong>autem</strong></span> 
     </span>
    </p>
   </div>
   <div class='ocr_carea' id='block_1_65' title="bbox 895 1437 1688 1471">
    <p class='ocr_par' dir='ltr' id='par_1_65' title="bbox 895 1437 1688 1471">
     <span class='ocr_line' id='line_1_65' title="bbox 895 1437 1688 1471; baseline -0.003 -7"><span class='ocrx_word' id='word_1_465' title='bbox 895 1445 949 1464; x_wconf 92' lang='lat' dir='ltr'><strong>non</strong></span> <span class='ocrx_word' id='word_1_466' title='bbox 966 1437 1044 1464; x_wconf 84' lang='lat' dir='ltr'><strong>valde</strong></span> <span class='ocrx_word' id='word_1_467' title='bbox 1061 1437 1257 1471; x_wconf 77' lang='lat' dir='ltr'><strong>discrepanter,</strong></span> <span class='ocrx_word' id='word_1_468' title='bbox 1279 1437 1493 1468; x_wconf 74' lang='lat' dir='ltr'><strong>lamentationes.</strong></span> <span class='ocrx_word' id='word_1_469' title='bbox 1515 1441 1539 1464; x_wconf 83' lang='lat' dir='ltr'><strong>et</strong></span> <span class='ocrx_word' id='word_1_470' title='bbox 1556 1437 1688 1471; x_wconf 73' lang='lat' dir='ltr'><strong>querimo-</strong></span> 
     </span>
    </p>
   </div>
   <div class='ocr_carea' id='block_1_66' title="bbox 895 1481 1688 1516">
    <p class='ocr_par' dir='ltr' id='par_1_66' title="bbox 895 1481 1688 1516">
     <span class='ocr_line' id='line_1_66' title="bbox 895 1481 1688 1516; baseline 0 -8"><span class='ocrx_word' id='word_1_471' title='bbox 895 1482 978 1513; x_wconf 81' lang='lat' dir='ltr'><strong>niam,</strong></span> <span class='ocrx_word' id='word_1_472' title='bbox 995 1489 1026 1507; x_wconf 83' lang='lat' dir='ltr'><strong>ac</strong></span> <span class='ocrx_word' id='word_1_473' title='bbox 1045 1489 1149 1508; x_wconf 81' lang='lat' dir='ltr'><strong>carmen</strong></span> <span class='ocrx_word' id='word_1_474' title='bbox 1166 1481 1293 1516; x_wconf 82' lang='lat' dir='ltr'><strong>lugubre;</strong></span> <span class='ocrx_word' id='word_1_475' title='bbox 1307 1482 1404 1516; x_wconf 82' lang='lat' dir='ltr'><strong>Aquila</strong></span> <span class='ocrx_word' id='word_1_476' title='bbox 1419 1490 1494 1515; x_wconf 84' lang='lat' dir='ltr'><strong>vero,</strong></span> <span class='ocrx_word' id='word_1_477' title='bbox 1515 1483 1625 1516; x_wconf 77' lang='lat' dir='ltr'><strong>scripta,</strong></span> <span class='ocrx_word' id='word_1_478' title='bbox 1644 1483 1688 1508; x_wconf 90' lang='lat' dir='ltr'><strong>in-</strong></span> 
     </span>
    </p>
   </div>
   <div class='ocr_carea' id='block_1_67' title="bbox 897 1529 1690 1563">
    <p class='ocr_par' dir='ltr' id='par_1_67' title="bbox 897 1529 1690 1563">
     <span class='ocr_line' id='line_1_67' title="bbox 897 1529 1690 1563; baseline 0.001 -8"><span class='ocrx_word' id='word_1_479' title='bbox 897 1529 966 1563; x_wconf 81' lang='lat' dir='ltr'><strong>quit,</strong></span> <span class='ocrx_word' id='word_1_480' title='bbox 981 1535 1037 1556; x_wconf 80' lang='lat' dir='ltr'><strong>erat</strong></span> <span class='ocrx_word' id='word_1_481' title='bbox 1052 1530 1080 1555; x_wconf 85' lang='lat' dir='ltr'><strong>in</strong></span> <span class='ocrx_word' id='word_1_482' title='bbox 1096 1537 1125 1555; x_wconf 88' lang='lat' dir='ltr'><strong>eo</strong></span> <span class='ocrx_word' id='word_1_483' title='bbox 1140 1529 1250 1561; x_wconf 79' lang='lat' dir='ltr'><strong>creatio,</strong></span> <span class='ocrx_word' id='word_1_484' title='bbox 1267 1533 1291 1555; x_wconf 83' lang='lat' dir='ltr'><strong>et</strong></span> <span class='ocrx_word' id='word_1_485' title='bbox 1310 1529 1428 1562; x_wconf 81' lang='lat' dir='ltr'><strong>collatio,</strong></span> <span class='ocrx_word' id='word_1_486' title='bbox 1442 1534 1466 1555; x_wconf 76' lang='lat' dir='ltr'><strong>et</strong></span> <span class='ocrx_word' id='word_1_487' title='bbox 1478 1529 1538 1556; x_wconf 82' lang='lat' dir='ltr'><strong>erit.</strong></span> <span class='ocrx_word' id='word_1_488' title='bbox 1561 1529 1601 1556; x_wconf 82' lang='lat' dir='ltr'><strong>Ac</strong></span> <span class='ocrx_word' id='word_1_489' title='bbox 1621 1529 1690 1556; x_wconf 78' lang='lat' dir='ltr'><strong>{arte</strong></span> 
     </span>
    </p>
   </div>
   <div class='ocr_carea' id='block_1_68' title="bbox 898 1573 1690 1609">
    <p class='ocr_par' dir='ltr' id='par_1_68' title="bbox 898 1573 1690 1609">
     <span class='ocr_line' id='line_1_68' title="bbox 898 1573 1690 1609; baseline 0 -8"><span class='ocrx_word' id='word_1_490' title='bbox 898 1582 946 1609; x_wconf 89' lang='lat' dir='ltr'><strong>per</strong></span> <span class='ocrx_word' id='word_1_491' title='bbox 962 1575 1013 1602; x_wconf 91' lang='lat' dir='ltr'><strong>hoc</strong></span> <span class='ocrx_word' id='word_1_492' title='bbox 1026 1574 1102 1608; x_wconf 78' lang='lat' dir='ltr'><strong>juxta</strong></span> <span class='ocrx_word' id='word_1_493' title='bbox 1124 1574 1200 1600; x_wconf 90' lang='lat' dir='ltr'><strong>illum</strong></span> <span class='ocrx_word' id='word_1_494' title='bbox 1224 1573 1394 1607; x_wconf 83' lang='lat' dir='ltr'><strong>signiﬁcatur</strong></span> <span class='ocrx_word' id='word_1_495' title='bbox 1420 1574 1454 1601; x_wconf 85' lang='lat' dir='ltr'><strong>de</strong></span> <span class='ocrx_word' id='word_1_496' title='bbox 1476 1574 1614 1601; x_wconf 80' lang='lat' dir='ltr'><strong>creatione</strong></span> <span class='ocrx_word' id='word_1_497' title='bbox 1629 1582 1690 1601; x_wconf 77' lang='lat' dir='ltr'><strong>esse</strong></span> 
     </span>
    </p>
   </div>
   <div class='ocr_carea' id='block_1_69' title="bbox 900 1619 1690 1654">
    <p class='ocr_par' dir='ltr' id='par_1_69' title="bbox 900 1619 1690 1654">
     <span class='ocr_line' id='line_1_69' title="bbox 900 1619 1690 1654; baseline 0 -7"><span class='ocrx_word' id='word_1_498' title='bbox 900 1620 1043 1654; x_wconf 80' lang='lat' dir='ltr'><strong>scriptum,</strong></span> <span class='ocrx_word' id='word_1_499' title='bbox 1069 1626 1100 1646; x_wconf 90' lang='lat' dir='ltr'><strong>ac</strong></span> <span class='ocrx_word' id='word_1_500' title='bbox 1124 1619 1207 1646; x_wconf 90' lang='lat' dir='ltr'><strong>veluti</strong></span> <span class='ocrx_word' id='word_1_501' title='bbox 1233 1619 1266 1646; x_wconf 89' lang='lat' dir='ltr'><strong>de</strong></span> <span class='ocrx_word' id='word_1_502' title='bbox 1292 1624 1369 1654; x_wconf 88' lang='lat' dir='ltr'><strong>parte</strong></span> <span class='ocrx_word' id='word_1_503' title='bbox 1392 1627 1473 1654; x_wconf 88' lang='lat' dir='ltr'><strong>quam</strong></span> <span class='ocrx_word' id='word_1_504' title='bbox 1501 1620 1690 1654; x_wconf 81' lang='lat' dir='ltr'><strong>unusquisque</strong></span> 
     </span>
    </p>
   </div>
   <div class='ocr_carea' id='block_1_70' title="bbox 900 1665 1688 1700">
    <p class='ocr_par' dir='ltr' id='par_1_70' title="bbox 900 1665 1688 1700">
     <span class='ocr_line' id='line_1_70' title="bbox 900 1665 1688 1700; baseline -0.001 -7"><span class='ocrx_word' id='word_1_505' title='bbox 900 1670 996 1694; x_wconf 90' lang='lat' dir='ltr'><strong>nactus</strong></span> <span class='ocrx_word' id='word_1_506' title='bbox 1012 1671 1094 1693; x_wconf 88' lang='lat' dir='ltr'><strong>esset.</strong></span> <span class='ocrx_word' id='word_1_507' title='bbox 1114 1665 1251 1692; x_wconf 87' lang='lat' dir='ltr'><strong>Bonorum</strong></span> <span class='ocrx_word' id='word_1_508' title='bbox 1269 1665 1377 1692; x_wconf 83' lang='lat' dir='ltr'><strong>tandem</strong></span> <span class='ocrx_word' id='word_1_509' title='bbox 1393 1673 1455 1700; x_wconf 73' lang='lat' dir='ltr'><strong>qua:</strong></span> <span class='ocrx_word' id='word_1_510' title='bbox 1469 1669 1532 1692; x_wconf 87' lang='lat' dir='ltr'><strong>sunt</strong></span> <span class='ocrx_word' id='word_1_511' title='bbox 1546 1670 1688 1697; x_wconf 85' lang='lat' dir='ltr'><strong>eventura,</strong></span> 
     </span>
    </p>
   </div>
   <div class='ocr_carea' id='block_1_71' title="bbox 901 1710 1593 1747">
    <p class='ocr_par' dir='ltr' id='par_1_71' title="bbox 901 1710 1593 1747">
     <span class='ocr_line' id='line_1_71' title="bbox 901 1710 1593 1747; baseline -0.001 -9"><span class='ocrx_word' id='word_1_512' title='bbox 901 1712 1098 1747; x_wconf 80' lang='lat' dir='ltr'><strong>promissiones</strong></span> <span class='ocrx_word' id='word_1_513' title='bbox 1115 1711 1203 1746; x_wconf 83' lang='lat' dir='ltr'><strong>palam</strong></span> <span class='ocrx_word' id='word_1_514' title='bbox 1218 1715 1262 1738; x_wconf 88' lang='lat' dir='ltr'><strong>est</strong></span> <span class='ocrx_word' id='word_1_515' title='bbox 1278 1718 1353 1742; x_wconf 79' lang='lat' dir='ltr'><strong>voce,</strong></span> <span class='ocrx_word' id='word_1_516' title='bbox 1368 1712 1428 1744; x_wconf 81' lang='lat' dir='ltr'><strong>erit,</strong></span> <span class='ocrx_word' id='word_1_517' title='bbox 1444 1710 1593 1746; x_wconf 82' lang='lat' dir='ltr'><strong>designari.</strong></span> 
     </span>
    </p>
   </div>
   <div class='ocr_carea' id='block_1_72' title="bbox 64 1755 1688 1793">
    <p class='ocr_par' dir='ltr' id='par_1_72' title="bbox 64 1755 1688 1793">
     <span class='ocr_line' id='line_1_72' title="bbox 64 1755 1688 1793; baseline 0.002 -12"><span class='ocrx_word' id='word_1_518' title='bbox 64 1755 106 1780; x_wconf 75' lang='grc' dir='ltr'>καὶ</span> <span class='ocrx_word' id='word_1_519' title='bbox 118 1756 195 1783; x_wconf 69' lang='grc' dir='ltr'>οἱονεὶ</span> <span class='ocrx_word' id='word_1_520' title='bbox 210 1757 319 1793; x_wconf 78' lang='grc' dir='ltr'>μερίδος</span> <span class='ocrx_word' id='word_1_521' title='bbox 334 1757 448 1783; x_wconf 77' lang='grc' dir='ltr'>ἑκάστου</span> <span class='ocrx_word' id='word_1_522' title='bbox 462 1757 627 1793; x_wconf 78' lang='grc' dir='ltr'>ἐγέγραπτο.</span> <span class='ocrx_word' id='word_1_523' title='bbox 641 1757 725 1793; x_wconf 85' lang='grc' dir='ltr'>Δῆλον</span> <span class='ocrx_word' id='word_1_524' title='bbox 741 1758 780 1790; x_wconf 79' lang='grc' dir='ltr'>δὲ,</span> <span class='ocrx_word' id='word_1_525' title='bbox 793 1758 834 1784; x_wconf 82' lang='grc' dir='ltr'><strong>ὅτι</strong></span> <span class='ocrx_word' id='word_1_526' title='bbox 845 1757 878 1784; x_wconf 75' lang='grc' dir='ltr'>τὰ</span> <span class='ocrx_word' id='word_1_527' title='bbox 889 1758 916 1784; x_wconf 74' lang='grc' dir='ltr'>ὲν</span> <span class='ocrx_word' id='word_1_528' title='bbox 927 1757 1103 1792; x_wconf 79' lang='grc' dir='ltr'>ὲπαγγελῑαις</span> <span class='ocrx_word' id='word_1_529' title='bbox 1116 1757 1206 1791; x_wconf 81' lang='grc' dir='ltr'>ἀγαθὰ</span> <span class='ocrx_word' id='word_1_530' title='bbox 1217 1757 1234 1784; x_wconf 75' lang='grc' dir='ltr'>ἃ</span> <span class='ocrx_word' id='word_1_531' title='bbox 1245 1757 1291 1784; x_wconf 74' lang='grc' dir='ltr'>καὶ</span> <span class='ocrx_word' id='word_1_532' title='bbox 1301 1757 1457 1793; x_wconf 75' lang='grc' dir='ltr'>ἐκϐήσεται,</span> <span class='ocrx_word' id='word_1_533' title='bbox 1473 1757 1635 1792; x_wconf 85' lang='grc' dir='ltr'>σημαίνεται.</span> <span class='ocrx_word' id='word_1_534' title='bbox 1645 1757 1688 1784; x_wconf 73' lang='grc' dir='ltr'><strong>διὰ</strong></span> 
     </span>
    </p>
   </div>
   <div class='ocr_carea' id='block_1_73' title="bbox 61 1798 205 1829">
    <p class='ocr_par' dir='ltr' id='par_1_73' title="bbox 61 1798 205 1829">
     <span class='ocr_line' id='line_1_73' title="bbox 61 1798 205 1829; baseline 0.028 -4"><span class='ocrx_word' id='word_1_535' title='bbox 61 1798 103 1825; x_wconf 77' lang='grc' dir='ltr'><strong>τοῦ</strong></span> <span class='ocrx_word' id='word_1_536' title='bbox 113 1801 205 1829; x_wconf 74' lang='grc' dir='ltr'>ἔσται.</span> 
     </span>
    </p>
   </div>
   <div class='ocr_carea' id='block_1_74' title="bbox 94 1848 843 1885">
    <p class='ocr_par' dir='ltr' id='par_1_74' title="bbox 94 1848 843 1885">
     <span class='ocr_line' id='line_1_74' title="bbox 94 1848 843 1885; baseline 0.004 -13"><span class='ocrx_word' id='word_1_537' title='bbox 94 1848 131 1873; x_wconf 82' lang='grc' dir='ltr'>οὐ</span> <span class='ocrx_word' id='word_1_538' title='bbox 147 1848 220 1881; x_wconf 49' lang='grc' dir='ltr'>πρὸς</span> <span class='ocrx_word' id='word_1_539' title='bbox 238 1848 290 1875; x_wconf 78' lang='grc' dir='ltr'><strong>τὸν</strong></span> <span class='ocrx_word' id='word_1_540' title='bbox 304 1849 382 1876; x_wconf 78' lang='grc' dir='ltr'><strong>λαὸν</strong></span> <span class='ocrx_word' id='word_1_541' title='bbox 390 1850 589 1885; x_wconf 77' lang='grc' dir='ltr'><strong>βαθύχειλον.</strong></span> <span class='ocrx_word' id='word_1_542' title='bbox 607 1850 638 1876; x_wconf 85' lang='grc' dir='ltr'>Εἰ</span> <span class='ocrx_word' id='word_1_543' title='bbox 655 1849 708 1885; x_wconf 85' lang='grc' dir='ltr'>γὰρ</span> <span class='ocrx_word' id='word_1_544' title='bbox 725 1849 761 1885; x_wconf 84' lang='grc' dir='ltr'>μὴ</span> <span class='ocrx_word' id='word_1_545' title='bbox 775 1848 843 1885; x_wconf 82' lang='grc' dir='ltr'>ἦσαν</span> 
     </span>
    </p>
   </div>
   <div class='ocr_carea' id='block_1_75' title="bbox 62 1891 844 1932">
    <p class='ocr_par' dir='ltr' id='par_1_75' title="bbox 62 1891 844 1932">
     <span class='ocr_line' id='line_1_75' title="bbox 62 1891 844 1932; baseline 0.008 -15"><span class='ocrx_word' id='word_1_546' title='bbox 62 1891 88 1923; x_wconf 69' lang='grc' dir='ltr'><strong>³ξ</strong></span> <span class='ocrx_word' id='word_1_547' title='bbox 101 1893 225 1929; x_wconf 69' lang='grc' dir='ltr'>ἐπιπολῆς</span> <span class='ocrx_word' id='word_1_548' title='bbox 242 1894 346 1929; x_wconf 79' lang='grc' dir='ltr'>ἔχοντες</span> <span class='ocrx_word' id='word_1_549' title='bbox 370 1897 432 1927; x_wconf 74' lang='grc' dir='ltr'>τοὺς</span> <span class='ocrx_word' id='word_1_550' title='bbox 448 1896 543 1930; x_wconf 85' lang='grc' dir='ltr'>λόγους</span> <span class='ocrx_word' id='word_1_551' title='bbox 565 1896 665 1929; x_wconf 78' lang='grc' dir='ltr'>αὐτῶν,</span> <span class='ocrx_word' id='word_1_552' title='bbox 678 1896 735 1922; x_wconf 82' lang='grc' dir='ltr'>ἀλλ’</span> <span class='ocrx_word' id='word_1_553' title='bbox 749 1897 765 1931; x_wconf 85' lang='grc' dir='ltr'><strong>ή</strong></span> <span class='ocrx_word' id='word_1_554' title='bbox 777 1905 844 1932; x_wconf 86' lang='grc' dir='ltr'>καρ-</span> 
     </span>
    </p>
   </div>
   <div class='ocr_carea' id='block_1_76' title="bbox 77 1937 844 1978">
    <p class='ocr_par' dir='ltr' id='par_1_76' title="bbox 77 1937 844 1978">
     <span class='ocr_line' id='line_1_76' title="bbox 77 1937 844 1978; baseline 0.005 -14"><span class='ocrx_word' id='word_1_555' title='bbox 77 1937 98 1963; x_wconf 86' lang='grc' dir='ltr'><strong>ἀ</strong></span> <span class='ocrx_word' id='word_1_556' title='bbox 114 1939 200 1966; x_wconf 71' lang='grc' dir='ltr'>αὐτῶν</span> <span class='ocrx_word' id='word_1_557' title='bbox 218 1940 263 1966; x_wconf 75' lang='grc' dir='ltr'>διὰ</span> <span class='ocrx_word' id='word_1_558' title='bbox 287 1941 317 1967; x_wconf 79' lang='grc' dir='ltr'><strong>τὸ</strong></span> <span class='ocrx_word' id='word_1_559' title='bbox 333 1941 413 1976; x_wconf 79' lang='grc' dir='ltr'>βάθος</span> <span class='ocrx_word' id='word_1_560' title='bbox 423 1942 477 1968; x_wconf 87' lang='grc' dir='ltr'><strong>τῶν</strong></span> <span class='ocrx_word' id='word_1_561' title='bbox 494 1943 638 1977; x_wconf 82' lang='grc' dir='ltr'>νοημάτων</span> <span class='ocrx_word' id='word_1_562' title='bbox 651 1942 736 1978; x_wconf 83' lang='grc' dir='ltr'>στόμα</span> <span class='ocrx_word' id='word_1_563' title='bbox 747 1940 781 1977; x_wconf 73' lang='grc' dir='ltr'>ἣν</span> <span class='ocrx_word' id='word_1_564' title='bbox 795 1942 844 1968; x_wconf 88' lang='grc' dir='ltr'><strong>αὺ-</strong></span> 
     </span>
    </p>
   </div>
   <div class='ocr_carea' id='block_1_77' title="bbox 64 1983 842 2024">
    <p class='ocr_par' dir='ltr' id='par_1_77' title="bbox 64 1983 842 2024">
     <span class='ocr_line' id='line_1_77' title="bbox 64 1983 842 2024; baseline 0.008 -16"><span class='ocrx_word' id='word_1_565' title='bbox 64 1983 118 2015; x_wconf 75' lang='grc' dir='ltr'>ῐῶν,</span> <span class='ocrx_word' id='word_1_566' title='bbox 134 1985 178 2011; x_wconf 76' lang='grc' dir='ltr'>καὶ</span> <span class='ocrx_word' id='word_1_567' title='bbox 198 1987 249 2012; x_wconf 81' lang='grc' dir='ltr'><strong>οὐκ</strong></span> <span class='ocrx_word' id='word_1_568' title='bbox 263 1986 295 2012; x_wconf 83' lang='grc' dir='ltr'>ἃν</span> <span class='ocrx_word' id='word_1_569' title='bbox 311 1988 342 2013; x_wconf 70' lang='grc' dir='ltr'><strong>σὺ</strong></span> <span class='ocrx_word' id='word_1_570' title='bbox 363 1987 543 2022; x_wconf 53' lang='lat' dir='ltr'><strong>sicel-timeat;</strong></span> <span class='ocrx_word' id='word_1_571' title='bbox 562 1988 630 2024; x_wconf 82' lang='grc' dir='ltr'>πρὸς</span> <span class='ocrx_word' id='word_1_572' title='bbox 643 1987 689 2014; x_wconf 80' lang='grc' dir='ltr'><strong>τὸν</strong></span> <span class='ocrx_word' id='word_1_573' title='bbox 707 1986 780 2014; x_wconf 79' lang='grc' dir='ltr'>οἷκον</span> <span class='ocrx_word' id='word_1_574' title='bbox 795 1987 842 2014; x_wconf 83' lang='grc' dir='ltr'>τοῦ</span> 
     </span>
    </p>
   </div>
   <div class='ocr_carea' id='block_1_78' title="bbox 66 2028 843 2070">
    <p class='ocr_par' dir='ltr' id='par_1_78' title="bbox 66 2028 843 2070">
     <span class='ocr_line' id='line_1_78' title="bbox 66 2028 843 2070; baseline 0.008 -15"><span class='ocrx_word' id='word_1_575' title='bbox 66 2028 174 2066; x_wconf 76' lang='grc' dir='ltr'>Ἰσραήλ.</span> <span class='ocrx_word' id='word_1_576' title='bbox 208 2032 279 2058; x_wconf 74' lang='grc' dir='ltr'>Ἀλλ’</span> <span class='ocrx_word' id='word_1_577' title='bbox 304 2033 364 2059; x_wconf 71' lang='grc' dir='ltr'>οὐδὲ</span> <span class='ocrx_word' id='word_1_578' title='bbox 389 2034 575 2069; x_wconf 82' lang='grc' dir='ltr'>βαρύγλωσσοί</span> <span class='ocrx_word' id='word_1_579' title='bbox 597 2036 668 2061; x_wconf 76' lang='grc' dir='ltr'>εἰσι·</span> <span class='ocrx_word' id='word_1_580' title='bbox 691 2033 773 2070; x_wconf 85' lang='grc' dir='ltr'>βάρος</span> <span class='ocrx_word' id='word_1_581' title='bbox 789 2035 843 2069; x_wconf 87' lang='grc' dir='ltr'>γὰρ</span> 
     </span>
    </p>
   </div>
   <div class='ocr_carea' id='block_1_79' title="bbox 61 2076 842 2115">
    <p class='ocr_par' dir='ltr' id='par_1_79' title="bbox 61 2076 842 2115">
     <span class='ocr_line' id='line_1_79' title="bbox 61 2076 842 2115; baseline 0.006 -14"><span class='ocrx_word' id='word_1_582' title='bbox 61 2076 102 2101; x_wconf 73' lang='grc' dir='ltr'><strong>καὶ</strong></span> <span class='ocrx_word' id='word_1_583' title='bbox 118 2079 220 2113; x_wconf 65' lang='grc' dir='ltr'>κομψόν</span> <span class='ocrx_word' id='word_1_584' title='bbox 236 2088 261 2106; x_wconf 87' lang='grc' dir='ltr'><strong>τι</strong></span> <span class='ocrx_word' id='word_1_585' title='bbox 277 2080 327 2106; x_wconf 82' lang='grc' dir='ltr'>οὐκ</span> <span class='ocrx_word' id='word_1_586' title='bbox 343 2080 396 2114; x_wconf 80' lang='grc' dir='ltr'>ἔχει</span> <span class='ocrx_word' id='word_1_587' title='bbox 411 2080 529 2115; x_wconf 80' lang='grc' dir='ltr'>στιὸοςὴ</span> <span class='ocrx_word' id='word_1_588' title='bbox 544 2079 654 2113; x_wconf 86' lang='grc' dir='ltr'>γλῶσσα</span> <span class='ocrx_word' id='word_1_589' title='bbox 670 2079 769 2112; x_wconf 79' lang='grc' dir='ltr'>αὐτῶν,</span> <span class='ocrx_word' id='word_1_590' title='bbox 782 2081 842 2115; x_wconf 70' lang='grc' dir='ltr'>ἤτοι</span> 
     </span>
    </p>
   </div>
   <div class='ocr_carea' id='block_1_80' title="bbox 61 2122 842 2160">
    <p class='ocr_par' dir='ltr' id='par_1_80' title="bbox 61 2122 842 2160">
     <span class='ocr_line' id='line_1_80' title="bbox 61 2122 842 2160; baseline 0.005 -12"><span class='ocrx_word' id='word_1_591' title='bbox 61 2122 171 2157; x_wconf 73' lang='grc' dir='ltr'>ὸλάγος·</span> <span class='ocrx_word' id='word_1_592' title='bbox 197 2125 252 2151; x_wconf 72' lang='grc' dir='ltr'>εἰσὶ</span> <span class='ocrx_word' id='word_1_593' title='bbox 267 2125 296 2151; x_wconf 80' lang='grc' dir='ltr'><strong>δὲ</strong></span> <span class='ocrx_word' id='word_1_594' title='bbox 319 2126 539 2160; x_wconf 72' lang='grc' dir='ltr'>κουφόγλωσσοι’</span> <span class='ocrx_word' id='word_1_595' title='bbox 561 2126 621 2152; x_wconf 81' lang='grc' dir='ltr'>ὅθεν</span> <span class='ocrx_word' id='word_1_596' title='bbox 646 2125 791 2160; x_wconf 80' lang='grc' dir='ltr'>ἀναγκαῖόν</span> <span class='ocrx_word' id='word_1_597' title='bbox 812 2134 842 2152; x_wconf 76' lang='grc' dir='ltr'><strong>σε</strong></span> 
     </span>
    </p>
   </div>
   <div class='ocr_carea' id='block_1_81' title="bbox 63 2165 843 2207">
    <p class='ocr_par' dir='ltr' id='par_1_81' title="bbox 63 2165 843 2207">
     <span class='ocr_line' id='line_1_81' title="bbox 63 2165 843 2207; baseline 0.004 -13"><span class='ocrx_word' id='word_1_598' title='bbox 63 2165 157 2200; x_wconf 72' lang='grc' dir='ltr'>βαδίσαι</span> <span class='ocrx_word' id='word_1_599' title='bbox 172 2170 242 2206; x_wconf 69' lang='grc' dir='ltr'>πρὸς</span> <span class='ocrx_word' id='word_1_600' title='bbox 259 2171 357 2202; x_wconf 82' lang='grc' dir='ltr'>αὐτοὺς</span> <span class='ocrx_word' id='word_1_601' title='bbox 377 2171 505 2198; x_wconf 83' lang='grc' dir='ltr'>ὑποκάτω</span> <span class='ocrx_word' id='word_1_602' title='bbox 526 2171 668 2206; x_wconf 84' lang='grc' dir='ltr'>βαίνοντας</span> <span class='ocrx_word' id='word_1_603' title='bbox 691 2172 740 2207; x_wconf 87' lang='grc' dir='ltr'><strong>τῆς</strong></span> <span class='ocrx_word' id='word_1_604' title='bbox 759 2170 843 2204; x_wconf 72' lang='grc' dir='ltr'>ἐξεώς</span> 
     </span>
    </p>
   </div>
   <div class='ocr_carea' id='block_1_82' title="bbox 63 2214 842 2251">
    <p class='ocr_par' dir='ltr' id='par_1_82' title="bbox 63 2214 842 2251">
     <span class='ocr_line' id='line_1_82' title="bbox 63 2214 842 2251; baseline 0.004 -13"><span class='ocrx_word' id='word_1_605' title='bbox 63 2220 113 2239; x_wconf 73' lang='grc' dir='ltr'>σου.</span> <span class='ocrx_word' id='word_1_606' title='bbox 137 2214 178 2240; x_wconf 86' lang='grc' dir='ltr'>Ἐν</span> <span class='ocrx_word' id='word_1_607' title='bbox 195 2214 299 2250; x_wconf 77' lang='grc' dir='ltr'>ἐπαίνῳ</span> <span class='ocrx_word' id='word_1_608' title='bbox 318 2215 364 2241; x_wconf 78' lang='grc' dir='ltr'><strong>οὖν</strong></span> <span class='ocrx_word' id='word_1_609' title='bbox 387 2215 495 2251; x_wconf 75' lang='grc' dir='ltr'>εἴρηται</span> <span class='ocrx_word' id='word_1_610' title='bbox 521 2217 537 2242; x_wconf 85' lang='grc' dir='ltr'><em>ὁ</em></span> <span class='ocrx_word' id='word_1_611' title='bbox 558 2216 740 2250; x_wconf 74' lang='grc' dir='ltr'>βαθύχειλος</span> <span class='ocrx_word' id='word_1_612' title='bbox 754 2215 803 2241; x_wconf 77' lang='grc' dir='ltr'>καὶ</span> <span class='ocrx_word' id='word_1_613' title='bbox 825 2216 842 2241; x_wconf 84' lang='grc' dir='ltr'><strong>ό</strong></span> 
     </span>
    </p>
   </div>
   <div class='ocr_carea' id='block_1_83' title="bbox 61 2256 842 2296">
    <p class='ocr_par' dir='ltr' id='par_1_83' title="bbox 61 2256 842 2296">
     <span class='ocr_line' id='line_1_83' title="bbox 61 2256 842 2296; baseline -0.003 -9"><span class='ocrx_word' id='word_1_614' title='bbox 61 2256 280 2292; x_wconf 68' lang='grc' dir='ltr'>βαρύγλωσσος.</span> <span class='ocrx_word' id='word_1_615' title='bbox 303 2260 418 2296; x_wconf 78' lang='grc' dir='ltr'>Εἴρηται</span> <span class='ocrx_word' id='word_1_616' title='bbox 438 2261 466 2287; x_wconf 81' lang='grc' dir='ltr'><strong>δὲ</strong></span> <span class='ocrx_word' id='word_1_617' title='bbox 486 2260 582 2287; x_wconf 81' lang='grc' dir='ltr'>ταῦτα.</span> <span class='ocrx_word' id='word_1_618' title='bbox 600 2261 654 2287; x_wconf 80' lang='grc' dir='ltr'>Καὶ</span> <span class='ocrx_word' id='word_1_619' title='bbox 670 2260 720 2296; x_wconf 85' lang='grc' dir='ltr'>ὅρα</span> <span class='ocrx_word' id='word_1_620' title='bbox 737 2261 761 2286; x_wconf 79' lang='grc' dir='ltr'>εἰ</span> <span class='ocrx_word' id='word_1_621' title='bbox 778 2259 842 2296; x_wconf 79' lang='grc' dir='ltr'>περὶ</span> 
     </span>
    </p>
   </div>
   <div class='ocr_carea' id='block_1_84' title="bbox 63 2301 879 2345">
    <p class='ocr_par' dir='ltr' id='par_1_84' title="bbox 63 2301 879 2345">
     <span class='ocr_line' id='line_1_84' title="bbox 63 2301 879 2345; baseline 0.006 -19"><span class='ocrx_word' id='word_1_622' title='bbox 63 2301 111 2327; x_wconf 81' lang='grc' dir='ltr'>τῶν</span> <span class='ocrx_word' id='word_1_623' title='bbox 124 2303 174 2330; x_wconf 81' lang='grc' dir='ltr'><strong>ἀπὸ</strong></span> <span class='ocrx_word' id='word_1_624' title='bbox 183 2305 239 2330; x_wconf 88' lang='grc' dir='ltr'><strong>τῶν</strong></span> <span class='ocrx_word' id='word_1_625' title='bbox 251 2305 344 2337; x_wconf 79' lang='grc' dir='ltr'>ἐθνῶν,</span> <span class='ocrx_word' id='word_1_626' title='bbox 360 2305 384 2331; x_wconf 79' lang='grc' dir='ltr'>οἳ</span> <span class='ocrx_word' id='word_1_627' title='bbox 401 2305 489 2341; x_wconf 76' lang='grc' dir='ltr'>ἕτεροί</span> <span class='ocrx_word' id='word_1_628' title='bbox 504 2307 556 2331; x_wconf 77' lang='grc' dir='ltr'>εἰσι</span> <span class='ocrx_word' id='word_1_629' title='bbox 569 2305 615 2331; x_wconf 79' lang='grc' dir='ltr'>τοῦ</span> <span class='ocrx_word' id='word_1_630' title='bbox 628 2304 701 2331; x_wconf 70' lang='grc' dir='ltr'>οἴκου</span> <span class='ocrx_word' id='word_1_631' title='bbox 723 2304 840 2340; x_wconf 80' lang='grc' dir='ltr'>Ἰσραὴλ,</span> <span class='ocrx_word' id='word_1_632' title='bbox 858 2319 879 2345; x_wconf 82' lang='lat' dir='ltr'>D</span> 
     </span>
    </p>
   </div>
   <div class='ocr_carea' id='block_1_85' title="bbox 63 2347 843 2386">
    <p class='ocr_par' dir='ltr' id='par_1_85' title="bbox 63 2347 843 2386">
     <span class='ocr_line' id='line_1_85' title="bbox 63 2347 843 2386; baseline 0.006 -14"><span class='ocrx_word' id='word_1_633' title='bbox 63 2347 139 2375; x_wconf 82' lang='grc' dir='ltr'>ταῦτα</span> <span class='ocrx_word' id='word_1_634' title='bbox 159 2351 370 2385; x_wconf 74' lang='grc' dir='ltr'>προφητεύεται,</span> <span class='ocrx_word' id='word_1_635' title='bbox 392 2348 429 2378; x_wconf 86' lang='grc' dir='ltr'>ὧν</span> <span class='ocrx_word' id='word_1_636' title='bbox 441 2352 491 2377; x_wconf 87' lang='grc' dir='ltr'><strong>οὐκ</strong></span> <span class='ocrx_word' id='word_1_637' title='bbox 506 2351 538 2378; x_wconf 85' lang='grc' dir='ltr'><strong>ἂν</strong></span> <span class='ocrx_word' id='word_1_638' title='bbox 554 2351 653 2386; x_wconf 78' lang='grc' dir='ltr'>ἤκουσε</span> <span class='ocrx_word' id='word_1_639' title='bbox 670 2351 714 2377; x_wconf 87' lang='grc' dir='ltr'><strong>διὰ</strong></span> <span class='ocrx_word' id='word_1_640' title='bbox 732 2351 762 2377; x_wconf 83' lang='grc' dir='ltr'>τὸ</span> <span class='ocrx_word' id='word_1_641' title='bbox 785 2351 843 2377; x_wconf 77' lang='grc' dir='ltr'>ἑτε-</span> 
     </span>
    </p>
   </div>
   <div class='ocr_carea' id='block_1_86' title="bbox 66 2393 842 2432">
    <p class='ocr_par' dir='ltr' id='par_1_86' title="bbox 66 2393 842 2432">
     <span class='ocr_line' id='line_1_86' title="bbox 66 2393 842 2432; baseline 0.003 -11"><span class='ocrx_word' id='word_1_642' title='bbox 66 2393 205 2427; x_wconf 75' lang='grc' dir='ltr'>ρόγλωσσον</span> <span class='ocrx_word' id='word_1_643' title='bbox 227 2396 320 2423; x_wconf 81' lang='grc' dir='ltr'>αὐτῶν</span> <span class='ocrx_word' id='word_1_644' title='bbox 336 2397 351 2422; x_wconf 78' lang='grc' dir='ltr'>ὀ</span> <span class='ocrx_word' id='word_1_645' title='bbox 377 2397 501 2432; x_wconf 78' lang='grc' dir='ltr'>Ἑϐραῖος</span> <span class='ocrx_word' id='word_1_646' title='bbox 522 2398 674 2432; x_wconf 71' lang='grc' dir='ltr'>προφήτης.</span> <span class='ocrx_word' id='word_1_647' title='bbox 698 2396 793 2428; x_wconf 85' lang='grc' dir='ltr'>Βαθεῖς</span> <span class='ocrx_word' id='word_1_648' title='bbox 813 2397 842 2423; x_wconf 86' lang='grc' dir='ltr'>δὲ</span> 
     </span>
    </p>
   </div>
   <div class='ocr_carea' id='block_1_87' title="bbox 65 2439 842 2477">
    <p class='ocr_par' dir='ltr' id='par_1_87' title="bbox 65 2439 842 2477">
     <span class='ocr_line' id='line_1_87' title="bbox 65 2439 842 2477; baseline 0.004 -13"><span class='ocrx_word' id='word_1_649' title='bbox 65 2439 169 2472; x_wconf 59' lang='grc' dir='ltr'>χείλεσιν</span> <span class='ocrx_word' id='word_1_650' title='bbox 192 2443 215 2468; x_wconf 87' lang='grc' dir='ltr'>οἱ</span> <span class='ocrx_word' id='word_1_651' title='bbox 239 2443 316 2468; x_wconf 82' lang='grc' dir='ltr'>αὐτοὶ</span> <span class='ocrx_word' id='word_1_652' title='bbox 340 2442 467 2469; x_wconf 84' lang='grc' dir='ltr'>δύνανται</span> <span class='ocrx_word' id='word_1_653' title='bbox 491 2442 617 2476; x_wconf 85' lang='grc' dir='ltr'>λέγεσθαι</span> <span class='ocrx_word' id='word_1_654' title='bbox 640 2441 684 2468; x_wconf 80' lang='grc' dir='ltr'><strong>διὰ</strong></span> <span class='ocrx_word' id='word_1_655' title='bbox 700 2442 731 2468; x_wconf 87' lang='grc' dir='ltr'>τὺ</span> <span class='ocrx_word' id='word_1_656' title='bbox 752 2441 789 2477; x_wconf 83' lang='grc' dir='ltr'><strong>μὴ</strong></span> <span class='ocrx_word' id='word_1_657' title='bbox 812 2442 842 2474; x_wconf 79' lang='grc' dir='ltr'><strong>ἐξ</strong></span> 
     </span>
    </p>
   </div>
   <div class='ocr_carea' id='block_1_88' title="bbox 64 2485 842 2522">
    <p class='ocr_par' dir='ltr' id='par_1_88' title="bbox 64 2485 842 2522">
     <span class='ocr_line' id='line_1_88' title="bbox 64 2485 842 2522; baseline 0.004 -13"><span class='ocrx_word' id='word_1_658' title='bbox 64 2485 185 2520; x_wconf 73' lang='grc' dir='ltr'>ἐπιπολῆς</span> <span class='ocrx_word' id='word_1_659' title='bbox 201 2487 234 2513; x_wconf 80' lang='grc' dir='ltr'>τὰ</span> <span class='ocrx_word' id='word_1_660' title='bbox 260 2486 319 2513; x_wconf 85' lang='grc' dir='ltr'>θεῖα</span> <span class='ocrx_word' id='word_1_661' title='bbox 342 2487 561 2522; x_wconf 77' lang='grc' dir='ltr'>καταλαμϐάνειν</span> <span class='ocrx_word' id='word_1_662' title='bbox 585 2487 737 2522; x_wconf 84' lang='grc' dir='ltr'>γράμματα</span> <span class='ocrx_word' id='word_1_663' title='bbox 749 2508 756 2519; x_wconf 88' lang='grc'><strong>,</strong></span> <span class='ocrx_word' id='word_1_664' title='bbox 775 2486 842 2513; x_wconf 85' lang='grc' dir='ltr'>ἀλλὰ</span> 
     </span>
    </p>
   </div>
   <div class='ocr_carea' id='block_1_89' title="bbox 61 2530 542 2568">
    <p class='ocr_par' dir='ltr' id='par_1_89' title="bbox 61 2530 542 2568">
     <span class='ocr_line' id='line_1_89' title="bbox 61 2530 542 2568; baseline 0.012 -15"><span class='ocrx_word' id='word_1_665' title='bbox 61 2530 192 2557; x_wconf 62' lang='grc' dir='ltr'>πιστεύειν</span> <span class='ocrx_word' id='word_1_666' title='bbox 208 2533 249 2563; x_wconf 86' lang='grc' dir='ltr'><strong>εἰς</strong></span> <span class='ocrx_word' id='word_1_667' title='bbox 260 2531 294 2558; x_wconf 79' lang='grc' dir='ltr'>τὰ</span> <span class='ocrx_word' id='word_1_668' title='bbox 308 2531 376 2567; x_wconf 76' lang='grc' dir='ltr'>βάθη</span> <span class='ocrx_word' id='word_1_669' title='bbox 392 2532 438 2558; x_wconf 87' lang='grc' dir='ltr'>τοῦ</span> <span class='ocrx_word' id='word_1_670' title='bbox 450 2532 542 2568; x_wconf 84' lang='grc' dir='ltr'>νόμου.</span> 
     </span>
    </p>
   </div>
   <div class='ocr_carea' id='block_1_90' title="bbox 94 2576 843 2613">
    <p class='ocr_par' dir='ltr' id='par_1_90' title="bbox 94 2576 843 2613">
     <span class='ocr_line' id='line_1_90' title="bbox 94 2576 843 2613; baseline 0.005 -12"><span class='ocrx_word' id='word_1_671' title='bbox 94 2576 142 2602; x_wconf 77' lang='grc' dir='ltr'><strong>Καὶ</strong></span> <span class='ocrx_word' id='word_1_672' title='bbox 154 2577 216 2610; x_wconf 86' lang='grc' dir='ltr'>τοῖς</span> <span class='ocrx_word' id='word_1_673' title='bbox 229 2577 286 2604; x_wconf 88' lang='grc' dir='ltr'>ὠσί</span> <span class='ocrx_word' id='word_1_674' title='bbox 298 2586 355 2604; x_wconf 81' lang='grc' dir='ltr'>σου</span> <span class='ocrx_word' id='word_1_675' title='bbox 375 2578 475 2605; x_wconf 76' lang='grc' dir='ltr'>ἄκουε.</span> <span class='ocrx_word' id='word_1_676' title='bbox 494 2579 559 2605; x_wconf 81' lang='grc' dir='ltr'>Ὅτε</span> <span class='ocrx_word' id='word_1_677' title='bbox 573 2578 627 2613; x_wconf 86' lang='grc' dir='ltr'>γὰρ</span> <span class='ocrx_word' id='word_1_678' title='bbox 642 2579 718 2613; x_wconf 73' lang='grc' dir='ltr'>ἅγιος</span> <span class='ocrx_word' id='word_1_679' title='bbox 736 2578 843 2605; x_wconf 82' lang='grc' dir='ltr'>ἐπιϐου-</span> 
     </span>
    </p>
   </div>
   <div class='ocr_carea' id='block_1_91' title="bbox 64 2617 841 2660">
    <p class='ocr_par' dir='ltr' id='par_1_91' title="bbox 64 2617 841 2660">
     <span class='ocr_line' id='line_1_91' title="bbox 64 2617 841 2660; baseline 0.005 -13"><span class='ocrx_word' id='word_1_680' title='bbox 64 2617 160 2648; x_wconf 72' lang='grc' dir='ltr'>ὶεύεται</span> <span class='ocrx_word' id='word_1_681' title='bbox 174 2623 226 2649; x_wconf 78' lang='grc' dir='ltr'><strong>ὑπὸ</strong></span> <span class='ocrx_word' id='word_1_682' title='bbox 239 2623 294 2649; x_wconf 84' lang='grc' dir='ltr'><strong>τῶν</strong></span> <span class='ocrx_word' id='word_1_683' title='bbox 306 2625 501 2659; x_wconf 76' lang='grc' dir='ltr'>ἀντικειμένων</span> <span class='ocrx_word' id='word_1_684' title='bbox 513 2624 657 2659; x_wconf 75' lang='grc' dir='ltr'>ἐνεργειῶν</span> <span class='ocrx_word' id='word_1_685' title='bbox 668 2624 841 2660; x_wconf 80' lang='grc' dir='ltr'>διωκόμενος,</span> 
     </span>
    </p>
   </div>
   <div class='ocr_carea' id='block_1_92' title="bbox 64 2666 843 2705">
    <p class='ocr_par' dir='ltr' id='par_1_92' title="bbox 64 2666 843 2705">
     <span class='ocr_line' id='line_1_92' title="bbox 64 2666 843 2705; baseline 0.004 -12"><span class='ocrx_word' id='word_1_686' title='bbox 64 2666 149 2701; x_wconf 68' lang='grc' dir='ltr'>χρῄζει</span> <span class='ocrx_word' id='word_1_687' title='bbox 165 2669 211 2695; x_wconf 80' lang='grc' dir='ltr'><strong>τοῦ</strong></span> <span class='ocrx_word' id='word_1_688' title='bbox 227 2669 329 2705; x_wconf 85' lang='grc' dir='ltr'>Κυρίου</span> <span class='ocrx_word' id='word_1_689' title='bbox 346 2670 537 2701; x_wconf 87' lang='grc' dir='ltr'>διακόπτοντος</span> <span class='ocrx_word' id='word_1_690' title='bbox 552 2671 613 2702; x_wconf 85' lang='grc' dir='ltr'>τοὺς</span> <span class='ocrx_word' id='word_1_691' title='bbox 629 2670 776 2702; x_wconf 80' lang='grc' dir='ltr'>διώκοντας</span> <span class='ocrx_word' id='word_1_692' title='bbox 790 2670 843 2697; x_wconf 77' lang='grc' dir='ltr'><strong>ἀπὸ</strong></span> 
     </span>
    </p>
   </div>
   <div class='ocr_carea' id='block_1_93' title="bbox 64 2710 844 2750">
    <p class='ocr_par' dir='ltr' id='par_1_93' title="bbox 64 2710 844 2750">
     <span class='ocr_line' id='line_1_93' title="bbox 64 2710 844 2750; baseline 0.008 -14"><span class='ocrx_word' id='word_1_693' title='bbox 64 2710 106 2736; x_wconf 72' lang='grc' dir='ltr'><strong>τῶν</strong></span> <span class='ocrx_word' id='word_1_694' title='bbox 120 2712 300 2750; x_wconf 77' lang='grc' dir='ltr'>διωκομένων,</span> <span class='ocrx_word' id='word_1_695' title='bbox 313 2716 360 2742; x_wconf 76' lang='grc' dir='ltr'><strong>καὶ</strong></span> <span class='ocrx_word' id='word_1_696' title='bbox 372 2717 452 2742; x_wconf 73' lang='grc' dir='ltr'>οἱονεὶ</span> <span class='ocrx_word' id='word_1_697' title='bbox 468 2715 758 2749; x_wconf 76' lang='grc' dir='ltr'>ὀπισθοφυλακοῦντας.</span> <span class='ocrx_word' id='word_1_698' title='bbox 777 2715 844 2742; x_wconf 88' lang='grc' dir='ltr'><strong>Τού-</strong></span> 
     </span>
    </p>
   </div>
   <div class='ocr_carea' id='block_1_94' title="bbox 63 2757 840 2795">
    <p class='ocr_par' dir='ltr' id='par_1_94' title="bbox 63 2757 840 2795">
     <span class='ocr_line' id='line_1_94' title="bbox 63 2757 840 2795; baseline 0.008 -15"><span class='ocrx_word' id='word_1_699' title='bbox 63 2762 100 2781; x_wconf 62' lang='grc' dir='ltr'><strong>του</strong></span> <span class='ocrx_word' id='word_1_700' title='bbox 112 2757 138 2784; x_wconf 71' lang='grc' dir='ltr'><strong>δὲ</strong></span> <span class='ocrx_word' id='word_1_701' title='bbox 155 2758 185 2784; x_wconf 77' lang='grc' dir='ltr'>σύ</span> <span class='ocrx_word' id='word_1_702' title='bbox 191 2759 287 2792; x_wconf 77' lang='grc' dir='ltr'>μϐολον</span> <span class='ocrx_word' id='word_1_703' title='bbox 303 2761 349 2786; x_wconf 77' lang='grc' dir='ltr'><strong>καὶ</strong></span> <span class='ocrx_word' id='word_1_704' title='bbox 361 2761 394 2786; x_wconf 69' lang='grc' dir='ltr'>τὰ</span> <span class='ocrx_word' id='word_1_705' title='bbox 410 2762 438 2786; x_wconf 79' lang='grc' dir='ltr'>ὲν</span> <span class='ocrx_word' id='word_1_706' title='bbox 451 2762 484 2795; x_wconf 85' lang='grc' dir='ltr'>τῇ</span> <span class='ocrx_word' id='word_1_707' title='bbox 507 2760 617 2793; x_wconf 78' lang='grc' dir='ltr'><strong>Ἐξόδῳ</strong></span> <span class='ocrx_word' id='word_1_708' title='bbox 628 2760 713 2791; x_wconf 74' lang='grc' dir='ltr'>οὕτως</span> <span class='ocrx_word' id='word_1_709' title='bbox 726 2761 822 2795; x_wconf 73' lang='grc' dir='ltr'>ἔχοντα</span> <span class='ocrx_word' id='word_1_710' title='bbox 834 2769 840 2775; x_wconf 90' lang='grc'><strong>·</strong></span> 
     </span>
    </p>
   </div>
   <div class='ocr_carea' id='block_1_95' title="bbox 68 2799 842 2841">
    <p class='ocr_par' dir='ltr' id='par_1_95' title="bbox 68 2799 842 2841">
     <span class='ocr_line' id='line_1_95' title="bbox 68 2799 842 2841; baseline 0.003 -11"><span class='ocrx_word' id='word_1_711' title='bbox 68 2799 164 2837; x_wconf 64' lang='grc' dir='ltr'><strong>ἐί,’ᾑρε</strong></span> <span class='ocrx_word' id='word_1_712' title='bbox 178 2804 211 2831; x_wconf 78' lang='grc' dir='ltr'><strong>δὲ</strong></span> <span class='ocrx_word' id='word_1_713' title='bbox 226 2807 242 2831; x_wconf 82' lang='grc' dir='ltr'><em>ὁ</em></span> <span class='ocrx_word' id='word_1_714' title='bbox 255 2805 380 2840; x_wconf 73' lang='grc' dir='ltr'>ἅγγελος</span> <span class='ocrx_word' id='word_1_715' title='bbox 396 2807 412 2833; x_wconf 83' lang='grc' dir='ltr'><em>ὀ</em></span> <span class='ocrx_word' id='word_1_716' title='bbox 422 2807 679 2840; x_wconf 76' lang='grc' dir='ltr'>προπορευόμενος</span> <span class='ocrx_word' id='word_1_717' title='bbox 694 2806 749 2839; x_wconf 85' lang='grc' dir='ltr'>τῆς</span> <span class='ocrx_word' id='word_1_718' title='bbox 768 2814 842 2841; x_wconf 79' lang='grc' dir='ltr'>παρ-</span> 
     </span>
    </p>
   </div>
   <div class='ocr_carea' id='block_1_96' title="bbox 92 2846 528 2884">
    <p class='ocr_par' dir='ltr' id='par_1_96' title="bbox 92 2846 528 2884">
     <span class='ocr_line' id='line_1_96' title="bbox 92 2846 528 2884; baseline 0.007 -10"><span class='ocrx_word' id='word_1_719' title='bbox 92 2846 101 2860; x_wconf 86' lang='grc'><em>’</em></span> <span class='ocrx_word' id='word_1_720' title='bbox 117 2847 213 2877; x_wconf 73' lang='grc' dir='ltr'><strong>Ειυειι.</strong></span> <span class='ocrx_word' id='word_1_721' title='bbox 231 2857 261 2883; x_wconf 88' lang='grc' dir='ltr'><strong>ιι,</strong></span> <span class='ocrx_word' id='word_1_722' title='bbox 276 2851 302 2877; x_wconf 80' lang='grc'><strong>5.</strong></span> <span class='ocrx_word' id='word_1_723' title='bbox 342 2850 430 2878; x_wconf 79' lang='lat' dir='ltr'><strong>‘ibid.</strong></span> <span class='ocrx_word' id='word_1_724' title='bbox 446 2859 486 2884; x_wconf 88' lang='lat' dir='ltr'><strong>III,</strong></span> <span class='ocrx_word' id='word_1_725' title='bbox 502 2851 528 2878; x_wconf 77' lang='lat'><strong>5.</strong></span> 
     </span>
    </p>
   </div>
   <div class='ocr_carea' id='block_1_97' title="bbox 934 1848 1686 1884">
    <p class='ocr_par' dir='ltr' id='par_1_97' title="bbox 934 1848 1686 1884">
     <span class='ocr_line' id='line_1_97' title="bbox 934 1848 1686 1884; baseline 0.004 -9"><span class='ocrx_word' id='word_1_726' title='bbox 934 1848 994 1875; x_wconf 85' lang='lat' dir='ltr'><strong>Non</strong></span> <span class='ocrx_word' id='word_1_727' title='bbox 1015 1850 1049 1875; x_wconf 85' lang='lat' dir='ltr'><strong>ad</strong></span> <span class='ocrx_word' id='word_1_728' title='bbox 1064 1849 1188 1884; x_wconf 83' lang='lat' dir='ltr'><strong>populum</strong></span> <span class='ocrx_word' id='word_1_729' title='bbox 1211 1849 1336 1884; x_wconf 79' lang='lat' dir='ltr'><strong>profundi</strong></span> <span class='ocrx_word' id='word_1_730' title='bbox 1353 1849 1446 1876; x_wconf 76' lang='lat' dir='ltr'><strong>labii’.</strong></span> <span class='ocrx_word' id='word_1_731' title='bbox 1476 1849 1534 1877; x_wconf 85' lang='lat' dir='ltr'><strong>Nisi</strong></span> <span class='ocrx_word' id='word_1_732' title='bbox 1552 1851 1624 1878; x_wconf 87' lang='lat' dir='ltr'><strong>enim</strong></span> <span class='ocrx_word' id='word_1_733' title='bbox 1641 1859 1686 1878; x_wconf 91' lang='lat' dir='ltr'><strong>su-</strong></span> 
     </span>
    </p>
   </div>
   <div class='ocr_carea' id='block_1_98' title="bbox 897 1893 1688 1928">
    <p class='ocr_par' dir='ltr' id='par_1_98' title="bbox 897 1893 1688 1928">
     <span class='ocr_line' id='line_1_98' title="bbox 897 1893 1688 1928; baseline 0.001 -8"><span class='ocrx_word' id='word_1_734' title='bbox 897 1893 1006 1928; x_wconf 82' lang='lat' dir='ltr'><strong>perﬁcie</strong></span> <span class='ocrx_word' id='word_1_735' title='bbox 1031 1898 1109 1920; x_wconf 86' lang='lat' dir='ltr'><strong>tenus</strong></span> <span class='ocrx_word' id='word_1_736' title='bbox 1137 1901 1278 1920; x_wconf 88' lang='lat' dir='ltr'><strong>sermones</strong></span> <span class='ocrx_word' id='word_1_737' title='bbox 1304 1901 1369 1921; x_wconf 89' lang='lat' dir='ltr'><strong>suos</strong></span> <span class='ocrx_word' id='word_1_738' title='bbox 1395 1894 1544 1926; x_wconf 82' lang='lat' dir='ltr'><strong>haberent,</strong></span> <span class='ocrx_word' id='word_1_739' title='bbox 1568 1896 1614 1922; x_wconf 90' lang='lat' dir='ltr'><strong>sed</strong></span> <span class='ocrx_word' id='word_1_740' title='bbox 1640 1903 1688 1922; x_wconf 87' lang='lat' dir='ltr'><strong>cor</strong></span> 
     </span>
    </p>
   </div>
   <div class='ocr_carea' id='block_1_99' title="bbox 897 1940 1685 1974">
    <p class='ocr_par' dir='ltr' id='par_1_99' title="bbox 897 1940 1685 1974">
     <span class='ocr_line' id='line_1_99' title="bbox 897 1940 1685 1974; baseline 0.001 -7"><span class='ocrx_word' id='word_1_741' title='bbox 897 1947 992 1967; x_wconf 90' lang='lat' dir='ltr'><strong>eorum</strong></span> <span class='ocrx_word' id='word_1_742' title='bbox 1017 1940 1053 1966; x_wconf 93' lang='lat' dir='ltr'><strong>ob</strong></span> <span class='ocrx_word' id='word_1_743' title='bbox 1080 1947 1210 1966; x_wconf 86' lang='lat' dir='ltr'><strong>sensuum</strong></span> <span class='ocrx_word' id='word_1_744' title='bbox 1235 1940 1404 1967; x_wconf 85' lang='lat' dir='ltr'><strong>altitudinem</strong></span> <span class='ocrx_word' id='word_1_745' title='bbox 1427 1940 1534 1967; x_wconf 89' lang='lat' dir='ltr'><strong>illorum</strong></span> <span class='ocrx_word' id='word_1_746' title='bbox 1552 1947 1583 1967; x_wconf 88' lang='lat' dir='ltr'><strong>os</strong></span> <span class='ocrx_word' id='word_1_747' title='bbox 1601 1947 1685 1974; x_wconf 80' lang='lat' dir='ltr'><strong>esset,</strong></span> 
     </span>
    </p>
   </div>
   <div class='ocr_carea' id='block_1_100' title="bbox 897 1984 1685 2020">
    <p class='ocr_par' dir='ltr' id='par_1_100' title="bbox 897 1984 1685 2020">
     <span class='ocr_line' id='line_1_100' title="bbox 897 1984 1685 2020; baseline 0.003 -8"><span class='ocrx_word' id='word_1_748' title='bbox 897 1985 1054 2019; x_wconf 82' lang='lat' dir='ltr'><strong>neutiquam</strong></span> <span class='ocrx_word' id='word_1_749' title='bbox 1077 1989 1104 2011; x_wconf 95' lang='lat' dir='ltr'><strong>tu</strong></span> <span class='ocrx_word' id='word_1_750' title='bbox 1129 1984 1160 2011; x_wconf 86' lang='lat' dir='ltr'><strong>ad</strong></span> <span class='ocrx_word' id='word_1_751' title='bbox 1189 1985 1300 2012; x_wconf 91' lang='lat' dir='ltr'><strong>domum</strong></span> <span class='ocrx_word' id='word_1_752' title='bbox 1324 1984 1407 2012; x_wconf 84' lang='lat' dir='ltr'><strong>lsrael</strong></span> <span class='ocrx_word' id='word_1_753' title='bbox 1432 1985 1572 2020; x_wconf 79' lang='lat' dir='ltr'><strong>ingressus</strong></span> <span class='ocrx_word' id='word_1_754' title='bbox 1598 1992 1685 2014; x_wconf 82' lang='lat' dir='ltr'><strong>esses.</strong></span> 
     </span>
    </p>
   </div>
   <div class='ocr_carea' id='block_1_101' title="bbox 897 2030 1687 2066">
    <p class='ocr_par' dir='ltr' id='par_1_101' title="bbox 897 2030 1687 2066">
     <span class='ocr_line' id='line_1_101' title="bbox 897 2030 1687 2066; baseline 0 -8"><span class='ocrx_word' id='word_1_755' title='bbox 897 2030 949 2058; x_wconf 84' lang='lat' dir='ltr'><strong>Sed</strong></span> <span class='ocrx_word' id='word_1_756' title='bbox 966 2038 1053 2066; x_wconf 88' lang='lat' dir='ltr'><strong>neque</strong></span> <span class='ocrx_word' id='word_1_757' title='bbox 1067 2032 1158 2066; x_wconf 80' lang='lat' dir='ltr'><strong>gravis</strong></span> <span class='ocrx_word' id='word_1_758' title='bbox 1174 2031 1272 2066; x_wconf 67' lang='lat' dir='ltr'><strong>lingua:</strong></span> <span class='ocrx_word' id='word_1_759' title='bbox 1289 2036 1368 2064; x_wconf 86' lang='lat' dir='ltr'><strong>sunt;</strong></span> <span class='ocrx_word' id='word_1_760' title='bbox 1384 2039 1478 2058; x_wconf 67' lang='lat' dir='ltr'><strong>eorum</strong></span> <span class='ocrx_word' id='word_1_761' title='bbox 1496 2039 1614 2066; x_wconf 90' lang='lat' dir='ltr'><strong>namque</strong></span> <span class='ocrx_word' id='word_1_762' title='bbox 1634 2032 1687 2059; x_wconf 91' lang='lat' dir='ltr'><strong>lin--</strong></span> 
     </span>
    </p>
   </div>
   <div class='ocr_carea' id='block_1_102' title="bbox 896 2077 1684 2112">
    <p class='ocr_par' dir='ltr' id='par_1_102' title="bbox 896 2077 1684 2112">
     <span class='ocr_line' id='line_1_102' title="bbox 896 2077 1684 2112; baseline 0.003 -10"><span class='ocrx_word' id='word_1_763' title='bbox 896 2085 948 2112; x_wconf 77' lang='lat' dir='ltr'><strong>gua</strong></span> <span class='ocrx_word' id='word_1_764' title='bbox 965 2085 1012 2104; x_wconf 87' lang='lat' dir='ltr'><strong>seu</strong></span> <span class='ocrx_word' id='word_1_765' title='bbox 1031 2084 1121 2104; x_wconf 86' lang='lat' dir='ltr'><strong>sermo</strong></span> <span class='ocrx_word' id='word_1_766' title='bbox 1140 2077 1205 2103; x_wconf 88' lang='lat' dir='ltr'><strong>nihil</strong></span> <span class='ocrx_word' id='word_1_767' title='bbox 1226 2084 1307 2112; x_wconf 80' lang='lat' dir='ltr'><strong>grave</strong></span> <span class='ocrx_word' id='word_1_768' title='bbox 1328 2077 1493 2112; x_wconf 68' lang='lat' dir='ltr'><strong>elegansque</strong></span> <span class='ocrx_word' id='word_1_769' title='bbox 1512 2082 1558 2104; x_wconf 86' lang='lat' dir='ltr'><strong>aut</strong></span> <span class='ocrx_word' id='word_1_770' title='bbox 1577 2078 1684 2105; x_wconf 86' lang='lat' dir='ltr'><strong>ﬁrmum</strong></span> 
     </span>
    </p>
   </div>
   <div class='ocr_carea' id='block_1_103' title="bbox 895 2122 1686 2158">
    <p class='ocr_par' dir='ltr' id='par_1_103' title="bbox 895 2122 1686 2158">
     <span class='ocr_line' id='line_1_103' title="bbox 895 2122 1686 2158; baseline 0.003 -9"><span class='ocrx_word' id='word_1_771' title='bbox 895 2122 985 2156; x_wconf 89' lang='lat' dir='ltr'><strong>habet,</strong></span> <span class='ocrx_word' id='word_1_772' title='bbox 1001 2123 1047 2150; x_wconf 84' lang='lat' dir='ltr'><strong>sed</strong></span> <span class='ocrx_word' id='word_1_773' title='bbox 1062 2122 1124 2150; x_wconf 86' lang='lat' dir='ltr'><strong>vani</strong></span> <span class='ocrx_word' id='word_1_774' title='bbox 1147 2123 1248 2158; x_wconf 90' lang='lat' dir='ltr'><strong>eloquii</strong></span> <span class='ocrx_word' id='word_1_775' title='bbox 1271 2127 1346 2150; x_wconf 83' lang='lat' dir='ltr'><strong>sunt.</strong></span> <span class='ocrx_word' id='word_1_776' title='bbox 1370 2123 1444 2150; x_wconf 87' lang='lat' dir='ltr'><strong>Unde</strong></span> <span class='ocrx_word' id='word_1_777' title='bbox 1469 2130 1582 2150; x_wconf 86' lang='lat' dir='ltr'><strong>necesse</strong></span> <span class='ocrx_word' id='word_1_778' title='bbox 1598 2128 1640 2151; x_wconf 89' lang='lat' dir='ltr'><strong>est</strong></span> <span class='ocrx_word' id='word_1_779' title='bbox 1656 2129 1686 2151; x_wconf 90' lang='lat' dir='ltr'><strong>ut</strong></span> 
     </span>
    </p>
   </div>
   <div class='ocr_carea' id='block_1_104' title="bbox 893 2168 1684 2203">
    <p class='ocr_par' dir='ltr' id='par_1_104' title="bbox 893 2168 1684 2203">
     <span class='ocr_line' id='line_1_104' title="bbox 893 2168 1684 2203; baseline 0.003 -9"><span class='ocrx_word' id='word_1_780' title='bbox 893 2169 926 2195; x_wconf 86' lang='lat' dir='ltr'><strong>ad</strong></span> <span class='ocrx_word' id='word_1_781' title='bbox 943 2168 1004 2195; x_wconf 86' lang='lat' dir='ltr'><strong>illos</strong></span> <span class='ocrx_word' id='word_1_782' title='bbox 1019 2169 1114 2201; x_wconf 86' lang='lat' dir='ltr'><strong>vadas,</strong></span> <span class='ocrx_word' id='word_1_783' title='bbox 1128 2169 1174 2203; x_wconf 91' lang='lat' dir='ltr'><strong>qui</strong></span> <span class='ocrx_word' id='word_1_784' title='bbox 1189 2169 1311 2196; x_wconf 92' lang='lat' dir='ltr'><strong>moribus</strong></span> <span class='ocrx_word' id='word_1_785' title='bbox 1327 2169 1379 2195; x_wconf 90' lang='lat' dir='ltr'><strong>tuis</strong></span> <span class='ocrx_word' id='word_1_786' title='bbox 1395 2168 1540 2196; x_wconf 82' lang='lat' dir='ltr'><strong>inferiores</strong></span> <span class='ocrx_word' id='word_1_787' title='bbox 1556 2176 1628 2197; x_wconf 86' lang='lat' dir='ltr'><strong>sunt.</strong></span> <span class='ocrx_word' id='word_1_788' title='bbox 1643 2169 1684 2196; x_wconf 83' lang='lat' dir='ltr'><strong>Ad</strong></span> 
     </span>
    </p>
   </div>
   <div class='ocr_carea' id='block_1_105' title="bbox 893 2213 1686 2250">
    <p class='ocr_par' dir='ltr' id='par_1_105' title="bbox 893 2213 1686 2250">
     <span class='ocr_line' id='line_1_105' title="bbox 893 2213 1686 2250; baseline 0.003 -10"><span class='ocrx_word' id='word_1_789' title='bbox 893 2213 999 2240; x_wconf 82' lang='lat' dir='ltr'><strong>laudem</strong></span> <span class='ocrx_word' id='word_1_790' title='bbox 1024 2213 1106 2248; x_wconf 81' lang='lat' dir='ltr'><strong>igitur</strong></span> <span class='ocrx_word' id='word_1_791' title='bbox 1122 2214 1223 2241; x_wconf 90' lang='lat' dir='ltr'><strong>dictum</strong></span> <span class='ocrx_word' id='word_1_792' title='bbox 1242 2219 1302 2241; x_wconf 85' lang='lat' dir='ltr'><strong>est:</strong></span> <span class='ocrx_word' id='word_1_793' title='bbox 1320 2213 1453 2248; x_wconf 77' lang='lat' dir='ltr'><strong>Profundi</strong></span> <span class='ocrx_word' id='word_1_794' title='bbox 1472 2213 1538 2240; x_wconf 78' lang='lat' dir='ltr'><strong>[abii</strong></span> <span class='ocrx_word' id='word_1_795' title='bbox 1550 2218 1574 2240; x_wconf 88' lang='lat' dir='ltr'><strong>et</strong></span> <span class='ocrx_word' id='word_1_796' title='bbox 1597 2215 1686 2250; x_wconf 68' lang='lat' dir='ltr'><strong>gravis</strong></span> 
     </span>
    </p>
   </div>
   <div class='ocr_carea' id='block_1_106' title="bbox 892 2258 1685 2294">
    <p class='ocr_par' dir='ltr' id='par_1_106' title="bbox 892 2258 1685 2294">
     <span class='ocr_line' id='line_1_106' title="bbox 892 2258 1685 2294; baseline 0.004 -10"><span class='ocrx_word' id='word_1_797' title='bbox 892 2258 1001 2294; x_wconf 67' lang='lat' dir='ltr'><strong>linguae.</strong></span> <span class='ocrx_word' id='word_1_798' title='bbox 1017 2259 1106 2294; x_wconf 84' lang='lat' dir='ltr'><strong>Atque</strong></span> <span class='ocrx_word' id='word_1_799' title='bbox 1120 2259 1177 2287; x_wconf 78' lang='lat' dir='ltr'><strong>Inec</strong></span> <span class='ocrx_word' id='word_1_800' title='bbox 1191 2259 1300 2294; x_wconf 87' lang='lat' dir='ltr'><strong>quidem</strong></span> <span class='ocrx_word' id='word_1_801' title='bbox 1317 2259 1389 2287; x_wconf 88' lang='lat' dir='ltr'><strong>dicta</strong></span> <span class='ocrx_word' id='word_1_802' title='bbox 1403 2265 1479 2287; x_wconf 89' lang='lat' dir='ltr'><strong>sunt.</strong></span> <span class='ocrx_word' id='word_1_803' title='bbox 1493 2259 1526 2287; x_wconf 85' lang='lat' dir='ltr'><strong>Et</strong></span> <span class='ocrx_word' id='word_1_804' title='bbox 1542 2260 1603 2287; x_wconf 86' lang='lat' dir='ltr'><strong>vide</strong></span> <span class='ocrx_word' id='word_1_805' title='bbox 1619 2269 1685 2288; x_wconf 90' lang='lat' dir='ltr'><strong>num</strong></span> 
     </span>
    </p>
   </div>
   <div class='ocr_carea' id='block_1_107' title="bbox 895 2304 1686 2341">
    <p class='ocr_par' dir='ltr' id='par_1_107' title="bbox 895 2304 1686 2341">
     <span class='ocr_line' id='line_1_107' title="bbox 895 2304 1686 2341; baseline 0.003 -10"><span class='ocrx_word' id='word_1_806' title='bbox 895 2304 952 2332; x_wconf 69' lang='lat' dir='ltr'><strong>haec</strong></span> <span class='ocrx_word' id='word_1_807' title='bbox 966 2305 1129 2333; x_wconf 80' lang='lat' dir='ltr'><strong>vaticinatus</strong></span> <span class='ocrx_word' id='word_1_808' title='bbox 1145 2306 1180 2333; x_wconf 87' lang='lat' dir='ltr'><strong>sit</strong></span> <span class='ocrx_word' id='word_1_809' title='bbox 1197 2306 1329 2340; x_wconf 89' lang='lat' dir='ltr'><strong>propheta</strong></span> <span class='ocrx_word' id='word_1_810' title='bbox 1344 2306 1378 2333; x_wconf 89' lang='lat' dir='ltr'><strong>de</strong></span> <span class='ocrx_word' id='word_1_811' title='bbox 1393 2307 1531 2341; x_wconf 81' lang='lat' dir='ltr'><strong>gentibus,</strong></span> <span class='ocrx_word' id='word_1_812' title='bbox 1549 2314 1610 2341; x_wconf 66' lang='lat' dir='ltr'><strong>quae</strong></span> <span class='ocrx_word' id='word_1_813' title='bbox 1624 2307 1686 2334; x_wconf 76' lang='lat' dir='ltr'><strong>alia:</strong></span> 
     </span>
    </p>
   </div>
   <div class='ocr_carea' id='block_1_108' title="bbox 895 2351 1684 2386">
    <p class='ocr_par' dir='ltr' id='par_1_108' title="bbox 895 2351 1684 2386">
     <span class='ocr_line' id='line_1_108' title="bbox 895 2351 1684 2386; baseline 0.001 -8"><span class='ocrx_word' id='word_1_814' title='bbox 895 2355 959 2378; x_wconf 87' lang='lat' dir='ltr'><strong>sunt</strong></span> <span class='ocrx_word' id='word_1_815' title='bbox 972 2359 987 2378; x_wconf 90' lang='lat' dir='ltr'><strong>a</strong></span> <span class='ocrx_word' id='word_1_816' title='bbox 1001 2351 1083 2378; x_wconf 89' lang='lat' dir='ltr'><strong>domo</strong></span> <span class='ocrx_word' id='word_1_817' title='bbox 1092 2352 1185 2384; x_wconf 84' lang='lat' dir='ltr'><strong>israel,</strong></span> <span class='ocrx_word' id='word_1_818' title='bbox 1202 2356 1229 2378; x_wconf 92' lang='lat' dir='ltr'><strong>et</strong></span> <span class='ocrx_word' id='word_1_819' title='bbox 1244 2359 1312 2386; x_wconf 90' lang='lat' dir='ltr'><strong>quas</strong></span> <span class='ocrx_word' id='word_1_820' title='bbox 1320 2359 1373 2378; x_wconf 92' lang='lat' dir='ltr'><strong>non</strong></span> <span class='ocrx_word' id='word_1_821' title='bbox 1390 2352 1537 2379; x_wconf 86' lang='lat' dir='ltr'><strong>audivisset</strong></span> <span class='ocrx_word' id='word_1_822' title='bbox 1554 2352 1684 2386; x_wconf 85' lang='lat' dir='ltr'><strong>propheta</strong></span> 
     </span>
    </p>
   </div>
   <div class='ocr_carea' id='block_1_109' title="bbox 895 2394 1683 2433">
    <p class='ocr_par' dir='ltr' id='par_1_109' title="bbox 895 2394 1683 2433">
     <span class='ocr_line' id='line_1_109' title="bbox 895 2394 1683 2433; baseline 0.004 -10"><span class='ocrx_word' id='word_1_823' title='bbox 895 2394 1024 2424; x_wconf 63' lang='lat' dir='ltr'><strong>Hebraeus</strong></span> <span class='ocrx_word' id='word_1_824' title='bbox 1040 2398 1076 2424; x_wconf 90' lang='lat' dir='ltr'><strong>ob</strong></span> <span class='ocrx_word' id='word_1_825' title='bbox 1092 2398 1199 2425; x_wconf 83' lang='lat' dir='ltr'><strong>illarum</strong></span> <span class='ocrx_word' id='word_1_826' title='bbox 1222 2398 1322 2433; x_wconf 63' lang='lat' dir='ltr'><strong>linguae</strong></span> <span class='ocrx_word' id='word_1_827' title='bbox 1336 2399 1532 2426; x_wconf 85' lang='lat' dir='ltr'><strong>diversitatem.</strong></span> <span class='ocrx_word' id='word_1_828' title='bbox 1549 2398 1683 2426; x_wconf 79' lang='lat' dir='ltr'><strong>Prolundi</strong></span> 
     </span>
    </p>
   </div>
   <div class='ocr_carea' id='block_1_110' title="bbox 896 2443 1685 2479">
    <p class='ocr_par' dir='ltr' id='par_1_110' title="bbox 896 2443 1685 2479">
     <span class='ocr_line' id='line_1_110' title="bbox 896 2443 1685 2479; baseline 0.003 -10"><span class='ocrx_word' id='word_1_829' title='bbox 896 2447 985 2469; x_wconf 86' lang='lat' dir='ltr'><strong>autem</strong></span> <span class='ocrx_word' id='word_1_830' title='bbox 1006 2443 1069 2470; x_wconf 88' lang='lat' dir='ltr'><strong>lahii</strong></span> <span class='ocrx_word' id='word_1_831' title='bbox 1086 2443 1266 2478; x_wconf 86' lang='lat' dir='ltr'><strong>possuntdici</strong></span> <span class='ocrx_word' id='word_1_832' title='bbox 1280 2444 1352 2478; x_wconf 90' lang='lat' dir='ltr'><strong>quod</strong></span> <span class='ocrx_word' id='word_1_833' title='bbox 1374 2452 1427 2471; x_wconf 92' lang='lat' dir='ltr'><strong>non</strong></span> <span class='ocrx_word' id='word_1_834' title='bbox 1447 2445 1588 2479; x_wconf 87' lang='lat' dir='ltr'><strong>superﬁcie</strong></span> <span class='ocrx_word' id='word_1_835' title='bbox 1605 2448 1685 2472; x_wconf 85' lang='lat' dir='ltr'><strong>lenus</strong></span> 
     </span>
    </p>
   </div>
   <div class='ocr_carea' id='block_1_111' title="bbox 896 2487 1683 2524">
    <p class='ocr_par' dir='ltr' id='par_1_111' title="bbox 896 2487 1683 2524">
     <span class='ocr_line' id='line_1_111' title="bbox 896 2487 1683 2524; baseline 0.003 -10"><span class='ocrx_word' id='word_1_836' title='bbox 896 2487 1003 2515; x_wconf 87' lang='lat' dir='ltr'><strong>divinas</strong></span> <span class='ocrx_word' id='word_1_837' title='bbox 1019 2488 1122 2516; x_wconf 84' lang='lat' dir='ltr'><strong>litteras</strong></span> <span class='ocrx_word' id='word_1_838' title='bbox 1140 2489 1284 2523; x_wconf 82' lang='lat' dir='ltr'><strong>accipiant,</strong></span> <span class='ocrx_word' id='word_1_839' title='bbox 1307 2489 1354 2516; x_wconf 87' lang='lat' dir='ltr'><strong>sed</strong></span> <span class='ocrx_word' id='word_1_840' title='bbox 1376 2490 1401 2516; x_wconf 88' lang='lat' dir='ltr'><strong>in</strong></span> <span class='ocrx_word' id='word_1_841' title='bbox 1427 2490 1596 2517; x_wconf 85' lang='lat' dir='ltr'><strong>altitudinem</strong></span> <span class='ocrx_word' id='word_1_842' title='bbox 1617 2490 1683 2524; x_wconf 77' lang='lat' dir='ltr'><strong>legis</strong></span> 
     </span>
    </p>
   </div>
   <div class='ocr_carea' id='block_1_112' title="bbox 895 2534 1016 2562">
    <p class='ocr_par' dir='ltr' id='par_1_112' title="bbox 895 2534 1016 2562">
     <span class='ocr_line' id='line_1_112' title="bbox 895 2534 1016 2562; baseline 0.008 -1"><span class='ocrx_word' id='word_1_843' title='bbox 895 2534 1016 2562; x_wconf 87' lang='lat' dir='ltr'><strong>credant.</strong></span> 
     </span>
    </p>
   </div>
   <div class='ocr_carea' id='block_1_113' title="bbox 929 2580 1682 2616">
    <p class='ocr_par' dir='ltr' id='par_1_113' title="bbox 929 2580 1682 2616">
     <span class='ocr_line' id='line_1_113' title="bbox 929 2580 1682 2616; baseline 0.004 -9"><span class='ocrx_word' id='word_1_844' title='bbox 929 2580 1012 2616; x_wconf 69' lang='grc'><strong>410</strong></span> <span class='ocrx_word' id='word_1_845' title='bbox 1021 2580 1054 2607; x_wconf 84' lang='lat' dir='ltr'><strong>Et</strong></span> <span class='ocrx_word' id='word_1_846' title='bbox 1070 2582 1239 2609; x_wconf 72' lang='lat' dir='ltr'><strong>aui-ibustuis</strong></span> <span class='ocrx_word' id='word_1_847' title='bbox 1255 2583 1318 2609; x_wconf 80' lang='lat' dir='ltr'><strong>audi</strong></span> <span class='ocrx_word' id='word_1_848' title='bbox 1330 2582 1350 2609; x_wconf 71' lang='grc'><strong>⁸.</strong></span> <span class='ocrx_word' id='word_1_849' title='bbox 1363 2581 1478 2615; x_wconf 86' lang='lat' dir='ltr'><strong>Quando</strong></span> <span class='ocrx_word' id='word_1_850' title='bbox 1492 2581 1563 2608; x_wconf 90' lang='lat' dir='ltr'><strong>enim</strong></span> <span class='ocrx_word' id='word_1_851' title='bbox 1572 2586 1682 2610; x_wconf 81' lang='lat' dir='ltr'><strong>sanctus</strong></span> 
     </span>
    </p>
   </div>
   <div class='ocr_carea' id='block_1_114' title="bbox 895 2626 1684 2662">
    <p class='ocr_par' dir='ltr' id='par_1_114' title="bbox 895 2626 1684 2662">
     <span class='ocr_line' id='line_1_114' title="bbox 895 2626 1684 2662; baseline 0.001 -8"><span class='ocrx_word' id='word_1_852' title='bbox 895 2626 1002 2654; x_wconf 85' lang='lat' dir='ltr'><strong>insidiis</strong></span> <span class='ocrx_word' id='word_1_853' title='bbox 1011 2627 1119 2661; x_wconf 81' lang='lat' dir='ltr'><strong>petitur,</strong></span> <span class='ocrx_word' id='word_1_854' title='bbox 1129 2628 1274 2655; x_wconf 87' lang='lat' dir='ltr'><strong>contrariis</strong></span> <span class='ocrx_word' id='word_1_855' title='bbox 1282 2628 1428 2655; x_wconf 86' lang='lat' dir='ltr'><strong>virtutibus</strong></span> <span class='ocrx_word' id='word_1_856' title='bbox 1439 2635 1500 2654; x_wconf 92' lang='lat' dir='ltr'><strong>eum</strong></span> <span class='ocrx_word' id='word_1_857' title='bbox 1519 2634 1684 2662; x_wconf 86' lang='lat' dir='ltr'><strong>persequen-</strong></span> 
     </span>
    </p>
   </div>
   <div class='ocr_carea' id='block_1_115' title="bbox 896 2671 1682 2707">
    <p class='ocr_par' dir='ltr' id='par_1_115' title="bbox 896 2671 1682 2707">
     <span class='ocr_line' id='line_1_115' title="bbox 896 2671 1682 2707; baseline -0.003 -8"><span class='ocrx_word' id='word_1_858' title='bbox 896 2673 979 2705; x_wconf 89' lang='lat' dir='ltr'><strong>tibus,</strong></span> <span class='ocrx_word' id='word_1_859' title='bbox 997 2672 1177 2700; x_wconf 84' lang='lat' dir='ltr'><strong>necessariam</strong></span> <span class='ocrx_word' id='word_1_860' title='bbox 1193 2673 1273 2699; x_wconf 81' lang='lat' dir='ltr'><strong>habet</strong></span> <span class='ocrx_word' id='word_1_861' title='bbox 1295 2673 1341 2700; x_wconf 88' lang='lat' dir='ltr'><strong>Dei</strong></span> <span class='ocrx_word' id='word_1_862' title='bbox 1368 2680 1457 2707; x_wconf 89' lang='lat' dir='ltr'><strong>opem,</strong></span> <span class='ocrx_word' id='word_1_863' title='bbox 1475 2671 1522 2707; x_wconf 84' lang='lat' dir='ltr'><strong>qui</strong></span> <span class='ocrx_word' id='word_1_864' title='bbox 1544 2671 1617 2698; x_wconf 89' lang='lat' dir='ltr'><strong>velut</strong></span> <span class='ocrx_word' id='word_1_865' title='bbox 1634 2672 1682 2698; x_wconf 91' lang='lat' dir='ltr'><strong>oh-</strong></span> 
     </span>
    </p>
   </div>
   <div class='ocr_carea' id='block_1_116' title="bbox 894 2717 1681 2752">
    <p class='ocr_par' dir='ltr' id='par_1_116' title="bbox 894 2717 1681 2752">
     <span class='ocr_line' id='line_1_116' title="bbox 894 2717 1681 2752; baseline 0.001 -9"><span class='ocrx_word' id='word_1_866' title='bbox 894 2717 965 2751; x_wconf 88' lang='lat' dir='ltr'><strong>jccto</strong></span> <span class='ocrx_word' id='word_1_867' title='bbox 979 2717 1049 2744; x_wconf 87' lang='lat' dir='ltr'><strong>vallo</strong></span> <span class='ocrx_word' id='word_1_868' title='bbox 1066 2722 1259 2752; x_wconf 87' lang='lat' dir='ltr'><strong>persequentes</strong></span> <span class='ocrx_word' id='word_1_869' title='bbox 1273 2717 1306 2745; x_wconf 93' lang='lat' dir='ltr'><strong>ab</strong></span> <span class='ocrx_word' id='word_1_870' title='bbox 1324 2725 1357 2745; x_wconf 89' lang='lat' dir='ltr'><strong>eo</strong></span> <span class='ocrx_word' id='word_1_871' title='bbox 1378 2718 1523 2752; x_wconf 84' lang='lat' dir='ltr'><strong>tlispcscat,</strong></span> <span class='ocrx_word' id='word_1_872' title='bbox 1547 2725 1581 2745; x_wconf 85' lang='lat' dir='ltr'><strong>ac</strong></span> <span class='ocrx_word' id='word_1_873' title='bbox 1603 2717 1681 2752; x_wconf 70' lang='lat' dir='ltr'><strong>quasi</strong></span> 
     </span>
    </p>
   </div>
   <div class='ocr_carea' id='block_1_117' title="bbox 897 2762 1682 2798">
    <p class='ocr_par' dir='ltr' id='par_1_117' title="bbox 897 2762 1682 2798">
     <span class='ocr_line' id='line_1_117' title="bbox 897 2762 1682 2798; baseline 0.001 -10"><span class='ocrx_word' id='word_1_874' title='bbox 897 2769 910 2788; x_wconf 92' lang='lat' dir='ltr'><strong>a</strong></span> <span class='ocrx_word' id='word_1_875' title='bbox 931 2767 1004 2797; x_wconf 73' lang='lat' dir='ltr'><strong>tergo</strong></span> <span class='ocrx_word' id='word_1_876' title='bbox 1021 2762 1143 2789; x_wconf 79' lang='lat' dir='ltr'><strong>excubiis</strong></span> <span class='ocrx_word' id='word_1_877' title='bbox 1166 2763 1254 2797; x_wconf 91' lang='lat' dir='ltr'><strong>ipsum</strong></span> <span class='ocrx_word' id='word_1_878' title='bbox 1275 2767 1408 2797; x_wconf 75' lang='lat' dir='ltr'><strong>protegat.</strong></span> <span class='ocrx_word' id='word_1_879' title='bbox 1425 2763 1512 2797; x_wconf 86' lang='lat' dir='ltr'><strong>Hujus</strong></span> <span class='ocrx_word' id='word_1_880' title='bbox 1534 2764 1571 2791; x_wconf 83' lang='lat' dir='ltr'><strong>rei</strong></span> <span class='ocrx_word' id='word_1_881' title='bbox 1596 2764 1682 2798; x_wconf 75' lang='lat' dir='ltr'><strong>ﬁgura</strong></span> 
     </span>
    </p>
   </div>
   <div class='ocr_carea' id='block_1_118' title="bbox 897 2809 1680 2847">
    <p class='ocr_par' dir='ltr' id='par_1_118' title="bbox 897 2809 1680 2847">
     <span class='ocr_line' id='line_1_118' title="bbox 897 2809 1680 2847; baseline 0.004 -12"><span class='ocrx_word' id='word_1_882' title='bbox 897 2813 961 2835; x_wconf 83' lang='lat' dir='ltr'><strong>sunt</strong></span> <span class='ocrx_word' id='word_1_883' title='bbox 985 2813 1010 2835; x_wconf 86' lang='lat' dir='ltr'><strong>et</strong></span> <span class='ocrx_word' id='word_1_884' title='bbox 1032 2816 1091 2843; x_wconf 67' lang='lat' dir='ltr'><strong>quia:</strong></span> <span class='ocrx_word' id='word_1_885' title='bbox 1116 2809 1142 2836; x_wconf 92' lang='lat' dir='ltr'><strong>in</strong></span> <span class='ocrx_word' id='word_1_886' title='bbox 1165 2809 1258 2837; x_wconf 84' lang='lat' dir='ltr'><strong>Exodo</strong></span> <span class='ocrx_word' id='word_1_887' title='bbox 1283 2810 1416 2837; x_wconf 87' lang='lat' dir='ltr'><strong>habentur</strong></span> <span class='ocrx_word' id='word_1_888' title='bbox 1432 2810 1459 2837; x_wconf 87' lang='lat' dir='ltr'><strong>in</strong></span> <span class='ocrx_word' id='word_1_889' title='bbox 1477 2810 1532 2838; x_wconf 67' lang='lat' dir='ltr'><strong>haec</strong></span> <span class='ocrx_word' id='word_1_890' title='bbox 1555 2810 1680 2847; x_wconf 69' lang='lat' dir='ltr'><strong>verba“,</strong></span> 
     </span>
    </p>
   </div>
   <div class='ocr_carea' id='block_1_119' title="bbox 567 2850 991 2885">
    <p class='ocr_par' dir='ltr' id='par_1_119' title="bbox 567 2850 991 2885">
     <span class='ocr_line' id='line_1_119' title="bbox 567 2850 991 2885; baseline 0.005 -8"><span class='ocrx_word' id='word_1_891' title='bbox 567 2850 578 2866; x_wconf 82' lang='grc'><strong>’⁸</strong></span> <span class='ocrx_word' id='word_1_892' title='bbox 594 2850 659 2878; x_wconf 79' lang='lat' dir='ltr'><strong>lliid.</strong></span> <span class='ocrx_word' id='word_1_893' title='bbox 677 2851 717 2878; x_wconf 88' lang='lat' dir='ltr'><strong>lO.</strong></span> <span class='ocrx_word' id='word_1_894' title='bbox 756 2850 851 2878; x_wconf 70' lang='lat' dir='ltr'><strong>’Exml</strong></span> <span class='ocrx_word' id='word_1_895' title='bbox 878 2860 931 2885; x_wconf 68' lang='grc' dir='ltr'>λιν,</span> <span class='ocrx_word' id='word_1_896' title='bbox 951 2853 991 2879; x_wconf 86' lang='lat' dir='ltr'><strong>l9.</strong></span> 
     </span>
    </p>
   </div>
  </div>
