1882 3052
201 93 253 122 775

909 93 955 120 EX

1063 93 1125 122 ENE
1772 98 1817 125 776

201 148 357 186 Tallensque
368 157 394 176 se
408 149 516 184 angelus
528 150 574 184 qui
589 149 750 183 pra'cedebat
766 154 854 176 castra
868 149 964 183 ﬁliam:

1063 148 1162 183 ιθολῆς
1189 148 1247 176 τῶν
1275 150 1347 177 υῖῶν
1375 151 1497 185 Ἰσραὴλ
1511 171 1517 182 ,
1544 152 1592 179 καὶ
1616 152 1763 187 ἐπορεύθη
1787 157 1818 182 ἐκ

199 195 297 227 Israel,
312 195 376 221 abiit
398 200 455 228 post
473 203 526 227 eos,
539 200 591 222 ctc.
611 194 662 221 Sed
679 199 705 221 ct
718 195 770 222 hoc
783 195 897 221 observa
911 194 982 229 quod

201 248 251 267 \‘ox
271 244 343 267 rctro
357 240 449 267 audita
467 240 512 272 sit,
530 247 593 266 nmn
605 247 635 266 ca
652 239 779 273 loquendi
792 239 907 266 formula
921 248 984 274 pos-

199 286 236 313 sit
246 292 341 314 rerum
356 285 410 320 jam
429 285 625 320 praeteritarum
646 285 764 319 cognitio
779 285 936 320 signiﬁcari.
955 285 982 312 Si

199 330 262 364 quis
276 334 366 357 autem
381 330 450 356 hanc
463 338 476 356 a
492 330 543 357 Deo
559 330 673 365 gratiam
685 335 848 358 consecutus
856 335 908 363 est,
918 335 985 358 utet

197 382 229 402 ea
247 382 308 410 quae
322 373 412 401 futura
433 378 497 401 sunt
518 375 613 402 scdulo
628 376 835 410 contempletur,
853 376 897 402 hic
911 376 985 403 velut

199 424 263 447 ante
276 427 305 447 se
319 427 411 447 vocem
426 419 526 447 audiet.
545 420 622 453 Quod
638 429 672 448 an
692 421 792 449 alicubi
812 422 915 449 dictum
935 422 982 454 sit,

199 472 314 499 quaeres.

234 509 375 536 Benedicta
388 509 476 544 gloria
490 509 598 536 Domini
611 510 643 537 de
663 511 720 537 loco
738 519 786 538 suo
798 512 818 538 ⁵.
835 510 924 539 Locus
935 511 982 539 Dei

199 555 361 591 intelligendi
386 561 449 583 sunt
472 564 566 584 omnes
586 557 633 591 qui
657 558 767 592 capiunt
783 558 910 586 virtutem
924 558 982 586 Dei.

196 601 308 637 Proprie
323 606 410 629 tamen
427 602 474 630 Dei
490 603 567 630 locus
577 607 619 630 est
641 603 765 631 Salvator
789 609 817 631 et
838 604 982 638 Dominus,

196 648 426 682 quemadmodum
441 653 468 674 et
482 648 567 682 ipsius
580 647 729 676 Salvatoris
746 649 821 677 locus
833 653 876 677 est
890 650 981 678 Pater.

195 693 284 728 Atque
296 694 348 720 hoc
364 694 444 720 modo
462 693 636 729 intelligimus
652 694 734 721 etiam
751 694 776 721 id
792 695 864 729 quod
885 696 912 722 in
932 695 982 722 Mi-

195 740 270 767 chzea
286 743 377 766 exstat
390 739 433 766 his
445 739 534 766 verbis
546 739 556 754 ⁷
570 747 577 766 :
592 738 659 766 Ecce
677 740 746 766 enim
765 739 893 767 Dominus
908 750 981 777 egre-

196 781 283 810 dietur
297 785 329 811 de
343 784 400 811 loco
422 792 482 816 suo,
506 788 531 810 et
549 785 694 818 descendet,
718 790 742 812 et
763 787 884 814 ascendet
906 796 983 822 super

195 830 297 857 excelsa
318 834 405 863 terrm,
422 834 474 857 etc.
492 829 617 858 Arbitror
631 830 706 858 enim
718 831 793 859 hisce
809 832 897 860 verbis
913 840 982 867 pra-
996 823 1019 851 Β

194 875 247 902 dici
268 874 336 907 fore,
350 879 380 902 ut
403 874 527 901 Salvator
550 881 643 903 noster
666 876 813 904 descendat
833 878 983 912 procedens

196 921 229 946 de
243 919 302 946 loco
321 926 382 952 suo,
397 923 424 946 et.
438 918 549 946 veniens
569 927 585 947 e
607 920 744 955 praecipuo
758 929 809 948 suo
823 929 886 949 cum
902 921 983 950 Patre

195 969 278 992 statu.
293 965 386 992 Potest
397 969 485 992 tamen
502 965 581 992 etiam
598 965 674 993 locus
689 965 737 994 Dei
752 968 843 995 vocari
861 967 887 995 id
909 968 982 1003 quod

194 1011 265 1044 apud
280 1010 393 1036 Paulum
407 1010 454 1036 lux
464 1009 659 1038 iuaccessibilis
675 1010 776 1038 dicitur
786 1012 828 1039 his
845 1012 935 1040 verbis
948 1013 958 1029 "
974 1023 980 1040 :

195 1057 248 1088 Qui
263 1055 334 1083 solus
350 1056 425 1082 habet
441 1055 680 1090 immortalitatem,
698 1057 782 1083 lucem
799 1057 921 1086 habitans
941 1059 982 1085 in-

193 1101 381 1128 accessibilem.
408 1101 479 1134 Quid
508 1109 572 1129 vero
605 1102 649 1130 illa
674 1102 736 1129 cst?
765 1103 905 1132 Altissima
933 1104 980 1133 Dei

191 1147 322 1183 cognitio,
340 1147 373 1175 ad
388 1156 469 1182 quam
488 1157 567 1176 nemo
585 1153 672 1183 potest
688 1150 827 1183 accedere,
843 1158 894 1185 nec
907 1150 981 1179 illius

192 1193 462 1228 comprehensionem
479 1201 584 1229 capere.

227 1294 423 1330 Speculatorem
439 1294 498 1321 dedi
515 1301 539 1322 te
554 1295 645 1322 domui
662 1295 748 1322 Israel
759 1297 780 1323 θ.
802 1295 979 1331 Quandoqui-

191 1341 252 1368 dem
276 1350 347 1377 aegre
371 1341 436 1369 ferri
461 1341 541 1369 debet
559 1342 642 1369 illud:
658 1341 853 1377 Speculutorem
873 1343 934 1369 dedi
956 1347 980 1369 te

191 1389 280 1415 domui
297 1388 392 1421 Israel,
406 1396 517 1417 necesse
529 1394 570 1416 est
586 1397 635 1416 nos
651 1389 758 1416 edoceri
770 1389 907 1423 quomodo
920 1397 980 1424 pro-

191 1434 270 1469 pheta
287 1434 374 1462 l'actus
391 1435 426 1462 sit
451 1435 615 1469 speculator,
644 1438 674 1461 ut
701 1434 830 1469 quoniam
856 1435 978 1462 nonnulli

1034 194 1093 221 τῶν
1105 195 1240 226 ὄπισθεν,
1248 196 1295 223 καὶ
1305 196 1338 222 τὰ
1346 196 1418 232 ἑξῆς.
1429 198 1484 224 Ka‘t
1494 197 1572 224 τοῦτο
1584 198 1613 224 δὲ
1624 199 1749 235 πρόσχῃς
1761 201 1818 235 περὶ

1033 240 1080 267 τοῦ
1109 241 1271 268 κατόπισθεν
1296 242 1428 276 ἡκοῦσθαι
1457 243 1506 279 τὴν
1532 243 1633 280 φωνὴν,
1661 245 1686 270 εί
1716 245 1817 273 δύναται

1034 286 1051 321 ἡ
1071 286 1120 321 μὲν
1136 287 1201 322 περὶ
1223 286 1276 313 τῶν
1298 287 1347 323 ἤδη
1364 288 1587 324 παρεληλυθότων
1612 290 1714 324 γνῶσις
1732 291 1818 325 δηλοῦ-

1035 331 1096 359 σθαι
1110 332 1142 359 ὲκ
1160 332 1208 359 τοῦ
1228 333 1373 360 ἀκούεσθαι
1388 334 1479 370 φωνὴν
1494 335 1659 363 κατόπισθεν
1669 344 1676 351 ο
1695 337 1720 362 εἰ
1738 336 1767 363 δέ
1781 345 1818 368 τις

1034 379 1144 414 χάριτος
1164 378 1238 410 θείας
1260 378 1336 414 τύχοι
1355 379 1423 415 πρὸς
1444 380 1474 407 τὸ
1493 381 1628 417 θεωρῆσαι
1643 382 1689 408 καὶ
1707 383 1742 409 τὰ
1759 381 1818 415 περὶ

1033 424 1088 450 τῶν
1096 424 1246 460 μελλόντων
1251 425 1399 460 ἐπιμελῶς,
1406 423 1482 458 οὗτος
1489 426 1520 453 ἂν
1530 428 1611 454 οἱονεὶ
1616 429 1722 465 ἀκούσῃ
1734 432 1817 464 φωνῆς

1033 471 1066 497 ὲκ
1075 470 1130 497 τῶν
1138 470 1291 506 ἔμπροσθεν
1299 471 1381 497 αὐτοῦ
1389 480 1396 486 ·
1406 473 1474 508 ὅπερ
1482 471 1610 509 ζητήσεις
1616 474 1694 500 εἵπου
1704 475 1816 510 εἴρηται.

1069 515 1264 551 Εὐλογημένη
1285 517 1304 550 ἡ
1319 516 1395 549 δόξα
1407 519 1518 552 Κυρίου
1536 519 1570 546 ἐκ
1585 519 1639 546 τοῦ
1656 520 1750 547 τόπου
1767 523 1815 548 αὺ-

1033 561 1096 587 τοῦ.
1127 561 1214 588 Τόπον
1235 561 1303 588 Θεοῦ
1329 563 1438 598 νοητέον
1461 563 1565 596 πάντας
1580 566 1644 597 τοὺς
1668 567 1817 602 χωροῦντας

1032 606 1146 642 δύναμιν
1168 607 1252 634 Θεοῦ’
1276 608 1347 644 πλὴν
1365 609 1467 645 κυρίως
1485 610 1567 642 τόπος
1586 611 1619 637 ἂν
1636 612 1678 647 εἴη
1693 612 1709 636 ὁ
1729 613 1817 649 Σωτὴρ

1033 652 1079 679 καὶ
1093 652 1205 688 Κύριος,
1217 652 1312 688 ὥσπερ
1326 653 1359 680 ἃν
1378 654 1425 681 καὶ
1441 654 1522 681 αὺτοῦ
1536 655 1581 682 τοῦ
1599 656 1729 692 Σωτῆρος
1745 658 1817 690 τόπος

1032 699 1046 724 ὸ
1063 699 1168 734 Πατήρ.
1188 699 1243 725 Καὶ
1257 698 1350 726 τοῦτόν
1365 709 1396 734 γε
1411 700 1456 727 τὸν
1474 702 1573 737 τρόπον
1589 704 1760 739 νενοήκςιμεν
1777 705 1817 731 καὶ

1032 745 1062 771 τὸ
1072 746 1101 772 ὲν
1115 745 1153 780 τῷ
1167 746 1273 780 Μιχαίᾳ
1286 745 1372 778 οὕτως
1381 746 1443 781 ἕχον
1453 755 1459 762 ·
1475 747 1553 774 Διότι
1571 748 1635 775 ἰδοὺ
1654 750 1763 783 Κύριος
1776 751 1818 777 ὲκ-

1033 790 1188 824 πορεύεται
1202 790 1237 817 ἐκ
1248 791 1300 818 τοῦ
1312 792 1405 819 τόπου
1422 792 1528 827 αὐτοῦ,
1547 793 1596 820 καὶ
1613 796 1816 828 καταϐήσεται,

1033 835 1083 863 καὶ
1097 836 1271 870 ἐπιϐήσεται
1282 837 1332 863 ἐπὶ
1347 837 1383 864 τὰ
1396 838 1460 872 ὕψη
1473 837 1527 873 τῆς
1541 839 1598 874 γῆς
1607 861 1614 873 ,
1640 841 1688 868 καὶ
1700 841 1735 868 τὰ
1752 842 1816 877 ἑῇς.

1033 879 1116 917 Οἶμαι
1126 882 1180 918 γὰρ
1194 882 1238 910 διὰ
1253 883 1354 910 τούτων
1370 884 1588 920 προφητεύεσθαι
1602 886 1651 922 τὴν
1668 887 1716 914 τοῦ
1733 888 1817 924 Σωτῆ-

1034 935 1080 961 ρος
1095 927 1174 962 ἡμῶν
1195 927 1317 959 κάθοδον,
1334 929 1551 965 ἐκπορευομένου
1565 932 1597 958 ἐκ
1611 931 1659 958 τοῦ
1675 932 1760 959 τόπου
1774 934 1817 960 αὺ-

1032 971 1079 998 τοῦ
1093 973 1141 999 καὶ
1153 973 1363 1009 κατεληλυθότος
1381 975 1434 1001 ἀπὸ
1449 975 1498 1010 τῆς
1515 976 1563 1003 σὺν
1579 977 1619 1012 τῷ
1636 977 1728 1014 Πατρὶ
1741 987 1820 1014 προη-

1033 1019 1169 1055 γουμένης
1185 1021 1377 1053 καταστάσεως
1398 1021 1493 1049 αὐτοῦ,
1509 1022 1625 1050 Δύναται
1643 1024 1769 1059 μέντοιγε
1783 1025 1821 1051 τό-

1034 1072 1084 1095 πος
1103 1065 1244 1092 καλεῖσθαι
1263 1066 1330 1093 Θεοῦ
1344 1067 1376 1093 τὸ
1391 1066 1535 1104 λεγὸμενυν
1553 1069 1625 1104 παρὰ
1647 1069 1748 1105 Παύλῳ
1768 1071 1819 1105 et};

1032 1109 1178 1145 ἀπρόσιτον
1193 1112 1222 1137 ἐν
1238 1111 1277 1146 τῷ
1287 1119 1293 1125 ”
1303 1112 1334 1138 ὀ
1351 1113 1445 1146 μόνος
1459 1113 1538 1147 ἔχων
1558 1114 1744 1148 ἀθανασίαν,
1763 1115 1820 1150 φῶς

1032 1154 1121 1182 οἰκῶν
1133 1155 1309 1189 ἀπρόσιτον.
1333 1157 1365 1183 Τί
1383 1157 1412 1184 δὲ
1426 1158 1504 1185 τοῦτό
1516 1160 1606 1192 ὲστιν;
1630 1160 1662 1186 'li
1686 1160 1819 1197 βαθυτάτη

1031 1200 1131 1235 γνῶσις
1150 1201 1197 1227 τοῦ
1218 1201 1297 1233 Θεοῦ,
1359 1203 1409 1238 οὐχ
1431 1201 1486 1230 οἷόν
1509 1213 1538 1230 τε
1561 1205 1723 1240 προσελθεῖν
1754 1216 1819 1240 τινα,

1031 1246 1092 1273 οὐδὲ
1108 1247 1230 1282 χωρῆσαι
1245 1247 1295 1282 τὴν
1309 1248 1458 1284 κατάληψιν
1473 1249 1568 1285 αὐτῆς.

1067 1291 1186 1318 Σκοπὲν
1209 1291 1324 1319 δέδωκά
1340 1300 1377 1320 σε
1394 1294 1435 1326 τῷ
1450 1295 1522 1327 οἴκῳ
1543 1297 1678 1330 Ἰοιριιήλ.
1703 1299 1821 1335 Ἐπειδὴι

1031 1345 1085 1372 περ
1096 1337 1203 1373 βαρέως
1221 1337 1350 1372 φέρεσθαι
1367 1339 1459 1374 μέλλει
1472 1341 1502 1367 τό
1514 1350 1521 1356 '
1541 1343 1660 1369 Σκοπὸν
1676 1344 1776 1372 ἔδωκά
1788 1354 1822 1373 σε

1031 1382 1070 1415 τῷ
1089 1383 1160 1415 οἴκῳ
1182 1384 1317 1418 Ἰσραὴλ,
1340 1385 1424 1420 ἐχρῆν
1442 1387 1516 1421 ἡμᾶς
1533 1387 1692 1423 διδαχθῆναι
1709 1391 1768 1423 πῶς
1780 1392 1822 1425 γέ-

1030 1435 1108 1462 γονεν
1121 1428 1135 1454 ὁ
1152 1429 1295 1464 προφήτης
1312 1430 1427 1462 σκοπὸς,
1446 1431 1498 1462 ἵνα,
1513 1432 1624 1459 ἐπειδάν
1637 1442 1710 1467 τινες
1731 1437 1764 1462 ἐκ
1777 1436 1820 1462 τοῦ

190 1489 222 1508 ca
233 1489 293 1516 quze
313 1481 413 1516 scripta
437 1485 501 1508 sunt
521 1489 574 1507 non
594 1480 781 1512 observantes,
800 1481 962 1514 speculatori

1063 1483 1069 1509 ι
1086 1475 1264 1510 τετηρηκέναι
1287 1475 1319 1502 τὰ
1338 1477 1519 1512 γεγραμμένα
1536 1479 1693 1514 ἐπιπηδῶσι
1709 1481 1749 1516 τῷ
1768 1482 1821 1508 ὀνό-

190 1535 290 1554 nomen
304 1532 429 1562 carpunt,
448 1535 480 1554 ex
495 1532 549 1554 tota
561 1527 699 1562 Scriptura
711 1534 758 1554 eos
769 1526 978 1560 confundamns,

190 1574 362 1601 ostendentes
377 1573 515 1608 quomodo
527 1574 556 1599 ﬁt
569 1577 596 1600 et
609 1572 689 1600 datur
703 1573 858 1607 speculator
876 1574 908 1601 iis
931 1575 977 1608 qui

190 1627 253 1646 vere
275 1624 338 1646 sunt
354 1619 400 1645 lilii
422 1619 517 1646 Israel.
540 1618 583 1645 Fit
599 1619 690 1654 itaque
716 1619 742 1645 in
767 1619 840 1646 hunc
867 1620 978 1647 modum

190 1664 365 1699 speculator,
390 1664 498 1699 quando
525 1671 622 1699 nempe
647 1669 744 1698 praeter
763 1672 794 1692 ea
822 1672 882 1699 quae
905 1665 978 1692 dicta

190 1714 264 1742 sunt,
285 1710 315 1736 ﬁt
335 1717 432 1736 manus
447 1709 554 1736 Domini
567 1717 648 1744 super
662 1710 790 1744 aliquem,
808 1718 858 1737 nec
874 1710 978 1745 simpli-

188 1757 256 1783 citer
271 1763 367 1782 manus
379 1755 496 1787 Domini,
510 1755 556 1782 sed
578 1756 636 1790 ipsa
658 1755 737 1783 fortis
754 1760 836 1791 atque
853 1757 975 1785 robusta.

187 1801 325 1830 Fortassis
345 1802 416 1829 enim
442 1809 495 1828 non
513 1809 596 1836 super
619 1809 731 1835 omnes,
749 1810 831 1837 super
854 1810 923 1837 quos
947 1803 978 1830 lit

187 1855 285 1876 manus
303 1846 421 1879 Domini,
439 1847 463 1874 iit
481 1854 577 1874 manus
594 1847 700 1874 Domini
723 1847 801 1875 fortis
823 1853 904 1883 atque
928 1857 972 1876 ro-

186 1894 277 1927 busta,
297 1893 367 1928 quod
383 1893 434 1920 sibi
449 1893 562 1920 invicem
579 1893 682 1921 similes
700 1901 753 1920 non
769 1894 833 1927 sint,
855 1895 901 1929 qui
915 1895 976 1929 ,hoc

186 1943 391 1973 consequuntur
407 1942 436 1964 ut
454 1937 487 1964 ad
502 1946 531 1965 se
545 1937 591 1964 liat
609 1946 706 1965 manus
723 1937 841 1966 Domini.
860 1939 976 1967 Necesse

184 1990 227 2012 est
237 1990 325 2011 autem
341 1989 370 2011 ut
383 1984 428 2018 qui
440 1984 474 2010 sit
485 1983 659 2018 ingressurus
676 1985 703 2011 in
714 1985 973 2019 captivitatem,non

186 2029 297 2057 humilis
305 2029 331 2055 in
339 2036 400 2055 eam
410 2028 586 2062 ingrediatur,
597 2036 646 2055 nec
652 2029 745 2055 eodem
752 2029 843 2056 animo
850 2029 973 2064 allectus,

185 2082 241 2109 quo
249 2074 299 2108 ipsi
312 2074 422 2108 captivi,
432 2073 477 2101 scd
486 2080 561 2100 extra
576 2081 748 2101 communem
757 2074 808 2110 41
816 2075 836 2108 ι
854 2083 885 2102 ac
899 2076 972 2111 vulgi

186 2125 285 2148 sortem
296 2121 359 2147 celsi
368 2121 451 2147 animi
460 2121 504 2153 sit,
513 2125 540 2147 ct
547 2121 628 2147 vcluti
640 2128 672 2148 ex
680 2121 788 2155 specula
796 2122 972 2157 uniuscujus-

185 2174 238 2202 que
257 2166 425 2200 captivorum
445 2166 492 2200 qui
513 2165 590 2199 juxta
609 2165 708 2192 ﬂuenta
721 2165 795 2192 ﬂuvii
809 2167 973 2200 captivitatis

185 2212 267 2239 rebus
278 2211 449 2238 iustabilibus
464 2216 642 2246 occupantur,
657 2211 834 2245 proprietates
847 2212 972 2240 conside-

185 2262 235 2286 ret.
253 2257 394 2294 Oportebit
410 2257 491 2284 ctianx
506 2262 536 2284 ut
547 2257 707 2284 revertendo
718 2257 775 2284 dics
791 2258 900 2285 Sabbati
918 2267 971 2286 nu-

185 2311 280 2337 meret,
295 2308 325 2331 ut
340 2303 481 2338 diligenter
496 2303 633 2338 sciatquae
650 2307 714 2330 sunt
726 2303 972 2337 captivorum.Sic-

184 2359 237 2385 que
255 2351 346 2377 audiet
364 2359 371 2376 :
394 2348 589 2382 Speculatorem
607 2349 667 2375 dedi
688 2353 712 2375 te
731 2349 819 2376 domui
835 2349 932 2378 Israel.

221 2396 331 2431 Iniquus
343 2395 388 2421 ille
407 2395 434 2421 in
452 2403 501 2421 sua
521 2395 656 2429 injustitia
670 2395 796 2421 morietur
808 2395 841 2422 ίο.
856 2395 915 2422 Non
930 2403 972 2424 so-

183 2443 238 2470 lum
267 2441 434 2474 iniquitatis,
461 2447 554 2466 verum
585 2440 666 2467 etiam
694 2440 799 2467 viarum
829 2441 969 2475 meminit;

183 2496 280 2523 ncmpe
295 2487 463 2521 iniquitatem
484 2494 584 2513 vocans
598 2486 671 2520 quod
688 2486 783 2513 attinet
795 2487 827 2513 ad
845 2486 969 2521 impieta-

183 2539 235 2561 tcm
260 2538 286 2560 ct
311 2533 443 2560 idolorum
467 2532 586 2565 cultum;
605 2532 662 2560 vias
678 2537 779 2565 anteit),
803 2532 829 2559 id
846 2533 918 2567 quod
933 2533 968 2560 ad

181 2580 302 2608 actiones
318 2587 380 2613 erga
395 2579 546 2613 proximum
561 2583 675 2613 spectat.

215 2627 249 2654 Et
267 2627 289 2652 si
308 2626 429 2652 averterit
447 2633 473 2651 se
486 2624 576 2659 justus
590 2625 622 2652 “.
646 2623 767 2651 Primum
783 2624 892 2659 quidem
910 2625 968 2652 haec

180 2673 250 2700 dicta
267 2676 340 2703 sunt,
356 2671 427 2706 quod
448 2671 515 2698 ιιῐΙιιί
533 2674 606 2697 vetet
620 2670 768 2704 quominus
783 2670 806 2697 is
820 2670 866 2704 qui
877 2670 966 2704 justus

179 2724 221 2746 cst
238 2718 332 2750 cadat;
349 2717 446 2744 deinde
457 2718 531 2752 quod
546 2720 572 2744 et
589 2715 625 2742 illi
640 2723 709 2751 opus
722 2715 759 2743 sit
773 2715 887 2742 seorsim
903 2722 966 2749 spe-

223 2810 234 2826 ⁶
246 2809 343 2836 Ezech.
361 2817 400 2843 III,
420 2809 461 2836 12.
499 2810 508 2824 ⁷
525 2808 604 2836 Mich.
618 2817 637 2843 ι,
650 2809 676 2836 3.
719 2809 729 2824 ⁸
743 2808 751 2835 l
766 2808 836 2835 Tim.
854 2815 892 2839 τι,
913 2809 954 2836 ιο.

992 2811 1001 2825 ⁵*
1021 2809 1103 2834 ι’ζι;·ι,Ιι
1131 2814 1170 2838 tII,
1191 2807 1230 2832 Π.

1032 1528 1097 1555 ματι
1111 1521 1157 1546 τοῦ
1173 1521 1291 1552 σκοποῦ,
1310 1522 1514 1558 δυσωπήσωμεν
1530 1525 1629 1556 αὐτοὺς
1646 1526 1678 1558 ἐξ
1694 1527 1759 1563 ὅλης
1773 1528 1820 1563 τῆς

1030 1566 1139 1599 λέξεως,
1158 1567 1384 1603 παραδεικνύντες
1403 1569 1461 1600 πῶς
1481 1570 1584 1604 γίνεται
1602 1573 1705 1604 σκοπὸς
1720 1575 1768 1600 καὶ
1779 1575 1820 1600 δέ·

1029 1614 1102 1640 δοται
1118 1615 1174 1646 τοῖς
1189 1614 1296 1650 ἀληθῶς
1311 1616 1377 1646 υἱοῖς
1402 1615 1521 1652 Ἰσραήλ.
1544 1617 1649 1644 Γίνεται
1669 1619 1762 1646 τοίνυν
1779 1620 1821 1646 οὓ-

1029 1668 1083 1691 τως
1100 1659 1210 1692 σκοπὺς,
1235 1660 1303 1688 ἐπὰν
1320 1661 1389 1697 πρὸς
1405 1664 1461 1693 τοῖς
1484 1664 1695 1699 προειρημένοις
1719 1666 1820 1699 γίνεται

1029 1706 1075 1732 ἐπί
1094 1715 1153 1733 τινα
1176 1707 1237 1742 χεὶρ
1247 1708 1364 1743 Κυρίου·
1383 1709 1431 1735 καὶ
1451 1710 1500 1744 οὐχ
1516 1710 1609 1742 ἁπλῶς
1629 1711 1692 1747 χεὶρ
1707 1713 1819 1747 Κυρίου,

1028 1753 1084 1779 ἀλλ’
1101 1753 1168 1789 αὑτὴ
1190 1754 1317 1790 κραταιά.
1341 1754 1416 1790 Τάχα
1436 1755 1488 1790 γὰρ
1509 1756 1558 1781 οὐκ
1580 1756 1626 1782 ἐπὶ
1643 1757 1761 1790 πάντας,
1776 1757 1820 1789 οὓς

1028 1799 1131 1833 γίνεται
1153 1801 1212 1836 χεὶρ
1233 1801 1347 1836 Κυρίου,
1367 1802 1471 1835 γίνεται
1491 1802 1609 1837 κραταιὰ
1631 1803 1691 1838 χεὶρ
1707 1804 1821 1840 Κυρίου,

1027 1844 1066 1880 τῷ
1082 1845 1149 1880 μηδὲ
1165 1845 1373 1881 παραπλησίους
1391 1846 1515 1882 ἀλλήλοις
1530 1845 1599 1873 εἷναι
1618 1849 1681 1880 τοὺς
1692 1848 1820 1885 ἀξιουμέ-

1027 1900 1089 1922 νους
1109 1892 1198 1927 χειρὸς
1222 1891 1335 1927 Κυρίου.
1361 1893 1406 1918 Δεῖ
1429 1892 1456 1918 δὲ
1472 1893 1517 1919 τὸν
1539 1893 1696 1921 εἰσελθόντα
1717 1896 1758 1927 εἰς
1773 1896 1821 1931 τὴν

1027 1937 1214 1972 αἰχμαλωσίαν
1233 1937 1269 1974 μὴ
1287 1937 1413 1965 ταπεινὸν
1429 1938 1559 1965 εἰσελθεῖν
1573 1940 1613 1971 εἰς
1627 1939 1713 1975 αὐτὴν
1726 1941 1775 1967 καὶ
1788 1940 1821 1967 τὰ

1026 1980 1205 2017 παραπλήσια
1226 1981 1363 2017 πάσχοντα
1384 1983 1440 2014 τοῖς
1458 1983 1729 2018 αἰχμαλωτισθεῖσιν,

1025 2035 1085 2053 τινα
1095 2027 1258 2062 διῃρημένον
1275 2027 1321 2053 καὶ
1337 2028 1482 2063 μετέωρον,
1497 2029 1544 2055 καὶ
1558 2029 1596 2061 ὡς
1608 2030 1664 2056 ἀπὸ
1673 2030 1759 2065 ὕψους
1770 2040 1820 2058 καθ

1025 2072 1213 2100 τασκοποῦντα
1231 2072 1264 2098 τὰ
1288 2073 1421 2108 ἰδιώματα
1440 2073 1498 2105 ἐνὸς
1512 2075 1628 2101 ἑκάστου
1647 2075 1703 2102 τῶν
1716 2085 1820 2104 πεπον-

1028 2118 1112 2144 θότων
1132 2117 1179 2153 τὴν
1203 2118 1392 2153 αἰχμαλωσίαν
1413 2119 1460 2145 καὶ
1475 2119 1550 2155 παρὰ
1562 2121 1618 2152 τοῖς
1636 2121 1757 2156 ῥεύμασι
1773 2123 1821 2149 τοῦ

1027 2163 1150 2199 ποταμοῦ
1174 2164 1223 2199 τῆς
1249 2164 1436 2199 αἰχμαλωσίας
1463 2166 1661 2193 κατοικούντων
1687 2168 1735 2194 καὶ
1764 2171 1821 2200 107.;

1027 2209 1154 2239 ἀστάτοις
1169 2209 1259 2236 αὐτῶν
1273 2209 1427 2244 πράγμασι.
1452 2209 1578 2245 ’Λριθμὸν
1593 2211 1621 2237 δὲ
1635 2212 1728 2248 δεήσει
1743 2214 1822 2249 moti}-

1028 2263 1072 2281 σαι
1082 2253 1194 2290 ἡμερῶν
1208 2254 1342 2281 σαϐϐάτου
1361 2255 1605 2291 ἀναστρεφόμενον,
1621 2257 1664 2284 ἵνα
1680 2259 1820 2294 ἐπιμελῶς

1028 2300 1070 2337 ῐδῃ
1086 2299 1121 2326 τὰ
1137 2299 1190 2326 τῶν
1206 2299 1394 2334 αἰχμαλώτων.
1420 2300 1474 2326 Καὶ
1488 2301 1574 2333 οὕτως
1591 2302 1704 2329 ἀκούσει
1715 2312 1722 2318 '
1747 2306 1820 2332 Σκο-

1027 2346 1086 2373 πὸν
1099 2345 1215 2373 δέδωκά
1225 2354 1263 2372 σε
1278 2345 1318 2378 τῷ
1332 2346 1403 2377 οἴκῳ
1430 2346 1561 2381 Ἰσραήλ.

1065 2392 1091 2418 '0
1107 2392 1218 2426 ἄνομος
1236 2391 1351 2425 ἐκεῖνος
1368 2392 1403 2418 ἐν
1422 2391 1459 2426 τῇ
1480 2392 1579 2426 ἀδικίᾳ
1594 2393 1690 2420 αὐτοῦ
1706 2395 1819 2423 ἀποθα-

1022 2438 1124 2465 νεῖται.
1138 2439 1195 2464 Οὐκ
1208 2438 1322 2473 ἀνομίας
1339 2438 1434 2473 μόνον,
1451 2438 1517 2465 ἀλλὰ
1538 2438 1586 2465 καὶ
1608 2439 1676 2467 ὁδῶν
1697 2442 1818 2477 ἐμνημό-

1021 2493 1108 2516 νευσε,
1122 2485 1170 2520 τὴν
1185 2485 1299 2519 ἀνομίαν
1312 2485 1411 2521 φήσας,
1429 2485 1476 2510 ἐπὶ
1486 2486 1519 2519 τῇ
1533 2485 1645 2521 ἀσεϐείᾳ
1657 2488 1704 2513 καὶ
1716 2490 1751 2523 τῇ
1764 2489 1818 2516 τῶν

1020 2531 1137 2560 εἰδώλων
1149 2531 1280 2566 θεραπείᾳ
1292 2539 1298 2545 ·
1315 2530 1350 2557 τὰ
1365 2530 1392 2556 δὲ
1405 2530 1481 2562 ὀδοὺς
1499 2531 1544 2557 ἐπὶ
1558 2530 1612 2557 τῶν
1627 2532 1755 2568 πράξεων
1763 2534 1816 2560 τῶν

1021 2577 1061 2607 εἰς
1077 2576 1122 2603 τὸν
1135 2576 1257 2611 πλησίον.

1054 2622 1108 2648 Καὶ
1121 2622 1155 2647 ἐν
1170 2621 1209 2654 τῷ
1226 2622 1428 2656 ἀποστρέφειν
1446 2622 1570 2648 δίκαιον.
1581 2622 1694 2658 Πρῶτον
1704 2624 1816 2659 μὲν,ὼς

1020 2667 1132 2694 δυνατοῦ
1143 2667 1219 2699 ὄντος
1230 2667 1276 2694 τοῦ
1291 2667 1395 2694 δικαίου
1414 2669 1684 2702 μεταπεσεῖν,ταῦτα
1695 2671 1814 2706 εἴρηται·

1020 2712 1144 2747 δεύτερον
1160 2713 1199 2746 δὲ,
1214 2714 1254 2740 ὅτι
1273 2714 1319 2740 καὶ
1330 2714 1371 2740 δεῖ
1384 2713 1470 2749 τούτῳ
1488 2713 1713 2750 διαστελλομένου
1738 2715 1814 2752 αὐτᾷ·

1273 2806 1293 2821 ¹⁰
1311 2806 1374 2834 ibid.
1394 2807 1437 2834 19.
1493 2806 1513 2822 ¹¹
1529 2806 1593 2835 ibid.
1610 2807 1656 2836 20.
