1882 3052
48 184 112 211 777

648 179 804 208 SELECTA
823 180 856 207 IN
878 179 1108 208 EZECIIIELEM.

1653 179 1705 207 778

57 242 188 272 αωωῦ-
205 242 255 270 καὶ
266 241 356 280 τρίτον
370 242 416 268 ἐπὶ
433 241 482 276 μὲν
500 240 546 267 τοῦ
562 240 664 276 ἀνόμου
681 240 775 273 ἁπλῶς
789 240 861 276 εἴρη-

948 240 1054 272 latorc;
1073 248 1104 268 ac
1121 240 1211 273 tertio,
1226 240 1299 276 quod
1313 239 1345 267 dc
1357 239 1452 275 iniquo
1465 239 1589 267 absolute
1603 240 1705 268 dictum

51 297 107 316 ται
115 287 150 315 τό
157 296 165 303 ·
186 287 213 314 Ὀ
227 287 339 322 ἄνομος
351 287 386 313 ἐν
392 285 430 321 τῇ
441 287 549 321 ἀνομίᾳ
556 286 649 313 αὐτοῦ
656 286 859 314 ἀποθανεῖται.

56 335 190 366 Βὰσανος
204 333 336 361 τέτακται
355 334 399 360 ἐπ’
414 333 511 360 αὑτοῦ·
528 332 617 360 Δώσω
627 332 693 369 γὰρ,
711 333 788 367 φησὶ,
803 331 862 367 τὴν

51 380 208 414 ,βάσανον
219 381 263 413 εἰς
278 379 440 414 πρόσωπον
452 378 557 406 αὑτοῦ.

97 426 159 454 Καὶ
173 425 290 461 ἐγένετο
308 425 354 452 ἐπ’
368 424 420 459 ἐμὲ
445 425 509 460 χεὶρ
531 425 652 459 Κυρίου.
678 424 788 460 Ἐπειδὴ
810 424 861 451 οὐκ

57 473 195 500 ἐδύναντο
208 472 358 507 ἑστηκότος
370 471 452 499 αὑτοῦ
465 471 575 498 ἀκούειν
583 471 608 498 οῑ
622 472 651 498 ἐν
669 472 702 507 τῇ
720 470 861 506 αἰχμαλω-

59 519 122 554 σίᾳ,
143 517 189 544 διὰ
203 517 281 544 τοῦτο
293 517 427 553 ἑκαθέσθη
441 518 470 544 ἐν
486 517 562 553 μέσῳ
576 517 675 544 αὐτῶν.
691 518 756 544 Ὅτε
768 517 798 544 δὲ
813 518 862 544 αὑ-

55 565 110 596 τὸς
122 564 215 600 μέλλει
227 563 335 599 βλέπειν
348 563 398 599 τὴν
417 563 495 595 δόξαν
511 563 614 600 Κυρίου
624 583 632 595 ,
652 563 793 590 ἀνίσταται
814 564 861 591 καὶ

57 610 208 646 ἐξέρχεται
221 611 260 641 εἰς
272 609 303 636 τὸ
312 608 402 636 πεδίον
411 630 418 641 ,
435 608 690 645 συλλαμϐανομένου
710 609 790 644 μόνου
812 609 860 636 τοῦ

58 656 187 688 πλάτους
211 655 258 682 τοῦ
283 655 375 682 πεδίου
393 656 424 690 τῇ
440 654 500 690 ὕψει
516 655 566 690 τῆς
581 654 660 690 δόξης
682 655 802 691 Κυρίου,
827 655 861 691 ἣν

58 702 180 738 ἔμελλεν
194 702 261 737 ὸρᾷν
271 702 286 728 ὁ
301 701 457 737 προφήτης.

101 748 244 781 Hicetas,
267 748 315 775 καὶ
335 748 529 782 ἐγκλεισθητι
549 747 586 774 ἐν
598 747 683 782 μέσῳ
698 747 752 775 τοῦ
775 747 860 774 οἶκοι)

57 802 136 822 σου.
164 794 239 820 Ἐπεὶ
250 794 299 829 οὐχ
314 791 370 820 οἷόν
388 794 418 821 τέ
433 795 493 821 ὲστι
512 794 673 821 διακεῖσθαι’
685 794 860 830 προσδιατρί-

61 841 148 868 ϐοντα
164 839 350 876 ἐξεληλυθέναι
363 840 412 866 καὶ
426 840 568 876 ἑαηκέναι
581 840 626 867 τδν
643 840 683 867 ἔτι
699 840 764 868 ὂντα
781 842 809 867 ὲν
821 841 861 876 τῷ

63 887 194 923 σώματι⁴
209 887 289 914 καλεῖ
305 887 360 923 γὰρ
375 888 392 923 ἡ
407 888 550 923 σωματικὴ
572 887 652 923 χρεία
670 887 740 924 πρὸς
760 887 791 914 τὸ
813 888 860 914 καὶ

63 934 138 970 μετὰ
151 933 201 966 τὰς
218 933 294 966 θείας
308 933 425 970 θεωρίας
442 934 522 961 πάλιν
536 933 667 960 εἰσελθεῖν
677 935 717 966 εις
735 934 766 961 τὸ
780 934 860 969 σῶμα

60 980 114 1006 καὶ
125 979 208 1006 οεονεὶ
226 980 261 1007 τὰ
282 979 330 1007 τοῦ
349 979 543 1016 κεκλεισμένου
568 979 701 1016 πάσχεινο
721 980 765 1008 διὰ
781 981 862 1008 τοῦτο

58 1026 177 1060 λέγεται
195 1026 264 1061 μετὰ
276 1026 307 1052 τὺ
320 1026 472 1062 ἑωρακέναι
493 1026 576 1054 αὐτὸν
590 1027 736 1062 ἑστηκυῖαν
754 1027 805 1063 τὴν
820 1027 863 1054 δό-

61 1072 126 1105 ξαν,
142 1072 190 1098 καὶ
205 1071 275 1107 μετὰ
285 1072 316 1098 τὸ
332 1071 385 1098 ὑπὸ
402 1071 449 1099 τοῦ
465 1071 622 1108 πνεύματος
634 1072 794 1109 ἐστηρίχθαι
814 1073 862 1099 ἐπὶ

59 1118 121 1144 ⁸ιιῶν
132 1117 220 1144 ποδῶν
228 1116 321 1149 αὐτοῦ,
334 1116 375 1150 τὸ,
389 1117 528 1150 Εισελθε,
537 1116 726 1152 ἑτκλείσθητι
736 1117 862 1152 ἐνμέσῳ

59 1164 119 1191 τοῦ
133 1164 220 1190 οἴκου
236 1171 306 1191 σου.

106 1209 182 1237 Ἰδοὺ
194 1209 324 1237 δίδονται
335 1209 386 1237 ἐπὶ
399 1209 438 1237 σὲ
451 1210 566 1245 δεσμοί.
583 1211 638 1238 Καὶ
652 1210 726 1243 τίνες
739 1209 773 1237 ἂν
788 1209 862 1238 ἄλλοι

60 1254 119 1284 εἷεν
134 1256 159 1282 οἱ
169 1255 305 1290 δεδομένοι
324 1256 370 1282 ἐπὶ
388 1256 434 1283 τδν
453 1257 596 1293 προφήτην
609 1257 704 1292 δεσμοὶ
724 1256 741 1292 ἢ
763 1257 792 1283 al
807 1265 861 1283 σω-

65 1303 183 1338 ματικαὶ
198 1302 327 1337 ἀνάγκαι,
339 1304 368 1329 ὲν
383 1300 428 1335 αἷς
444 1304 514 1331 εἰσιν
524 1305 549 1331 οἱ
574 1303 754 1340 δεσμεύοντες
768 1304 843 1339 ἡμᾶς
852 1311 861 1320 °

60 1349 104 1381 ὡς
123 1348 303 1385 μὴ,δῦνασθαι
321 1349 411 1386 πάντη
426 1350 556 1386 ἐκφυγεῖν
572 1349 658 1382 αὐτὰς
680 1349 728 1377 καὶ
743 1349 862 1382 ἐξελθεῖν

62 1395 113 1421 ἀπ’
125 1394 231 1430 αὐτῶν;
259 1394 327 1423 Διὰέ·
337 1396 438 1429 ταύτας
460 1396 594 1424 συνδεῖται
611 1397 630 1432 ἠ
653 1395 765 1431 γλῶσσα
781 1396 862 1432 ἡμῶν

63 1442 121 1471 ὰπδ
134 1443 202 1470 Θεοῦ
220 1443 289 1479 πρὸς
300 1443 346 1470 τὸν
357 1443 498 1478 λάρυγγα·
514 1442 586 1469 ὥστε
601 1442 639 1478 μὴ
656 1442 703 1468 τὸν
717 1441 783 1478 περὶ
807 1441 862 1468 τῶν

65 1489 199 1518 πλειόνων
211 1489 289 1524 λόγον
300 1489 348 1516 καὶ
364 1487 569 1524 μυστικιὶνιατον
580 1489 608 1515 ὲν
616 1488 682 1524 ἡμῖν
691 1485 761 1515 εἶναι
780 1496 862 1523 μετα-

63 1536 168 1563 διδόναι
178 1536 235 1567 τοῖς
243 1535 492 1571 παραπικραινουσι
503 1535 534 1561 τδ
547 1535 624 1561 Θεῖον
639 1534 685 1561 καὶ
698 1533 735 1570 μὴ
742 1533 861 1570 χωροῦσι

65 1583 165 1617 λόγους
185 1582 368 1617 ὶλεγκτικούς.
396 1581 470 1618 Πλὴν
488 1581 713 1619 παρατηρητέον,
737 1581 778 1608 ὅτι
797 1580 862 1608 ἔνθα
874 1599 896 1628 C

66 1627 181 1655 πλείονά
193 1628 296 1655 ἐστιτὰ
319 1629 514 1664 ἁμαρτήματα,
531 1627 670 1654 κελεύεται
683 1628 698 1654 ὁ
719 1628 861 1664 προφήτης

66 1673 138 1710 μηδὲ
154 1673 275 1708 ἐλέγχειν
293 1673 333 1700 ἔτι
348 1673 392 1700 διὰ
405 1672 453 1700 τοῦ
463 1682 470 1688 ·
487 1673 542 1700 Καὶ
559 1673 615 1700 οὐκ
625 1673 683 1707 ἔσῃ
700 1672 803 1706 αὐτοῖς
817 1673 861 1706 εὶς

66 1719 165 1753 ἄνδρα
185 1719 369 1753 ἐλέγχοντα,
400 1718 476 1746 διότι
507 1719 591 1752 οἶκος
615 1717 862 1752 παραπικραίνων

65 1766 135 1793 ἐστι
144 1774 152 1781 ·
167 1765 229 1792 οὔτε
239 1765 268 1792 δὲ
279 1765 322 1792 ἀεὶ
337 1765 477 1792 κελεύεται
498 1765 603 1800 σιωπᾷν
614 1764 662 1791 καὶ
675 1764 711 1799 μὴ
726 1763 860 1798 ἐλέγχειν,

67 1811 127 1840 ἀλλ’
138 1813 168 1838 ἂν
182 1811 272 1848 καιρῷ
283 1811 418 1838 καὶτοῦτο
434 1812 520 1838 ποιεῖν
538 1810 582 1838 διὰ
598 1811 629 1838 τὸ
642 1810 784 1847 εἰρῆσθαι*
805 1809 862 1837 Καὶ

67 1858 105 1884 ἐν
116 1857 158 1890 τῷ
172 1856 278 1884 λαλεῖν
287 1866 327 1892 με
341 1857 416 1891 πρὸς
430 1856 467 1884 σὲ
480 1855 591 1889 ἀνοίξω
611 1856 646 1884 τὸ
669 1857 768 1891 στόμα
790 1863 859 1887 σου,

68 1904 119 1931 καὶ
137 1903 215 1938 ἐρεῖς
226 1904 302 1938 πρὸς
314 1903 426 1936 αὐτούς
436 1912 443 1918 ·
468 1900 541 1930 Τάδε
555 1903 637 1938 λέγει
659 1903 781 1937 Κύριος’
805 1901 862 1928 Καὶ

68 1950 188 1978 ἀκούων
196 1950 340 1982 ἀκουέτω,
355 1949 404 1977 καὶ
419 1951 435 1976 ὁ
448 1949 578 1977 ἀπειθῶν
588 1948 753 1977 ἁπειθείτω.

400 2039 479 2066 ΚΕΦ.
499 2039 537 2066 Δ’.

103 2085 182 2113 Λάϐε
191 2083 310 2117 σεαυτῷ
322 2084 460 2111 πλίνθον.
477 2081 560 2119 Οἶμαι
581 2083 631 2119 τὴν
650 2082 861 2118 λαμϐανομένην

68 2132 182 2159 πλίνθον
197 2130 314 2158 ἕκαστον
337 2128 407 2157 εἶναι
425 2130 479 2157 τῶν
495 2130 549 2166 πρὸ
568 2129 615 2156 τοῦ
639 2129 860 2161 πεπιστευκέναι,

68 2178 172 2213 πλίνθῳ
183 2177 232 2213 τὴν
246 2177 367 2204 διάνοιαν
380 2176 516 2203 ἐοικότων.

108 2222 163 2249 Τοῦ
179 2221 283 2248 αὑτοῦ.
301 2220 413 2247 Πλινθον
427 2220 543 2247 ἐνταῦθα
554 2220 657 2256 νομίζω
671 2219 798 2254 λέγεσθαι
812 2219 861 2255 τὴν

912 285 966 312 sil:
991 284 1103 320 Iniquus
1125 293 1153 312 ιη
1180 286 1320 321 iniquitate
1345 294 1393 313 sua
1421 286 1560 313 morietur.
1591 285 1706 314 Ponitur

912 335 1077 358 tormentum
1094 339 1176 367 super
1195 339 1257 359 eum
1274 341 1280 359 :
1305 332 1378 359 Dabo
1396 332 1480 366 enim,
1503 332 1592 368 inquit
1603 332 1635 366 “,
1649 337 1708 360 tor.

911 381 1027 404 mentum
1041 378 1070 404 in
1090 377 1186 413 [aciem
1204 378 1272 413 ejus.

949 422 982 449 Et
1006 423 1078 458 facta
1092 429 1131 451 est
1148 433 1226 459 super
1244 433 1284 452 me
1296 432 1389 451 manus
1402 423 1509 452 Domini
1524 425 1556 452 ¹³.
1569 424 1639 458 Quia
1651 433 1706 453 non

912 473 1038 503 poterant
1057 469 1156 505 captivi
1171 474 1287 497 stantem
1304 470 1378 497 illum
1395 471 1500 503 audire,
1519 471 1622 498 idcirco
1636 471 1708 499 sedit

912 515 939 542 iu
956 516 1046 543 medio
1061 523 1168 544 eorum.
1185 516 1219 544 At
1234 524 1296 544 cum
1315 518 1373 552 ipse
1387 517 1495 545 Domini
1510 518 1624 553 gloriam
1641 525 1708 545 cou-

912 567 1057 596 sper-turus
1068 567 1119 595 est,
1141 568 1205 592 tunc
1216 566 1303 600 surgit
1318 570 1345 593 et
1364 566 1390 592 in
1414 573 1540 600 campum
1557 565 1706 600 egreditur,

912 613 942 635 ut
961 609 1018 636 sola
1037 610 1125 645 campi
1142 611 1258 639 latitudo
1274 620 1330 639 una
1343 619 1404 640 cum
1419 615 1531 646 aspectu
1547 613 1642 647 gloriae
1653 612 1708 640 Do-

912 655 978 682 mini
991 663 1073 690 quam
1097 660 1174 685 stans
1199 657 1310 685 visurus
1336 661 1396 685 erat
1415 658 1557 693 propheta,
1579 666 1706 695 compre-

912 701 1087 729 henderetur.

947 747 1103 783 Ingredere.
1126 753 1151 776 et
1172 748 1305 776 includere
1322 749 1347 776 in
1372 749 1458 776 medio
1485 749 1580 777 domne
1602 753 1655 777 tua
1673 751 1705 778 “.

911 792 982 826 Quia
1010 793 1067 820 ﬁeri
1097 802 1150 821 non
1176 799 1275 829 potest,
1311 799 1341 822 ut
1361 795 1407 830 qui
1431 796 1522 822 adhuc
1537 800 1663 823 versatur
1678 796 1706 824 in

911 846 1036 874 corpore,
1054 840 1080 866 in
1097 840 1236 876 longiores
1252 848 1346 868 moras
1360 841 1436 868 exire
1453 849 1485 868 ac
1503 846 1577 870 stare
1591 843 1708 870 suiliciat

912 884 1074 920 (corporalis
1089 886 1163 913 enim
1178 886 1233 914 illic
1247 887 1398 914 necessitas
1413 891 1455 914 est
1470 891 1499 914 ut
1515 892 1542 914 et
1556 895 1618 915 cum
1637 889 1708 916 divi-

913 939 947 959 na
965 931 1051 967 gloria
1066 933 1093 960 in
1108 940 1208 968 corpus
1223 941 1332 960 rursum
1351 933 1530 969 ingrediatur,
1545 942 1578 962 ac
1589 935 1663 962 velut
1675 943 1707 964 ea

912 985 974 1012 qua:
989 978 1088 1006 inclusi
1106 987 1226 1011 carcere,
1242 980 1384 1014 patiatur),
1402 980 1504 1009 idcirco
1518 981 1628 1014 dicitur,
1647 987 1708 1017 post

911 1029 1085 1060 conspectam
1102 1030 1220 1054 stantem
1236 1026 1363 1061 gl0riam.
1377 1031 1404 1054 et
1416 1031 1562 1062 postquam
1574 1035 1637 1056 eum
1651 1029 1708 1064 spi-

912 1070 984 1098 ritus
993 1078 1075 1106 supra
1089 1072 1171 1107 pedes
1184 1080 1250 1100 suos
1263 1073 1376 1100 ﬁrmiter
1387 1077 1521 1101 statuerat
1533 1083 1540 1102 :
1554 1073 1706 1110 Ingredere,

913 1114 1048 1142 includere
1058 1116 1086 1142 in
1104 1117 1189 1144 medio
1205 1117 1300 1145 domus
1315 1122 1376 1145 tum.

949 1206 1017 1234 Ecce
1030 1207 1130 1236 dantur
1145 1217 1224 1244 super
1237 1215 1261 1238 te
1271 1211 1376 1238 vincula
1390 1212 1422 1239 ιδ.
1434 1211 1501 1240 Nam
1513 1221 1640 1248 quamam
1653 1213 1706 1241 alia

912 1251 975 1280 data
991 1252 1094 1282 fuerint
1109 1263 1193 1290 super
1213 1257 1375 1292 prophetam
1398 1258 1517 1292 vincula,
1536 1267 1619 1295 quam
1641 1268 1707 1288 cor-

912 1299 1020 1334 porales
1037 1300 1230 1335 necessitates,
1252 1302 1278 1329 in
1302 1303 1402 1338 quibus
1423 1309 1488 1331 sunt
1503 1312 1564 1340 quae
1579 1313 1630 1333 nos
1646 1306 1707 1333 vin-

913 1343 1007 1371 ciunt:
1023 1344 1060 1372 ita
1074 1349 1104 1372 ut
1116 1353 1170 1373 non
1182 1347 1267 1375 liceat
1284 1355 1331 1376 eas
1354 1349 1468 1376 omnino
1484 1349 1602 1386 effugere
1625 1355 1653 1379 et
1672 1352 1707 1379 ab

911 1390 952 1418 eis
966 1390 1061 1418 exire?
1074 1390 1116 1419 οι»
1129 1399 1187 1426 eas,
1202 1393 1249 1421 Dei
1265 1394 1416 1428 voluntate,
1432 1396 1524 1432 lingua
1540 1401 1633 1426 nostra
1646 1397 1708 1426 fau-

912 1436 990 1465 cibus
1005 1438 1109 1466 nostris
1126 1439 1205 1473 quasi
1220 1439 1310 1468 vincta
1326 1441 1447 1470 adhaeret
1464 1451 1471 1470 :
1495 1442 1532 1470 ita
1557 1448 1586 1471 ut
1601 1452 1655 1472 non
1671 1446 1708 1473 sit

911 1487 1015 1512 nostra
1024 1483 1162 1512 facultatis
1184 1485 1339 1514 uberiorem
1361 1487 1516 1516 doctrinam
1540 1493 1622 1524 atque
1642 1491 1707 1518 abs-

913 1531 1061 1560 trusiorem
1087 1531 1140 1559 illis
1155 1531 1288 1567 impertiri
1299 1533 1346 1567 qui
1364 1533 1449 1561 Deum
1467 1540 1640 1570 exasperant,
1656 1544 1709 1566 nec

912 1578 1027 1614 capiunt
1038 1578 1120 1605 verba
1134 1577 1332 1614 obiurgatoria.
1347 1579 1482 1608 Caeterum
1504 1581 1707 1610 observandum

912 1628 964 1657 est,
977 1623 1024 1651 ubi
1041 1623 1158 1659 plurima
1172 1627 1236 1650 sunt
1251 1629 1373 1659 peccata,
1391 1624 1439 1658 ibi,
1463 1633 1498 1654 ne
1519 1627 1638 1662 amplius
1658 1627 1709 1656 ob—

910 1668 1011 1704 iurget,
1026 1669 1166 1704 prophetae
1183 1669 1292 1704 praecipi
1308 1670 1350 1698 his
1366 1671 1456 1698 verbis
1478 1672 1499 1687 "
1512 1681 1519 1698 :
1534 1671 1570 1700 Et
1590 1681 1641 1700 non
1655 1674 1708 1701 erit

910 1715 950 1742 eis
974 1716 1002 1742 in
1027 1715 1114 1742 virum
1135 1715 1328 1750 objurgantem,
1346 1716 1409 1751 quia
1431 1717 1524 1745 domus
1544 1726 1707 1754 exasperari:

911 1765 960 1788 est.
983 1759 1039 1788 Nec
1066 1768 1130 1788 vero
1151 1761 1290 1788 silentium
1314 1769 1422 1796 semper
1447 1763 1606 1798 imperatur,
1629 1769 1709 1793 etne

913 1806 1054 1841 objurget;
1077 1813 1171 1833 verum
1189 1806 1241 1834 hoc
1259 1814 1369 1841 quoque
1391 1807 1560 1844 intempore
1577 1815 1709 1845 prtcslare

911 1850 1033 1886 jubetur,
1056 1850 1160 1878 dictum
1184 1855 1226 1878 est
1252 1851 1325 1878 enim
1338 1852 1380 1879 ιτς
1402 1851 1436 1878 Et
1458 1853 1588 1888 loquendo
1614 1856 1648 1882 ad
1671 1862 1706 1888 te.

912 1897 1031 1931 aperiam
1044 1905 1075 1924 os
1093 1901 1177 1928 tuum,
1193 1901 1218 1923 et
1234 1897 1305 1924 dices
1326 1898 1361 1924 ad
1380 1907 1423 1926 eos
1440 1899 1542 1935 :512
1559 1900 1624 1928 Ηιεε
1642 1902 1707 1929 dicit

913 1943 1043 1970 Dominus
1054 1950 1064 1970 :
1078 1943 1130 1975 Qui
1145 1943 1232 1976 audit,
1254 1943 1368 1977 audiat;
1388 1949 1413 1972 et
1429 1947 1525 1980 quiest
1545 1947 1707 1981 inobediens,

914 1997 964 2016 non
981 1989 1096 2017 obediat.

1237 2035 1314 2063 CAP.
1338 2035 1384 2064 IV.

949 2081 1029 2109 Sume
1044 2081 1092 2108 tibi
1107 2081 1217 2108 laterent
1229 2081 1260 2106 ¹³.
1278 2080 1421 2113 Existimo.
1439 2089 1520 2116 quem
1541 2085 1625 2118 sumit
1641 2086 1708 2113 latc-

913 2134 988 2158 rcm,
1013 2133 1240 2161 unumquemque
1263 2134 1324 2154 esse
1343 2135 1438 2154 eorum
1456 2129 1503 2163 qui
1522 2135 1611 2158 mente
1631 2132 1708 2159 lateri

913 2173 1017 2201 similes
1034 2177 1099 2200 sunt
1113 2179 1177 2200 ante
1197 2178 1352 2208 susceptam
1368 2174 1460 2202 iidem.

948 2218 1087 2254 Ejusdem.
1105 2220 1228 2247 Laterem
1246 2220 1299 2248 hoc
1324 2221 1384 2248 loco
1409 2221 1463 2250 dici
1487 2222 1608 2251 arbitror
1631 2224 1708 2252 rudis

68 2268 118 2296 τοῦ
131 2266 294 2294 ἀπαιδεύτου
311 2267 359 2293 καὶ
373 2267 486 2302 ἀνοήτου
498 2266 597 2301 ψυχὴν,
608 2267 636 2293 ὲν
681 2265 861 2300 διαγράφεται

948 2266 1036 2293 ιιιιίιιίε
1052 2274 1085 2293 ac
1101 2266 1255 2301 insipientis
1270 2267 1401 2300 animam,
1424 2267 1451 2295 in
1463 2276 1517 2303 qua
1534 2276 1549 2296 a
1563 2270 1708 2304 propheta,

70 2313 126 2341 ὑπὸ
144 2312 190 2339 τοῦ
213 2312 351 2348 προφήτου
371 2312 419 2339 καὶ
439 2311 486 2338 τοῦ
504 2311 654 2346 δυναμένου
677 2310 812 2338 διδάσκειν
828 2310 863 2337 τὰ

71 2354 243 2393 πνευματικὰ
260 2358 307 2384 καὶ
327 2357 361 2384 τὰ
377 2357 520 2394 κρείττονα
540 2356 764 2392 παραδεικνύναι,
785 2357 864 2389 πόλις

76 2404 264 2440 Ἰερουσαλὴμ,
274 2404 323 2430 καὶ
337 2403 372 2430 τὰ
384 2405 413 2430 ὲν
425 2404 494 2439 αὐτῇ
514 2403 661 2439 μυστήρια,
679 2403 727 2429 καὶ
751 2403 766 2430 ὁ
784 2403 864 2438 λόγος

69 2456 123 2490 τῆς
142 2449 245 2482 πόλεως
267 2449 315 2476 τοῦ
344 2449 412 2477 Θεοῦ
437 2450 485 2477 καὶ
509 2449 564 2476 τῶν
589 2447 862 2485 ὲμπολιτευσαμέιων

70 2497 149 2531 αὐτῇ.
171 2495 288 2531 Περιοχὴ
313 2495 341 2522 δὲ
355 2496 405 2531 τῆς
420 2496 523 2527 πόλεως
543 2495 576 2521 ἂν
598 2496 640 2531 εἴη
653 2495 776 2530 δόγματα
799 2497 862 2531 ὀχυ-

71 2542 169 2579 ροῦντα
183 2542 246 2574 τοὺς
257 2542 353 2576 λόγους
371 2543 434 2574 τοὺς
446 2542 511 2578 περὶ
524 2542 624 2579 αὐτήν·
640 2541 820 2578 προμαχῶνες
834 2543 863 2569 δὲ

69 2591 98 2618 αι
121 2589 372 2616 κατασκευαστικαὶ
390 2589 552 2621 ἀποδείξεις.
578 2589 655 2624 Τάχα
677 2588 705 2616 δὲ
730 2589 778 2615 καὶ
801 2589 862 2615 καθ’

69 2635 169 2670 ἑαυτὴν
185 2635 201 2670 ἡ
217 2634 312 2670 λογικὴ
329 2634 441 2670 θεωρία,
458 2633 493 2671 ἧς
509 2636 539 2661 ὲν
555 2631 658 2668 ambiret:
672 2634 713 2660 δεῖ
735 2632 804 2661 εἶναι
816 2635 862 2661 τὸν

69 2681 292 2716 ἀκαταμάχητον,
307 2680 468 2716 σημαίνεται
484 2681 517 2707 ἐκ
531 2680 577 2707 τοῦ
590 2689 596 2696 ·
613 2680 668 2708 Καὶ
692 2679 863 2714 περιϐαλεῖς

69 2729 102 2755 ἐν
117 2725 196 2761 αὐτῇ
216 2726 353 2761 χάρακα·
375 2728 393 2762 ἡ
417 2726 446 2753 δὲ
470 2726 602 2762 ἀγγελικὴ
629 2723 733 2762 φρουρὰ
753 2727 786 2754 ἑκ
799 2727 861 2754 τοῦ·

70 2773 123 2801 ω
137 2771 244 2805 δώσεις
258 2769 389 2806 ἐναὺτῇ
415 2771 618 2807 ,παρεμϐολάς
637 2773 665 2798 αι
686 2771 715 2800 δὲ
735 2771 862 2806 βελοστά-

71 2827 126 2850 σεις
137 2819 164 2846 αι
178 2817 273 2852 κύκλῳ
286 2817 337 2851 τῆς
349 2817 538 2852 Ἰερουσαλὴμ,
552 2818 578 2845 οἱ
592 2818 808 2850 ἀποκρουόμενοι
820 2819 864 2845 λό-

108 2871 131 2886 "
146 2870 242 2898 Ezech.
262 2877 304 2901 ιιι,
320 2868 364 2896 l9.

75 2908 96 2924 "
111 2906 175 2934 ibid.

212 2953 350 2982 ΡΑτιιοι.
371 2950 430 2981 (in.
452 2951 538 2982 Xlll.

402 2869 423 2884 ’³
435 2870 500 2897 ibid.
517 2871 562 2897 92.
601 2871 622 2886 “
637 2870 700 2898 ibid.
717 2871 761 2897 2i.
791 2870 861 2904 ,"jh

948 2872 961 2897 i.
1011 2870 1032 2886 "
1048 2868 1113 2897 ibid.
1131 2868 1176 2896 28.
1218 2869 1239 2885 ”
1256 2868 1320 2896 ibid.
1332 2869 1376 2897 27.

916 2315 943 2338 et
954 2311 988 2338 ab
998 2318 1031 2338 eo
1041 2311 1087 2346 qui
1102 2316 1191 2345 potest
1204 2310 1302 2339 docere
1316 2312 1459 2346 spiritalia,
1473 2321 1506 2341 ac
1519 2315 1709 2350 praestantiora

917 2361 1084 2389 monstrare,
1110 2357 1305 2385 describuntur
1326 2358 1424 2386 civitas
1446 2350 1618 2397 Jerusalem,
1648 2368 1709 2396 qua:

917 2406 982 2429 sunt
996 2402 1024 2429 in
1044 2410 1076 2430 ea
1097 2404 1238 2439 mysteria,
1255 2404 1325 2431 ratio
1347 2404 1465 2432 civitatis
1485 2404 1543 2438 Dei.
1558 2413 1591 2434 ac
1611 2414 1709 2436 eorum

917 2447 964 2483 qui
987 2447 1013 2474 in
1030 2455 1063 2474 ea
1085 2447 1159 2476 cives
1183 2449 1295 2484 ascripti
1320 2453 1394 2477 sunt.
1411 2448 1519 2477 Civitati
1541 2455 1631 2478 autem
1654 2451 1708 2479 cir-

916 2493 1079 2522 cumductus
1095 2502 1192 2522 murus
1209 2499 1236 2522 et
1251 2502 1334 2530 agger
1346 2499 1429 2522 erunt
1442 2495 1570 2531 dogmata
1583 2497 1709 2525 munien-

917 2540 953 2567 tia
969 2539 1028 2574 eius
1048 2540 1186 2574 rationes;
1208 2541 1409 2576 propugnacula
1431 2549 1515 2574 vero.
1545 2544 1709 2571 astruenda-

916 2586 977 2614 rum
993 2594 1084 2614 rerum
1097 2587 1353 2615 demonstrationes.
1367 2587 1448 2616 Forte
1465 2596 1529 2616 vero
1541 2589 1599 2624 ipsa
1611 2597 1709 2617 secun-

916 2634 982 2660 dum
997 2640 1027 2661 se
1041 2633 1140 2661 rationi
1158 2634 1248 2662 nitens
1265 2635 1470 2670 contemplatio,
1485 2635 1566 2670 cujus
1583 2635 1708 2666 notitiam

916 2679 1015 2707 habeat
1032 2686 1144 2706 necesse
1163 2683 1205 2707 est
1227 2680 1273 2715 qui
1289 2681 1508 2716 inexpugnabilis
1525 2681 1634 2709 iuturus
1655 2688 1708 2716 est,

916 2725 970 2753 illis
985 2725 1077 2753 verbis
1088 2724 1258 2760 signiﬁcatur
1271 2726 1292 2742 "
1307 2735 1314 2754 :
1332 2726 1366 2765 Εςι
1376 2728 1553 2756 ιὶτειιηιάιώὶε
1565 2728 1597 2761 in
1611 2736 1641 2756 ea
1657 2728 1709 2756 ral-

916 2772 989 2804 lum;
1006 2771 1164 2806 angelorum
1176 2775 1267 2799 autem
1283 2773 1419 2806 custodia,
1434 2781 1494 2802 cum
1506 2774 1606 2805 dicitur
1615 2775 1639 2790 "
1652 2783 1659 2802 :
1674 2773 1708 2802 Et

916 2818 992 2846 dubi:
1008 2825 1085 2852 super
1100 2825 1160 2844 eum
1177 2821 1285 2849 castra;
1302 2818 1448 2846 missilium
1464 2820 1598 2848 machina:
1613 2820 1640 2847 in
1654 2820 1710 2847 cir-

1425 2870 1446 2886 "
1460 2870 1525 2899 ibid.
1571 2869 1669 2897 "ibid.
1680 2869 1709 2896 '3.

1487 2953 1528 2982 ‘15
