  <div class='ocr_page' id='page_1' title='image "/cluster/home/n/w/nwhite01/storage/ocr_20150623/13/njp.32101077772430/479.png"; bbox 0 0 1882 3052; ppageno 0'>
   <div class='ocr_carea' id='block_1_1' title="bbox 191 105 244 133">
    <p class='ocr_par' dir='ltr' id='par_1_1' title="bbox 191 105 244 133">
     <span class='ocr_line' id='line_1_1' title="bbox 191 105 244 133; baseline -0.019 -1"><span class='ocrx_word' id='word_1_1' title='bbox 191 105 244 133; x_wconf 70' lang='lat'><strong>773</strong></span> 
     </span>
    </p>
   </div>
   <div class='ocr_carea' id='block_1_2' title="bbox 187 163 1013 200">
    <p class='ocr_par' dir='ltr' id='par_1_2' title="bbox 187 163 1013 200">
     <span class='ocr_line' id='line_1_2' title="bbox 187 163 1013 200; baseline 0.004 -9"><span class='ocrx_word' id='word_1_2' title='bbox 187 164 262 192; x_wconf 83' lang='lat' dir='ltr'><strong>cuitu</strong></span> <span class='ocrx_word' id='word_1_3' title='bbox 277 163 438 195; x_wconf 74' lang='lat' dir='ltr'><strong>Jerusalem,</strong></span> <span class='ocrx_word' id='word_1_4' title='bbox 455 165 574 192; x_wconf 84' lang='lat' dir='ltr'><strong>rationes</strong></span> <span class='ocrx_word' id='word_1_5' title='bbox 588 170 722 200; x_wconf 70' lang='lat' dir='ltr'><strong>suntquae</strong></span> <span class='ocrx_word' id='word_1_6' title='bbox 737 168 872 193; x_wconf 72' lang='lat' dir='ltr'><strong>contraria</strong></span> <span class='ocrx_word' id='word_1_7' title='bbox 886 176 906 194; x_wconf 75' lang='grc' dir='ltr'>γι</span> <span class='ocrx_word' id='word_1_8' title='bbox 916 173 974 194; x_wconf 86' lang='lat' dir='ltr'><strong>tnn-</strong></span> <span class='ocrx_word' id='word_1_9' title='bbox 994 173 1013 198; x_wconf 74' lang='grc' dir='ltr'>Α</span> 
     </span>
    </p>
   </div>
   <div class='ocr_carea' id='block_1_3' title="bbox 187 211 978 248">
    <p class='ocr_par' dir='ltr' id='par_1_3' title="bbox 187 211 978 248">
     <span class='ocr_line' id='line_1_3' title="bbox 187 211 978 248; baseline 0.004 -10"><span class='ocrx_word' id='word_1_10' title='bbox 187 213 256 239; x_wconf 85' lang='lat' dir='ltr'><strong>dunt</strong></span> <span class='ocrx_word' id='word_1_11' title='bbox 281 217 451 247; x_wconf 78' lang='lat' dir='ltr'><strong>argumenta.</strong></span> <span class='ocrx_word' id='word_1_12' title='bbox 482 211 550 246; x_wconf 87' lang='lat' dir='ltr'><strong>Quia</strong></span> <span class='ocrx_word' id='word_1_13' title='bbox 583 221 647 240; x_wconf 87' lang='lat' dir='ltr'><strong>vero</strong></span> <span class='ocrx_word' id='word_1_14' title='bbox 675 218 736 247; x_wconf 80' lang='lat' dir='ltr'><strong>post</strong></span> <span class='ocrx_word' id='word_1_15' title='bbox 766 218 840 240; x_wconf 88' lang='lat' dir='ltr'><strong>tanta</strong></span> <span class='ocrx_word' id='word_1_16' title='bbox 865 222 978 248; x_wconf 60' lang='lat' dir='ltr'><strong>percara:</strong></span> 
     </span>
    </p>
   </div>
   <div class='ocr_carea' id='block_1_4' title="bbox 162 257 976 294">
    <p class='ocr_par' dir='ltr' id='par_1_4' title="bbox 162 257 976 294">
     <span class='ocr_line' id='line_1_4' title="bbox 162 257 976 294; baseline 0 -8"><span class='ocrx_word' id='word_1_17' title='bbox 162 266 165 282; x_wconf 79' lang='grc' dir='ltr'>ῖ</span> <span class='ocrx_word' id='word_1_18' title='bbox 186 259 270 286; x_wconf 80' lang='lat' dir='ltr'><strong>etiam</strong></span> <span class='ocrx_word' id='word_1_19' title='bbox 288 262 386 294; x_wconf 79' lang='lat' dir='ltr'><strong>potest,</strong></span> <span class='ocrx_word' id='word_1_20' title='bbox 402 257 516 286; x_wconf 77' lang='lat' dir='ltr'><strong>forsitan</strong></span> <span class='ocrx_word' id='word_1_21' title='bbox 533 266 593 293; x_wconf 71' lang='lat' dir='ltr'><strong>qua:</strong></span> <span class='ocrx_word' id='word_1_22' title='bbox 608 259 746 293; x_wconf 84' lang='lat' dir='ltr'><strong>peccantis</strong></span> <span class='ocrx_word' id='word_1_23' title='bbox 767 259 888 286; x_wconf 90' lang='lat' dir='ltr'><strong>animum</strong></span> <span class='ocrx_word' id='word_1_24' title='bbox 914 268 976 294; x_wconf 86' lang='lat' dir='ltr'><strong>per-</strong></span> 
     </span>
    </p>
   </div>
   <div class='ocr_carea' id='block_1_5' title="bbox 163 295 976 340">
    <p class='ocr_par' dir='ltr' id='par_1_5' title="bbox 163 295 976 340">
     <span class='ocr_line' id='line_1_5' title="bbox 163 295 976 340; baseline 0 -8"><span class='ocrx_word' id='word_1_25' title='bbox 163 295 166 326; x_wconf 46' lang='grc' dir='ltr'>ἶ</span> <span class='ocrx_word' id='word_1_26' title='bbox 187 305 326 340; x_wconf 72' lang='lat' dir='ltr'><strong>stringunt</strong></span> <span class='ocrx_word' id='word_1_27' title='bbox 341 305 460 331; x_wconf 85' lang='lat' dir='ltr'><strong>rationes</strong></span> <span class='ocrx_word' id='word_1_28' title='bbox 476 309 502 332; x_wconf 90' lang='lat' dir='ltr'><strong>et</strong></span> <span class='ocrx_word' id='word_1_29' title='bbox 521 304 656 339; x_wconf 77' lang='lat' dir='ltr'><strong>castigant</strong></span> <span class='ocrx_word' id='word_1_30' title='bbox 679 305 778 338; x_wconf 86' lang='lat' dir='ltr'><strong>ipsum,</strong></span> <span class='ocrx_word' id='word_1_31' title='bbox 799 310 907 340; x_wconf 76' lang='lat' dir='ltr'><strong>sartago</strong></span> <span class='ocrx_word' id='word_1_32' title='bbox 923 305 976 332; x_wconf 80' lang='lat' dir='ltr'><strong>fer-</strong></span> 
     </span>
    </p>
   </div>
   <div class='ocr_carea' id='block_1_6' title="bbox 189 351 979 387">
    <p class='ocr_par' dir='ltr' id='par_1_6' title="bbox 189 351 979 387">
     <span class='ocr_line' id='line_1_6' title="bbox 189 351 979 387; baseline 0.003 -9"><span class='ocrx_word' id='word_1_33' title='bbox 189 360 234 378; x_wconf 85' lang='lat' dir='ltr'><strong>rea</strong></span> <span class='ocrx_word' id='word_1_34' title='bbox 256 352 437 386; x_wconf 70' lang='lat' dir='ltr'><strong>appellantur,</strong></span> <span class='ocrx_word' id='word_1_35' title='bbox 453 351 681 386; x_wconf 83' lang='lat' dir='ltr'><strong>quemadmodum</strong></span> <span class='ocrx_word' id='word_1_36' title='bbox 697 351 845 378; x_wconf 86' lang='lat' dir='ltr'><strong>secundum</strong></span> <span class='ocrx_word' id='word_1_37' title='bbox 863 353 979 387; x_wconf 87' lang='lat' dir='ltr'><strong>prophe—</strong></span> 
     </span>
    </p>
   </div>
   <div class='ocr_carea' id='block_1_7' title="bbox 188 398 976 432">
    <p class='ocr_par' dir='ltr' id='par_1_7' title="bbox 188 398 976 432">
     <span class='ocr_line' id='line_1_7' title="bbox 188 398 976 432; baseline 0.001 -7"><span class='ocrx_word' id='word_1_38' title='bbox 188 404 241 426; x_wconf 90' lang='lat' dir='ltr'><strong>tam</strong></span> <span class='ocrx_word' id='word_1_39' title='bbox 260 407 356 426; x_wconf 88' lang='lat' dir='ltr'><strong>murtts</strong></span> <span class='ocrx_word' id='word_1_40' title='bbox 373 398 477 425; x_wconf 79' lang='lat' dir='ltr'><strong>ferreus</strong></span> <span class='ocrx_word' id='word_1_41' title='bbox 492 398 623 432; x_wconf 82' lang='lat' dir='ltr'><strong>est,quod</strong></span> <span class='ocrx_word' id='word_1_42' title='bbox 640 398 674 424; x_wconf 85' lang='lat' dir='ltr'><strong>ab</strong></span> <span class='ocrx_word' id='word_1_43' title='bbox 691 398 795 432; x_wconf 86' lang='lat' dir='ltr'><strong>optimo</strong></span> <span class='ocrx_word' id='word_1_44' title='bbox 812 399 903 426; x_wconf 86' lang='lat' dir='ltr'><strong>habitu</strong></span> <span class='ocrx_word' id='word_1_45' title='bbox 924 408 976 426; x_wconf 80' lang='lat' dir='ltr'><strong>non</strong></span> 
     </span>
    </p>
   </div>
   <div class='ocr_carea' id='block_1_8' title="bbox 185 443 978 478">
    <p class='ocr_par' dir='ltr' id='par_1_8' title="bbox 185 443 978 478">
     <span class='ocr_line' id='line_1_8' title="bbox 185 443 978 478; baseline 0.001 -7"><span class='ocrx_word' id='word_1_46' title='bbox 185 445 303 473; x_wconf 80' lang='lat' dir='ltr'><strong>excidat.</strong></span> <span class='ocrx_word' id='word_1_47' title='bbox 318 444 384 471; x_wconf 88' lang='lat' dir='ltr'><strong>lllad</strong></span> <span class='ocrx_word' id='word_1_48' title='bbox 401 448 490 470; x_wconf 86' lang='lat' dir='ltr'><strong>autem</strong></span> <span class='ocrx_word' id='word_1_49' title='bbox 503 444 543 470; x_wconf 74' lang='grc' dir='ltr'><strong>ἰε</strong></span> <span class='ocrx_word' id='word_1_50' title='bbox 559 443 673 470; x_wconf 81' lang='lat' dir='ltr'><strong>Parabis</strong></span> <span class='ocrx_word' id='word_1_51' title='bbox 688 443 783 478; x_wconf 74' lang='lat' dir='ltr'><strong>faciem</strong></span> <span class='ocrx_word' id='word_1_52' title='bbox 801 449 884 475; x_wconf 85' lang='lat' dir='ltr'><strong>tuam,</strong></span> <span class='ocrx_word' id='word_1_53' title='bbox 906 445 978 472; x_wconf 90' lang='lat' dir='ltr'><strong>hunc</strong></span> 
     </span>
    </p>
   </div>
   <div class='ocr_carea' id='block_1_9' title="bbox 187 491 978 526">
    <p class='ocr_par' dir='ltr' id='par_1_9' title="bbox 187 491 978 526">
     <span class='ocr_line' id='line_1_9' title="bbox 187 491 978 526; baseline 0 -8"><span class='ocrx_word' id='word_1_54' title='bbox 187 492 267 519; x_wconf 87' lang='lat' dir='ltr'><strong>habet</strong></span> <span class='ocrx_word' id='word_1_55' title='bbox 281 499 390 519; x_wconf 90' lang='lat' dir='ltr'><strong>sensum</strong></span> <span class='ocrx_word' id='word_1_56' title='bbox 406 500 411 518; x_wconf 89' lang='lat'>:</span> <span class='ocrx_word' id='word_1_57' title='bbox 430 491 615 526; x_wconf 78' lang='lat' dir='ltr'><strong>perspicacem</strong></span> <span class='ocrx_word' id='word_1_58' title='bbox 637 491 720 518; x_wconf 91' lang='lat' dir='ltr'><strong>animi</strong></span> <span class='ocrx_word' id='word_1_59' title='bbox 748 492 785 518; x_wconf 90' lang='lat' dir='ltr'><strong>tui</strong></span> <span class='ocrx_word' id='word_1_60' title='bbox 817 491 870 518; x_wconf 91' lang='lat' dir='ltr'><strong>vim</strong></span> <span class='ocrx_word' id='word_1_61' title='bbox 897 499 978 526; x_wconf 76' lang='lat' dir='ltr'><strong>super</strong></span> 
     </span>
    </p>
   </div>
   <div class='ocr_carea' id='block_1_10' title="bbox 186 535 978 571">
    <p class='ocr_par' dir='ltr' id='par_1_10' title="bbox 186 535 978 571">
     <span class='ocr_line' id='line_1_10' title="bbox 186 535 978 571; baseline 0.001 -8"><span class='ocrx_word' id='word_1_62' title='bbox 186 537 279 563; x_wconf 72' lang='lat' dir='ltr'><strong>urbem</strong></span> <span class='ocrx_word' id='word_1_63' title='bbox 293 536 412 571; x_wconf 78' lang='lat' dir='ltr'><strong>colliges,</strong></span> <span class='ocrx_word' id='word_1_64' title='bbox 428 539 458 563; x_wconf 93' lang='lat' dir='ltr'><strong>ut</strong></span> <span class='ocrx_word' id='word_1_65' title='bbox 471 535 498 562; x_wconf 88' lang='lat' dir='ltr'><strong>in</strong></span> <span class='ocrx_word' id='word_1_66' title='bbox 522 535 653 563; x_wconf 72' lang='lat' dir='ltr'><strong>laterculo</strong></span> <span class='ocrx_word' id='word_1_67' title='bbox 668 544 727 563; x_wconf 87' lang='lat' dir='ltr'><strong>eam</strong></span> <span class='ocrx_word' id='word_1_68' title='bbox 745 541 880 564; x_wconf 73' lang='lat' dir='ltr'><strong>exstruas.</strong></span> <span class='ocrx_word' id='word_1_69' title='bbox 903 537 978 564; x_wconf 84' lang='lat' dir='ltr'><strong>Erit-</strong></span> 
     </span>
    </p>
   </div>
   <div class='ocr_carea' id='block_1_11' title="bbox 184 580 976 615">
    <p class='ocr_par' dir='ltr' id='par_1_11' title="bbox 184 580 976 615">
     <span class='ocr_line' id='line_1_11' title="bbox 184 580 976 615; baseline 0.001 -7"><span class='ocrx_word' id='word_1_70' title='bbox 184 589 236 615; x_wconf 75' lang='grc' dir='ltr'><strong>ι]ηο</strong></span> <span class='ocrx_word' id='word_1_71' title='bbox 257 581 353 608; x_wconf 81' lang='lat' dir='ltr'><strong>civitas</strong></span> <span class='ocrx_word' id='word_1_72' title='bbox 373 581 430 608; x_wconf 57' lang='lat' dir='ltr'><strong>haec</strong></span> <span class='ocrx_word' id='word_1_73' title='bbox 451 581 591 608; x_wconf 77' lang='lat' dir='ltr'><strong>cortclusa.</strong></span> <span class='ocrx_word' id='word_1_74' title='bbox 615 580 761 608; x_wconf 75' lang='lat' dir='ltr'><strong>Concludes</strong></span> <span class='ocrx_word' id='word_1_75' title='bbox 783 582 854 609; x_wconf 84' lang='lat' dir='ltr'><strong>enim</strong></span> <span class='ocrx_word' id='word_1_76' title='bbox 873 583 976 614; x_wconf 83' lang='lat' dir='ltr'><strong>eam&quot;,</strong></span> 
     </span>
    </p>
   </div>
   <div class='ocr_carea' id='block_1_12' title="bbox 184 626 977 662">
    <p class='ocr_par' dir='ltr' id='par_1_12' title="bbox 184 626 977 662">
     <span class='ocr_line' id='line_1_12' title="bbox 184 626 977 662; baseline 0.003 -8"><span class='ocrx_word' id='word_1_77' title='bbox 184 626 343 662; x_wconf 74' lang='lat' dir='ltr'><strong>imprimens</strong></span> <span class='ocrx_word' id='word_1_78' title='bbox 359 635 419 654; x_wconf 80' lang='lat' dir='ltr'><strong>eam</strong></span> <span class='ocrx_word' id='word_1_79' title='bbox 437 631 518 662; x_wconf 82' lang='lat' dir='ltr'><strong>atque</strong></span> <span class='ocrx_word' id='word_1_80' title='bbox 533 627 674 655; x_wconf 75' lang='lat' dir='ltr'><strong>includens</strong></span> <span class='ocrx_word' id='word_1_81' title='bbox 689 627 715 654; x_wconf 89' lang='lat' dir='ltr'><strong>in</strong></span> <span class='ocrx_word' id='word_1_82' title='bbox 731 627 821 655; x_wconf 88' lang='lat' dir='ltr'><strong>anima</strong></span> <span class='ocrx_word' id='word_1_83' title='bbox 843 629 977 656; x_wconf 70' lang='lat' dir='ltr'><strong>auditoris</strong></span> 
     </span>
    </p>
   </div>
   <div class='ocr_carea' id='block_1_13' title="bbox 182 672 976 708">
    <p class='ocr_par' dir='ltr' id='par_1_13' title="bbox 182 672 976 708">
     <span class='ocr_line' id='line_1_13' title="bbox 182 672 976 708; baseline 0.003 -8"><span class='ocrx_word' id='word_1_84' title='bbox 182 681 295 708; x_wconf 85' lang='lat' dir='ltr'><strong>corpore</strong></span> <span class='ocrx_word' id='word_1_85' title='bbox 317 673 488 700; x_wconf 86' lang='lat' dir='ltr'><strong>circumdati.</strong></span> <span class='ocrx_word' id='word_1_86' title='bbox 517 672 591 700; x_wconf 86' lang='lat' dir='ltr'><strong>Istud</strong></span> <span class='ocrx_word' id='word_1_87' title='bbox 616 681 680 700; x_wconf 88' lang='lat' dir='ltr'><strong>vero</strong></span> <span class='ocrx_word' id='word_1_88' title='bbox 708 673 841 708; x_wconf 83' lang='lat' dir='ltr'><strong>quidquid</strong></span> <span class='ocrx_word' id='word_1_89' title='bbox 870 679 920 705; x_wconf 84' lang='lat' dir='ltr'><strong>est,</strong></span> <span class='ocrx_word' id='word_1_90' title='bbox 950 675 976 702; x_wconf 94' lang='lat' dir='ltr'><strong>in</strong></span> 
     </span>
    </p>
   </div>
   <div class='ocr_carea' id='block_1_14' title="bbox 183 718 977 755">
    <p class='ocr_par' dir='ltr' id='par_1_14' title="bbox 183 718 977 755">
     <span class='ocr_line' id='line_1_14' title="bbox 183 718 977 755; baseline 0.001 -9"><span class='ocrx_word' id='word_1_91' title='bbox 183 720 290 755; x_wconf 77' lang='lat' dir='ltr'><strong>signant</strong></span> <span class='ocrx_word' id='word_1_92' title='bbox 309 719 362 746; x_wconf 86' lang='lat' dir='ltr'><strong>illis</strong></span> <span class='ocrx_word' id='word_1_93' title='bbox 376 723 418 745; x_wconf 84' lang='lat' dir='ltr'><strong>est</strong></span> <span class='ocrx_word' id='word_1_94' title='bbox 433 719 480 753; x_wconf 85' lang='lat' dir='ltr'><strong>qui</strong></span> <span class='ocrx_word' id='word_1_95' title='bbox 505 726 604 754; x_wconf 84' lang='lat' dir='ltr'><strong>genere</strong></span> <span class='ocrx_word' id='word_1_96' title='bbox 632 718 745 753; x_wconf 82' lang='lat' dir='ltr'><strong>ingenui</strong></span> <span class='ocrx_word' id='word_1_97' title='bbox 769 724 843 751; x_wconf 89' lang='lat' dir='ltr'><strong>sunt,</strong></span> <span class='ocrx_word' id='word_1_98' title='bbox 872 728 903 747; x_wconf 86' lang='lat' dir='ltr'><strong>ac</strong></span> <span class='ocrx_word' id='word_1_99' title='bbox 931 720 977 747; x_wconf 81' lang='lat' dir='ltr'><strong>lilii</strong></span> 
     </span>
    </p>
   </div>
   <div class='ocr_carea' id='block_1_15' title="bbox 182 763 976 798">
    <p class='ocr_par' dir='ltr' id='par_1_15' title="bbox 182 763 976 798">
     <span class='ocr_line' id='line_1_15' title="bbox 182 763 976 798; baseline -0.003 -6"><span class='ocrx_word' id='word_1_100' title='bbox 182 764 264 792; x_wconf 80' lang='lat' dir='ltr'><strong>lsracl</strong></span> <span class='ocrx_word' id='word_1_101' title='bbox 279 769 423 791; x_wconf 73' lang='lat' dir='ltr'><strong>vocantur.</strong></span> <span class='ocrx_word' id='word_1_102' title='bbox 439 763 521 791; x_wconf 83' lang='lat' dir='ltr'><strong>Forte</strong></span> <span class='ocrx_word' id='word_1_103' title='bbox 536 771 602 790; x_wconf 77' lang='lat' dir='ltr'><strong>vero</strong></span> <span class='ocrx_word' id='word_1_104' title='bbox 613 765 695 791; x_wconf 90' lang='lat' dir='ltr'><strong>etiam</strong></span> <span class='ocrx_word' id='word_1_105' title='bbox 713 772 808 792; x_wconf 89' lang='lat' dir='ltr'><strong>eorum</strong></span> <span class='ocrx_word' id='word_1_106' title='bbox 825 773 915 792; x_wconf 86' lang='lat' dir='ltr'><strong>sermo</strong></span> <span class='ocrx_word' id='word_1_107' title='bbox 932 765 976 798; x_wconf 71' lang='grc' dir='ltr'><strong>’ῖηὶ</strong></span> 
     </span>
    </p>
   </div>
   <div class='ocr_carea' id='block_1_16' title="bbox 182 809 976 845">
    <p class='ocr_par' dir='ltr' id='par_1_16' title="bbox 182 809 976 845">
     <span class='ocr_line' id='line_1_16' title="bbox 182 809 976 845; baseline 0 -8"><span class='ocrx_word' id='word_1_108' title='bbox 182 818 244 838; x_wconf 84' lang='lat' dir='ltr'><strong>cum</strong></span> <span class='ocrx_word' id='word_1_109' title='bbox 259 810 368 845; x_wconf 87' lang='lat' dir='ltr'><strong>pietatis</strong></span> <span class='ocrx_word' id='word_1_110' title='bbox 383 809 520 844; x_wconf 72' lang='lat' dir='ltr'><strong>dogmatis</strong></span> <span class='ocrx_word' id='word_1_111' title='bbox 537 809 655 836; x_wconf 88' lang='lat' dir='ltr'><strong>instituti</strong></span> <span class='ocrx_word' id='word_1_112' title='bbox 674 810 738 843; x_wconf 88' lang='lat' dir='ltr'><strong>sint,</strong></span> <span class='ocrx_word' id='word_1_113' title='bbox 756 818 808 837; x_wconf 91' lang='lat' dir='ltr'><strong>non</strong></span> <span class='ocrx_word' id='word_1_114' title='bbox 822 819 855 838; x_wconf 84' lang='lat' dir='ltr'><strong>ex</strong></span> <span class='ocrx_word' id='word_1_115' title='bbox 875 811 976 837; x_wconf 57' lang='lat' dir='ltr'><strong>dvehi-</strong></span> 
     </span>
    </p>
   </div>
   <div class='ocr_carea' id='block_1_17' title="bbox 184 849 1010 890">
    <p class='ocr_par' dir='ltr' id='par_1_17' title="bbox 184 849 1010 890">
     <span class='ocr_line' id='line_1_17' title="bbox 184 849 1010 890; baseline 0 -8"><span class='ocrx_word' id='word_1_116' title='bbox 184 863 224 882; x_wconf 67' lang='grc' dir='ltr'><strong>ηαξ</strong></span> <span class='ocrx_word' id='word_1_117' title='bbox 237 854 382 882; x_wconf 82' lang='lat' dir='ltr'><strong>sanctitate</strong></span> <span class='ocrx_word' id='word_1_118' title='bbox 395 854 500 885; x_wconf 86' lang='lat' dir='ltr'><strong>vivunt,</strong></span> <span class='ocrx_word' id='word_1_119' title='bbox 518 859 559 881; x_wconf 85' lang='lat' dir='ltr'><strong>est</strong></span> <span class='ocrx_word' id='word_1_120' title='bbox 576 854 602 881; x_wconf 94' lang='lat' dir='ltr'><strong>in</strong></span> <span class='ocrx_word' id='word_1_121' title='bbox 621 855 703 882; x_wconf 85' lang='lat' dir='ltr'><strong>latere</strong></span> <span class='ocrx_word' id='word_1_122' title='bbox 725 855 859 890; x_wconf 86' lang='lat' dir='ltr'><strong>descripta</strong></span> <span class='ocrx_word' id='word_1_123' title='bbox 880 856 974 883; x_wconf 72' lang='lat' dir='ltr'><strong>civitas</strong></span> <span class='ocrx_word' id='word_1_124' title='bbox 993 849 1010 876; x_wconf 64' lang='grc' dir='ltr'><strong>Β</strong></span> 
     </span>
    </p>
   </div>
   <div class='ocr_carea' id='block_1_18' title="bbox 182 898 975 934">
    <p class='ocr_par' dir='ltr' id='par_1_18' title="bbox 182 898 975 934">
     <span class='ocr_line' id='line_1_18' title="bbox 182 898 975 934; baseline -0.003 -7"><span class='ocrx_word' id='word_1_125' title='bbox 182 900 343 930; x_wconf 82' lang='lat' dir='ltr'><strong>Jerusalem,</strong></span> <span class='ocrx_word' id='word_1_126' title='bbox 359 899 470 926; x_wconf 83' lang='lat' dir='ltr'><strong>obsessa</strong></span> <span class='ocrx_word' id='word_1_127' title='bbox 484 898 696 933; x_wconf 84' lang='lat' dir='ltr'><strong>quodammodo,</strong></span> <span class='ocrx_word' id='word_1_128' title='bbox 710 903 792 933; x_wconf 87' lang='lat' dir='ltr'><strong>atque</strong></span> <span class='ocrx_word' id='word_1_129' title='bbox 807 907 904 934; x_wconf 76' lang='lat' dir='ltr'><strong>aggere.</strong></span> <span class='ocrx_word' id='word_1_130' title='bbox 920 900 975 925; x_wconf 78' lang='lat' dir='ltr'><strong>val-</strong></span> 
     </span>
    </p>
   </div>
   <div class='ocr_carea' id='block_1_19' title="bbox 183 945 975 980">
    <p class='ocr_par' dir='ltr' id='par_1_19' title="bbox 183 945 975 980">
     <span class='ocr_line' id='line_1_19' title="bbox 183 945 975 980; baseline -0.001 -7"><span class='ocrx_word' id='word_1_131' title='bbox 183 947 236 973; x_wconf 88' lang='lat' dir='ltr'><strong>lata</strong></span> <span class='ocrx_word' id='word_1_132' title='bbox 251 946 288 973; x_wconf 87' lang='lat' dir='ltr'><strong>ab</strong></span> <span class='ocrx_word' id='word_1_133' title='bbox 302 945 428 972; x_wconf 85' lang='lat' dir='ltr'><strong>hostibus</strong></span> <span class='ocrx_word' id='word_1_134' title='bbox 441 945 643 980; x_wconf 76' lang='lat' dir='ltr'><strong>propugnacula</strong></span> <span class='ocrx_word' id='word_1_135' title='bbox 661 945 834 978; x_wconf 84' lang='lat' dir='ltr'><strong>habentibus,</strong></span> <span class='ocrx_word' id='word_1_136' title='bbox 849 945 920 972; x_wconf 80' lang='lat' dir='ltr'><strong>vallo</strong></span> <span class='ocrx_word' id='word_1_137' title='bbox 932 953 975 979; x_wconf 84' lang='lat' dir='ltr'><strong>;ne</strong></span> 
     </span>
    </p>
   </div>
   <div class='ocr_carea' id='block_1_20' title="bbox 183 991 972 1026">
    <p class='ocr_par' dir='ltr' id='par_1_20' title="bbox 183 991 972 1026">
     <span class='ocr_line' id='line_1_20' title="bbox 183 991 972 1026; baseline -0.001 -6"><span class='ocrx_word' id='word_1_138' title='bbox 183 992 426 1024; x_wconf 83' lang='lat' dir='ltr'><strong>circumdantibus,</strong></span> <span class='ocrx_word' id='word_1_139' title='bbox 440 997 523 1026; x_wconf 84' lang='lat' dir='ltr'><strong>atquo</strong></span> <span class='ocrx_word' id='word_1_140' title='bbox 535 999 584 1018; x_wconf 90' lang='lat' dir='ltr'><strong>sua</strong></span> <span class='ocrx_word' id='word_1_141' title='bbox 600 991 636 1018; x_wconf 92' lang='lat' dir='ltr'><strong>illi</strong></span> <span class='ocrx_word' id='word_1_142' title='bbox 649 997 737 1018; x_wconf 87' lang='lat' dir='ltr'><strong>castra</strong></span> <span class='ocrx_word' id='word_1_143' title='bbox 751 991 972 1024; x_wconf 78' lang='lat' dir='ltr'><strong>admoventibus,</strong></span> 
     </span>
    </p>
   </div>
   <div class='ocr_carea' id='block_1_21' title="bbox 183 1037 973 1071">
    <p class='ocr_par' dir='ltr' id='par_1_21' title="bbox 183 1037 973 1071">
     <span class='ocr_line' id='line_1_21' title="bbox 183 1037 973 1071; baseline -0.001 -5"><span class='ocrx_word' id='word_1_144' title='bbox 183 1039 382 1066; x_wconf 85' lang='lat' dir='ltr'><strong>etinnumeras</strong></span> <span class='ocrx_word' id='word_1_145' title='bbox 404 1038 550 1065; x_wconf 81' lang='lat' dir='ltr'><strong>missilium</strong></span> <span class='ocrx_word' id='word_1_146' title='bbox 576 1037 726 1071; x_wconf 83' lang='lat' dir='ltr'><strong>machinas,</strong></span> <span class='ocrx_word' id='word_1_147' title='bbox 746 1042 775 1064; x_wconf 79' lang='grc' dir='ltr'><strong>ιιι</strong></span> <span class='ocrx_word' id='word_1_148' title='bbox 791 1038 845 1065; x_wconf 84' lang='lat' dir='ltr'><strong>tela</strong></span> <span class='ocrx_word' id='word_1_149' title='bbox 867 1038 893 1065; x_wconf 90' lang='lat' dir='ltr'><strong>in</strong></span> <span class='ocrx_word' id='word_1_150' title='bbox 913 1047 973 1066; x_wconf 81' lang='lat' dir='ltr'><strong>eam</strong></span> 
     </span>
    </p>
   </div>
   <div class='ocr_carea' id='block_1_22' title="bbox 184 1084 973 1120">
    <p class='ocr_par' dir='ltr' id='par_1_22' title="bbox 184 1084 973 1120">
     <span class='ocr_line' id='line_1_22' title="bbox 184 1084 973 1120; baseline -0.004 -6"><span class='ocrx_word' id='word_1_151' title='bbox 184 1089 391 1120; x_wconf 79' lang='lat' dir='ltr'><strong>contorqueaut.</strong></span> <span class='ocrx_word' id='word_1_152' title='bbox 409 1084 511 1112; x_wconf 83' lang='lat' dir='ltr'><strong>Idcirco</strong></span> <span class='ocrx_word' id='word_1_153' title='bbox 526 1085 607 1112; x_wconf 80' lang='lat' dir='ltr'><strong>etiam</strong></span> <span class='ocrx_word' id='word_1_154' title='bbox 624 1088 732 1118; x_wconf 77' lang='lat' dir='ltr'><strong>sartago</strong></span> <span class='ocrx_word' id='word_1_155' title='bbox 749 1084 835 1111; x_wconf 79' lang='lat' dir='ltr'><strong>ferrea</strong></span> <span class='ocrx_word' id='word_1_156' title='bbox 853 1086 973 1120; x_wconf 85' lang='lat' dir='ltr'><strong>ponitur,</strong></span> 
     </span>
    </p>
   </div>
   <div class='ocr_carea' id='block_1_23' title="bbox 182 1131 972 1166">
    <p class='ocr_par' dir='ltr' id='par_1_23' title="bbox 182 1131 972 1166">
     <span class='ocr_line' id='line_1_23' title="bbox 182 1131 972 1166; baseline -0.003 -6"><span class='ocrx_word' id='word_1_157' title='bbox 182 1132 221 1160; x_wconf 85' lang='lat' dir='ltr'><strong>uti</strong></span> <span class='ocrx_word' id='word_1_158' title='bbox 236 1137 261 1160; x_wconf 89' lang='lat' dir='ltr'><strong>et</strong></span> <span class='ocrx_word' id='word_1_159' title='bbox 275 1139 370 1159; x_wconf 85' lang='lat' dir='ltr'><strong>taurus</strong></span> <span class='ocrx_word' id='word_1_160' title='bbox 384 1131 501 1164; x_wconf 80' lang='lat' dir='ltr'><strong>ferreus,</strong></span> <span class='ocrx_word' id='word_1_161' title='bbox 514 1131 587 1166; x_wconf 86' lang='lat' dir='ltr'><strong>quod</strong></span> <span class='ocrx_word' id='word_1_162' title='bbox 609 1139 662 1158; x_wconf 91' lang='lat' dir='ltr'><strong>non</strong></span> <span class='ocrx_word' id='word_1_163' title='bbox 688 1131 722 1158; x_wconf 91' lang='lat' dir='ltr'><strong>sit</strong></span> <span class='ocrx_word' id='word_1_164' title='bbox 748 1131 809 1159; x_wconf 88' lang='lat' dir='ltr'><strong>talis</strong></span> <span class='ocrx_word' id='word_1_165' title='bbox 829 1131 972 1166; x_wconf 79' lang='lat' dir='ltr'><strong>propheta,</strong></span> 
     </span>
    </p>
   </div>
   <div class='ocr_carea' id='block_1_24' title="bbox 181 1173 972 1214">
    <p class='ocr_par' dir='ltr' id='par_1_24' title="bbox 181 1173 972 1214">
     <span class='ocr_line' id='line_1_24' title="bbox 181 1173 972 1214; baseline -0.001 -9"><span class='ocrx_word' id='word_1_166' title='bbox 181 1178 276 1214; x_wconf 82' lang='lat' dir='ltr'><strong>quales</strong></span> <span class='ocrx_word' id='word_1_167' title='bbox 291 1177 329 1205; x_wconf 89' lang='lat' dir='ltr'><strong>illi</strong></span> <span class='ocrx_word' id='word_1_168' title='bbox 345 1182 419 1210; x_wconf 84' lang='lat' dir='ltr'><strong>sunt,</strong></span> <span class='ocrx_word' id='word_1_169' title='bbox 435 1177 482 1205; x_wconf 87' lang='lat' dir='ltr'><strong>sed</strong></span> <span class='ocrx_word' id='word_1_170' title='bbox 497 1177 534 1205; x_wconf 88' lang='lat' dir='ltr'><strong>sit</strong></span> <span class='ocrx_word' id='word_1_171' title='bbox 551 1173 608 1212; x_wconf 85' lang='lat' dir='ltr'><strong>ipse</strong></span> <span class='ocrx_word' id='word_1_172' title='bbox 621 1177 854 1212; x_wconf 75' lang='lat' dir='ltr'><strong>inexpugnabilis,</strong></span> <span class='ocrx_word' id='word_1_173' title='bbox 867 1185 972 1204; x_wconf 85' lang='lat' dir='ltr'><strong>necnon</strong></span> 
     </span>
    </p>
   </div>
   <div class='ocr_carea' id='block_1_25' title="bbox 180 1223 974 1260">
    <p class='ocr_par' dir='ltr' id='par_1_25' title="bbox 180 1223 974 1260">
     <span class='ocr_line' id='line_1_25' title="bbox 180 1223 974 1260; baseline -0.003 -7"><span class='ocrx_word' id='word_1_174' title='bbox 180 1225 277 1254; x_wconf 83' lang='lat' dir='ltr'><strong>civitas</strong></span> <span class='ocrx_word' id='word_1_175' title='bbox 293 1224 421 1260; x_wconf 66' lang='lat' dir='ltr'><strong>praesidio</strong></span> <span class='ocrx_word' id='word_1_176' title='bbox 436 1224 551 1252; x_wconf 88' lang='lat' dir='ltr'><strong>munita.</strong></span> <span class='ocrx_word' id='word_1_177' title='bbox 568 1223 722 1258; x_wconf 72' lang='lat' dir='ltr'><strong>Prteparata</strong></span> <span class='ocrx_word' id='word_1_178' title='bbox 740 1228 829 1251; x_wconf 82' lang='lat' dir='ltr'><strong>autem</strong></span> <span class='ocrx_word' id='word_1_179' title='bbox 853 1228 892 1251; x_wconf 84' lang='lat' dir='ltr'><strong>est</strong></span> <span class='ocrx_word' id='word_1_180' title='bbox 911 1231 974 1259; x_wconf 88' lang='lat' dir='ltr'><strong>pro-</strong></span> 
     </span>
    </p>
   </div>
   <div class='ocr_carea' id='block_1_26' title="bbox 183 1269 972 1306">
    <p class='ocr_par' dir='ltr' id='par_1_26' title="bbox 183 1269 972 1306">
     <span class='ocr_line' id='line_1_26' title="bbox 183 1269 972 1306; baseline -0.003 -7"><span class='ocrx_word' id='word_1_181' title='bbox 183 1273 270 1306; x_wconf 74' lang='lat' dir='ltr'><strong>pheta:</strong></span> <span class='ocrx_word' id='word_1_182' title='bbox 282 1271 366 1298; x_wconf 82' lang='lat' dir='ltr'><strong>facies</strong></span> <span class='ocrx_word' id='word_1_183' title='bbox 382 1271 409 1297; x_wconf 91' lang='lat' dir='ltr'><strong>in</strong></span> <span class='ocrx_word' id='word_1_184' title='bbox 422 1278 482 1296; x_wconf 87' lang='lat' dir='ltr'><strong>eam</strong></span> <span class='ocrx_word' id='word_1_185' title='bbox 499 1277 560 1304; x_wconf 70' lang='lat' dir='ltr'><strong>quae</strong></span> <span class='ocrx_word' id='word_1_186' title='bbox 582 1269 608 1296; x_wconf 92' lang='lat' dir='ltr'><strong>in</strong></span> <span class='ocrx_word' id='word_1_187' title='bbox 631 1269 762 1296; x_wconf 85' lang='lat' dir='ltr'><strong>laterculo</strong></span> <span class='ocrx_word' id='word_1_188' title='bbox 777 1273 819 1296; x_wconf 89' lang='lat' dir='ltr'><strong>est</strong></span> <span class='ocrx_word' id='word_1_189' title='bbox 836 1270 972 1297; x_wconf 79' lang='lat' dir='ltr'><strong>civitatem</strong></span> 
     </span>
    </p>
   </div>
   <div class='ocr_carea' id='block_1_27' title="bbox 181 1315 972 1353">
    <p class='ocr_par' dir='ltr' id='par_1_27' title="bbox 181 1315 972 1353">
     <span class='ocr_line' id='line_1_27' title="bbox 181 1315 972 1353; baseline -0.003 -7"><span class='ocrx_word' id='word_1_190' title='bbox 181 1323 257 1353; x_wconf 88' lang='lat' dir='ltr'><strong>septo</strong></span> <span class='ocrx_word' id='word_1_191' title='bbox 272 1317 430 1345; x_wconf 85' lang='lat' dir='ltr'><strong>conclusam</strong></span> <span class='ocrx_word' id='word_1_192' title='bbox 444 1323 492 1350; x_wconf 86' lang='lat' dir='ltr'><strong>per</strong></span> <span class='ocrx_word' id='word_1_193' title='bbox 507 1315 726 1350; x_wconf 84' lang='lat' dir='ltr'><strong>propheticorum</strong></span> <span class='ocrx_word' id='word_1_194' title='bbox 749 1323 908 1342; x_wconf 85' lang='lat' dir='ltr'><strong>sermonum</strong></span> <span class='ocrx_word' id='word_1_195' title='bbox 924 1316 972 1344; x_wconf 86' lang='lat' dir='ltr'><strong>de-</strong></span> 
     </span>
    </p>
   </div>
   <div class='ocr_carea' id='block_1_28' title="bbox 183 1362 986 1397">
    <p class='ocr_par' dir='ltr' id='par_1_28' title="bbox 183 1362 986 1397">
     <span class='ocr_line' id='line_1_28' title="bbox 183 1362 986 1397; baseline -0.001 -5"><span class='ocrx_word' id='word_1_196' title='bbox 183 1363 423 1392; x_wconf 84' lang='lat' dir='ltr'><strong>monstrationem.</strong></span> <span class='ocrx_word' id='word_1_197' title='bbox 436 1363 525 1397; x_wconf 79' lang='lat' dir='ltr'><strong>Atque</strong></span> <span class='ocrx_word' id='word_1_198' title='bbox 543 1362 594 1389; x_wconf 89' lang='lat' dir='ltr'><strong>hoc</strong></span> <span class='ocrx_word' id='word_1_199' title='bbox 612 1362 700 1396; x_wconf 90' lang='lat' dir='ltr'><strong>ipsum</strong></span> <span class='ocrx_word' id='word_1_200' title='bbox 718 1366 801 1389; x_wconf 83' lang='lat' dir='ltr'><strong>talum</strong></span> <span class='ocrx_word' id='word_1_201' title='bbox 816 1362 920 1397; x_wconf 76' lang='lat' dir='ltr'><strong>signum</strong></span> <span class='ocrx_word' id='word_1_202' title='bbox 934 1369 986 1391; x_wconf 57' lang='grc' dir='ltr'><strong>εει</strong></span> 
     </span>
    </p>
   </div>
   <div class='ocr_carea' id='block_1_29' title="bbox 179 1406 705 1444">
    <p class='ocr_par' dir='ltr' id='par_1_29' title="bbox 179 1406 705 1444">
     <span class='ocr_line' id='line_1_29' title="bbox 179 1406 705 1444; baseline -0.006 -7"><span class='ocrx_word' id='word_1_203' title='bbox 179 1410 246 1444; x_wconf 76' lang='lat' dir='ltr'><strong>ﬁliis</strong></span> <span class='ocrx_word' id='word_1_204' title='bbox 264 1409 351 1437; x_wconf 76' lang='lat' dir='ltr'><strong>Israel</strong></span> <span class='ocrx_word' id='word_1_205' title='bbox 364 1408 397 1442; x_wconf 81' lang='lat'><strong>”,</strong></span> <span class='ocrx_word' id='word_1_206' title='bbox 413 1416 447 1436; x_wconf 89' lang='lat' dir='ltr'><strong>ne</strong></span> <span class='ocrx_word' id='word_1_207' title='bbox 462 1407 529 1435; x_wconf 79' lang='lat' dir='ltr'><strong>tales</strong></span> <span class='ocrx_word' id='word_1_208' title='bbox 544 1406 705 1434; x_wconf 80' lang='lat' dir='ltr'><strong>cliiciantur.</strong></span> 
     </span>
    </p>
   </div>
   <div class='ocr_carea' id='block_1_30' title="bbox 215 1451 972 1488">
    <p class='ocr_par' dir='ltr' id='par_1_30' title="bbox 215 1451 972 1488">
     <span class='ocr_line' id='line_1_30' title="bbox 215 1451 972 1488; baseline -0.004 -4"><span class='ocrx_word' id='word_1_209' title='bbox 215 1456 251 1484; x_wconf 84' lang='lat' dir='ltr'><strong>Et</strong></span> <span class='ocrx_word' id='word_1_210' title='bbox 278 1460 306 1483; x_wconf 81' lang='lat' dir='ltr'><strong>tu</strong></span> <span class='ocrx_word' id='word_1_211' title='bbox 332 1462 406 1482; x_wconf 78' lang='lat' dir='ltr'><strong>sume</strong></span> <span class='ocrx_word' id='word_1_212' title='bbox 430 1452 491 1481; x_wconf 53' lang='lat' dir='ltr'><strong>tibi“</strong></span> <span class='ocrx_word' id='word_1_213' title='bbox 506 1453 670 1488; x_wconf 71' lang='lat' dir='ltr'><strong>sartaginem</strong></span> <span class='ocrx_word' id='word_1_214' title='bbox 693 1453 726 1479; x_wconf 77' lang='lat'><strong>”.</strong></span> <span class='ocrx_word' id='word_1_215' title='bbox 750 1451 903 1480; x_wconf 76' lang='lat' dir='ltr'><strong>Verisimile</strong></span> <span class='ocrx_word' id='word_1_216' title='bbox 928 1457 972 1481; x_wconf 75' lang='lat' dir='ltr'><strong>est</strong></span> 
     </span>
    </p>
   </div>
   <div class='ocr_carea' id='block_1_31' title="bbox 182 1499 969 1538">
    <p class='ocr_par' dir='ltr' id='par_1_31' title="bbox 182 1499 969 1538">
     <span class='ocr_line' id='line_1_31' title="bbox 182 1499 969 1538; baseline -0.005 -8"><span class='ocrx_word' id='word_1_217' title='bbox 182 1502 314 1538; x_wconf 78' lang='lat' dir='ltr'><strong>supplicia</strong></span> <span class='ocrx_word' id='word_1_218' title='bbox 337 1507 398 1528; x_wconf 90' lang='lat' dir='ltr'><strong>esse</strong></span> <span class='ocrx_word' id='word_1_219' title='bbox 421 1499 536 1527; x_wconf 80' lang='lat' dir='ltr'><strong>ferream</strong></span> <span class='ocrx_word' id='word_1_220' title='bbox 558 1499 742 1534; x_wconf 77' lang='lat' dir='ltr'><strong>sartaginem;</strong></span> <span class='ocrx_word' id='word_1_221' title='bbox 758 1499 800 1526; x_wconf 84' lang='lat' dir='ltr'><strong>vel</strong></span> <span class='ocrx_word' id='word_1_222' title='bbox 821 1500 969 1527; x_wconf 87' lang='lat' dir='ltr'><strong>secundum</strong></span> 
     </span>
    </p>
   </div>
   <div class='ocr_carea' id='block_1_32' title="bbox 185 1543 971 1581">
    <p class='ocr_par' dir='ltr' id='par_1_32' title="bbox 185 1543 971 1581">
     <span class='ocr_line' id='line_1_32' title="bbox 185 1543 971 1581; baseline -0.003 -6"><span class='ocrx_word' id='word_1_223' title='bbox 185 1548 346 1581; x_wconf 84' lang='lat' dir='ltr'><strong>historiam,</strong></span> <span class='ocrx_word' id='word_1_224' title='bbox 367 1545 441 1581; x_wconf 86' lang='lat' dir='ltr'><strong>quod</strong></span> <span class='ocrx_word' id='word_1_225' title='bbox 466 1545 598 1572; x_wconf 85' lang='lat' dir='ltr'><strong>barbarus</strong></span> <span class='ocrx_word' id='word_1_226' title='bbox 613 1543 684 1572; x_wconf 88' lang='lat' dir='ltr'><strong>ﬁlios</strong></span> <span class='ocrx_word' id='word_1_227' title='bbox 707 1548 779 1580; x_wconf 78' lang='lat' dir='ltr'><strong>regis</strong></span> <span class='ocrx_word' id='word_1_228' title='bbox 792 1544 818 1571; x_wconf 90' lang='lat' dir='ltr'><strong>in</strong></span> <span class='ocrx_word' id='word_1_229' title='bbox 837 1546 971 1581; x_wconf 74' lang='lat' dir='ltr'><strong>sartagine</strong></span> 
     </span>
    </p>
   </div>
   <div class='ocr_carea' id='block_1_33' title="bbox 183 1593 301 1621">
    <p class='ocr_par' dir='ltr' id='par_1_33' title="bbox 183 1593 301 1621">
     <span class='ocr_line' id='line_1_33' title="bbox 183 1593 301 1621; baseline -0.008 0"><span class='ocrx_word' id='word_1_230' title='bbox 183 1593 301 1621; x_wconf 77' lang='lat' dir='ltr'><strong>frixerit.</strong></span> 
     </span>
    </p>
   </div>
   <div class='ocr_carea' id='block_1_34' title="bbox 216 1635 970 1676">
    <p class='ocr_par' dir='ltr' id='par_1_34' title="bbox 216 1635 970 1676">
     <span class='ocr_line' id='line_1_34' title="bbox 216 1635 970 1676; baseline -0.001 -11"><span class='ocrx_word' id='word_1_231' title='bbox 216 1639 296 1676; x_wconf 55' lang='lat'><strong>5,13</strong></span> <span class='ocrx_word' id='word_1_232' title='bbox 320 1637 356 1665; x_wconf 84' lang='lat' dir='ltr'><strong>Et</strong></span> <span class='ocrx_word' id='word_1_233' title='bbox 380 1645 466 1665; x_wconf 76' lang='lat' dir='ltr'><strong>sumes</strong></span> <span class='ocrx_word' id='word_1_234' title='bbox 490 1637 643 1672; x_wconf 75' lang='lat' dir='ltr'><strong>iniquitates</strong></span> <span class='ocrx_word' id='word_1_235' title='bbox 665 1636 759 1663; x_wconf 73' lang='lat' dir='ltr'><strong>domus</strong></span> <span class='ocrx_word' id='word_1_236' title='bbox 786 1635 870 1663; x_wconf 74' lang='lat' dir='ltr'><strong>Israel</strong></span> <span class='ocrx_word' id='word_1_237' title='bbox 884 1636 917 1664; x_wconf 83' lang='lat'><strong>&quot;.</strong></span> <span class='ocrx_word' id='word_1_238' title='bbox 934 1636 970 1664; x_wconf 84' lang='lat' dir='ltr'><strong>Et</strong></span> 
     </span>
    </p>
   </div>
   <div class='ocr_carea' id='block_1_35' title="bbox 184 1682 968 1722">
    <p class='ocr_par' dir='ltr' id='par_1_35' title="bbox 184 1682 968 1722">
     <span class='ocr_line' id='line_1_35' title="bbox 184 1682 968 1722; baseline -0.004 -9"><span class='ocrx_word' id='word_1_239' title='bbox 184 1687 247 1722; x_wconf 84' lang='lat' dir='ltr'><strong>quis</strong></span> <span class='ocrx_word' id='word_1_240' title='bbox 261 1693 311 1713; x_wconf 86' lang='lat' dir='ltr'><strong>sua</strong></span> <span class='ocrx_word' id='word_1_241' title='bbox 326 1683 491 1712; x_wconf 82' lang='lat' dir='ltr'><strong>dormitione</strong></span> <span class='ocrx_word' id='word_1_242' title='bbox 506 1683 623 1710; x_wconf 87' lang='lat' dir='ltr'><strong>liliornm</strong></span> <span class='ocrx_word' id='word_1_243' title='bbox 640 1682 722 1709; x_wconf 82' lang='lat' dir='ltr'><strong>Israel</strong></span> <span class='ocrx_word' id='word_1_244' title='bbox 736 1682 896 1717; x_wconf 82' lang='lat' dir='ltr'><strong>iniquitates</strong></span> <span class='ocrx_word' id='word_1_245' title='bbox 921 1691 968 1710; x_wconf 85' lang='lat' dir='ltr'><strong>ac-</strong></span> 
     </span>
    </p>
   </div>
   <div class='ocr_carea' id='block_1_36' title="bbox 183 1727 970 1766">
    <p class='ocr_par' dir='ltr' id='par_1_36' title="bbox 183 1727 970 1766">
     <span class='ocr_line' id='line_1_36' title="bbox 183 1727 970 1766; baseline -0.003 -8"><span class='ocrx_word' id='word_1_246' title='bbox 183 1731 254 1766; x_wconf 81' lang='lat' dir='ltr'><strong>cepit</strong></span> <span class='ocrx_word' id='word_1_247' title='bbox 269 1730 391 1765; x_wconf 81' lang='lat' dir='ltr'><strong>duplices</strong></span> <span class='ocrx_word' id='word_1_248' title='bbox 418 1736 543 1762; x_wconf 89' lang='lat' dir='ltr'><strong>numero,</strong></span> <span class='ocrx_word' id='word_1_249' title='bbox 559 1735 656 1762; x_wconf 87' lang='lat' dir='ltr'><strong>nempe</strong></span> <span class='ocrx_word' id='word_1_250' title='bbox 669 1727 696 1754; x_wconf 93' lang='lat' dir='ltr'><strong>in</strong></span> <span class='ocrx_word' id='word_1_251' title='bbox 709 1727 810 1759; x_wconf 85' lang='lat' dir='ltr'><strong>Deum,</strong></span> <span class='ocrx_word' id='word_1_252' title='bbox 835 1733 862 1756; x_wconf 90' lang='lat' dir='ltr'><strong>et</strong></span> <span class='ocrx_word' id='word_1_253' title='bbox 885 1729 970 1756; x_wconf 83' lang='lat' dir='ltr'><strong>ratio-</strong></span> 
     </span>
    </p>
   </div>
   <div class='ocr_carea' id='block_1_37' title="bbox 182 1772 969 1808">
    <p class='ocr_par' dir='ltr' id='par_1_37' title="bbox 182 1772 969 1808">
     <span class='ocr_line' id='line_1_37' title="bbox 182 1772 969 1808; baseline -0.005 -4"><span class='ocrx_word' id='word_1_254' title='bbox 182 1777 293 1808; x_wconf 85' lang='lat' dir='ltr'><strong>nabilia,</strong></span> <span class='ocrx_word' id='word_1_255' title='bbox 311 1774 364 1802; x_wconf 91' lang='lat' dir='ltr'><strong>nisi</strong></span> <span class='ocrx_word' id='word_1_256' title='bbox 380 1773 506 1802; x_wconf 79' lang='lat' dir='ltr'><strong>Salvator</strong></span> <span class='ocrx_word' id='word_1_257' title='bbox 520 1773 630 1800; x_wconf 79' lang='lat' dir='ltr'><strong>noster?</strong></span> <span class='ocrx_word' id='word_1_258' title='bbox 646 1772 765 1800; x_wconf 83' lang='lat' dir='ltr'><strong>Decebat</strong></span> <span class='ocrx_word' id='word_1_259' title='bbox 782 1775 854 1800; x_wconf 89' lang='lat' dir='ltr'><strong>enim</strong></span> <span class='ocrx_word' id='word_1_260' title='bbox 875 1781 924 1808; x_wconf 86' lang='lat' dir='ltr'><strong>pro</strong></span> <span class='ocrx_word' id='word_1_261' title='bbox 935 1773 969 1801; x_wconf 70' lang='lat' dir='ltr'><strong>iis</strong></span> 
     </span>
    </p>
   </div>
   <div class='ocr_carea' id='block_1_38' title="bbox 179 1819 971 1858">
    <p class='ocr_par' dir='ltr' id='par_1_38' title="bbox 179 1819 971 1858">
     <span class='ocr_line' id='line_1_38' title="bbox 179 1819 971 1858; baseline -0.004 -8"><span class='ocrx_word' id='word_1_262' title='bbox 179 1823 225 1858; x_wconf 79' lang='lat' dir='ltr'><strong>qui</strong></span> <span class='ocrx_word' id='word_1_263' title='bbox 242 1822 348 1850; x_wconf 87' lang='lat' dir='ltr'><strong>minora</strong></span> <span class='ocrx_word' id='word_1_264' title='bbox 364 1820 549 1855; x_wconf 85' lang='lat' dir='ltr'><strong>deliquerant,</strong></span> <span class='ocrx_word' id='word_1_265' title='bbox 562 1819 665 1846; x_wconf 87' lang='lat' dir='ltr'><strong>diutius</strong></span> <span class='ocrx_word' id='word_1_266' title='bbox 680 1826 789 1854; x_wconf 88' lang='lat' dir='ltr'><strong>quoque</strong></span> <span class='ocrx_word' id='word_1_267' title='bbox 804 1820 892 1855; x_wconf 88' lang='lat' dir='ltr'><strong>ipsum</strong></span> <span class='ocrx_word' id='word_1_268' title='bbox 908 1821 971 1847; x_wconf 83' lang='lat' dir='ltr'><strong>dor-</strong></span> 
     </span>
    </p>
   </div>
   <div class='ocr_carea' id='block_1_39' title="bbox 183 1865 969 1901">
    <p class='ocr_par' dir='ltr' id='par_1_39' title="bbox 183 1865 969 1901">
     <span class='ocr_line' id='line_1_39' title="bbox 183 1865 969 1901; baseline -0.004 -5"><span class='ocrx_word' id='word_1_269' title='bbox 183 1869 261 1901; x_wconf 88' lang='lat' dir='ltr'><strong>mire,</strong></span> <span class='ocrx_word' id='word_1_270' title='bbox 279 1875 335 1895; x_wconf 90' lang='lat' dir='ltr'><strong>non</strong></span> <span class='ocrx_word' id='word_1_271' title='bbox 352 1867 379 1894; x_wconf 92' lang='lat' dir='ltr'><strong>in</strong></span> <span class='ocrx_word' id='word_1_272' title='bbox 396 1866 535 1894; x_wconf 78' lang='lat' dir='ltr'><strong>dexteram</strong></span> <span class='ocrx_word' id='word_1_273' title='bbox 547 1886 554 1898; x_wconf 96' lang='lat'><strong>,</strong></span> <span class='ocrx_word' id='word_1_274' title='bbox 570 1872 617 1893; x_wconf 84' lang='lat' dir='ltr'><strong>seu</strong></span> <span class='ocrx_word' id='word_1_275' title='bbox 633 1865 767 1900; x_wconf 84' lang='lat' dir='ltr'><strong>potiorem</strong></span> <span class='ocrx_word' id='word_1_276' title='bbox 784 1871 903 1900; x_wconf 83' lang='lat' dir='ltr'><strong>partem,</strong></span> <span class='ocrx_word' id='word_1_277' title='bbox 922 1867 969 1893; x_wconf 85' lang='lat' dir='ltr'><strong>sed</strong></span> 
     </span>
    </p>
   </div>
   <div class='ocr_carea' id='block_1_40' title="bbox 180 1911 968 1948">
    <p class='ocr_par' dir='ltr' id='par_1_40' title="bbox 180 1911 968 1948">
     <span class='ocr_line' id='line_1_40' title="bbox 180 1911 968 1948; baseline -0.001 -7"><span class='ocrx_word' id='word_1_278' title='bbox 180 1915 207 1942; x_wconf 84' lang='lat' dir='ltr'><strong>in</strong></span> <span class='ocrx_word' id='word_1_279' title='bbox 224 1915 382 1946; x_wconf 88' lang='lat' dir='ltr'><strong>sinistram;</strong></span> <span class='ocrx_word' id='word_1_280' title='bbox 399 1920 449 1948; x_wconf 90' lang='lat' dir='ltr'><strong>pro</strong></span> <span class='ocrx_word' id='word_1_281' title='bbox 467 1912 522 1940; x_wconf 90' lang='lat' dir='ltr'><strong>illis</strong></span> <span class='ocrx_word' id='word_1_282' title='bbox 535 1919 599 1940; x_wconf 90' lang='lat' dir='ltr'><strong>vero</strong></span> <span class='ocrx_word' id='word_1_283' title='bbox 607 1911 653 1947; x_wconf 91' lang='lat' dir='ltr'><strong>qui</strong></span> <span class='ocrx_word' id='word_1_284' title='bbox 667 1912 773 1939; x_wconf 89' lang='lat' dir='ltr'><strong>minora</strong></span> <span class='ocrx_word' id='word_1_285' title='bbox 785 1912 968 1946; x_wconf 84' lang='lat' dir='ltr'><strong>oll&#39;enderant,</strong></span> 
     </span>
    </p>
   </div>
   <div class='ocr_carea' id='block_1_41' title="bbox 181 1956 968 1993">
    <p class='ocr_par' dir='ltr' id='par_1_41' title="bbox 181 1956 968 1993">
     <span class='ocr_line' id='line_1_41' title="bbox 181 1956 968 1993; baseline -0.006 -6"><span class='ocrx_word' id='word_1_286' title='bbox 181 1959 280 1987; x_wconf 87' lang='lat' dir='ltr'><strong>minori</strong></span> <span class='ocrx_word' id='word_1_287' title='bbox 298 1964 420 1993; x_wconf 88' lang='lat' dir='ltr'><strong>tempore</strong></span> <span class='ocrx_word' id='word_1_288' title='bbox 444 1957 471 1984; x_wconf 93' lang='lat' dir='ltr'><strong>in</strong></span> <span class='ocrx_word' id='word_1_289' title='bbox 494 1956 620 1984; x_wconf 77' lang='lat' dir='ltr'><strong>dextrum</strong></span> <span class='ocrx_word' id='word_1_290' title='bbox 647 1956 736 1984; x_wconf 89' lang='lat' dir='ltr'><strong>latus:</strong></span> <span class='ocrx_word' id='word_1_291' title='bbox 761 1956 812 1983; x_wconf 88' lang='lat' dir='ltr'><strong>hoc</strong></span> <span class='ocrx_word' id='word_1_292' title='bbox 837 1956 968 1983; x_wconf 76' lang='lat' dir='ltr'><strong>nimirum</strong></span> 
     </span>
    </p>
   </div>
   <div class='ocr_carea' id='block_1_42' title="bbox 182 2001 969 2041">
    <p class='ocr_par' dir='ltr' id='par_1_42' title="bbox 182 2001 969 2041">
     <span class='ocr_line' id='line_1_42' title="bbox 182 2001 969 2041; baseline -0.008 -7"><span class='ocrx_word' id='word_1_293' title='bbox 182 2005 354 2041; x_wconf 78' lang='lat' dir='ltr'><strong>signiﬁcante</strong></span> <span class='ocrx_word' id='word_1_294' title='bbox 369 2004 521 2038; x_wconf 85' lang='lat' dir='ltr'><strong>Scriptura,</strong></span> <span class='ocrx_word' id='word_1_295' title='bbox 537 2002 616 2037; x_wconf 83' lang='lat' dir='ltr'><strong>plura</strong></span> <span class='ocrx_word' id='word_1_296' title='bbox 633 2009 744 2036; x_wconf 88' lang='lat' dir='ltr'><strong>passum</strong></span> <span class='ocrx_word' id='word_1_297' title='bbox 764 2009 826 2029; x_wconf 88' lang='lat' dir='ltr'><strong>esse</strong></span> <span class='ocrx_word' id='word_1_298' title='bbox 843 2001 969 2028; x_wconf 71' lang='lat' dir='ltr'><strong>Salvato-</strong></span> 
     </span>
    </p>
   </div>
   <div class='ocr_carea' id='block_1_43' title="bbox 179 2048 790 2086">
    <p class='ocr_par' dir='ltr' id='par_1_43' title="bbox 179 2048 790 2086">
     <span class='ocr_line' id='line_1_43' title="bbox 179 2048 790 2086; baseline -0.008 -7"><span class='ocrx_word' id='word_1_299' title='bbox 179 2059 236 2079; x_wconf 87' lang='lat' dir='ltr'><strong>rem</strong></span> <span class='ocrx_word' id='word_1_300' title='bbox 253 2059 302 2086; x_wconf 88' lang='lat' dir='ltr'><strong>pro</strong></span> <span class='ocrx_word' id='word_1_301' title='bbox 314 2051 349 2078; x_wconf 79' lang='lat' dir='ltr'><strong>iis</strong></span> <span class='ocrx_word' id='word_1_302' title='bbox 361 2050 407 2085; x_wconf 89' lang='lat' dir='ltr'><strong>qui</strong></span> <span class='ocrx_word' id='word_1_303' title='bbox 422 2049 521 2084; x_wconf 84' lang='lat' dir='ltr'><strong>majori</strong></span> <span class='ocrx_word' id='word_1_304' title='bbox 537 2056 603 2075; x_wconf 88' lang='lat' dir='ltr'><strong>cttra</strong></span> <span class='ocrx_word' id='word_1_305' title='bbox 620 2048 790 2083; x_wconf 77' lang='lat' dir='ltr'><strong>indigebant.</strong></span> 
     </span>
    </p>
   </div>
   <div class='ocr_carea' id='block_1_44' title="bbox 217 2136 970 2173">
    <p class='ocr_par' dir='ltr' id='par_1_44' title="bbox 217 2136 970 2173">
     <span class='ocr_line' id='line_1_44' title="bbox 217 2136 970 2173; baseline -0.003 -6"><span class='ocrx_word' id='word_1_306' title='bbox 217 2141 252 2167; x_wconf 86' lang='lat' dir='ltr'><strong>Et</strong></span> <span class='ocrx_word' id='word_1_307' title='bbox 268 2145 296 2167; x_wconf 89' lang='lat' dir='ltr'><strong>tu</strong></span> <span class='ocrx_word' id='word_1_308' title='bbox 309 2147 382 2167; x_wconf 75' lang='lat' dir='ltr'><strong>sume</strong></span> <span class='ocrx_word' id='word_1_309' title='bbox 393 2139 440 2165; x_wconf 82' lang='lat' dir='ltr'><strong>tibi</strong></span> <span class='ocrx_word' id='word_1_310' title='bbox 454 2139 572 2165; x_wconf 79' lang='lat' dir='ltr'><strong>triticum</strong></span> <span class='ocrx_word' id='word_1_311' title='bbox 583 2138 622 2165; x_wconf 87' lang='grc'><strong>¹⁶.-</strong></span> <span class='ocrx_word' id='word_1_312' title='bbox 633 2136 661 2164; x_wconf 88' lang='lat' dir='ltr'><strong>Si</strong></span> <span class='ocrx_word' id='word_1_313' title='bbox 673 2138 810 2172; x_wconf 87' lang='lat' dir='ltr'><strong>quispiam</strong></span> <span class='ocrx_word' id='word_1_314' title='bbox 830 2138 970 2173; x_wconf 71' lang='lat' dir='ltr'><strong>qumsierit</strong></span> 
     </span>
    </p>
   </div>
   <div class='ocr_carea' id='block_1_45' title="bbox 182 2183 968 2214">
    <p class='ocr_par' dir='ltr' id='par_1_45' title="bbox 182 2183 968 2214">
     <span class='ocr_line' id='line_1_45' title="bbox 182 2183 968 2214; baseline -0.005 0"><span class='ocrx_word' id='word_1_315' title='bbox 182 2195 232 2214; x_wconf 71' lang='lat' dir='ltr'><strong>cur</strong></span> <span class='ocrx_word' id='word_1_316' title='bbox 243 2186 376 2213; x_wconf 87' lang='lat' dir='ltr'><strong>Dominus</strong></span> <span class='ocrx_word' id='word_1_317' title='bbox 399 2188 491 2211; x_wconf 86' lang='lat' dir='ltr'><strong>noster</strong></span> <span class='ocrx_word' id='word_1_318' title='bbox 514 2183 600 2210; x_wconf 87' lang='lat' dir='ltr'><strong>Filius</strong></span> <span class='ocrx_word' id='word_1_319' title='bbox 623 2183 742 2210; x_wconf 84' lang='lat' dir='ltr'><strong>hominis</strong></span> <span class='ocrx_word' id='word_1_320' title='bbox 765 2183 806 2210; x_wconf 83' lang='lat' dir='ltr'><strong>sic</strong></span> <span class='ocrx_word' id='word_1_321' title='bbox 827 2184 968 2211; x_wconf 89' lang='lat' dir='ltr'><strong>immundo</strong></span> 
     </span>
    </p>
   </div>
   <div class='ocr_carea' id='block_1_46' title="bbox 182 2229 967 2268">
    <p class='ocr_par' dir='ltr' id='par_1_46' title="bbox 182 2229 967 2268">
     <span class='ocr_line' id='line_1_46' title="bbox 182 2229 967 2268; baseline -0.003 -8"><span class='ocrx_word' id='word_1_322' title='bbox 182 2240 252 2268; x_wconf 89' lang='lat' dir='ltr'><strong>pane</strong></span> <span class='ocrx_word' id='word_1_323' title='bbox 267 2235 395 2259; x_wconf 82' lang='lat' dir='ltr'><strong>vescatur</strong></span> <span class='ocrx_word' id='word_1_324' title='bbox 409 2230 479 2257; x_wconf 86' lang='lat' dir='ltr'><strong>inter</strong></span> <span class='ocrx_word' id='word_1_325' title='bbox 493 2233 596 2263; x_wconf 79' lang='lat' dir='ltr'><strong>gentes,</strong></span> <span class='ocrx_word' id='word_1_326' title='bbox 610 2229 765 2256; x_wconf 81' lang='lat' dir='ltr'><strong>consideret</strong></span> <span class='ocrx_word' id='word_1_327' title='bbox 790 2229 878 2264; x_wconf 78' lang='lat' dir='ltr'><strong>ipsum</strong></span> <span class='ocrx_word' id='word_1_328' title='bbox 893 2231 967 2258; x_wconf 75' lang='lat' dir='ltr'><strong>vesci</strong></span> 
     </span>
    </p>
   </div>
   <div class='ocr_carea' id='block_1_47' title="bbox 181 2275 968 2314">
    <p class='ocr_par' dir='ltr' id='par_1_47' title="bbox 181 2275 968 2314">
     <span class='ocr_line' id='line_1_47' title="bbox 181 2275 968 2314; baseline -0.004 -8"><span class='ocrx_word' id='word_1_329' title='bbox 181 2280 214 2307; x_wconf 88' lang='lat' dir='ltr'><strong>iis</strong></span> <span class='ocrx_word' id='word_1_330' title='bbox 227 2286 287 2314; x_wconf 69' lang='lat' dir='ltr'><strong>quae</strong></span> <span class='ocrx_word' id='word_1_331' title='bbox 304 2278 328 2306; x_wconf 92' lang='lat' dir='ltr'><strong>ei</strong></span> <span class='ocrx_word' id='word_1_332' title='bbox 343 2280 530 2312; x_wconf 77' lang='lat' dir='ltr'><strong>apposuerunt</strong></span> <span class='ocrx_word' id='word_1_333' title='bbox 547 2275 688 2308; x_wconf 79' lang='lat' dir='ltr'><strong>homines;</strong></span> <span class='ocrx_word' id='word_1_334' title='bbox 702 2275 886 2310; x_wconf 80' lang='lat' dir='ltr'><strong>videbuntque</strong></span> <span class='ocrx_word' id='word_1_335' title='bbox 897 2284 968 2311; x_wconf 82' lang='lat' dir='ltr'><strong>quo—</strong></span> 
     </span>
    </p>
   </div>
   <div class='ocr_carea' id='block_1_48' title="bbox 181 2319 968 2357">
    <p class='ocr_par' dir='ltr' id='par_1_48' title="bbox 181 2319 968 2357">
     <span class='ocr_line' id='line_1_48' title="bbox 181 2319 968 2357; baseline -0.004 -5"><span class='ocrx_word' id='word_1_336' title='bbox 181 2325 262 2352; x_wconf 90' lang='lat' dir='ltr'><strong>modo</strong></span> <span class='ocrx_word' id='word_1_337' title='bbox 282 2325 307 2351; x_wconf 89' lang='lat' dir='ltr'><strong>ei</strong></span> <span class='ocrx_word' id='word_1_338' title='bbox 329 2330 410 2350; x_wconf 88' lang='lat' dir='ltr'><strong>nemo</strong></span> <span class='ocrx_word' id='word_1_339' title='bbox 431 2329 530 2357; x_wconf 84' lang='lat' dir='ltr'><strong>panem</strong></span> <span class='ocrx_word' id='word_1_340' title='bbox 556 2319 688 2347; x_wconf 89' lang='lat' dir='ltr'><strong>mundum</strong></span> <span class='ocrx_word' id='word_1_341' title='bbox 714 2328 851 2355; x_wconf 78' lang='lat' dir='ltr'><strong>apponere</strong></span> <span class='ocrx_word' id='word_1_342' title='bbox 871 2322 968 2356; x_wconf 80' lang='lat' dir='ltr'><strong>possit.</strong></span> 
     </span>
    </p>
   </div>
   <div class='ocr_carea' id='block_1_49' title="bbox 182 2363 966 2400">
    <p class='ocr_par' dir='ltr' id='par_1_49' title="bbox 182 2363 966 2400">
     <span class='ocr_line' id='line_1_49' title="bbox 182 2363 966 2400; baseline -0.008 -4"><span class='ocrx_word' id='word_1_343' title='bbox 182 2368 241 2397; x_wconf 75' lang='lat' dir='ltr'><strong>Stat</strong></span> <span class='ocrx_word' id='word_1_344' title='bbox 255 2369 328 2396; x_wconf 83' lang='lat' dir='ltr'><strong>enim</strong></span> <span class='ocrx_word' id='word_1_345' title='bbox 344 2367 377 2394; x_wconf 83' lang='lat' dir='ltr'><strong>ad</strong></span> <span class='ocrx_word' id='word_1_346' title='bbox 394 2367 496 2394; x_wconf 87' lang='lat' dir='ltr'><strong>ostium</strong></span> <span class='ocrx_word' id='word_1_347' title='bbox 510 2369 538 2393; x_wconf 79' lang='lat' dir='ltr'><strong>et</strong></span> <span class='ocrx_word' id='word_1_348' title='bbox 549 2364 658 2400; x_wconf 82' lang='lat' dir='ltr'><strong>pulsat.</strong></span> <span class='ocrx_word' id='word_1_349' title='bbox 670 2368 699 2391; x_wconf 87' lang='lat' dir='ltr'><strong>et</strong></span> <span class='ocrx_word' id='word_1_350' title='bbox 714 2364 737 2391; x_wconf 89' lang='lat' dir='ltr'><strong>si</strong></span> <span class='ocrx_word' id='word_1_351' title='bbox 755 2364 819 2399; x_wconf 83' lang='lat' dir='ltr'><strong>quis</strong></span> <span class='ocrx_word' id='word_1_352' title='bbox 842 2363 880 2391; x_wconf 88' lang='lat' dir='ltr'><strong>illi</strong></span> <span class='ocrx_word' id='word_1_353' title='bbox 903 2372 966 2399; x_wconf 65' lang='grc' dir='ltr'>αρε.</span> 
     </span>
    </p>
   </div>
   <div class='ocr_carea' id='block_1_50' title="bbox 183 2410 968 2449">
    <p class='ocr_par' dir='ltr' id='par_1_50' title="bbox 183 2410 968 2449">
     <span class='ocr_line' id='line_1_50' title="bbox 183 2410 968 2449; baseline -0.005 -7"><span class='ocrx_word' id='word_1_354' title='bbox 183 2415 286 2448; x_wconf 85' lang='lat' dir='ltr'><strong>ruerit,</strong></span> <span class='ocrx_word' id='word_1_355' title='bbox 299 2413 452 2449; x_wconf 78' lang='lat' dir='ltr'><strong>ingreditur</strong></span> <span class='ocrx_word' id='word_1_356' title='bbox 467 2412 500 2439; x_wconf 88' lang='lat' dir='ltr'><strong>ad</strong></span> <span class='ocrx_word' id='word_1_357' title='bbox 516 2418 596 2442; x_wconf 89' lang='lat' dir='ltr'><strong>eum,</strong></span> <span class='ocrx_word' id='word_1_358' title='bbox 615 2415 641 2437; x_wconf 89' lang='lat' dir='ltr'><strong>et</strong></span> <span class='ocrx_word' id='word_1_359' title='bbox 656 2414 747 2438; x_wconf 68' lang='grc' dir='ltr'>ρωποι</span> <span class='ocrx_word' id='word_1_360' title='bbox 766 2417 828 2437; x_wconf 87' lang='lat' dir='ltr'><strong>cum</strong></span> <span class='ocrx_word' id='word_1_361' title='bbox 847 2418 889 2437; x_wconf 87' lang='lat' dir='ltr'><strong>eo.</strong></span> <span class='ocrx_word' id='word_1_362' title='bbox 909 2410 968 2438; x_wconf 84' lang='lat' dir='ltr'><strong>Non</strong></span> 
     </span>
    </p>
   </div>
   <div class='ocr_carea' id='block_1_51' title="bbox 181 2456 966 2496">
    <p class='ocr_par' dir='ltr' id='par_1_51' title="bbox 181 2456 966 2496">
     <span class='ocr_line' id='line_1_51' title="bbox 181 2456 966 2496; baseline -0.005 -8"><span class='ocrx_word' id='word_1_363' title='bbox 181 2467 248 2496; x_wconf 88' lang='lat' dir='ltr'><strong>puto</strong></span> <span class='ocrx_word' id='word_1_364' title='bbox 263 2465 353 2488; x_wconf 82' lang='lat' dir='ltr'><strong>autem</strong></span> <span class='ocrx_word' id='word_1_365' title='bbox 370 2459 473 2486; x_wconf 87' lang='lat' dir='ltr'><strong>mundo</strong></span> <span class='ocrx_word' id='word_1_366' title='bbox 487 2465 550 2485; x_wconf 91' lang='lat' dir='ltr'><strong>eum</strong></span> <span class='ocrx_word' id='word_1_367' title='bbox 571 2456 644 2484; x_wconf 82' lang='lat' dir='ltr'><strong>vesci</strong></span> <span class='ocrx_word' id='word_1_368' title='bbox 667 2456 739 2488; x_wconf 83' lang='lat' dir='ltr'><strong>cibo,</strong></span> <span class='ocrx_word' id='word_1_369' title='bbox 762 2456 810 2483; x_wconf 87' lang='lat' dir='ltr'><strong>sed</strong></span> <span class='ocrx_word' id='word_1_370' title='bbox 830 2463 899 2491; x_wconf 81' lang='lat' dir='ltr'><strong>pane</strong></span> <span class='ocrx_word' id='word_1_371' title='bbox 919 2457 966 2492; x_wconf 92' lang='lat' dir='ltr'><strong>qui</strong></span> 
     </span>
    </p>
   </div>
   <div class='ocr_carea' id='block_1_52' title="bbox 181 2499 966 2535">
    <p class='ocr_par' dir='ltr' id='par_1_52' title="bbox 181 2499 966 2535">
     <span class='ocr_line' id='line_1_52' title="bbox 181 2499 966 2535; baseline -0.008 0"><span class='ocrx_word' id='word_1_372' title='bbox 181 2509 206 2535; x_wconf 92' lang='lat' dir='ltr'><strong>in</strong></span> <span class='ocrx_word' id='word_1_373' title='bbox 230 2507 295 2534; x_wconf 81' lang='lat' dir='ltr'><strong>timo</strong></span> <span class='ocrx_word' id='word_1_374' title='bbox 315 2505 398 2533; x_wconf 86' lang='lat' dir='ltr'><strong>boum</strong></span> <span class='ocrx_word' id='word_1_375' title='bbox 414 2505 450 2532; x_wconf 85' lang='lat' dir='ltr'><strong>sit</strong></span> <span class='ocrx_word' id='word_1_376' title='bbox 466 2511 498 2531; x_wconf 85' lang='lat' dir='ltr'><strong>ac</strong></span> <span class='ocrx_word' id='word_1_377' title='bbox 513 2509 621 2531; x_wconf 81' lang='lat' dir='ltr'><strong>stercus</strong></span> <span class='ocrx_word' id='word_1_378' title='bbox 636 2501 765 2529; x_wconf 71' lang='lat' dir='ltr'><strong>exsistat.</strong></span> <span class='ocrx_word' id='word_1_379' title='bbox 786 2499 842 2528; x_wconf 80' lang='lat' dir='ltr'><strong>Nos</strong></span> <span class='ocrx_word' id='word_1_380' title='bbox 853 2509 928 2534; x_wconf 88' lang='lat' dir='ltr'><strong>vero,</strong></span> <span class='ocrx_word' id='word_1_381' title='bbox 941 2501 966 2529; x_wconf 78' lang='lat' dir='ltr'><strong>si</strong></span> 
     </span>
    </p>
   </div>
   <div class='ocr_carea' id='block_1_53' title="bbox 179 2546 965 2588">
    <p class='ocr_par' dir='ltr' id='par_1_53' title="bbox 179 2546 965 2588">
     <span class='ocr_line' id='line_1_53' title="bbox 179 2546 965 2588; baseline -0.01 -8"><span class='ocrx_word' id='word_1_382' title='bbox 179 2553 289 2588; x_wconf 86' lang='lat' dir='ltr'><strong>quando</strong></span> <span class='ocrx_word' id='word_1_383' title='bbox 300 2551 398 2579; x_wconf 78' lang='lat' dir='ltr'><strong>deinde</strong></span> <span class='ocrx_word' id='word_1_384' title='bbox 410 2549 610 2578; x_wconf 73' lang='lat' dir='ltr'><strong>cmnaverimus</strong></span> <span class='ocrx_word' id='word_1_385' title='bbox 622 2554 685 2574; x_wconf 87' lang='lat' dir='ltr'><strong>cum</strong></span> <span class='ocrx_word' id='word_1_386' title='bbox 699 2553 743 2578; x_wconf 87' lang='lat' dir='ltr'><strong>eo,</strong></span> <span class='ocrx_word' id='word_1_387' title='bbox 753 2554 803 2581; x_wconf 85' lang='lat' dir='ltr'><strong>pro</strong></span> <span class='ocrx_word' id='word_1_388' title='bbox 816 2546 965 2573; x_wconf 79' lang='lat' dir='ltr'><strong>immundis</strong></span> 
     </span>
    </p>
   </div>
   <div class='ocr_carea' id='block_1_54' title="bbox 180 2592 966 2634">
    <p class='ocr_par' dir='ltr' id='par_1_54' title="bbox 180 2592 966 2634">
     <span class='ocr_line' id='line_1_54' title="bbox 180 2592 966 2634; baseline -0.01 -7"><span class='ocrx_word' id='word_1_389' title='bbox 180 2600 249 2628; x_wconf 74' lang='lat' dir='ltr'><strong>cibis</strong></span> <span class='ocrx_word' id='word_1_390' title='bbox 273 2606 343 2634; x_wconf 88' lang='lat' dir='ltr'><strong>quos</strong></span> <span class='ocrx_word' id='word_1_391' title='bbox 367 2597 406 2625; x_wconf 92' lang='lat' dir='ltr'><strong>illi</strong></span> <span class='ocrx_word' id='word_1_392' title='bbox 430 2596 627 2632; x_wconf 84' lang='lat' dir='ltr'><strong>apposuimns,</strong></span> <span class='ocrx_word' id='word_1_393' title='bbox 649 2592 766 2620; x_wconf 80' lang='lat' dir='ltr'><strong>mundas</strong></span> <span class='ocrx_word' id='word_1_394' title='bbox 785 2593 820 2620; x_wconf 78' lang='lat' dir='ltr'><strong>ab</strong></span> <span class='ocrx_word' id='word_1_395' title='bbox 839 2599 872 2619; x_wconf 86' lang='lat' dir='ltr'><strong>eo</strong></span> <span class='ocrx_word' id='word_1_396' title='bbox 889 2600 966 2620; x_wconf 83' lang='lat' dir='ltr'><strong>escas</strong></span> 
     </span>
    </p>
   </div>
   <div class='ocr_carea' id='block_1_55' title="bbox 181 2638 968 2680">
    <p class='ocr_par' dir='ltr' id='par_1_55' title="bbox 181 2638 968 2680">
     <span class='ocr_line' id='line_1_55' title="bbox 181 2638 968 2680; baseline -0.01 -7"><span class='ocrx_word' id='word_1_397' title='bbox 181 2645 360 2680; x_wconf 66' lang='lat' dir='ltr'><strong>recipiemus.</strong></span> <span class='ocrx_word' id='word_1_398' title='bbox 374 2643 409 2670; x_wconf 82' lang='lat' dir='ltr'><strong>At</strong></span> <span class='ocrx_word' id='word_1_399' title='bbox 424 2650 489 2670; x_wconf 88' lang='lat' dir='ltr'><strong>vero</strong></span> <span class='ocrx_word' id='word_1_400' title='bbox 504 2648 587 2676; x_wconf 89' lang='lat' dir='ltr'><strong>super</strong></span> <span class='ocrx_word' id='word_1_401' title='bbox 603 2639 701 2666; x_wconf 83' lang='lat' dir='ltr'><strong>Filium</strong></span> <span class='ocrx_word' id='word_1_402' title='bbox 717 2638 835 2666; x_wconf 76' lang='lat' dir='ltr'><strong>hominis</strong></span> <span class='ocrx_word' id='word_1_403' title='bbox 855 2638 968 2666; x_wconf 85' lang='lat' dir='ltr'><strong>venien-</strong></span> 
     </span>
    </p>
   </div>
   <div class='ocr_carea' id='block_1_56' title="bbox 181 2684 967 2723">
    <p class='ocr_par' dir='ltr' id='par_1_56' title="bbox 181 2684 967 2723">
     <span class='ocr_line' id='line_1_56' title="bbox 181 2684 967 2723; baseline -0.009 -4"><span class='ocrx_word' id='word_1_404' title='bbox 181 2697 235 2718; x_wconf 78' lang='lat' dir='ltr'><strong>tem</strong></span> <span class='ocrx_word' id='word_1_405' title='bbox 259 2692 287 2718; x_wconf 90' lang='lat' dir='ltr'><strong>in</strong></span> <span class='ocrx_word' id='word_1_406' title='bbox 313 2690 407 2717; x_wconf 83' lang='lat' dir='ltr'><strong>medio</strong></span> <span class='ocrx_word' id='word_1_407' title='bbox 430 2686 596 2723; x_wconf 82' lang='lat' dir='ltr'><strong>captivitatis</strong></span> <span class='ocrx_word' id='word_1_408' title='bbox 619 2689 718 2712; x_wconf 66' lang='lat' dir='ltr'><strong>nostrae</strong></span> <span class='ocrx_word' id='word_1_409' title='bbox 739 2684 838 2712; x_wconf 83' lang='lat' dir='ltr'><strong>dantur</strong></span> <span class='ocrx_word' id='word_1_410' title='bbox 860 2685 967 2712; x_wconf 87' lang='lat' dir='ltr'><strong>vincula</strong></span> 
     </span>
    </p>
   </div>
   <div class='ocr_carea' id='block_1_57' title="bbox 181 2730 967 2770">
    <p class='ocr_par' dir='ltr' id='par_1_57' title="bbox 181 2730 967 2770">
     <span class='ocr_line' id='line_1_57' title="bbox 181 2730 967 2770; baseline -0.009 -6"><span class='ocrx_word' id='word_1_411' title='bbox 181 2741 289 2764; x_wconf 78' lang='lat' dir='ltr'><strong>terrena</strong></span> <span class='ocrx_word' id='word_1_412' title='bbox 305 2740 332 2763; x_wconf 83' lang='lat' dir='ltr'><strong>et</strong></span> <span class='ocrx_word' id='word_1_413' title='bbox 345 2735 508 2770; x_wconf 76' lang='lat' dir='ltr'><strong>corporalia.</strong></span> <span class='ocrx_word' id='word_1_414' title='bbox 525 2731 641 2765; x_wconf 81' lang='lat' dir='ltr'><strong>Quando</strong></span> <span class='ocrx_word' id='word_1_415' title='bbox 656 2730 730 2759; x_wconf 83' lang='lat' dir='ltr'><strong>enim</strong></span> <span class='ocrx_word' id='word_1_416' title='bbox 744 2731 816 2765; x_wconf 85' lang='lat' dir='ltr'><strong>apud</strong></span> <span class='ocrx_word' id='word_1_417' title='bbox 838 2739 888 2758; x_wconf 93' lang='lat' dir='ltr'><strong>nos</strong></span> <span class='ocrx_word' id='word_1_418' title='bbox 908 2736 967 2764; x_wconf 81' lang='lat' dir='ltr'><strong>est,</strong></span> 
     </span>
    </p>
   </div>
   <div class='ocr_carea' id='block_1_58' title="bbox 985 2201 1005 2226">
    <p class='ocr_par' dir='ltr' id='par_1_58' title="bbox 985 2201 1005 2226">
     <span class='ocr_line' id='line_1_58' title="bbox 985 2201 1005 2226; baseline 0 0"><span class='ocrx_word' id='word_1_419' title='bbox 985 2201 1005 2226; x_wconf 89' lang='lat' dir='ltr'><strong>D</strong></span> 
     </span>
    </p>
   </div>
   <div class='ocr_carea' id='block_1_59' title="bbox 218 2827 1016 2873">
    <p class='ocr_par' dir='ltr' id='par_1_59' title="bbox 218 2827 1016 2873">
     <span class='ocr_line' id='line_1_59' title="bbox 218 2827 1016 2873; baseline 0.006 -18"><span class='ocrx_word' id='word_1_420' title='bbox 218 2827 240 2845; x_wconf 82' lang='grc'><strong>¹¹</strong></span> <span class='ocrx_word' id='word_1_421' title='bbox 252 2829 350 2856; x_wconf 73' lang='grc' dir='ltr'>Ειεοιι.</span> <span class='ocrx_word' id='word_1_422' title='bbox 367 2836 405 2861; x_wconf 81' lang='lat' dir='ltr'><strong>tv.</strong></span> <span class='ocrx_word' id='word_1_423' title='bbox 419 2829 444 2856; x_wconf 70' lang='grc' dir='ltr'><strong>ὅ.</strong></span> <span class='ocrx_word' id='word_1_424' title='bbox 483 2829 506 2873; x_wconf 64' lang='grc' dir='ltr'><strong>ξ¹</strong></span> <span class='ocrx_word' id='word_1_425' title='bbox 518 2829 584 2857; x_wconf 80' lang='lat' dir='ltr'><strong>Ibid.</strong></span> <span class='ocrx_word' id='word_1_426' title='bbox 623 2829 645 2847; x_wconf 82' lang='lat'>&quot;</span> <span class='ocrx_word' id='word_1_427' title='bbox 662 2829 727 2859; x_wconf 88' lang='lat' dir='ltr'><strong>Ibid.</strong></span> <span class='ocrx_word' id='word_1_428' title='bbox 751 2832 789 2848; x_wconf 72' lang='lat'><strong>’”</strong></span> <span class='ocrx_word' id='word_1_429' title='bbox 804 2831 871 2859; x_wconf 76' lang='lat' dir='ltr'><strong>Ibid.</strong></span> <span class='ocrx_word' id='word_1_430' title='bbox 909 2832 932 2849; x_wconf 74' lang='lat'>“</span> <span class='ocrx_word' id='word_1_431' title='bbox 947 2832 1016 2861; x_wconf 80' lang='lat' dir='ltr'><strong>ibid.</strong></span> 
     </span>
    </p>
   </div>
   <div class='ocr_carea' id='block_1_60' title="bbox 900 107 1020 135">
    <p class='ocr_par' dir='ltr' id='par_1_60' title="bbox 900 107 1020 135">
     <span class='ocr_line' id='line_1_60' title="bbox 900 107 1020 135; baseline 0.008 -1"><span class='ocrx_word' id='word_1_432' title='bbox 900 107 944 134; x_wconf 72' lang='lat' dir='ltr'><strong>EX</strong></span> <span class='ocrx_word' id='word_1_433' title='bbox 964 107 1020 135; x_wconf 68' lang='lat' dir='ltr'><strong>0R!</strong></span> 
     </span>
    </p>
   </div>
   <div class='ocr_carea' id='block_1_61' title="bbox 1024 107 1825 140">
    <p class='ocr_par' dir='ltr' id='par_1_61' title="bbox 1024 107 1825 140">
     <span class='ocr_line' id='line_1_61' title="bbox 1024 107 1825 140; baseline 0.005 -6"><span class='ocrx_word' id='word_1_434' title='bbox 1024 107 1115 135; x_wconf 69' lang='grc' dir='ltr'><strong>(ΞΕΝῐῦ</strong></span> <span class='ocrx_word' id='word_1_435' title='bbox 1777 112 1825 140; x_wconf 71' lang='grc' dir='ltr'><strong>78υ</strong></span> 
     </span>
    </p>
   </div>
   <div class='ocr_carea' id='block_1_62' title="bbox 1030 166 1825 202">
    <p class='ocr_par' dir='ltr' id='par_1_62' title="bbox 1030 166 1825 202">
     <span class='ocr_line' id='line_1_62' title="bbox 1030 166 1825 202; baseline 0.005 -10"><span class='ocrx_word' id='word_1_436' title='bbox 1030 175 1073 200; x_wconf 80' lang='grc' dir='ltr'><strong>γοι</strong></span> <span class='ocrx_word' id='word_1_437' title='bbox 1084 167 1146 198; x_wconf 61' lang='lat' dir='ltr'><strong>re);</strong></span> <span class='ocrx_word' id='word_1_438' title='bbox 1163 166 1300 198; x_wconf 72' lang='grc' dir='ltr'>ἐναντίους</span> <span class='ocrx_word' id='word_1_439' title='bbox 1317 167 1412 202; x_wconf 71' lang='grc' dir='ltr'>λόγους</span> <span class='ocrx_word' id='word_1_440' title='bbox 1427 167 1489 194; x_wconf 71' lang='lat' dir='ltr'><strong>sisi.</strong></span> <span class='ocrx_word' id='word_1_441' title='bbox 1515 168 1592 194; x_wconf 70' lang='grc' dir='ltr'>Ἐπεὶ</span> <span class='ocrx_word' id='word_1_442' title='bbox 1606 169 1635 196; x_wconf 77' lang='grc' dir='ltr'><strong>δὲ</strong></span> <span class='ocrx_word' id='word_1_443' title='bbox 1648 169 1696 195; x_wconf 79' lang='grc' dir='ltr'>καὶ</span> <span class='ocrx_word' id='word_1_444' title='bbox 1716 168 1825 196; x_wconf 67' lang='grc' dir='ltr'>δυνατόν</span> 
     </span>
    </p>
   </div>
   <div class='ocr_carea' id='block_1_63' title="bbox 1030 212 1825 249">
    <p class='ocr_par' dir='ltr' id='par_1_63' title="bbox 1030 212 1825 249">
     <span class='ocr_line' id='line_1_63' title="bbox 1030 212 1825 249; baseline 0.003 -10"><span class='ocrx_word' id='word_1_445' title='bbox 1030 214 1088 239; x_wconf 79' lang='grc' dir='ltr'>ἐστι</span> <span class='ocrx_word' id='word_1_446' title='bbox 1106 212 1153 240; x_wconf 73' lang='grc' dir='ltr'>καὶ</span> <span class='ocrx_word' id='word_1_447' title='bbox 1165 213 1299 249; x_wconf 74' lang='grc' dir='ltr'><strong>ἁμαρτεῖν</strong></span> <span class='ocrx_word' id='word_1_448' title='bbox 1318 213 1386 248; x_wconf 66' lang='grc' dir='ltr'>μετὰ</span> <span class='ocrx_word' id='word_1_449' title='bbox 1400 213 1526 246; x_wconf 77' lang='grc' dir='ltr'>τοσαῦτα,</span> <span class='ocrx_word' id='word_1_450' title='bbox 1540 215 1610 249; x_wconf 81' lang='grc' dir='ltr'>τάχα</span> <span class='ocrx_word' id='word_1_451' title='bbox 1630 214 1667 241; x_wconf 64' lang='lat' dir='ltr'><strong>oi~</strong></span> <span class='ocrx_word' id='word_1_452' title='bbox 1679 214 1825 249; x_wconf 82' lang='grc' dir='ltr'>ἁπτόμενοι</span> 
     </span>
    </p>
   </div>
   <div class='ocr_carea' id='block_1_64' title="bbox 1029 258 1826 296">
    <p class='ocr_par' dir='ltr' id='par_1_64' title="bbox 1029 258 1826 296">
     <span class='ocr_line' id='line_1_64' title="bbox 1029 258 1826 296; baseline 0.004 -11"><span class='ocrx_word' id='word_1_453' title='bbox 1029 258 1078 285; x_wconf 81' lang='grc' dir='ltr'>τοῦ</span> <span class='ocrx_word' id='word_1_454' title='bbox 1093 259 1286 295; x_wconf 75' lang='grc' dir='ltr'><strong>ἡμαρτηκότος</strong></span> <span class='ocrx_word' id='word_1_455' title='bbox 1307 259 1381 294; x_wconf 79' lang='grc' dir='ltr'>λόγοι</span> <span class='ocrx_word' id='word_1_456' title='bbox 1401 261 1448 287; x_wconf 75' lang='grc' dir='ltr'><strong>καὶ</strong></span> <span class='ocrx_word' id='word_1_457' title='bbox 1472 260 1631 293; x_wconf 79' lang='grc' dir='ltr'><strong>κολάζοντες</strong></span> <span class='ocrx_word' id='word_1_458' title='bbox 1649 261 1733 288; x_wconf 78' lang='grc' dir='ltr'>αὑτὸν</span> <span class='ocrx_word' id='word_1_459' title='bbox 1757 261 1826 296; x_wconf 69' lang='grc' dir='ltr'>σιδη-</span> 
     </span>
    </p>
   </div>
   <div class='ocr_carea' id='block_1_65' title="bbox 1031 305 1824 344">
    <p class='ocr_par' dir='ltr' id='par_1_65' title="bbox 1031 305 1824 344">
     <span class='ocr_line' id='line_1_65' title="bbox 1031 305 1824 344; baseline 0.004 -12"><span class='ocrx_word' id='word_1_460' title='bbox 1031 305 1094 341; x_wconf 71' lang='grc' dir='ltr'>ροῦν</span> <span class='ocrx_word' id='word_1_461' title='bbox 1111 305 1235 340; x_wconf 83' lang='grc' dir='ltr'>λέγονται</span> <span class='ocrx_word' id='word_1_462' title='bbox 1252 307 1370 341; x_wconf 75' lang='grc' dir='ltr'>τήγανον</span> <span class='ocrx_word' id='word_1_463' title='bbox 1380 326 1387 337; x_wconf 87' lang='grc'><em>,</em></span> <span class='ocrx_word' id='word_1_464' title='bbox 1409 306 1504 343; x_wconf 82' lang='grc' dir='ltr'>ὥσπερ</span> <span class='ocrx_word' id='word_1_465' title='bbox 1522 315 1565 340; x_wconf 76' lang='grc' dir='ltr'><strong>τις</strong></span> <span class='ocrx_word' id='word_1_466' title='bbox 1577 308 1648 334; x_wconf 72' lang='grc' dir='ltr'>κατὰ</span> <span class='ocrx_word' id='word_1_467' title='bbox 1659 308 1706 335; x_wconf 74' lang='grc' dir='ltr'><strong>τὸν</strong></span> <span class='ocrx_word' id='word_1_468' title='bbox 1720 310 1824 344; x_wconf 55' lang='lat' dir='ltr'><strong>11m-</strong></span> 
     </span>
    </p>
   </div>
   <div class='ocr_carea' id='block_1_66' title="bbox 1029 352 1825 389">
    <p class='ocr_par' dir='ltr' id='par_1_66' title="bbox 1029 352 1825 389">
     <span class='ocr_line' id='line_1_66' title="bbox 1029 352 1825 389; baseline 0.005 -12"><span class='ocrx_word' id='word_1_469' title='bbox 1029 361 1079 387; x_wconf 80' lang='grc' dir='ltr'>την</span> <span class='ocrx_word' id='word_1_470' title='bbox 1097 352 1154 378; x_wconf 75' lang='grc' dir='ltr'>ἐστὶ</span> <span class='ocrx_word' id='word_1_471' title='bbox 1164 353 1252 387; x_wconf 80' lang='grc' dir='ltr'><strong>τοῖχος</strong></span> <span class='ocrx_word' id='word_1_472' title='bbox 1265 352 1390 388; x_wconf 79' lang='grc' dir='ltr'><strong>σιδηροῦς</strong></span> <span class='ocrx_word' id='word_1_473' title='bbox 1404 353 1448 380; x_wconf 78' lang='grc' dir='ltr'>διὰ</span> <span class='ocrx_word' id='word_1_474' title='bbox 1469 354 1500 380; x_wconf 80' lang='grc' dir='ltr'>τὸ</span> <span class='ocrx_word' id='word_1_475' title='bbox 1520 353 1557 389; x_wconf 85' lang='grc' dir='ltr'>μὴ</span> <span class='ocrx_word' id='word_1_476' title='bbox 1577 354 1761 389; x_wconf 82' lang='grc' dir='ltr'><strong>μεταπίπτειν</strong></span> <span class='ocrx_word' id='word_1_477' title='bbox 1775 356 1825 381; x_wconf 69' lang='grc' dir='ltr'><strong>ἀπὸ</strong></span> 
     </span>
    </p>
   </div>
   <div class='ocr_carea' id='block_1_67' title="bbox 1029 397 1824 435">
    <p class='ocr_par' dir='ltr' id='par_1_67' title="bbox 1029 397 1824 435">
     <span class='ocr_line' id='line_1_67' title="bbox 1029 397 1824 435; baseline 0.005 -12"><span class='ocrx_word' id='word_1_478' title='bbox 1029 397 1079 432; x_wconf 78' lang='grc' dir='ltr'>τῆς</span> <span class='ocrx_word' id='word_1_479' title='bbox 1093 397 1240 433; x_wconf 83' lang='grc' dir='ltr'><strong>καλλίστης</strong></span> <span class='ocrx_word' id='word_1_480' title='bbox 1254 398 1346 431; x_wconf 74' lang='grc' dir='ltr'>ἕξεως.</span> <span class='ocrx_word' id='word_1_481' title='bbox 1366 399 1402 425; x_wconf 88' lang='lat' dir='ltr'><strong>Tb</strong></span> <span class='ocrx_word' id='word_1_482' title='bbox 1414 399 1454 432; x_wconf 81' lang='grc' dir='ltr'><strong>δὲ,</strong></span> <span class='ocrx_word' id='word_1_483' title='bbox 1478 399 1660 434; x_wconf 73' lang='grc' dir='ltr'>Ἐτοιμὰσεις</span> <span class='ocrx_word' id='word_1_484' title='bbox 1678 401 1714 427; x_wconf 84' lang='grc' dir='ltr'>τὸ</span> <span class='ocrx_word' id='word_1_485' title='bbox 1735 402 1824 435; x_wconf 57' lang='grc' dir='ltr'>πρόσ-</span> 
     </span>
    </p>
   </div>
   <div class='ocr_carea' id='block_1_68' title="bbox 1029 444 1823 482">
    <p class='ocr_par' dir='ltr' id='par_1_68' title="bbox 1029 444 1823 482">
     <span class='ocr_line' id='line_1_68' title="bbox 1029 444 1823 482; baseline 0.005 -12"><span class='ocrx_word' id='word_1_486' title='bbox 1029 444 1111 470; x_wconf 75' lang='grc' dir='ltr'>ωπόν</span> <span class='ocrx_word' id='word_1_487' title='bbox 1138 452 1213 476; x_wconf 82' lang='grc' dir='ltr'>σου,</span> <span class='ocrx_word' id='word_1_488' title='bbox 1237 444 1360 471; x_wconf 76' lang='grc' dir='ltr'>τουτέστι</span> <span class='ocrx_word' id='word_1_489' title='bbox 1387 447 1523 478; x_wconf 81' lang='grc' dir='ltr'>συντενεῖς</span> <span class='ocrx_word' id='word_1_490' title='bbox 1548 446 1580 473; x_wconf 88' lang='lat' dir='ltr'><strong>rb</strong></span> <span class='ocrx_word' id='word_1_491' title='bbox 1601 447 1759 482; x_wconf 81' lang='grc' dir='ltr'>διορατικὺν</span> <span class='ocrx_word' id='word_1_492' title='bbox 1779 448 1823 482; x_wconf 75' lang='grc' dir='ltr'>τῆς</span> 
     </span>
    </p>
   </div>
   <div class='ocr_carea' id='block_1_69' title="bbox 1028 489 1823 529">
    <p class='ocr_par' dir='ltr' id='par_1_69' title="bbox 1028 489 1823 529">
     <span class='ocr_line' id='line_1_69' title="bbox 1028 489 1823 529; baseline 0.005 -13"><span class='ocrx_word' id='word_1_493' title='bbox 1028 489 1118 525; x_wconf 66' lang='grc' dir='ltr'>ψυχῆς</span> <span class='ocrx_word' id='word_1_494' title='bbox 1131 498 1178 516; x_wconf 79' lang='grc' dir='ltr'><strong>σου</strong></span> <span class='ocrx_word' id='word_1_495' title='bbox 1196 491 1243 517; x_wconf 69' lang='grc' dir='ltr'><strong>ἐπὶ</strong></span> <span class='ocrx_word' id='word_1_496' title='bbox 1262 491 1312 526; x_wconf 84' lang='grc' dir='ltr'><strong>τὴν</strong></span> <span class='ocrx_word' id='word_1_497' title='bbox 1334 491 1412 518; x_wconf 87' lang='grc' dir='ltr'>πόλιν</span> <span class='ocrx_word' id='word_1_498' title='bbox 1428 492 1468 523; x_wconf 79' lang='grc' dir='ltr'><strong>εἰς</strong></span> <span class='ocrx_word' id='word_1_499' title='bbox 1490 491 1521 518; x_wconf 79' lang='grc' dir='ltr'><strong>τὸ</strong></span> <span class='ocrx_word' id='word_1_500' title='bbox 1541 492 1719 528; x_wconf 73' lang='grc' dir='ltr'>οἰκοδομῆσαι</span> <span class='ocrx_word' id='word_1_501' title='bbox 1744 494 1823 529; x_wconf 72' lang='grc' dir='ltr'>αὐτὴν</span> 
     </span>
    </p>
   </div>
   <div class='ocr_carea' id='block_1_70' title="bbox 1028 534 1822 574">
    <p class='ocr_par' dir='ltr' id='par_1_70' title="bbox 1028 534 1822 574">
     <span class='ocr_line' id='line_1_70' title="bbox 1028 534 1822 574; baseline 0.006 -14"><span class='ocrx_word' id='word_1_502' title='bbox 1028 534 1075 560; x_wconf 74' lang='grc' dir='ltr'>ἐπὶ</span> <span class='ocrx_word' id='word_1_503' title='bbox 1092 535 1142 570; x_wconf 85' lang='grc' dir='ltr'><strong>τῆς</strong></span> <span class='ocrx_word' id='word_1_504' title='bbox 1164 535 1286 569; x_wconf 78' lang='grc' dir='ltr'><strong>πλίνθου,</strong></span> <span class='ocrx_word' id='word_1_505' title='bbox 1307 536 1324 571; x_wconf 85' lang='grc' dir='ltr'><strong>ὴ</strong></span> <span class='ocrx_word' id='word_1_506' title='bbox 1342 536 1393 571; x_wconf 88' lang='grc' dir='ltr'>τῆς</span> <span class='ocrx_word' id='word_1_507' title='bbox 1411 535 1514 568; x_wconf 84' lang='grc' dir='ltr'>πόλεως</span> <span class='ocrx_word' id='word_1_508' title='bbox 1533 536 1610 564; x_wconf 75' lang='grc' dir='ltr'>ἔσται</span> <span class='ocrx_word' id='word_1_509' title='bbox 1632 538 1822 574; x_wconf 79' lang='grc' dir='ltr'>συγκλεισμός.</span> 
     </span>
    </p>
   </div>
   <div class='ocr_carea' id='block_1_71' title="bbox 1028 582 1823 620">
    <p class='ocr_par' dir='ltr' id='par_1_71' title="bbox 1028 582 1823 620">
     <span class='ocr_line' id='line_1_71' title="bbox 1028 582 1823 620; baseline 0.005 -12"><span class='ocrx_word' id='word_1_510' title='bbox 1028 582 1225 616; x_wconf 73' lang='grc' dir='ltr'>Συγχλείσεις</span> <span class='ocrx_word' id='word_1_511' title='bbox 1237 582 1292 618; x_wconf 87' lang='grc' dir='ltr'><strong>γὰρ</strong></span> <span class='ocrx_word' id='word_1_512' title='bbox 1306 582 1414 617; x_wconf 69' lang='grc' dir='ltr'>αὐτὴν,</span> <span class='ocrx_word' id='word_1_513' title='bbox 1425 582 1549 610; x_wconf 66' lang='grc' dir='ltr'>ἐντυπόν</span> <span class='ocrx_word' id='word_1_514' title='bbox 1564 584 1648 620; x_wconf 77' lang='grc' dir='ltr'>αὐτὴν</span> <span class='ocrx_word' id='word_1_515' title='bbox 1660 584 1709 611; x_wconf 69' lang='grc' dir='ltr'><strong>καὶ</strong></span> <span class='ocrx_word' id='word_1_516' title='bbox 1722 586 1823 619; x_wconf 66' lang='grc' dir='ltr'>ἐγκαθο</span> 
     </span>
    </p>
   </div>
   <div class='ocr_carea' id='block_1_72' title="bbox 1028 626 1820 665">
    <p class='ocr_par' dir='ltr' id='par_1_72' title="bbox 1028 626 1820 665">
     <span class='ocr_line' id='line_1_72' title="bbox 1028 626 1820 665; baseline 0.004 -12"><span class='ocrx_word' id='word_1_517' title='bbox 1028 626 1160 663; x_wconf 84' lang='grc' dir='ltr'>ειργνύων</span> <span class='ocrx_word' id='word_1_518' title='bbox 1173 629 1206 663; x_wconf 84' lang='grc' dir='ltr'>τῇ</span> <span class='ocrx_word' id='word_1_519' title='bbox 1218 627 1290 663; x_wconf 78' lang='grc' dir='ltr'>ψυχῇ</span> <span class='ocrx_word' id='word_1_520' title='bbox 1309 628 1355 655; x_wconf 79' lang='grc' dir='ltr'>τοῦ</span> <span class='ocrx_word' id='word_1_521' title='bbox 1374 628 1510 664; x_wconf 76' lang='grc' dir='ltr'>ἀκροατοῦ</span> <span class='ocrx_word' id='word_1_522' title='bbox 1524 628 1605 664; x_wconf 85' lang='grc' dir='ltr'>σῶμα</span> <span class='ocrx_word' id='word_1_523' title='bbox 1616 638 1649 656; x_wconf 87' lang='grc' dir='ltr'>πε</span> <span class='ocrx_word' id='word_1_524' title='bbox 1655 630 1820 665; x_wconf 71' lang='grc' dir='ltr'>ρικειμένου.</span> 
     </span>
    </p>
   </div>
   <div class='ocr_carea' id='block_1_73' title="bbox 1028 672 1822 709">
    <p class='ocr_par' dir='ltr' id='par_1_73' title="bbox 1028 672 1822 709">
     <span class='ocr_line' id='line_1_73' title="bbox 1028 672 1822 709; baseline 0.005 -11"><span class='ocrx_word' id='word_1_525' title='bbox 1028 672 1113 699; x_wconf 75' lang='grc' dir='ltr'>Τοῦτο</span> <span class='ocrx_word' id='word_1_526' title='bbox 1129 672 1156 699; x_wconf 80' lang='grc' dir='ltr'>δὲ</span> <span class='ocrx_word' id='word_1_527' title='bbox 1170 673 1223 699; x_wconf 81' lang='grc' dir='ltr'>πᾶν</span> <span class='ocrx_word' id='word_1_528' title='bbox 1235 673 1350 708; x_wconf 81' lang='grc' dir='ltr'>σημεῖόν</span> <span class='ocrx_word' id='word_1_529' title='bbox 1365 682 1391 699; x_wconf 89' lang='grc' dir='ltr'><strong>τι</strong></span> <span class='ocrx_word' id='word_1_530' title='bbox 1408 674 1530 708; x_wconf 72' lang='grc' dir='ltr'>ἔγκειται</span> <span class='ocrx_word' id='word_1_531' title='bbox 1541 675 1598 705; x_wconf 82' lang='grc' dir='ltr'>τοῖς</span> <span class='ocrx_word' id='word_1_532' title='bbox 1614 674 1643 701; x_wconf 80' lang='grc' dir='ltr'>ὲν</span> <span class='ocrx_word' id='word_1_533' title='bbox 1657 675 1767 709; x_wconf 78' lang='grc' dir='ltr'><strong>γενέσει</strong></span> <span class='ocrx_word' id='word_1_534' title='bbox 1782 675 1822 702; x_wconf 76' lang='grc' dir='ltr'><strong>εὑ-</strong></span> 
     </span>
    </p>
   </div>
   <div class='ocr_carea' id='block_1_74' title="bbox 1029 717 1820 755">
    <p class='ocr_par' dir='ltr' id='par_1_74' title="bbox 1029 717 1820 755">
     <span class='ocr_line' id='line_1_74' title="bbox 1029 717 1820 755; baseline 0.003 -11"><span class='ocrx_word' id='word_1_535' title='bbox 1029 717 1108 752; x_wconf 77' lang='grc' dir='ltr'>φυέσι</span> <span class='ocrx_word' id='word_1_536' title='bbox 1124 717 1171 745; x_wconf 74' lang='grc' dir='ltr'><strong>καὶ</strong></span> <span class='ocrx_word' id='word_1_537' title='bbox 1185 718 1362 753; x_wconf 82' lang='grc' dir='ltr'>καλουμένοις</span> <span class='ocrx_word' id='word_1_538' title='bbox 1376 719 1444 751; x_wconf 78' lang='grc' dir='ltr'>υἱοῖς</span> <span class='ocrx_word' id='word_1_539' title='bbox 1463 719 1582 755; x_wconf 79' lang='grc' dir='ltr'>Ἰσραήλ.</span> <span class='ocrx_word' id='word_1_540' title='bbox 1595 720 1673 754; x_wconf 82' lang='grc' dir='ltr'>Τάχα</span> <span class='ocrx_word' id='word_1_541' title='bbox 1690 720 1720 746; x_wconf 84' lang='grc' dir='ltr'><strong>δὲ</strong></span> <span class='ocrx_word' id='word_1_542' title='bbox 1734 721 1780 747; x_wconf 78' lang='grc' dir='ltr'>καὶ</span> <span class='ocrx_word' id='word_1_543' title='bbox 1794 722 1820 747; x_wconf 83' lang='grc' dir='ltr'>ὲν</span> 
     </span>
    </p>
   </div>
   <div class='ocr_carea' id='block_1_75' title="bbox 1027 763 1821 800">
    <p class='ocr_par' dir='ltr' id='par_1_75' title="bbox 1027 763 1821 800">
     <span class='ocr_line' id='line_1_75' title="bbox 1027 763 1821 800; baseline 0.005 -12"><span class='ocrx_word' id='word_1_544' title='bbox 1027 763 1084 794; x_wconf 86' lang='grc' dir='ltr'>τοῖς</span> <span class='ocrx_word' id='word_1_545' title='bbox 1098 763 1244 798; x_wconf 79' lang='grc' dir='ltr'><strong>διδαχθεῖσι</strong></span> <span class='ocrx_word' id='word_1_546' title='bbox 1260 763 1309 799; x_wconf 86' lang='grc' dir='ltr'>μὲν</span> <span class='ocrx_word' id='word_1_547' title='bbox 1321 763 1355 790; x_wconf 84' lang='grc' dir='ltr'>τὰ</span> <span class='ocrx_word' id='word_1_548' title='bbox 1368 764 1419 799; x_wconf 83' lang='grc' dir='ltr'>τῆς</span> <span class='ocrx_word' id='word_1_549' title='bbox 1441 764 1595 796; x_wconf 74' lang='grc' dir='ltr'>θεοσεϐείας</span> <span class='ocrx_word' id='word_1_550' title='bbox 1606 785 1613 797; x_wconf 88' lang='lat'><strong>,</strong></span> <span class='ocrx_word' id='word_1_551' title='bbox 1638 764 1677 800; x_wconf 83' lang='grc' dir='ltr'>μὴ</span> <span class='ocrx_word' id='word_1_552' title='bbox 1690 765 1780 800; x_wconf 71' lang='grc' dir='ltr'>βιοῦσι</span> <span class='ocrx_word' id='word_1_553' title='bbox 1794 766 1821 792; x_wconf 76' lang='grc' dir='ltr'><strong>δὲ</strong></span> 
     </span>
    </p>
   </div>
   <div class='ocr_carea' id='block_1_76' title="bbox 1027 807 1821 846">
    <p class='ocr_par' dir='ltr' id='par_1_76' title="bbox 1027 807 1821 846">
     <span class='ocr_line' id='line_1_76' title="bbox 1027 807 1821 846; baseline 0.004 -12"><span class='ocrx_word' id='word_1_554' title='bbox 1027 807 1110 840; x_wconf 82' lang='grc' dir='ltr'>ἀξίως</span> <span class='ocrx_word' id='word_1_555' title='bbox 1122 808 1174 834; x_wconf 87' lang='grc' dir='ltr'>τῶν</span> <span class='ocrx_word' id='word_1_556' title='bbox 1189 808 1274 843; x_wconf 82' lang='grc' dir='ltr'>ἁγίων</span> <span class='ocrx_word' id='word_1_557' title='bbox 1288 809 1468 844; x_wconf 81' lang='grc' dir='ltr'><strong>μαθημάτων,</strong></span> <span class='ocrx_word' id='word_1_558' title='bbox 1481 809 1559 843; x_wconf 74' lang='grc' dir='ltr'>λόγος</span> <span class='ocrx_word' id='word_1_559' title='bbox 1582 810 1656 836; x_wconf 75' lang='grc' dir='ltr'>ἐστὶν</span> <span class='ocrx_word' id='word_1_560' title='bbox 1671 812 1688 846; x_wconf 86' lang='grc' dir='ltr'>ἡ</span> <span class='ocrx_word' id='word_1_561' title='bbox 1712 811 1761 837; x_wconf 76' lang='grc' dir='ltr'><strong>ἐπὶ</strong></span> <span class='ocrx_word' id='word_1_562' title='bbox 1774 811 1821 846; x_wconf 81' lang='grc' dir='ltr'>τῆς</span> 
     </span>
    </p>
   </div>
   <div class='ocr_carea' id='block_1_77' title="bbox 1026 854 1821 892">
    <p class='ocr_par' dir='ltr' id='par_1_77' title="bbox 1026 854 1821 892">
     <span class='ocr_line' id='line_1_77' title="bbox 1026 854 1821 892; baseline 0.005 -12"><span class='ocrx_word' id='word_1_563' title='bbox 1026 854 1135 881; x_wconf 76' lang='grc' dir='ltr'>πλίνθου</span> <span class='ocrx_word' id='word_1_564' title='bbox 1152 855 1374 891; x_wconf 79' lang='grc' dir='ltr'>διαγεγραμμένη</span> <span class='ocrx_word' id='word_1_565' title='bbox 1393 856 1469 887; x_wconf 86' lang='grc' dir='ltr'>πόλις</span> <span class='ocrx_word' id='word_1_566' title='bbox 1495 855 1673 891; x_wconf 79' lang='grc' dir='ltr'>Ἰερουσαλὴμ.</span> <span class='ocrx_word' id='word_1_567' title='bbox 1695 865 1821 892; x_wconf 82' lang='grc' dir='ltr'>περιεχο-</span> 
     </span>
    </p>
   </div>
   <div class='ocr_carea' id='block_1_78' title="bbox 1027 900 1820 937">
    <p class='ocr_par' dir='ltr' id='par_1_78' title="bbox 1027 900 1820 937">
     <span class='ocr_line' id='line_1_78' title="bbox 1027 900 1820 937; baseline 0.004 -11"><span class='ocrx_word' id='word_1_568' title='bbox 1027 900 1096 936; x_wconf 86' lang='grc' dir='ltr'>μένη</span> <span class='ocrx_word' id='word_1_569' title='bbox 1118 901 1165 927; x_wconf 75' lang='grc' dir='ltr'><strong>καὶ</strong></span> <span class='ocrx_word' id='word_1_570' title='bbox 1191 901 1355 936; x_wconf 76' lang='grc' dir='ltr'><strong>συνεχομένη</strong></span> <span class='ocrx_word' id='word_1_571' title='bbox 1380 901 1434 927; x_wconf 69' lang='grc' dir='ltr'>ὑπὸ</span> <span class='ocrx_word' id='word_1_572' title='bbox 1456 900 1609 936; x_wconf 80' lang='grc' dir='ltr'>πολεμίων,</span> <span class='ocrx_word' id='word_1_573' title='bbox 1635 901 1820 937; x_wconf 72' lang='grc' dir='ltr'><strong>προμαχῶνας</strong></span> 
     </span>
    </p>
   </div>
   <div class='ocr_carea' id='block_1_79' title="bbox 1026 946 1820 983">
    <p class='ocr_par' dir='ltr' id='par_1_79' title="bbox 1026 946 1820 983">
     <span class='ocr_line' id='line_1_79' title="bbox 1026 946 1820 983; baseline 0.003 -11"><span class='ocrx_word' id='word_1_574' title='bbox 1026 947 1143 982; x_wconf 79' lang='grc' dir='ltr'>ἑχόντων</span> <span class='ocrx_word' id='word_1_575' title='bbox 1159 947 1206 973; x_wconf 84' lang='grc' dir='ltr'>καὶ</span> <span class='ocrx_word' id='word_1_576' title='bbox 1218 946 1411 982; x_wconf 81' lang='grc' dir='ltr'>χαρακούντων</span> <span class='ocrx_word' id='word_1_577' title='bbox 1426 947 1522 982; x_wconf 75' lang='grc' dir='ltr'>αὐτὴν,</span> <span class='ocrx_word' id='word_1_578' title='bbox 1540 947 1589 979; x_wconf 75' lang='grc' dir='ltr'>τὰς</span> <span class='ocrx_word' id='word_1_579' title='bbox 1600 956 1628 973; x_wconf 85' lang='grc' dir='ltr'><strong>τε</strong></span> <span class='ocrx_word' id='word_1_580' title='bbox 1642 948 1820 983; x_wconf 74' lang='grc' dir='ltr'>παρεμϐολὰς</span> 
     </span>
    </p>
   </div>
   <div class='ocr_carea' id='block_1_80' title="bbox 1025 992 1820 1029">
    <p class='ocr_par' dir='ltr' id='par_1_80' title="bbox 1025 992 1820 1029">
     <span class='ocr_line' id='line_1_80' title="bbox 1025 992 1820 1029; baseline 0.003 -11"><span class='ocrx_word' id='word_1_581' title='bbox 1025 992 1114 1019; x_wconf 82' lang='grc' dir='ltr'>αὐτῶν</span> <span class='ocrx_word' id='word_1_582' title='bbox 1126 993 1332 1028; x_wconf 80' lang='grc' dir='ltr'>ὲπιστησάντων</span> <span class='ocrx_word' id='word_1_583' title='bbox 1343 993 1411 1028; x_wconf 81' lang='grc' dir='ltr'><strong>αὐτῇ</strong></span> <span class='ocrx_word' id='word_1_584' title='bbox 1426 994 1474 1019; x_wconf 76' lang='grc' dir='ltr'><strong>καὶ</strong></span> <span class='ocrx_word' id='word_1_585' title='bbox 1490 993 1590 1028; x_wconf 84' lang='grc' dir='ltr'>μυρίας</span> <span class='ocrx_word' id='word_1_586' title='bbox 1607 993 1674 1025; x_wconf 78' lang='grc' dir='ltr'>ὅσας</span> <span class='ocrx_word' id='word_1_587' title='bbox 1693 993 1820 1029; x_wconf 77' lang='grc' dir='ltr'>βελοστά-</span> 
     </span>
    </p>
   </div>
   <div class='ocr_carea' id='block_1_81' title="bbox 1025 1032 1819 1075">
    <p class='ocr_par' dir='ltr' id='par_1_81' title="bbox 1025 1032 1819 1075">
     <span class='ocr_line' id='line_1_81' title="bbox 1025 1032 1819 1075; baseline 0 -11"><span class='ocrx_word' id='word_1_588' title='bbox 1025 1046 1091 1070; x_wconf 81' lang='grc' dir='ltr'>σεις,</span> <span class='ocrx_word' id='word_1_589' title='bbox 1107 1038 1151 1065; x_wconf 79' lang='grc' dir='ltr'><strong>ἵνα</strong></span> <span class='ocrx_word' id='word_1_590' title='bbox 1165 1038 1249 1074; x_wconf 79' lang='grc' dir='ltr'>αὐτὴν</span> <span class='ocrx_word' id='word_1_591' title='bbox 1260 1038 1440 1073; x_wconf 80' lang='grc' dir='ltr'>τιτρώσκωοι.</span> <span class='ocrx_word' id='word_1_592' title='bbox 1453 1032 1512 1065; x_wconf 45' lang='grc' dir='ltr'><strong>’Καὶ</strong></span> <span class='ocrx_word' id='word_1_593' title='bbox 1534 1038 1578 1065; x_wconf 79' lang='grc' dir='ltr'>διὰ</span> <span class='ocrx_word' id='word_1_594' title='bbox 1599 1037 1679 1066; x_wconf 77' lang='grc' dir='ltr'>τοῦτο</span> <span class='ocrx_word' id='word_1_595' title='bbox 1702 1039 1819 1075; x_wconf 83' lang='grc' dir='ltr'>τήγανον</span> 
     </span>
    </p>
   </div>
   <div class='ocr_carea' id='block_1_82' title="bbox 1026 1083 1818 1120">
    <p class='ocr_par' dir='ltr' id='par_1_82' title="bbox 1026 1083 1818 1120">
     <span class='ocr_line' id='line_1_82' title="bbox 1026 1083 1818 1120; baseline 0.001 -9"><span class='ocrx_word' id='word_1_596' title='bbox 1026 1084 1151 1120; x_wconf 79' lang='grc' dir='ltr'><strong>σιδηροῦν</strong></span> <span class='ocrx_word' id='word_1_597' title='bbox 1165 1084 1269 1111; x_wconf 80' lang='grc' dir='ltr'>τίθεται</span> <span class='ocrx_word' id='word_1_598' title='bbox 1283 1084 1321 1116; x_wconf 80' lang='grc' dir='ltr'>ὡς</span> <span class='ocrx_word' id='word_1_599' title='bbox 1330 1085 1419 1119; x_wconf 80' lang='grc' dir='ltr'>τοῖχος</span> <span class='ocrx_word' id='word_1_600' title='bbox 1434 1084 1570 1120; x_wconf 77' lang='grc' dir='ltr'><strong>σιδηροῦς,</strong></span> <span class='ocrx_word' id='word_1_601' title='bbox 1587 1084 1625 1120; x_wconf 83' lang='grc' dir='ltr'><strong>τῷ</strong></span> <span class='ocrx_word' id='word_1_602' title='bbox 1642 1084 1681 1120; x_wconf 85' lang='grc' dir='ltr'>μὴ</span> <span class='ocrx_word' id='word_1_603' title='bbox 1693 1083 1764 1112; x_wconf 71' lang='grc' dir='ltr'>εἶναι</span> <span class='ocrx_word' id='word_1_604' title='bbox 1774 1086 1818 1112; x_wconf 77' lang='grc' dir='ltr'><strong>τὸν</strong></span> 
     </span>
    </p>
   </div>
   <div class='ocr_carea' id='block_1_83' title="bbox 1025 1130 1818 1167">
    <p class='ocr_par' dir='ltr' id='par_1_83' title="bbox 1025 1130 1818 1167">
     <span class='ocr_line' id='line_1_83' title="bbox 1025 1130 1818 1167; baseline 0.001 -10"><span class='ocrx_word' id='word_1_605' title='bbox 1025 1131 1169 1167; x_wconf 72' lang='grc' dir='ltr'><strong>προφήτην</strong></span> <span class='ocrx_word' id='word_1_606' title='bbox 1195 1130 1333 1163; x_wconf 84' lang='grc' dir='ltr'>τοιοῦτον,</span> <span class='ocrx_word' id='word_1_607' title='bbox 1361 1130 1448 1157; x_wconf 82' lang='grc' dir='ltr'>ὁποῖοί</span> <span class='ocrx_word' id='word_1_608' title='bbox 1476 1131 1544 1157; x_wconf 81' lang='grc' dir='ltr'>εἰσιν</span> <span class='ocrx_word' id='word_1_609' title='bbox 1566 1132 1664 1157; x_wconf 78' lang='grc' dir='ltr'>ἐκεῖνοι</span> <span class='ocrx_word' id='word_1_610' title='bbox 1682 1131 1818 1166; x_wconf 72' lang='grc' dir='ltr'>ἀναμέαον</span> 
     </span>
    </p>
   </div>
   <div class='ocr_carea' id='block_1_84' title="bbox 1024 1175 1817 1212">
    <p class='ocr_par' dir='ltr' id='par_1_84' title="bbox 1024 1175 1817 1212">
     <span class='ocr_line' id='line_1_84' title="bbox 1024 1175 1817 1212; baseline -0.001 -9"><span class='ocrx_word' id='word_1_611' title='bbox 1024 1176 1106 1203; x_wconf 83' lang='grc' dir='ltr'>αὑτοῦ</span> <span class='ocrx_word' id='word_1_612' title='bbox 1115 1176 1219 1212; x_wconf 75' lang='grc' dir='ltr'>καὶτῆς</span> <span class='ocrx_word' id='word_1_613' title='bbox 1227 1177 1424 1212; x_wconf 75' lang='grc' dir='ltr'><strong>περιεχομένης</strong></span> <span class='ocrx_word' id='word_1_614' title='bbox 1433 1175 1546 1208; x_wconf 81' lang='grc' dir='ltr'>πόλεως.</span> <span class='ocrx_word' id='word_1_615' title='bbox 1558 1176 1817 1212; x_wconf 66' lang='grc' dir='ltr'>Παρεσκεύασταιρὲ</span> 
     </span>
    </p>
   </div>
   <div class='ocr_carea' id='block_1_85' title="bbox 1024 1221 1817 1258">
    <p class='ocr_par' dir='ltr' id='par_1_85' title="bbox 1024 1221 1817 1258">
     <span class='ocr_line' id='line_1_85' title="bbox 1024 1221 1817 1258; baseline 0 -10"><span class='ocrx_word' id='word_1_616' title='bbox 1024 1222 1053 1248; x_wconf 87' lang='lat' dir='ltr'><strong>rb</strong></span> <span class='ocrx_word' id='word_1_617' title='bbox 1068 1222 1115 1248; x_wconf 87' lang='grc' dir='ltr'>τοῦ</span> <span class='ocrx_word' id='word_1_618' title='bbox 1132 1222 1273 1258; x_wconf 74' lang='grc' dir='ltr'>προφήτου</span> <span class='ocrx_word' id='word_1_619' title='bbox 1298 1221 1444 1256; x_wconf 80' lang='grc' dir='ltr'>πρόσωπον</span> <span class='ocrx_word' id='word_1_620' title='bbox 1465 1221 1512 1247; x_wconf 72' lang='grc' dir='ltr'><strong>ἐπὶ</strong></span> <span class='ocrx_word' id='word_1_621' title='bbox 1535 1221 1584 1257; x_wconf 80' lang='grc' dir='ltr'>τὴν</span> <span class='ocrx_word' id='word_1_622' title='bbox 1604 1222 1634 1248; x_wconf 83' lang='grc' dir='ltr'>ὲν</span> <span class='ocrx_word' id='word_1_623' title='bbox 1650 1222 1685 1257; x_wconf 84' lang='grc' dir='ltr'><strong>τῇ</strong></span> <span class='ocrx_word' id='word_1_624' title='bbox 1715 1222 1817 1258; x_wconf 79' lang='grc' dir='ltr'>πλίνθῳ</span> 
     </span>
    </p>
   </div>
   <div class='ocr_carea' id='block_1_86' title="bbox 1026 1265 1816 1302">
    <p class='ocr_par' dir='ltr' id='par_1_86' title="bbox 1026 1265 1816 1302">
     <span class='ocr_line' id='line_1_86' title="bbox 1026 1265 1816 1302; baseline 0 -8"><span class='ocrx_word' id='word_1_625' title='bbox 1026 1267 1102 1295; x_wconf 88' lang='grc' dir='ltr'>πόλιν</span> <span class='ocrx_word' id='word_1_626' title='bbox 1111 1265 1194 1295; x_wconf 81' lang='grc' dir='ltr'>οὖσαν</span> <span class='ocrx_word' id='word_1_627' title='bbox 1208 1268 1238 1294; x_wconf 81' lang='grc' dir='ltr'>ὲν</span> <span class='ocrx_word' id='word_1_628' title='bbox 1247 1266 1420 1302; x_wconf 78' lang='grc' dir='ltr'>συγκλεισμῷ</span> <span class='ocrx_word' id='word_1_629' title='bbox 1433 1267 1683 1302; x_wconf 72' lang='grc' dir='ltr'>συγκεκλεισμένην</span> <span class='ocrx_word' id='word_1_630' title='bbox 1697 1267 1752 1294; x_wconf 74' lang='grc' dir='ltr'>ὑπὸ</span> <span class='ocrx_word' id='word_1_631' title='bbox 1769 1268 1816 1302; x_wconf 71' lang='grc' dir='ltr'>τῆς</span> 
     </span>
    </p>
   </div>
   <div class='ocr_carea' id='block_1_87' title="bbox 1023 1312 1815 1348">
    <p class='ocr_par' dir='ltr' id='par_1_87' title="bbox 1023 1312 1815 1348">
     <span class='ocr_line' id='line_1_87' title="bbox 1023 1312 1815 1348; baseline 0.001 -9"><span class='ocrx_word' id='word_1_632' title='bbox 1023 1313 1186 1346; x_wconf 76' lang='grc' dir='ltr'>ἀποδείξεως</span> <span class='ocrx_word' id='word_1_633' title='bbox 1197 1312 1251 1340; x_wconf 83' lang='grc' dir='ltr'>τῶν</span> <span class='ocrx_word' id='word_1_634' title='bbox 1267 1312 1445 1348; x_wconf 82' lang='grc' dir='ltr'>προφητικῶν</span> <span class='ocrx_word' id='word_1_635' title='bbox 1465 1312 1563 1347; x_wconf 75' lang='grc' dir='ltr'>λόγων.</span> <span class='ocrx_word' id='word_1_636' title='bbox 1582 1312 1637 1340; x_wconf 79' lang='grc' dir='ltr'><strong>Καὶ</strong></span> <span class='ocrx_word' id='word_1_637' title='bbox 1663 1313 1744 1340; x_wconf 81' lang='grc' dir='ltr'>τοῦτο</span> <span class='ocrx_word' id='word_1_638' title='bbox 1763 1315 1815 1340; x_wconf 69' lang='grc' dir='ltr'>πᾶν</span> 
     </span>
    </p>
   </div>
   <div class='ocr_carea' id='block_1_88' title="bbox 1023 1358 1817 1396">
    <p class='ocr_par' dir='ltr' id='par_1_88' title="bbox 1023 1358 1817 1396">
     <span class='ocr_line' id='line_1_88' title="bbox 1023 1358 1817 1396; baseline 0.003 -11"><span class='ocrx_word' id='word_1_639' title='bbox 1023 1358 1150 1393; x_wconf 70' lang='grc' dir='ltr'>σημεῖόν</span> <span class='ocrx_word' id='word_1_640' title='bbox 1163 1358 1230 1385; x_wconf 81' lang='grc' dir='ltr'>ἐστι</span> <span class='ocrx_word' id='word_1_641' title='bbox 1247 1359 1294 1385; x_wconf 70' lang='grc' dir='ltr'>καὶ</span> <span class='ocrx_word' id='word_1_642' title='bbox 1311 1358 1377 1386; x_wconf 76' lang='grc' dir='ltr'><strong>αὐτὸ</strong></span> <span class='ocrx_word' id='word_1_643' title='bbox 1387 1358 1451 1392; x_wconf 81' lang='grc' dir='ltr'>τοῖς</span> <span class='ocrx_word' id='word_1_644' title='bbox 1465 1359 1540 1392; x_wconf 75' lang='grc' dir='ltr'>υἱοῖς</span> <span class='ocrx_word' id='word_1_645' title='bbox 1563 1358 1684 1393; x_wconf 74' lang='grc' dir='ltr'>Ἰσραὴλ</span> <span class='ocrx_word' id='word_1_646' title='bbox 1694 1379 1702 1392; x_wconf 86' lang='grc'><strong><em>,</em></strong></span> <span class='ocrx_word' id='word_1_647' title='bbox 1717 1359 1763 1387; x_wconf 85' lang='grc' dir='ltr'><strong>ἴνα</strong></span> <span class='ocrx_word' id='word_1_648' title='bbox 1777 1361 1817 1396; x_wconf 64' lang='grc' dir='ltr'>μὴ</span> 
     </span>
    </p>
   </div>
   <div class='ocr_carea' id='block_1_89' title="bbox 1022 1403 1291 1439">
    <p class='ocr_par' dir='ltr' id='par_1_89' title="bbox 1022 1403 1291 1439">
     <span class='ocr_line' id='line_1_89' title="bbox 1022 1403 1291 1439; baseline -0.004 -8"><span class='ocrx_word' id='word_1_649' title='bbox 1022 1403 1137 1431; x_wconf 85' lang='grc' dir='ltr'>τοιοῦτοι</span> <span class='ocrx_word' id='word_1_650' title='bbox 1152 1404 1291 1439; x_wconf 84' lang='grc' dir='ltr'>γίνωνται.</span> 
     </span>
    </p>
   </div>
   <div class='ocr_carea' id='block_1_90' title="bbox 1056 1449 1816 1486">
    <p class='ocr_par' dir='ltr' id='par_1_90' title="bbox 1056 1449 1816 1486">
     <span class='ocr_line' id='line_1_90' title="bbox 1056 1449 1816 1486; baseline 0.003 -9"><span class='ocrx_word' id='word_1_651' title='bbox 1056 1449 1113 1477; x_wconf 79' lang='grc' dir='ltr'><strong>Καὶ</strong></span> <span class='ocrx_word' id='word_1_652' title='bbox 1127 1450 1167 1477; x_wconf 84' lang='grc' dir='ltr'>σὺ</span> <span class='ocrx_word' id='word_1_653' title='bbox 1174 1450 1249 1477; x_wconf 77' lang='grc' dir='ltr'>λάϐε</span> <span class='ocrx_word' id='word_1_654' title='bbox 1263 1449 1381 1483; x_wconf 84' lang='grc' dir='ltr'><strong>σεαυτῷ</strong></span> <span class='ocrx_word' id='word_1_655' title='bbox 1394 1450 1536 1486; x_wconf 75' lang='grc' dir='ltr'>τήγανον.</span> <span class='ocrx_word' id='word_1_656' title='bbox 1554 1451 1636 1484; x_wconf 70' lang='grc' dir='ltr'>Εἰκὸς</span> <span class='ocrx_word' id='word_1_657' title='bbox 1662 1451 1713 1484; x_wconf 82' lang='grc' dir='ltr'><strong>τὰς</strong></span> <span class='ocrx_word' id='word_1_658' title='bbox 1733 1453 1816 1480; x_wconf 72' lang='grc' dir='ltr'>κολά-</span> 
     </span>
    </p>
   </div>
   <div class='ocr_carea' id='block_1_91' title="bbox 1023 1494 1817 1534">
    <p class='ocr_par' dir='ltr' id='par_1_91' title="bbox 1023 1494 1817 1534">
     <span class='ocr_line' id='line_1_91' title="bbox 1023 1494 1817 1534; baseline 0.003 -11"><span class='ocrx_word' id='word_1_659' title='bbox 1023 1506 1080 1529; x_wconf 77' lang='grc' dir='ltr'>σιις</span> <span class='ocrx_word' id='word_1_660' title='bbox 1096 1494 1166 1524; x_wconf 74' lang='grc' dir='ltr'>εἶναι</span> <span class='ocrx_word' id='word_1_661' title='bbox 1180 1497 1296 1532; x_wconf 86' lang='grc' dir='ltr'>τήγανον</span> <span class='ocrx_word' id='word_1_662' title='bbox 1313 1497 1439 1533; x_wconf 80' lang='grc' dir='ltr'><strong>σιδηροῦν</strong></span> <span class='ocrx_word' id='word_1_663' title='bbox 1451 1506 1457 1513; x_wconf 86' lang='grc'>·</span> <span class='ocrx_word' id='word_1_664' title='bbox 1475 1498 1492 1533; x_wconf 85' lang='grc' dir='ltr'><strong>ἧ</strong></span> <span class='ocrx_word' id='word_1_665' title='bbox 1516 1498 1563 1524; x_wconf 79' lang='grc' dir='ltr'><strong>καὶ</strong></span> <span class='ocrx_word' id='word_1_666' title='bbox 1583 1498 1655 1525; x_wconf 78' lang='grc' dir='ltr'>κατὰ</span> <span class='ocrx_word' id='word_1_667' title='bbox 1674 1498 1725 1534; x_wconf 81' lang='grc' dir='ltr'>τὴν</span> <span class='ocrx_word' id='word_1_668' title='bbox 1746 1499 1817 1525; x_wconf 48' lang='lat' dir='ltr'><strong>iam</strong></span> 
     </span>
    </p>
   </div>
   <div class='ocr_carea' id='block_1_92' title="bbox 1025 1543 1819 1580">
    <p class='ocr_par' dir='ltr' id='par_1_92' title="bbox 1025 1543 1819 1580">
     <span class='ocr_line' id='line_1_92' title="bbox 1025 1543 1819 1580; baseline 0.001 -10"><span class='ocrx_word' id='word_1_669' title='bbox 1025 1543 1094 1580; x_wconf 82' lang='grc' dir='ltr'>ρίαν,</span> <span class='ocrx_word' id='word_1_670' title='bbox 1111 1544 1152 1570; x_wconf 66' lang='grc' dir='ltr'><strong>ὅθι</strong></span> <span class='ocrx_word' id='word_1_671' title='bbox 1163 1543 1347 1579; x_wconf 81' lang='grc' dir='ltr'>ἀπετηγάνισε</span> <span class='ocrx_word' id='word_1_672' title='bbox 1358 1543 1419 1575; x_wconf 77' lang='grc' dir='ltr'>τοὺς</span> <span class='ocrx_word' id='word_1_673' title='bbox 1429 1544 1502 1575; x_wconf 81' lang='grc' dir='ltr'>υἱοὺς</span> <span class='ocrx_word' id='word_1_674' title='bbox 1512 1543 1561 1580; x_wconf 83' lang='grc' dir='ltr'>τῆς</span> <span class='ocrx_word' id='word_1_675' title='bbox 1574 1543 1714 1579; x_wconf 76' lang='grc' dir='ltr'>βασιλείας</span> <span class='ocrx_word' id='word_1_676' title='bbox 1724 1546 1739 1571; x_wconf 76' lang='grc' dir='ltr'>ὁ</span> <span class='ocrx_word' id='word_1_677' title='bbox 1751 1544 1819 1580; x_wconf 74' lang='grc' dir='ltr'><strong>βάρ-</strong></span> 
     </span>
    </p>
   </div>
   <div class='ocr_carea' id='block_1_93' title="bbox 1022 1589 1117 1626">
    <p class='ocr_par' dir='ltr' id='par_1_93' title="bbox 1022 1589 1117 1626">
     <span class='ocr_line' id='line_1_93' title="bbox 1022 1589 1117 1626; baseline 0.011 -10"><span class='ocrx_word' id='word_1_678' title='bbox 1022 1589 1117 1626; x_wconf 76' lang='grc' dir='ltr'>ὃαρος.</span> 
     </span>
    </p>
   </div>
   <div class='ocr_carea' id='block_1_94' title="bbox 1057 1634 1817 1670">
    <p class='ocr_par' dir='ltr' id='par_1_94' title="bbox 1057 1634 1817 1670">
     <span class='ocr_line' id='line_1_94' title="bbox 1057 1634 1817 1670; baseline 0 -8"><span class='ocrx_word' id='word_1_679' title='bbox 1057 1635 1114 1662; x_wconf 80' lang='lat' dir='ltr'><strong>Kal.</strong></span> <span class='ocrx_word' id='word_1_680' title='bbox 1133 1635 1221 1670; x_wconf 66' lang='grc' dir='ltr'>λήψῃ</span> <span class='ocrx_word' id='word_1_681' title='bbox 1237 1635 1292 1668; x_wconf 80' lang='grc' dir='ltr'>τὰς</span> <span class='ocrx_word' id='word_1_682' title='bbox 1301 1634 1418 1668; x_wconf 79' lang='grc' dir='ltr'><strong>ἀδικίας</strong></span> <span class='ocrx_word' id='word_1_683' title='bbox 1433 1634 1487 1662; x_wconf 86' lang='grc' dir='ltr'>τοῦ</span> <span class='ocrx_word' id='word_1_684' title='bbox 1502 1635 1585 1662; x_wconf 80' lang='grc' dir='ltr'>οῑκου</span> <span class='ocrx_word' id='word_1_685' title='bbox 1606 1635 1739 1670; x_wconf 74' lang='grc' dir='ltr'>Ἰσραήλ.</span> <span class='ocrx_word' id='word_1_686' title='bbox 1761 1636 1817 1663; x_wconf 70' lang='grc' dir='ltr'><strong>Καὶ</strong></span> 
     </span>
    </p>
   </div>
   <div class='ocr_carea' id='block_1_95' title="bbox 1020 1681 1818 1718">
    <p class='ocr_par' dir='ltr' id='par_1_95' title="bbox 1020 1681 1818 1718">
     <span class='ocr_line' id='line_1_95' title="bbox 1020 1681 1818 1718; baseline 0.001 -10"><span class='ocrx_word' id='word_1_687' title='bbox 1020 1681 1063 1713; x_wconf 85' lang='grc' dir='ltr'><strong>τίς</strong></span> <span class='ocrx_word' id='word_1_688' title='bbox 1076 1681 1156 1708; x_wconf 74' lang='grc' dir='ltr'>ἔλαϐε</span> <span class='ocrx_word' id='word_1_689' title='bbox 1177 1681 1228 1714; x_wconf 88' lang='grc' dir='ltr'><strong>τὰς</strong></span> <span class='ocrx_word' id='word_1_690' title='bbox 1248 1681 1355 1713; x_wconf 82' lang='grc' dir='ltr'>ἀδικίας</span> <span class='ocrx_word' id='word_1_691' title='bbox 1373 1681 1428 1708; x_wconf 84' lang='grc' dir='ltr'>τῶν</span> <span class='ocrx_word' id='word_1_692' title='bbox 1448 1681 1512 1708; x_wconf 84' lang='grc' dir='ltr'>υἱῶν</span> <span class='ocrx_word' id='word_1_693' title='bbox 1535 1682 1644 1718; x_wconf 84' lang='grc' dir='ltr'>Ἰσραὴλ</span> <span class='ocrx_word' id='word_1_694' title='bbox 1661 1682 1748 1714; x_wconf 59' lang='lat' dir='ltr'><strong>ob“;</strong></span> <span class='ocrx_word' id='word_1_695' title='bbox 1769 1682 1818 1709; x_wconf 70' lang='grc' dir='ltr'><strong>δύο</strong></span> 
     </span>
    </p>
   </div>
   <div class='ocr_carea' id='block_1_96' title="bbox 1020 1727 1815 1763">
    <p class='ocr_par' dir='ltr' id='par_1_96' title="bbox 1020 1727 1815 1763">
     <span class='ocr_line' id='line_1_96' title="bbox 1020 1727 1815 1763; baseline 0.001 -9"><span class='ocrx_word' id='word_1_696' title='bbox 1020 1727 1065 1754; x_wconf 73' lang='grc' dir='ltr'>τὸν</span> <span class='ocrx_word' id='word_1_697' title='bbox 1079 1727 1207 1763; x_wconf 61' lang='grc' dir='ltr'>ἀριθμόν,</span> <span class='ocrx_word' id='word_1_698' title='bbox 1220 1728 1270 1763; x_wconf 88' lang='grc' dir='ltr'><strong>τήν</strong></span> <span class='ocrx_word' id='word_1_699' title='bbox 1284 1736 1314 1754; x_wconf 87' lang='grc' dir='ltr'>τε</span> <span class='ocrx_word' id='word_1_700' title='bbox 1328 1728 1368 1759; x_wconf 86' lang='grc' dir='ltr'><strong>είς</strong></span> <span class='ocrx_word' id='word_1_701' title='bbox 1384 1727 1454 1755; x_wconf 79' lang='grc' dir='ltr'><strong>Θεὸν</strong></span> <span class='ocrx_word' id='word_1_702' title='bbox 1472 1728 1520 1755; x_wconf 67' lang='grc' dir='ltr'>καὶ</span> <span class='ocrx_word' id='word_1_703' title='bbox 1533 1728 1583 1762; x_wconf 76' lang='grc' dir='ltr'>τὴν</span> <span class='ocrx_word' id='word_1_704' title='bbox 1599 1729 1640 1760; x_wconf 85' lang='grc' dir='ltr'><strong>είς</strong></span> <span class='ocrx_word' id='word_1_705' title='bbox 1651 1728 1687 1755; x_wconf 83' lang='grc' dir='ltr'><strong>τὰ</strong></span> <span class='ocrx_word' id='word_1_706' title='bbox 1705 1728 1815 1763; x_wconf 69' lang='grc' dir='ltr'>λογικὰ.</span> 
     </span>
    </p>
   </div>
   <div class='ocr_carea' id='block_1_97' title="bbox 1021 1772 1817 1810">
    <p class='ocr_par' dir='ltr' id='par_1_97' title="bbox 1021 1772 1817 1810">
     <span class='ocr_line' id='line_1_97' title="bbox 1021 1772 1817 1810; baseline 0.003 -12"><span class='ocrx_word' id='word_1_707' title='bbox 1021 1772 1065 1799; x_wconf 82' lang='grc' dir='ltr'>διὰ</span> <span class='ocrx_word' id='word_1_708' title='bbox 1079 1772 1129 1807; x_wconf 82' lang='grc' dir='ltr'><strong>τῆς</strong></span> <span class='ocrx_word' id='word_1_709' title='bbox 1143 1772 1245 1804; x_wconf 80' lang='grc' dir='ltr'>οἰκείας</span> <span class='ocrx_word' id='word_1_710' title='bbox 1258 1773 1423 1808; x_wconf 66' lang='grc' dir='ltr'>κοιμήσεως,</span> <span class='ocrx_word' id='word_1_711' title='bbox 1438 1774 1454 1809; x_wconf 85' lang='grc' dir='ltr'>ἦ</span> <span class='ocrx_word' id='word_1_712' title='bbox 1465 1774 1480 1800; x_wconf 82' lang='grc' dir='ltr'><strong>ὸ</strong></span> <span class='ocrx_word' id='word_1_713' title='bbox 1493 1773 1589 1809; x_wconf 74' lang='grc' dir='ltr'><strong>Σωτὴρ</strong></span> <span class='ocrx_word' id='word_1_714' title='bbox 1598 1773 1695 1809; x_wconf 73' lang='grc' dir='ltr'>ὴμῶνς</span> <span class='ocrx_word' id='word_1_715' title='bbox 1714 1774 1817 1810; x_wconf 78' lang='grc' dir='ltr'>Ἐχρῆν</span> 
     </span>
    </p>
   </div>
   <div class='ocr_carea' id='block_1_98' title="bbox 1020 1817 1816 1855">
    <p class='ocr_par' dir='ltr' id='par_1_98' title="bbox 1020 1817 1816 1855">
     <span class='ocr_line' id='line_1_98' title="bbox 1020 1817 1816 1855; baseline 0.003 -11"><span class='ocrx_word' id='word_1_716' title='bbox 1020 1817 1049 1844; x_wconf 87' lang='grc' dir='ltr'><strong>δὲ</strong></span> <span class='ocrx_word' id='word_1_717' title='bbox 1075 1817 1145 1854; x_wconf 80' lang='grc' dir='ltr'>ὑπὲρ</span> <span class='ocrx_word' id='word_1_718' title='bbox 1165 1818 1219 1844; x_wconf 81' lang='grc' dir='ltr'>τῶν</span> <span class='ocrx_word' id='word_1_719' title='bbox 1242 1818 1351 1845; x_wconf 81' lang='grc' dir='ltr'>πλείονα</span> <span class='ocrx_word' id='word_1_720' title='bbox 1372 1818 1571 1855; x_wconf 79' lang='grc' dir='ltr'><strong>ἡμαρτηκότων</strong></span> <span class='ocrx_word' id='word_1_721' title='bbox 1598 1819 1713 1846; x_wconf 79' lang='grc' dir='ltr'>πλείονα</span> <span class='ocrx_word' id='word_1_722' title='bbox 1733 1819 1816 1846; x_wconf 80' lang='grc' dir='ltr'>αὑτὸν</span> 
     </span>
    </p>
   </div>
   <div class='ocr_carea' id='block_1_99' title="bbox 1021 1864 1816 1902">
    <p class='ocr_par' dir='ltr' id='par_1_99' title="bbox 1021 1864 1816 1902">
     <span class='ocr_line' id='line_1_99' title="bbox 1021 1864 1816 1902; baseline 0.004 -12"><span class='ocrx_word' id='word_1_723' title='bbox 1021 1864 1167 1899; x_wconf 83' lang='grc' dir='ltr'>κοιμᾶσθαι</span> <span class='ocrx_word' id='word_1_724' title='bbox 1190 1865 1295 1901; x_wconf 81' lang='grc' dir='ltr'>χρόνον,</span> <span class='ocrx_word' id='word_1_725' title='bbox 1314 1867 1364 1893; x_wconf 85' lang='grc' dir='ltr'>οὐκ</span> <span class='ocrx_word' id='word_1_726' title='bbox 1383 1866 1430 1892; x_wconf 79' lang='grc' dir='ltr'><strong>ἐπὶ</strong></span> <span class='ocrx_word' id='word_1_727' title='bbox 1451 1865 1482 1892; x_wconf 81' lang='grc' dir='ltr'>τὸ</span> <span class='ocrx_word' id='word_1_728' title='bbox 1501 1864 1588 1897; x_wconf 75' lang='grc' dir='ltr'>δεξιὸν</span> <span class='ocrx_word' id='word_1_729' title='bbox 1607 1866 1656 1893; x_wconf 75' lang='grc' dir='ltr'><strong>καὶ</strong></span> <span class='ocrx_word' id='word_1_730' title='bbox 1679 1867 1816 1902; x_wconf 77' lang='grc' dir='ltr'>κρεῖττον.</span> 
     </span>
    </p>
   </div>
   <div class='ocr_carea' id='block_1_100' title="bbox 1021 1910 1817 1946">
    <p class='ocr_par' dir='ltr' id='par_1_100' title="bbox 1021 1910 1817 1946">
     <span class='ocr_line' id='line_1_100' title="bbox 1021 1910 1817 1946; baseline 0.005 -10"><span class='ocrx_word' id='word_1_731' title='bbox 1021 1910 1077 1937; x_wconf 82' lang='grc' dir='ltr'>ἀλλ’</span> <span class='ocrx_word' id='word_1_732' title='bbox 1090 1911 1136 1937; x_wconf 72' lang='grc' dir='ltr'><strong>ἐπὶ</strong></span> <span class='ocrx_word' id='word_1_733' title='bbox 1148 1911 1177 1937; x_wconf 75' lang='grc' dir='ltr'>τὸ</span> <span class='ocrx_word' id='word_1_734' title='bbox 1192 1911 1334 1946; x_wconf 85' lang='grc' dir='ltr'>ἀριστερὸν</span> <span class='ocrx_word' id='word_1_735' title='bbox 1348 1911 1430 1946; x_wconf 85' lang='grc' dir='ltr'>μέρος</span> <span class='ocrx_word' id='word_1_736' title='bbox 1440 1919 1447 1926; x_wconf 91' lang='grc'><strong>·</strong></span> <span class='ocrx_word' id='word_1_737' title='bbox 1472 1911 1542 1946; x_wconf 81' lang='grc' dir='ltr'>ὑπὲρ</span> <span class='ocrx_word' id='word_1_738' title='bbox 1562 1911 1591 1937; x_wconf 79' lang='grc' dir='ltr'><strong>δὲ</strong></span> <span class='ocrx_word' id='word_1_739' title='bbox 1607 1911 1661 1938; x_wconf 74' lang='grc' dir='ltr'>τῶν</span> <span class='ocrx_word' id='word_1_740' title='bbox 1684 1911 1817 1941; x_wconf 71' lang='grc' dir='ltr'>ἐλάττονα</span> 
     </span>
    </p>
   </div>
   <div class='ocr_carea' id='block_1_101' title="bbox 1021 1956 1818 1992">
    <p class='ocr_par' dir='ltr' id='par_1_101' title="bbox 1021 1956 1818 1992">
     <span class='ocr_line' id='line_1_101' title="bbox 1021 1956 1818 1992; baseline 0.003 -10"><span class='ocrx_word' id='word_1_741' title='bbox 1021 1957 1281 1992; x_wconf 82' lang='grc' dir='ltr'>παραπεπτωκότων</span> <span class='ocrx_word' id='word_1_742' title='bbox 1308 1957 1355 1984; x_wconf 72' lang='grc' dir='ltr'><strong>ἐπὶ</strong></span> <span class='ocrx_word' id='word_1_743' title='bbox 1377 1957 1409 1983; x_wconf 81' lang='grc' dir='ltr'>τὸ</span> <span class='ocrx_word' id='word_1_744' title='bbox 1437 1956 1521 1989; x_wconf 79' lang='grc' dir='ltr'>δεξιὸν</span> <span class='ocrx_word' id='word_1_745' title='bbox 1541 1956 1658 1992; x_wconf 73' lang='grc' dir='ltr'>πλευρὸν</span> <span class='ocrx_word' id='word_1_746' title='bbox 1685 1957 1818 1984; x_wconf 70' lang='grc' dir='ltr'>ἐλάττονα</span> 
     </span>
    </p>
   </div>
   <div class='ocr_carea' id='block_1_102' title="bbox 1019 2002 1818 2038">
    <p class='ocr_par' dir='ltr' id='par_1_102' title="bbox 1019 2002 1818 2038">
     <span class='ocr_line' id='line_1_102' title="bbox 1019 2002 1818 2038; baseline 0.001 -9"><span class='ocrx_word' id='word_1_747' title='bbox 1019 2002 1129 2037; x_wconf 87' lang='grc' dir='ltr'>χρόνον·</span> <span class='ocrx_word' id='word_1_748' title='bbox 1153 2002 1232 2029; x_wconf 76' lang='grc' dir='ltr'>τοῦτο</span> <span class='ocrx_word' id='word_1_749' title='bbox 1259 2003 1462 2038; x_wconf 72' lang='grc' dir='ltr'>ἐνδεικνυμένου</span> <span class='ocrx_word' id='word_1_750' title='bbox 1479 2003 1525 2029; x_wconf 84' lang='grc' dir='ltr'>τοῦ</span> <span class='ocrx_word' id='word_1_751' title='bbox 1548 2003 1647 2036; x_wconf 84' lang='grc' dir='ltr'>λόγου,</span> <span class='ocrx_word' id='word_1_752' title='bbox 1670 2003 1709 2034; x_wconf 80' lang='grc' dir='ltr'>ὡς</span> <span class='ocrx_word' id='word_1_753' title='bbox 1724 2003 1818 2030; x_wconf 82' lang='grc' dir='ltr'>πλεῖον</span> 
     </span>
    </p>
   </div>
   <div class='ocr_carea' id='block_1_103' title="bbox 1021 2048 1819 2085">
    <p class='ocr_par' dir='ltr' id='par_1_103' title="bbox 1021 2048 1819 2085">
     <span class='ocr_line' id='line_1_103' title="bbox 1021 2048 1819 2085; baseline 0.003 -11"><span class='ocrx_word' id='word_1_754' title='bbox 1021 2048 1120 2075; x_wconf 77' lang='grc' dir='ltr'>ἔπαθεν</span> <span class='ocrx_word' id='word_1_755' title='bbox 1140 2049 1155 2075; x_wconf 85' lang='grc' dir='ltr'><strong>ό</strong></span> <span class='ocrx_word' id='word_1_756' title='bbox 1175 2049 1270 2084; x_wconf 76' lang='grc' dir='ltr'>Σωτὴρ</span> <span class='ocrx_word' id='word_1_757' title='bbox 1293 2049 1363 2085; x_wconf 71' lang='grc' dir='ltr'>ὑπὲρ</span> <span class='ocrx_word' id='word_1_758' title='bbox 1379 2048 1432 2076; x_wconf 84' lang='grc' dir='ltr'><strong>τῶν</strong></span> <span class='ocrx_word' id='word_1_759' title='bbox 1450 2048 1571 2081; x_wconf 82' lang='grc' dir='ltr'>πλείονος</span> <span class='ocrx_word' id='word_1_760' title='bbox 1595 2048 1757 2085; x_wconf 60' lang='grc' dir='ltr'>χρῃρζόντων</span> <span class='ocrx_word' id='word_1_761' title='bbox 1768 2049 1819 2085; x_wconf 72' lang='grc' dir='ltr'>τῆς</span> 
     </span>
    </p>
   </div>
   <div class='ocr_carea' id='block_1_104' title="bbox 1021 2094 1181 2130">
    <p class='ocr_par' dir='ltr' id='par_1_104' title="bbox 1021 2094 1181 2130">
     <span class='ocr_line' id='line_1_104' title="bbox 1021 2094 1181 2130; baseline 0.013 -10"><span class='ocrx_word' id='word_1_762' title='bbox 1021 2094 1181 2130; x_wconf 79' lang='grc' dir='ltr'>θεραπείας.</span> 
     </span>
    </p>
   </div>
   <div class='ocr_carea' id='block_1_105' title="bbox 1055 2139 1820 2176">
    <p class='ocr_par' dir='ltr' id='par_1_105' title="bbox 1055 2139 1820 2176">
     <span class='ocr_line' id='line_1_105' title="bbox 1055 2139 1820 2176; baseline 0.001 -10"><span class='ocrx_word' id='word_1_763' title='bbox 1055 2140 1109 2166; x_wconf 78' lang='grc' dir='ltr'><strong>Καὶ</strong></span> <span class='ocrx_word' id='word_1_764' title='bbox 1121 2140 1161 2166; x_wconf 81' lang='grc' dir='ltr'>σὺ</span> <span class='ocrx_word' id='word_1_765' title='bbox 1175 2140 1248 2167; x_wconf 78' lang='grc' dir='ltr'><strong>λάϐε</strong></span> <span class='ocrx_word' id='word_1_766' title='bbox 1265 2139 1382 2173; x_wconf 83' lang='grc' dir='ltr'>σεαυτῷ</span> <span class='ocrx_word' id='word_1_767' title='bbox 1391 2141 1515 2174; x_wconf 78' lang='grc' dir='ltr'>πυρούς.</span> <span class='ocrx_word' id='word_1_768' title='bbox 1537 2140 1599 2167; x_wconf 83' lang='grc' dir='ltr'><strong>Ἐάν</strong></span> <span class='ocrx_word' id='word_1_769' title='bbox 1614 2148 1656 2172; x_wconf 76' lang='lat' dir='ltr'><strong>rt;</strong></span> <span class='ocrx_word' id='word_1_770' title='bbox 1674 2140 1746 2176; x_wconf 79' lang='grc' dir='ltr'>ζητῇ</span> <span class='ocrx_word' id='word_1_771' title='bbox 1757 2141 1820 2173; x_wconf 57' lang='grc' dir='ltr'>πῆς</span> 
     </span>
    </p>
   </div>
   <div class='ocr_carea' id='block_1_106' title="bbox 1020 2184 1819 2221">
    <p class='ocr_par' dir='ltr' id='par_1_106' title="bbox 1020 2184 1819 2221">
     <span class='ocr_line' id='line_1_106' title="bbox 1020 2184 1819 2221; baseline 0.003 -10"><span class='ocrx_word' id='word_1_772' title='bbox 1020 2186 1034 2211; x_wconf 84' lang='grc' dir='ltr'>ὁ</span> <span class='ocrx_word' id='word_1_773' title='bbox 1050 2184 1151 2220; x_wconf 72' lang='grc' dir='ltr'>Κύριος</span> <span class='ocrx_word' id='word_1_774' title='bbox 1162 2184 1242 2221; x_wconf 85' lang='grc' dir='ltr'>ήμῶν</span> <span class='ocrx_word' id='word_1_775' title='bbox 1253 2186 1268 2212; x_wconf 81' lang='grc' dir='ltr'><strong>ὁ</strong></span> <span class='ocrx_word' id='word_1_776' title='bbox 1285 2185 1348 2217; x_wconf 78' lang='grc' dir='ltr'>Υἱὸς</span> <span class='ocrx_word' id='word_1_777' title='bbox 1362 2185 1408 2211; x_wconf 74' lang='grc' dir='ltr'>τοῦ</span> <span class='ocrx_word' id='word_1_778' title='bbox 1420 2185 1564 2221; x_wconf 80' lang='grc' dir='ltr'>ἀνθρώπου</span> <span class='ocrx_word' id='word_1_779' title='bbox 1578 2185 1665 2217; x_wconf 74' lang='grc' dir='ltr'>οὕτως</span> <span class='ocrx_word' id='word_1_780' title='bbox 1689 2186 1819 2220; x_wconf 66' lang='grc' dir='ltr'>ἀκάθαρ-</span> 
     </span>
    </p>
   </div>
   <div class='ocr_carea' id='block_1_107' title="bbox 1019 2230 1820 2267">
    <p class='ocr_par' dir='ltr' id='par_1_107' title="bbox 1019 2230 1820 2267">
     <span class='ocr_line' id='line_1_107' title="bbox 1019 2230 1820 2267; baseline 0.002 -10"><span class='ocrx_word' id='word_1_781' title='bbox 1019 2239 1064 2257; x_wconf 87' lang='grc' dir='ltr'><strong>τον</strong></span> <span class='ocrx_word' id='word_1_782' title='bbox 1083 2230 1165 2266; x_wconf 82' lang='grc' dir='ltr'>ἄρτον</span> <span class='ocrx_word' id='word_1_783' title='bbox 1194 2230 1279 2258; x_wconf 81' lang='grc' dir='ltr'>ὲσθίει</span> <span class='ocrx_word' id='word_1_784' title='bbox 1307 2232 1336 2257; x_wconf 81' lang='grc' dir='ltr'>ὲν</span> <span class='ocrx_word' id='word_1_785' title='bbox 1364 2232 1419 2263; x_wconf 85' lang='grc' dir='ltr'>τοῖς</span> <span class='ocrx_word' id='word_1_786' title='bbox 1441 2231 1545 2265; x_wconf 78' lang='grc' dir='ltr'>ἔθνεσι,</span> <span class='ocrx_word' id='word_1_787' title='bbox 1583 2232 1711 2267; x_wconf 64' lang='grc' dir='ltr'>νοήσατο)</span> <span class='ocrx_word' id='word_1_788' title='bbox 1733 2233 1820 2259; x_wconf 63' lang='grc' dir='ltr'>αὐτον</span> 
     </span>
    </p>
   </div>
   <div class='ocr_carea' id='block_1_108' title="bbox 1019 2268 1819 2313">
    <p class='ocr_par' dir='ltr' id='par_1_108' title="bbox 1019 2268 1819 2313">
     <span class='ocr_line' id='line_1_108' title="bbox 1019 2268 1819 2313; baseline 0.001 -11"><span class='ocrx_word' id='word_1_789' title='bbox 1019 2275 1142 2303; x_wconf 76' lang='grc' dir='ltr'>ἐσθίοντα</span> <span class='ocrx_word' id='word_1_790' title='bbox 1172 2276 1191 2303; x_wconf 80' lang='grc' dir='ltr'>ἃ</span> <span class='ocrx_word' id='word_1_791' title='bbox 1215 2276 1410 2313; x_wconf 81' lang='grc' dir='ltr'>παρατιθέασιν</span> <span class='ocrx_word' id='word_1_792' title='bbox 1435 2276 1509 2311; x_wconf 85' lang='grc' dir='ltr'><strong>αὑτῷ</strong></span> <span class='ocrx_word' id='word_1_793' title='bbox 1536 2277 1561 2304; x_wconf 78' lang='grc' dir='ltr'>οἱ</span> <span class='ocrx_word' id='word_1_794' title='bbox 1583 2268 1742 2312; x_wconf 66' lang='grc' dir='ltr'>ἄνθρωποι·</span> <span class='ocrx_word' id='word_1_795' title='bbox 1768 2280 1819 2305; x_wconf 69' lang='grc' dir='ltr'><strong>καὶ</strong></span> 
     </span>
    </p>
   </div>
   <div class='ocr_carea' id='block_1_109' title="bbox 1019 2320 1821 2358">
    <p class='ocr_par' dir='ltr' id='par_1_109' title="bbox 1019 2320 1821 2358">
     <span class='ocr_line' id='line_1_109' title="bbox 1019 2320 1821 2358; baseline 0.004 -11"><span class='ocrx_word' id='word_1_796' title='bbox 1019 2320 1128 2355; x_wconf 71' lang='grc' dir='ltr'>δψονται</span> <span class='ocrx_word' id='word_1_797' title='bbox 1143 2321 1206 2348; x_wconf 79' lang='grc' dir='ltr'>τινα</span> <span class='ocrx_word' id='word_1_798' title='bbox 1223 2322 1323 2357; x_wconf 85' lang='grc' dir='ltr'>τρόπον</span> <span class='ocrx_word' id='word_1_799' title='bbox 1339 2321 1460 2358; x_wconf 82' lang='grc' dir='ltr'>καθαρὸν</span> <span class='ocrx_word' id='word_1_800' title='bbox 1473 2321 1547 2357; x_wconf 82' lang='grc' dir='ltr'>αὐτῷ</span> <span class='ocrx_word' id='word_1_801' title='bbox 1561 2322 1644 2357; x_wconf 75' lang='grc' dir='ltr'>ἄρτον</span> <span class='ocrx_word' id='word_1_802' title='bbox 1661 2322 1752 2355; x_wconf 64' lang='grc' dir='ltr'>οὐδεὶς</span> <span class='ocrx_word' id='word_1_803' title='bbox 1770 2323 1821 2351; x_wconf 67' lang='grc' dir='ltr'><strong>δύ-</strong></span> 
     </span>
    </p>
   </div>
   <div class='ocr_carea' id='block_1_110' title="bbox 1019 2365 1820 2403">
    <p class='ocr_par' dir='ltr' id='par_1_110' title="bbox 1019 2365 1820 2403">
     <span class='ocr_line' id='line_1_110' title="bbox 1019 2365 1820 2403; baseline 0.002 -11"><span class='ocrx_word' id='word_1_804' title='bbox 1019 2374 1098 2392; x_wconf 83' lang='grc' dir='ltr'>ναται</span> <span class='ocrx_word' id='word_1_805' title='bbox 1114 2365 1303 2403; x_wconf 79' lang='grc' dir='ltr'>παρατιθέναι.</span> <span class='ocrx_word' id='word_1_806' title='bbox 1322 2367 1440 2402; x_wconf 83' lang='grc' dir='ltr'>Ἔστηκε</span> <span class='ocrx_word' id='word_1_807' title='bbox 1452 2367 1507 2402; x_wconf 78' lang='grc' dir='ltr'><strong>γὰρ</strong></span> <span class='ocrx_word' id='word_1_808' title='bbox 1523 2367 1570 2393; x_wconf 70' lang='grc' dir='ltr'><strong>ἐπὶ</strong></span> <span class='ocrx_word' id='word_1_809' title='bbox 1589 2367 1639 2403; x_wconf 74' lang='grc' dir='ltr'><strong>τὴν</strong></span> <span class='ocrx_word' id='word_1_810' title='bbox 1660 2367 1748 2403; x_wconf 84' lang='grc' dir='ltr'>θύραν</span> <span class='ocrx_word' id='word_1_811' title='bbox 1767 2370 1820 2395; x_wconf 76' lang='grc' dir='ltr'><strong>καὶ</strong></span> 
     </span>
    </p>
   </div>
   <div class='ocr_carea' id='block_1_111' title="bbox 1020 2410 1820 2448">
    <p class='ocr_par' dir='ltr' id='par_1_111' title="bbox 1020 2410 1820 2448">
     <span class='ocr_line' id='line_1_111' title="bbox 1020 2410 1820 2448; baseline 0.004 -12"><span class='ocrx_word' id='word_1_812' title='bbox 1020 2410 1128 2447; x_wconf 84' lang='grc' dir='ltr'>κρούει,</span> <span class='ocrx_word' id='word_1_813' title='bbox 1155 2411 1204 2438; x_wconf 78' lang='grc' dir='ltr'><strong>καὶ</strong></span> <span class='ocrx_word' id='word_1_814' title='bbox 1219 2411 1266 2438; x_wconf 78' lang='grc' dir='ltr'><strong>ἐάν</strong></span> <span class='ocrx_word' id='word_1_815' title='bbox 1279 2420 1320 2443; x_wconf 88' lang='grc' dir='ltr'><strong>τις</strong></span> <span class='ocrx_word' id='word_1_816' title='bbox 1343 2412 1440 2448; x_wconf 77' lang='grc' dir='ltr'>ἀνοίγῃ</span> <span class='ocrx_word' id='word_1_817' title='bbox 1456 2411 1540 2447; x_wconf 81' lang='grc' dir='ltr'>αὐτῷ,</span> <span class='ocrx_word' id='word_1_818' title='bbox 1568 2412 1725 2448; x_wconf 69' lang='grc' dir='ltr'>εἰσέρχεται</span> <span class='ocrx_word' id='word_1_819' title='bbox 1745 2413 1820 2448; x_wconf 68' lang='grc' dir='ltr'>πρὶς</span> 
     </span>
    </p>
   </div>
   <div class='ocr_carea' id='block_1_112' title="bbox 1021 2455 1819 2492">
    <p class='ocr_par' dir='ltr' id='par_1_112' title="bbox 1021 2455 1819 2492">
     <span class='ocr_line' id='line_1_112' title="bbox 1021 2455 1819 2492; baseline 0.004 -10"><span class='ocrx_word' id='word_1_820' title='bbox 1021 2455 1111 2489; x_wconf 77' lang='grc' dir='ltr'>αὐτὸν,</span> <span class='ocrx_word' id='word_1_821' title='bbox 1123 2455 1171 2482; x_wconf 80' lang='grc' dir='ltr'><strong>καὶ</strong></span> <span class='ocrx_word' id='word_1_822' title='bbox 1183 2455 1286 2483; x_wconf 77' lang='grc' dir='ltr'>δειπνεί</span> <span class='ocrx_word' id='word_1_823' title='bbox 1301 2457 1359 2491; x_wconf 85' lang='grc' dir='ltr'>μετ’</span> <span class='ocrx_word' id='word_1_824' title='bbox 1376 2455 1458 2483; x_wconf 79' lang='grc' dir='ltr'>αὐτοῦ</span> <span class='ocrx_word' id='word_1_825' title='bbox 1466 2465 1472 2471; x_wconf 90' lang='grc'>·</span> <span class='ocrx_word' id='word_1_826' title='bbox 1489 2457 1539 2483; x_wconf 85' lang='grc' dir='ltr'>οὐκ</span> <span class='ocrx_word' id='word_1_827' title='bbox 1548 2455 1624 2492; x_wconf 86' lang='grc' dir='ltr'>οἶμαι</span> <span class='ocrx_word' id='word_1_828' title='bbox 1637 2457 1667 2484; x_wconf 79' lang='grc' dir='ltr'><strong>δὲ</strong></span> <span class='ocrx_word' id='word_1_829' title='bbox 1680 2479 1688 2492; x_wconf 91' lang='grc'><strong><em>,</em></strong></span> <span class='ocrx_word' id='word_1_830' title='bbox 1701 2459 1744 2485; x_wconf 74' lang='grc' dir='ltr'>ὃτι</span> <span class='ocrx_word' id='word_1_831' title='bbox 1763 2467 1819 2485; x_wconf 73' lang='grc' dir='ltr'><strong>ια.-</strong></span> 
     </span>
    </p>
   </div>
   <div class='ocr_carea' id='block_1_113' title="bbox 1021 2501 1818 2539">
    <p class='ocr_par' dir='ltr' id='par_1_113' title="bbox 1021 2501 1818 2539">
     <span class='ocr_line' id='line_1_113' title="bbox 1021 2501 1818 2539; baseline 0.003 -11"><span class='ocrx_word' id='word_1_832' title='bbox 1021 2501 1099 2537; x_wconf 82' lang='grc' dir='ltr'>θαρὰ,</span> <span class='ocrx_word' id='word_1_833' title='bbox 1116 2501 1185 2529; x_wconf 82' lang='grc' dir='ltr'>ἀλλὰ</span> <span class='ocrx_word' id='word_1_834' title='bbox 1201 2502 1246 2529; x_wconf 80' lang='grc' dir='ltr'>τὸν</span> <span class='ocrx_word' id='word_1_835' title='bbox 1269 2502 1298 2529; x_wconf 81' lang='grc' dir='ltr'>ὲν</span> <span class='ocrx_word' id='word_1_836' title='bbox 1315 2502 1447 2537; x_wconf 80' lang='grc' dir='ltr'>βολῦετοις</span> <span class='ocrx_word' id='word_1_837' title='bbox 1471 2502 1541 2538; x_wconf 71' lang='grc' dir='ltr'>βοιῖιν</span> <span class='ocrx_word' id='word_1_838' title='bbox 1553 2504 1697 2539; x_wconf 82' lang='grc' dir='ltr'>γινόμενον</span> <span class='ocrx_word' id='word_1_839' title='bbox 1710 2505 1818 2539; x_wconf 78' lang='grc' dir='ltr'>κόπρον</span> 
     </span>
    </p>
   </div>
   <div class='ocr_carea' id='block_1_114' title="bbox 1021 2549 1816 2586">
    <p class='ocr_par' dir='ltr' id='par_1_114' title="bbox 1021 2549 1816 2586">
     <span class='ocr_line' id='line_1_114' title="bbox 1021 2549 1816 2586; baseline 0.003 -10"><span class='ocrx_word' id='word_1_840' title='bbox 1021 2549 1160 2584; x_wconf 84' lang='grc' dir='ltr'>γινόμενον</span> <span class='ocrx_word' id='word_1_841' title='bbox 1181 2549 1273 2585; x_wconf 76' lang='grc' dir='ltr'>ἄρτον.</span> <span class='ocrx_word' id='word_1_842' title='bbox 1301 2549 1397 2584; x_wconf 83' lang='grc' dir='ltr'>Ἡμεῖς</span> <span class='ocrx_word' id='word_1_843' title='bbox 1418 2550 1463 2582; x_wconf 82' lang='grc' dir='ltr'><strong>δὲ,</strong></span> <span class='ocrx_word' id='word_1_844' title='bbox 1481 2549 1528 2576; x_wconf 72' lang='grc' dir='ltr'>ἐὰν</span> <span class='ocrx_word' id='word_1_845' title='bbox 1545 2549 1660 2586; x_wconf 81' lang='grc' dir='ltr'>ὕστερόν</span> <span class='ocrx_word' id='word_1_846' title='bbox 1677 2560 1744 2578; x_wconf 80' lang='grc' dir='ltr'>ποτε</span> <span class='ocrx_word' id='word_1_847' title='bbox 1757 2552 1816 2578; x_wconf 78' lang='grc' dir='ltr'>δει-</span> 
     </span>
    </p>
   </div>
   <div class='ocr_carea' id='block_1_115' title="bbox 1021 2595 1816 2631">
    <p class='ocr_par' dir='ltr' id='par_1_115' title="bbox 1021 2595 1816 2631">
     <span class='ocr_line' id='line_1_115' title="bbox 1021 2595 1816 2631; baseline 0.004 -9"><span class='ocrx_word' id='word_1_848' title='bbox 1021 2595 1131 2631; x_wconf 77' lang='grc' dir='ltr'>πνῶμεν</span> <span class='ocrx_word' id='word_1_849' title='bbox 1152 2596 1211 2631; x_wconf 84' lang='grc' dir='ltr'>μετ’</span> <span class='ocrx_word' id='word_1_850' title='bbox 1229 2595 1330 2629; x_wconf 77' lang='grc' dir='ltr'>αὑτοῦ,</span> <span class='ocrx_word' id='word_1_851' title='bbox 1346 2596 1454 2631; x_wconf 77' lang='grc' dir='ltr'>καθαρὰ</span> <span class='ocrx_word' id='word_1_852' title='bbox 1474 2597 1521 2622; x_wconf 80' lang='grc' dir='ltr'><strong>ἀπ’</strong></span> <span class='ocrx_word' id='word_1_853' title='bbox 1535 2597 1628 2629; x_wconf 79' lang='grc' dir='ltr'>αὐτοῦ,</span> <span class='ocrx_word' id='word_1_854' title='bbox 1645 2598 1706 2625; x_wconf 82' lang='grc' dir='ltr'>ἀνθ’</span> <span class='ocrx_word' id='word_1_855' title='bbox 1731 2595 1767 2625; x_wconf 78' lang='grc' dir='ltr'>ὧν</span> <span class='ocrx_word' id='word_1_856' title='bbox 1781 2599 1816 2624; x_wconf 73' lang='grc' dir='ltr'>οὗ</span> 
     </span>
    </p>
   </div>
   <div class='ocr_carea' id='block_1_116' title="bbox 1017 2641 1813 2679">
    <p class='ocr_par' dir='ltr' id='par_1_116' title="bbox 1017 2641 1813 2679">
     <span class='ocr_line' id='line_1_116' title="bbox 1017 2641 1813 2679; baseline 0.004 -12"><span class='ocrx_word' id='word_1_857' title='bbox 1017 2641 1087 2668; x_wconf 84' lang='grc' dir='ltr'>πάνυ</span> <span class='ocrx_word' id='word_1_858' title='bbox 1109 2641 1251 2676; x_wconf 74' lang='grc' dir='ltr'>ἀκάθαρτα</span> <span class='ocrx_word' id='word_1_859' title='bbox 1273 2641 1485 2678; x_wconf 82' lang='grc' dir='ltr'>παρεθήκαμεν,</span> <span class='ocrx_word' id='word_1_860' title='bbox 1505 2642 1717 2679; x_wconf 75' lang='grc' dir='ltr'>ἀποληψόμεθα.</span> <span class='ocrx_word' id='word_1_861' title='bbox 1736 2643 1813 2670; x_wconf 72' lang='grc' dir='ltr'>Δεδο-</span> 
     </span>
    </p>
   </div>
   <div class='ocr_carea' id='block_1_117' title="bbox 1019 2687 1817 2725">
    <p class='ocr_par' dir='ltr' id='par_1_117' title="bbox 1019 2687 1817 2725">
     <span class='ocr_line' id='line_1_117' title="bbox 1019 2687 1817 2725; baseline 0.004 -12"><span class='ocrx_word' id='word_1_862' title='bbox 1019 2687 1093 2722; x_wconf 79' lang='grc' dir='ltr'>μένοι</span> <span class='ocrx_word' id='word_1_863' title='bbox 1107 2687 1135 2714; x_wconf 85' lang='grc' dir='ltr'><strong>δέ</strong></span> <span class='ocrx_word' id='word_1_864' title='bbox 1148 2688 1216 2714; x_wconf 74' lang='grc' dir='ltr'>εἰσιν</span> <span class='ocrx_word' id='word_1_865' title='bbox 1232 2687 1279 2714; x_wconf 77' lang='grc' dir='ltr'><strong>ἐπὶ</strong></span> <span class='ocrx_word' id='word_1_866' title='bbox 1290 2687 1335 2714; x_wconf 79' lang='grc' dir='ltr'><strong>τὸν</strong></span> <span class='ocrx_word' id='word_1_867' title='bbox 1351 2688 1414 2714; x_wconf 86' lang='grc' dir='ltr'>Υἱὸν</span> <span class='ocrx_word' id='word_1_868' title='bbox 1425 2689 1471 2715; x_wconf 77' lang='grc' dir='ltr'><strong>τοῦ</strong></span> <span class='ocrx_word' id='word_1_869' title='bbox 1484 2688 1629 2725; x_wconf 75' lang='grc' dir='ltr'>ἀνθρώπου</span> <span class='ocrx_word' id='word_1_870' title='bbox 1642 2689 1740 2725; x_wconf 68' lang='grc' dir='ltr'>δεσμοὶ</span> <span class='ocrx_word' id='word_1_871' title='bbox 1756 2690 1817 2716; x_wconf 69' lang='lat' dir='ltr'><strong>sis-</strong></span> 
     </span>
    </p>
   </div>
   <div class='ocr_carea' id='block_1_118' title="bbox 1016 2734 1817 2772">
    <p class='ocr_par' dir='ltr' id='par_1_118' title="bbox 1016 2734 1817 2772">
     <span class='ocr_line' id='line_1_118' title="bbox 1016 2734 1817 2772; baseline 0.004 -11"><span class='ocrx_word' id='word_1_872' title='bbox 1016 2734 1126 2762; x_wconf 79' lang='grc' dir='ltr'>ελθόντα</span> <span class='ocrx_word' id='word_1_873' title='bbox 1158 2736 1188 2762; x_wconf 85' lang='grc' dir='ltr'>ὲν</span> <span class='ocrx_word' id='word_1_874' title='bbox 1207 2735 1283 2771; x_wconf 85' lang='grc' dir='ltr'>μέσῳ</span> <span class='ocrx_word' id='word_1_875' title='bbox 1302 2736 1353 2772; x_wconf 78' lang='grc' dir='ltr'><strong>τῆς</strong></span> <span class='ocrx_word' id='word_1_876' title='bbox 1370 2736 1559 2772; x_wconf 78' lang='grc' dir='ltr'>αἰχμαλωσίας</span> <span class='ocrx_word' id='word_1_877' title='bbox 1577 2737 1658 2772; x_wconf 80' lang='grc' dir='ltr'>ἡμῶν</span> <span class='ocrx_word' id='word_1_878' title='bbox 1679 2737 1705 2765; x_wconf 75' lang='grc' dir='ltr'>οἱ</span> <span class='ocrx_word' id='word_1_879' title='bbox 1725 2737 1817 2765; x_wconf 59' lang='lat' dir='ltr'><strong>diurni.</strong></span> 
     </span>
    </p>
   </div>
   <div class='ocr_carea' id='block_1_119' title="bbox 1031 2833 1293 2868">
    <p class='ocr_par' dir='ltr' id='par_1_119' title="bbox 1031 2833 1293 2868">
     <span class='ocr_line' id='line_1_119' title="bbox 1031 2833 1293 2868; baseline 0.004 -8"><span class='ocrx_word' id='word_1_880' title='bbox 1031 2840 1066 2868; x_wconf 83' lang='lat' dir='ltr'><strong>tv,</strong></span> <span class='ocrx_word' id='word_1_881' title='bbox 1082 2833 1109 2860; x_wconf 74' lang='grc'><strong>4.</strong></span> <span class='ocrx_word' id='word_1_882' title='bbox 1148 2833 1170 2849; x_wconf 73' lang='grc'><strong>³⁵</strong></span> <span class='ocrx_word' id='word_1_883' title='bbox 1184 2833 1249 2861; x_wconf 86' lang='lat' dir='ltr'><strong>ibid.</strong></span> <span class='ocrx_word' id='word_1_884' title='bbox 1267 2833 1293 2861; x_wconf 83' lang='lat'><strong>9.</strong></span> 
     </span>
    </p>
   </div>
  </div>
