1882 3052
87 115 142 142 τοι

685 120 840 150 SELECTA
860 122 894 151 iN
915 124 1142 155 EZELZIIIELEM.

1681 142 1733 170 782

86 176 140 202 καὶ
156 175 319 211 σωματικοί.
335 176 398 204 Ὅτε
417 177 471 213 γὰρ
491 179 555 214 παρ’
572 179 638 215 ἡμῖν
658 181 762 214 γίνεται
783 190 842 217 συμπ

87 229 164 236 ...ιι-ι
179 223 247 236 .L..‘.‘..
269 223 315 236 ...Α
335 223 484 236 .....sz-___
502 226 568 236 a..-,-.
598 235 601 236 ν
619 226 637 236 γε
661 227 679 236 κ·
734 229 741 236 ι
770 230 781 236 ς
820 230 825 236 .

943 192 974 212 ac
989 185 1083 214 eadem
1097 188 1238 217 nobiscum
1258 192 1368 226 patitur,
1385 194 1525 224 nobiscum
1547 199 1654 228 \inctus
1673 207 1731 236 est,

86 229 164 257 σχων
179 223 257 258 ἡμῖν,
269 223 317 249 καὶ
333 223 486 252 ωνδὲδεται
502 226 579 261 ἡμῖν,
596 226 643 253 καὶ
655 227 704 254 σὺν
729 229 795 264 ἡμῖν
817 230 890 256 ἐστιν

84 269 118 295 ὲν
135 270 169 304 τῇ
187 270 260 305 φυγῇ
274 269 322 296 τοῦ
346 269 405 305 βίου
431 271 545 305 τοῦτου,
576 275 734 309 συμπεινῶν
757 276 823 311 ἡμῖν
843 277 891 303 καὶ

86 314 237 349 συνδιψῶν,
254 316 301 342 καὶ
324 317 473 344 ουνεσθίων
492 317 612 354 καθαρὸν
640 320 775 348 ἐσθίουσιν
796 322 887 358 ἄρτον,

85 360 135 387 καὶ
153 361 283 396 συμπίνει
299 362 328 388 τὸ
343 362 425 399 ὕδωρ,
441 363 511 399 πλὴν
531 365 560 391 ὲν
582 366 696 402 σταθμῷ
718 368 765 394 καὶ
786 368 885 404 μέτρῳ.

84 406 125 433 Οὐ
150 407 206 443 γὰρ
231 409 415 444 ἐπἰμεριεῖται
441 410 559 438 ἐνταῦθα
582 412 746 448 τυγχάνουσι
764 414 795 441 τὸ
819 415 888 451 πρὸς

84 450 177 484 ἁξὶαν.
196 454 278 481 Ὅσον
303 455 352 490 μὲν
368 454 416 484 οὖν
444 457 529 494 ἐχρῆν
541 460 617 495 ἡμᾶς
629 460 677 486 ἐπὶ
690 461 746 493 τοῖς
760 450 886 498 ἁμαρτή-

85 508 170 538 μαᾳιν
189 501 218 527 ὲν
244 501 377 537 βολὸίτοις
392 503 443 538 τῆς
460 504 564 541 κόπρου
588 506 762 543 ἀνθρωπίνης
786 507 886 536 ὲοιθίειν

82 545 132 573 τὶν
147 546 269 575 τοιοῦτον
280 548 363 585 ἄρτον
375 558 382 564 ·
400 550 462 577 ὅσον
473 550 502 577 δὲ
518 551 575 578 ἔστι
586 552 767 590 τεθαρρηκότι
782 555 879 582 εἰπεῖν·

88 591 121 618 Ἠ
137 592 226 629 ψυχή
250 603 309 629 μου
334 595 371 622 οὺ
393 596 569 631 μεμίανται,
599 599 648 626 καὶ
675 599 828 635 θηράματα
846 603 884 629 οὐ

77 639 231 673 βέϐρωκα,
246 640 294 668 καὶ
308 641 342 668 τὰ
351 641 433 670 λοιπά
445 651 452 658 ⁸
467 644 684 680 συγχωρούμεθα
698 646 728 673 τὸ
750 646 881 678 τοιοῦτον,

80 685 129 712 καὶ
154 685 259 720 γηΐνοις
281 686 331 722 μὲν
357 689 405 715 καὶ
428 687 582 725 κοπρώδεσι
603 699 675 718 τισιν
696 691 881 728 ἀναμέμικται

78 732 162 767 ἡμῶν
181 735 197 768 ἡ
213 734 310 770 τροφὴ,
329 734 360 761 οὗ
375 735 428 771 μὴν
443 736 490 763 ἐπὶ
504 737 630 765 τοσοῦτον
645 739 692 765 καὶ
707 740 747 772 εἰς
763 741 880 776 ὑπερϐο-

77 777 128 813 λὴν
149 779 317 815 ἀκαθάρτοις
338 781 386 807 καὶ
401 782 558 810 δυσώδεα-ιν.
583 785 641 811 Οὐκ
665 783 722 812 οἶδα
744 786 773 813 δὲ
789 787 879 816 ὁποῖαι

76 824 128 860 τῆς
139 824 228 861 ψυχῆς
237 826 337 863 τροφαὶ
349 827 435 863 πυρὸς
450 828 483 856 ἂν
494 828 625 864 λέγοιντο,
646 832 694 858 καὶ
712 832 740 859 αἱ
755 833 876 862 ποδαπαὶ

75 871 171 907 κριθὴ,
188 872 235 898 καὶ
250 873 322 906 τίνες
333 872 444 910 κῦαμοι,
460 876 508 902 καὶ
522 876 550 903 αἱ
566 876 669 904 λοιπαί.
681 879 729 911 Εἰς
745 879 874 916 ὀστράκι-

75 926 120 944 νον
133 917 161 944 δὲ
173 918 354 954 ἐμϐάλλονται
367 918 462 956 ἄγγος,
475 922 516 954 εἰς
528 922 559 950 τὸ
573 923 674 959 ληφθὲν
690 925 737 952 καὶ
754 926 874 954 πλασθὲν

71 962 130 990 ἀπὸ
147 964 198 1000 τῆς
207 965 259 1001 γῆς
273 964 361 1001 σῶμα.
383 965 501 994 Ἐσθίειν
517 967 546 994 δὲ
562 971 588 995 κ’
600 969 709 1002 σίκλους
721 970 871 998 κελεῦεται.

71 1010 133 1037 Οὐκ
148 1010 233 1046 ἐχρῆν
249 1011 304 1048 γὰρ
319 1011 364 1039 τὸν
385 1011 472 1045 οὕτως
486 1013 642 1051 ἀκάθαρτον
664 1015 873 1052 βρωθησόμενον

69 1056 157 1092 ἄρτον
167 1057 196 1083 ὲν
204 1057 274 1093 ἁγίῳ
284 1058 546 1094 παραλαμϐάνεσθαι
560 1061 681 1098 ἀριθμῷ,
691 1063 784 1096 ὁποῖός
799 1065 872 1092 ἐστιν

68 1104 84 1129 ὁ
99 1103 154 1139 τῆς
169 1104 291 1137 δεκάδος,
306 1106 355 1133 καὶ
368 1106 525 1143 ἑϐδομάδος,
537 1108 553 1145 ἢ
566 1109 722 1145 τριακάδος,
734 1111 869 1147 ὀγδοάδος,

68 1151 87 1186 ἡ
105 1159 181 1183 τινος
201 1151 256 1178 τῶν
267 1152 368 1187 ὁμοίων
379 1152 521 1190 ἀριθμῶν·
537 1154 595 1182 ἀλλ’
611 1157 641 1183 ὲν
660 1157 771 1194 ἀριθμῷ
783 1158 812 1186 δὲ
821 1159 869 1186 τοῦ

67 1197 189 1233 Κυρίου,
207 1197 237 1229 ὃς
246 1197 290 1225 διὰ
304 1198 355 1234 τὴν
372 1199 456 1227 δυάδα
474 1201 521 1228 καὶ
542 1201 631 1237 σχῖσιν
647 1204 785 1240 περιέχειν
801 1205 871 1234 ἀκα-

67 1241 180 1278 θάρτων
193 1242 252 1269 ἐστὶ
265 1244 414 1280 συγγενής·
430 1244 468 1275 ὡς
482 1245 560 1281 δῆλόν
571 1247 645 1274 ἐστιν
655 1248 689 1274 ὲκ
705 1249 760 1275 τῶν
781 1251 811 1278 ἐν
834 1253 867 1288 τῇ

67 1286 182 1323 κιϐωτῷ
206 1288 356 1324 γινομένων
376 1288 453 1322 ζώων
474 1290 637 1327 ἀκαθάρτων
657 1294 705 1321 καὶ¹
728 1293 782 1322 τῶν
800 1296 868 1323 ἀπο-

65 1333 256 1369 στελλομένων
278 1334 317 1370 τῷ
343 1335 430 1363 Ἠσαῦ
449 1337 525 1373 παρὰ
544 1338 591 1365 τοῦ
616 1339 722 1368 Ἰακώϐ.
750 1341 792 1369 Τὰ
811 1343 866 1380 γάρ

65 1378 185 1406 πλεῖστα
198 1380 288 1407 αὐτῶν
301 1380 339 1416 τῷ
353 1384 376 1408 κ’
397 1382 507 1419 ἀριθμῷ
528 1383 721 1421 ἀναπέμπεται
737 1387 805 1423 πρὸς
818 1378 865 1414 au-

63 1424 123 1452 τόν.
143 1426 199 1452 Καὶ
215 1426 229 1452 ὁ
243 1426 271 1459 ἓξ
287 1426 404 1463 ἀριθμος
414 1429 454 1460 εἰς
467 1429 497 1455 τὸ
509 1429 610 1465 μέτρον
621 1431 668 1458 τοῦ
683 1433 764 1459 ποτοῦ
777 1441 864 1469 παρα-

63 1471 246 1507 λαμϐάνεται,
264 1473 311 1499 καὶ
324 1473 378 1500 ἀπὸ
392 1473 422 1507 ἒξ
437 1475 554 1510 ἀριθμοῦ
569 1476 583 1502 ὁ
597 1476 679 1513 ἄρτος
692 1477 797 1512 γίνεται
812 1488 862 1506 πυ-

944 238 1053 266 unaque
1067 233 1210 262 nobiscum
1222 241 1264 263 est
1280 237 1306 264 in
1327 238 1389 266 vitm.
1409 240 1491 276 hujus
1510 244 1618 278 exsilio,
1637 247 1732 275 nobis-

941 283 1004 303 cum
1019 277 1143 305 esuriens
1155 283 1182 306 et
1193 281 1298 313 sitiens.
1309 287 1337 310 et
1349 284 1491 314 nobiseum
1504 290 1650 319 comedens
1661 299 1730 327 puro

942 322 1116 350 vescentibus
1133 331 1213 358 pane,
1228 327 1365 363 simulque
1376 331 1520 360 nobiscum
1537 334 1605 363 bibit
1617 322 1729 372 aquam.

940 366 987 393 sed
1006 367 1032 394 in
1044 369 1166 403 pondere
1187 379 1219 398 ac
1239 380 1377 402 mensura.
1393 375 1451 403 Non
1473 378 1546 406 enim
1568 380 1602 408 iis
1625 366 1672 417 qui
1685 384 1730 410 hic

939 412 1057 448 degunt,
1081 423 1132 450 pro
1156 417 1245 445 men’ti
1268 419 1374 448 ratione
1397 424 1566 458 rependitur.
1589 412 1728 461 Quantum

938 458 1021 494 igitur
1033 460 1146 489 decebat
1158 470 1219 497 nos,
1234 464 1269 491 ob
1285 473 1316 493 ea
1330 474 1392 501 qum
1411 471 1595 506 peccavimus,
1619 473 1646 501 in
1662 474 1728 503 ﬁmo

937 504 1050 533 humani
1078 509 1209 536 stercoris
1233 511 1279 538 tali
1302 520 1371 546 pane
1393 516 1481 550 vesci;
1504 524 1637 552 quantum
1662 529 1727 548 vero

936 549 1000 577 licet
1015 550 1129 579 ﬁdenter
1140 553 1231 582 dicere
1244 555 1266 571 "
1278 564 1285 582 :
1305 558 1401 586 Anima
1416 568 1473 587 mea
1486 549 1536 588 non
1550 569 1589 590 est
1608 565 1726 599 polluta.

934 599 959 622 et
972 595 1120 625 laceratum
1134 608 1151 626 a
1167 601 1251 628 bestia
1270 611 1321 630 non
1340 607 1459 641 comedi,
1476 613 1504 636 et
1527 609 1652 646 reliqua:
1671 613 1725 640 tale

934 642 999 676 quid
1012 643 1092 672 nobis
1107 645 1274 682 indulgetur,
1289 657 1322 677 ac
1340 653 1457 681 terrenis
1473 642 1637 689 quibusdam
1652 663 1724 687 ster—

934 688 1045 716 coribus
1067 692 1229 720 commistus
1244 699 1286 722 est
1304 696 1383 725 cibus
1403 704 1512 732 noster,
1536 700 1610 729 haud
1630 706 1721 731 tamen

932 738 1073 770 tantopere
1088 741 1114 764 et
1130 745 1213 774 supra
1228 741 1339 769 modum
1354 743 1503 773 immundis
1519 754 1551 774 ac
1562 748 1633 776 male
1645 749 1722 777 olen-

932 779 1016 807 tibus.
1036 780 1134 810 Nescio
1153 789 1244 812 autem
1264 787 1376 821 quinam
1400 789 1454 817 cibi
1479 792 1577 819 anima:
1599 793 1720 822 triticum

931 826 1066 860 dicantur,
1078 829 1191 864 quinam
1206 831 1350 867 hordeum,
1365 839 1392 862 et
1406 836 1516 870 quinam
1532 837 1611 872 fabaz,
1622 845 1649 867 et
1658 849 1720 876 qua:

926 877 1090 907 sequuntur.
1103 875 1296 912 Conjiciuntur
1312 887 1378 907 vero
1401 881 1428 908 in
1443 889 1491 910 vas
1507 875 1674 918 testaceum,
1690 887 1717 914 in

925 926 1026 955 corpus
1042 923 1147 950 scilicet
1160 931 1175 951 e
1190 928 1262 952 terra
1277 932 1415 962 sumptum
1430 934 1457 956 et
1470 937 1485 956 e
1500 934 1571 958 terra
1593 933 1716 967 plasma-

925 969 995 994 tum.
1009 967 1089 996 Vesci
1106 974 1196 998 autem
1209 972 1322 1006 jubetur
1335 975 1430 1010 viginti
1447 976 1541 1005 siclos.
1559 978 1618 1007 Non
1640 982 1714 1009 enim

925 1011 1049 1047 decebat,
1065 1022 1128 1043 eum
1142 1017 1189 1051 qui
1202 1018 1243 1046 sic
1253 1018 1396 1049 immundo
1409 1028 1566 1052 vesceretur
1578 1033 1659 1061 pane,
1685 1028 1712 1055 in

922 1063 1018 1087 sancto
1032 1067 1173 1090 assumere
1187 1071 1318 1099 numero;
1340 1066 1495 1102 eujusmodi
1517 1074 1560 1098 est
1582 1072 1712 1102 denarius

922 1108 949 1131 et
960 1107 1140 1142 septenarius,
1159 1110 1350 1146 lernariusque
1365 1121 1397 1142 ac
1414 1117 1592 1152 octonarius,
1610 1119 1711 1156 aliique

921 1149 1056 1184 ejusmodi
1072 1155 1178 1181 numeri
1194 1162 1201 1188 ;
1218 1156 1265 1183 sed
1279 1157 1307 1184 in
1321 1166 1436 1187 numero
1450 1160 1569 1197 Domini,
1585 1164 1632 1200 qui
1646 1149 1711 1201 pro-

921 1200 1013 1231 pterea
1024 1199 1099 1233 quod
1113 1200 1249 1230 binarium
1262 1211 1406 1233 numerum
1419 1212 1445 1234 et
1455 1207 1617 1237 scissionem
1631 1199 1709 1238 com—

920 1242 1058 1278 plectitur,
1075 1245 1225 1276 immundis
1242 1248 1329 1278 al’ﬁuis
1350 1256 1409 1284 est,
1433 1253 1473 1280 uti
1494 1254 1580 1290 liquet
1599 1263 1633 1284 ex
1655 1257 1708 1284 im-

919 1290 1029 1318 mundis
1040 1292 1207 1322 animalibus
1218 1303 1280 1330 qua:
1292 1296 1320 1324 in
1332 1305 1395 1326 arca
1409 1304 1498 1331 erant,
1512 1305 1597 1337 atque
1609 1311 1642 1330 ex
1653 1303 1707 1332 illis

918 1341 979 1368 quae
1002 1334 1086 1364 Jacob
1116 1338 1149 1365 ad
1175 1338 1245 1367 Esau
1272 1341 1355 1370 misit.
1380 1343 1464 1380 414
1485 1334 1582 1381 Magna
1606 1349 1709 1385 quippe

916 1388 1012 1410 eorum
1038 1391 1102 1418 pars
1131 1385 1224 1421 viginti
1252 1395 1369 1416 numero
1393 1392 1548 1420 mittuntur.
1575 1392 1707 1423 Senarius

916 1427 980 1456 item
995 1437 1126 1459 numerus
1141 1432 1175 1459 ad
1190 1440 1346 1462 mensuram
1363 1441 1443 1471 potus
1455 1439 1621 1474 assumitur,
1641 1446 1668 1469 et
1689 1450 1706 1470 ο

915 1476 1026 1504 senario
1038 1485 1152 1505 numero
1167 1479 1246 1514 panis
1270 1480 1301 1507 ﬁt
1320 1480 1468 1518 frumenti,
1490 1484 1602 1522 hordei,
1623 1487 1703 1522 fabas,

62 1518 114 1554 ροῦ
130 1520 178 1545 καὶ
199 1519 312 1555 κριθῆς,
329 1520 376 1547 καὶ
393 1521 500 1557 κυάμου
516 1522 565 1549 ’καὶ
577 1521 632 1550 τῶν
649 1523 769 1551 λοιπῶν·
786 1526 842 1552 ἐπει

936 1524 941 1548 t
966 1527 1148 1552 ('iBlCI‘Ol‘llm:
1171 1526 1395 1562 quandoquidem
1418 1530 1463 1558 hic
1486 1518 1617 1562 numerus
1637 1543 1687 1571 pas

62 1575 118 1602 περ
133 1566 208 1593 ἐστὶν
219 1567 233 1593 ὁ
245 1567 362 1604 ἀριθμὸς
375 1564 455 1600 οὗτος
466 1569 568 1602 πάθους
589 1570 723 1606 σύμϐολον
743 1572 791 1599 καὶ
809 1582 860 1600 κα-

60 1612 177 1646 κώσεως
192 1613 239 1640 τοῦ
255 1614 380 1650 Σωτῆρος
395 1615 428 1651 τῇ
442 1615 511 1653 ἕκτῃ
521 1616 612 1653 ἡμέρᾳ
624 1617 802 1652 πεπονθότος,
812 1620 859 1647 καὶ

59 1659 91 1684 ὲν
106 1659 141 1694 τῇ
164 1658 365 1694 Ἀποκαλύψει
382 1660 504 1688 Ἰωάννου
525 1661 571 1688 τοῦ
591 1662 722 1698 ὀνόματος
741 1664 788 1691 τοῦ
811 1664 858 1701 θη-

59 1704 120 1740 ρίου
133 1704 179 1731 τὸν
191 1705 252 1740 χξς¹
266 1705 373 1741 ἔχοντος
382 1707 508 1743 ἀριθμόν.
521 1708 578 1735 Οὐκ
589 1708 740 1745 ἀγνοοῦμεν
752 1710 780 1737 δέ
796 1718 855 1738 τινα

57 1749 115 1777 τῶν
135 1751 310 1787 ἀντιγράφων
320 1753 391 1788 ἔχειν
410 1756 436 1790 ρ’
446 1754 493 1781 καὶ
505 1757 526 1781 ν’
543 1755 662 1791 ἡμέρας-
679 1756 726 1783 καὶ
746 1757 813 1784 ἄλλα
830 1759 855 1791 L_’

56 1796 107 1823 καὶ
119 1799 142 1832 ρ’
156 1797 278 1834 ἡμέρας
297 1799 345 1825 καὶ
365 1799 399 1826 τὰ
420 1800 530 1827 πλείονα
547 1800 575 1827 δὲ
591 1803 616 1834 ι(
630 1801 677 1828 καὶ
693 1805 715 1837 ρ’
736 1802 852 1838 ἠμέρας-

64 1842 136 1869 ‘AD.’
152 1838 366 1880 ἐπισκεψάμενοι
380 1845 429 1878 τὰς
442 1845 540 1878 λοιπὰς
554 1847 684 1880 ἐκδόσεις,
699 1848 815 1884 εὕρομεν
831 1853 853 1876 τ’

57 1887 130 1916 εἶναι
158 1890 206 1917 καὶ
228 1893 253 1925 ιιι
268 1891 385 1927 ἡμέρας.
413 1891 505 1919 Ταῦτα
529 1893 558 1919 δὲ
581 1893 669 1921 πάντα
694 1894 799 1929 γίνεται
819 1895 854 1923 τὰ

56 1937 260 1973 προειρημένα,
281 1938 325 1965 ῖνα
345 1940 442 1975 ἑντακῇ
470 1939 584 1972 ἕκαστος
604 1941 633 1966 ἐν
654 1941 715 1972 ταῖς
733 1941 851 1974 ἀδικίαις

54 1984 139 2010 αὐτοῦ
154 1984 212 2010 τῶν
223 1985 409 2022 ἡδικηκότωνι,
428 1986 475 2013 καὶ
493 1985 532 2022 τῷ
554 1986 646 2018 ἄδικος
662 1984 733 2014 εἶναι
749 1987 851 2014 ἀποθα-

53 2028 144 2063 νῆται.
620 2067 622 2069 _

93 2073 168 2100 Ἰδοὺ
185 2074 299 2101 δέδωκὰ
309 2081 358 2102 σοι
369 2076 498 2108 ﬂauam
510 2076 604 2109 βοῶν.
617 2078 721 2105 Οὐκοῦν
733 2078 848 2106 αἰνίττε-

50 2121 97 2148 cui
113 2129 141 2147 τι
158 2121 290 2156 μυστικὴν
307 2122 370 2158 περὶ
393 2123 442 2158 τῆς
455 2123 545 2159 ψυχῆς
557 2124 606 2160 τῆς
618 2124 846 2160 αἰχμαλωτισθεί-

50 2176 103 2203 an;
119 2167 134 2193 ὁ
151 2168 306 2204 προφήτης,
324 2169 354 2196 οὐ
381 2169 530 2205 δυνάμενος
552 2170 654 2207 τροφὴν
677 2171 765 2207 πάντη
778 2171 845 2198 ἀκα-

49 2213 169 2249 θαρσίας
181 2213 393 2253 ἀπηλλαγμένην
404 2215 563 2251 λαμϐάνειν.

90 2258 165 2285 Ἰδοὺ
179 2259 237 2294 ἐγὼ
251 2261 398 2294 συντρίὅω
408 2261 558 2297 στήριγμα
572 2261 672 2296 ἄρτου.
695 2263 743 2290 Διὰ
765 2262 843 2290 τοῦτο

47 2304 132 2340 ὑγιὴς
150 2304 197 2331 καὶ
213 2305 393 2341 ἀσῦντριπτος
409 2306 490 2342 ἄρτος
514 2308 563 2343 οὐχ
585 2308 758 2343 εὑρίσκεται,
781 2308 842 2335 οὐδὲ

47 2352 191 2388 στήριγμα
213 2353 286 2380 ἐστιν
299 2353 382 2389 ἄρτου
395 2355 451 2386 τοῖς
474 2355 503 2381 ὲν
524 2354 697 2390 αἰχμαλωσίᾳ
722 2357 838 2391 νηπίοις,

45 2397 88 2431 οἷς
100 2399 149 2426 καὶ
161 2399 321 2427 διακλᾶσθαι
333 2400 373 2427 δεῖ
386 2400 432 2428 τὸν
447 2401 539 2437 ἄρτον.

378 2492 456 2520 ΚΕΦ.
473 2492 511 2520 E’.

80 2537 156 2565 Τάδε
179 2537 261 2572 λέγει
281 2537 398 2565 Ἀδωναῖ
413 2539 530 2573 Κύριος.
563 2539 746 2576 Ἐπέτρεπεν,
768 2541 836 2568 ὅπου

43 2583 95 2620 μὲν
108 2583 141 2610 τὺ
156 2584 254 2620 κρῖμα,
269 2584 307 2619 μὴ
322 2583 426 2619 λέγειν·
455 2586 558 2613 Ἔσται
577 2586 667 2621 κρζιια
686 2587 722 2614 ἐν
740 2587 835 2621 μέσῳ,

40 2630 120 2664 ἀλλὰ,
137 2630 258 2664 Ποιήσω
279 2630 367 2665 κρῖμα
383 2631 510 2666 ἐνμέσῳ
526 2640 584 2659 σου
594 2641 600 2647 ·
619 2633 666 2660 καὶ
681 2633 725 2660 διὰ
738 2633 769 2660 τὸ
787 2642 836 2669 με·

42 2676 191 2713 ιιιαγκέναι
202 2676 301 2708 αὐτοὺς
313 2677 346 2704 τὰ
357 2677 423 2711 am
432 2677 478 2704 τοῦ
487 2677 565 2709 Θεοῦ,
578 2677 687 2712 λέγεται
699 2677 739 2711 τὸ,
748 2679 834 2714 Κάγὼ

40 2722 199 2758 ἀπώσομαι
213 2731 267 2749 σει·
283 2723 350 2749 ὅπου
365 2723 392 2749 δὲ
406 2723 522 2759 πατέρες
539 2723 613 2755 υἱοὺς
639 2723 747 2759 ἤσθιον,
767 2725 834 2760 Οὐχὶ

39 2770 153 2806 ποιήσω,
172 2771 205 2797 't'v‘
220 2770 245 2796 οἱ
262 2769 380 2806 πατέρες
399 2770 507 2805 φάγωσι
520 2770 603 2797 τέκνα
627 2771 643 2806 ἧ
669 2771 751 2798 τέκνα
770 2771 833 2803 τοὺς

71 2863 94 2877 ’⁷
113 2861 212 2889 Ελθςίι.
229 2869 266 2893 Iv,
290 2860 332 2888 Η.
371 2861 392 2876 ’⁵
410 2861 476 2889 ibid.
497 2862 540 2889 15.
580 2863 602 2878 ²⁵
621 2861 685 2888 ibid.
705 2862 745 2888 16.

785 2862 805 2877 3"
821 2861 884 2888 ibid.
904 2869 927 2894 γ,
944 2861 969 2887 8.

915 1567 1100 1604 sionis‘ﬁgura
1112 1575 1154 1599 est
1168 1576 1195 1599 et
1210 1572 1367 1602 aiﬁictionis
1388 1575 1537 1607 Salvatoris
1556 1581 1603 1615 qui
1625 1567 1703 1611 sexta

913 1611 957 1639 die
973 1620 1070 1647 passus
1081 1620 1133 1649 est,
1151 1623 1257 1645 necnon
1274 1619 1394 1648 nominis
1408 1621 1501 1650 bestia:
1514 1611 1575 1658 quae
1587 1625 1614 1652 in
1627 1626 1702 1661 Apo-

913 1660 1014 1696 calypsi
1026 1660 1142 1690 Joannis
1155 1671 1299 1692 numerum
1321 1665 1403 1695 habet
1425 1668 1489 1697 666.
1510 1669 1570 1698 Non
1591 1660 1702 1708 ignora-

913 1714 975 1734 mus
989 1713 1077 1735 lamen
1091 1708 1117 1736 in
1133 1709 1296 1744 quibusdam
1310 1714 1514 1749 exemplaribus
1526 1718 1620 1747 haberi
1636 1728 1694 1748 ecu-

911 1757 968 1780 tum
990 1758 1020 1781 et
1039 1755 1238 1791 quinquaginta
1257 1758 1333 1793 dies;
1359 1760 1386 1787 in
1414 1761 1475 1790 aliis
1500 1765 1649 1800 nonaginta
1673 1772 1701 1795 et

911 1803 1041 1833 centum;
1059 1799 1085 1826 in
1101 1801 1239 1837 plerisque
1252 1809 1343 1832 autem
1358 1808 1506 1841 nonaginta
1530 1814 1556 1838 et
1576 1799 1698 1840 centum.

910 1844 1009 1872 Verum
1022 1845 1152 1881 inspectis
1167 1848 1229 1876 aliis
1241 1849 1423 1885 editionibus,
1449 1858 1583 1884 trecentos
1602 1862 1630 1884 et
1645 1867 1696 1886 no-

908 1890 1018 1925 naginta
1030 1892 1088 1919 dies
1103 1893 1268 1923 invenimus.
1284 1895 1367 1924 Fiunt
1384 1906 1448 1925 vero
1462 1908 1522 1935 qua:
1537 1902 1608 1930 dicta
1631 1910 1697 1931 sunt

906 1936 1010 1969 omnia,
1030 1942 1060 1964 ut
1073 1938 1191 1974 quisque
1205 1940 1232 1967 in
1251 1940 1390 1975 injustitiis
1402 1946 1459 1971 suis
1472 1946 1571 1979 quibus
1594 1948 1695 1984 injuste

905 1983 960 2018 egit
971 2004 977 2016 ,
993 1985 1185 2018 contabescat,
1199 1990 1227 2013 et
1240 1986 1381 2022 injustitiaz
1394 1991 1528 2019 moriatur

940 2074 1007 2102 Ecce
1023 2075 1083 2102 dedi
1102 2076 1151 2103 tibi
1166 2082 1284 2105 stercora
1304 2079 1382 2106 boum
1394 2080 1428 2108 ³⁸.
1450 2081 1594 2117 Mysticum
1611 2084 1693 2121 igitur

904 2121 1002 2156 aliquid
1015 2122 1049 2149 de
1065 2122 1156 2150 anima
1167 2124 1272 2158 captiva
1285 2124 1407 2153 insinuat
1419 2129 1561 2164 propheta,
1572 2131 1618 2166 qui
1633 2140 1687 2159 non

902 2172 992 2202 potest
1005 2168 1094 2196 cibum
1111 2170 1201 2197 omnis
1217 2175 1356 2206 expertem
1374 2172 1554 2203 immunditia:
1567 2184 1687 2205 sumere.

937 2258 1005 2286 Ecce
1023 2268 1069 2295 ego
1087 2266 1193 2288 contero
1215 2263 1413 2297 firmamentum
1431 2267 1508 2301 panis
1525 2268 1558 2295 ³³.
1586 2267 1688 2297 Idcirco

897 2312 952 2332 non
969 2305 1106 2333 invenitur
1126 2308 1205 2342 panis
1230 2317 1313 2338 sanus
1335 2314 1362 2337 et
1383 2311 1614 2346 incomminutus;
1638 2323 1688 2343 nec

897 2350 1072 2379 ﬁrmamento
1085 2353 1164 2386 panis
1176 2354 1294 2388 gaudent
1317 2355 1364 2390 qui
1386 2356 1413 2382 in
1437 2357 1593 2391 captivitate
1621 2367 1686 2394 par-

894 2397 950 2424 vuli
974 2403 1055 2430 sunt,
1083 2399 1184 2434 quique
1209 2404 1237 2427 ut
1263 2401 1342 2436 panis
1363 2402 1417 2429 illis
1438 2402 1594 2439 frangatur,
1612 2413 1681 2441 opus

895 2444 1004 2471 habent.

1223 2492 1298 2519 CAP.
1320 2493 1352 2520 V.

931 2535 994 2563 Παιε
1018 2536 1083 2563 dicit
1105 2537 1212 2564 Adonai
1229 2538 1360 2566 Dominus
1373 2540 1406 2565 ".
1429 2540 1554 2575 Decebal,
1573 2543 1617 2572 ubi
1638 2545 1680 2580 ju-

892 2581 993 2609 dicium
1010 2587 1096 2615 esset,
1109 2591 1163 2610 non
1178 2584 1283 2612 dicere:
1309 2585 1369 2612 Erit
1382 2586 1514 2621 judicium
1531 2588 1559 2616 in
1577 2591 1680 2625 medio,

890 2629 948 2661 sed,
962 2628 1073 2656 Faciam
1081 2629 1216 2664 judicium
1227 2631 1255 2657 in
1270 2631 1355 2659 medio
1371 2633 1451 2661 lui“.
1462 2633 1494 2662 Et
1505 2635 1570 2669 quia
1584 2643 1676 2665 sancta

889 2675 936 2703 Dei
960 2677 1132 2711 polluerunt,
1161 2677 1261 2705 dicitur
1278 2679 1322 2707 ":
1353 2678 1388 2706 Et
1413 2688 1460 2715 ego
1485 2681 1612 2717 abjiciam
1642 2690 1677 2712 te.

888 2722 1003 2755 Quando
1029 2726 1118 2749 autem
1145 2728 1234 2757 patres
1261 2723 1332 2751 ﬁlios
1359 2725 1557 2761 eomedebant,
1581 2733 1608 2756 et
1627 2729 1675 2757 ﬁlii

889 2773 989 2804 patres,
1005 2768 1062 2795 Non
1084 2769 1191 2801 iaciam,
1216 2773 1247 2797 ut
1268 2774 1360 2804 patres
1383 2771 1484 2801 liberos
1510 2775 1674 2808 comedam.

1009 2861 1028 2876 ²¹
1043 2860 1108 2887 ibid.
1160 2860 1182 2876 ³⁵
1200 2859 1266 2887 ibid.
1282 2860 1326 2887 ii.
