1882 3052
177 137 228 166 ’1³3⁸1

213 198 274 225 Non
292 198 393 233 [rustra
407 199 511 227 locutus
526 208 583 227 sum
599 200 633 228 ".
656 199 714 228 Non
735 200 837 228 frustra
857 202 967 228 evenire
983 204 1005 233 Α

178 251 243 281 puto
258 253 319 280 qua:
329 246 420 281 dignis
431 246 634 274 distribuuntur
647 246 818 274 calamitates
832 247 966 274 malorum

177 292 289 319 nomine
306 292 351 320 hic
365 292 534 328 appellatas:
556 293 609 320 hoc
629 300 726 328 nempe
745 300 807 321 esse
829 293 902 329 quod
924 294 968 322 hic

178 338 314 366 habetur;
333 337 396 365 Non
417 338 517 373 frustra
540 339 643 366 locutus
663 347 723 365 sunt
743 340 767 366 ei
780 347 876 367 cuncta
900 340 966 367 lta'c.

178 383 215 411 Ex
233 384 342 412 illorum
354 385 427 412 enim
441 390 538 412 eventu
553 385 667 412 edicitur
682 386 796 420 aliquid,
812 393 873 413 cuin
890 386 911 413 ii
921 386 967 421 qui

176 439 208 458 ea
229 431 435 467 perpetiuntur,
458 431 602 460 utilitatem
633 432 768 465 referant,
793 437 821 460 ct
851 441 966 461 conver-

176 482 280 505 tantur.
297 477 344 505 Sin
361 482 452 505 autem
467 478 547 505 etiam
562 483 623 512 post
641 478 758 506 inﬂictas
779 486 876 514 ptenas
898 486 968 506 non-

176 523 242 551 nulli
256 524 283 552 in
298 529 410 560 peccato
424 526 671 560 perseveraverint,
686 527 724 553 ait
747 533 796 561 per
817 525 965 553 Jeremiam

174 577 266 597 sermo
291 569 467 605 propheticus
491 570 538 599 “1
575 570 692 598 Frustra
724 572 841 606 percussi
869 571 966 599 liberos

173 619 271 643 uestros
279 623 290 642 :
302 615 473 651 disciplinam
485 624 537 644 non
546 617 707 651 suscepistis.
720 617 802 653 417
813 617 967 645 Verisimile

171 660 246 688 extim
262 665 305 688 est
319 668 516 697 percussorum
531 662 682 690 liberorum
697 662 809 690 nomine
826 663 872 690 hic
887 662 967 691 intel-

172 706 218 743 ligi
233 707 345 735 malitia:
357 715 451 743 opera,
467 709 547 736 malae
568 708 667 736 animae
692 709 845 744 genimina,
865 709 966 744 quibus

172 752 270 781 solutis
295 758 324 782 et
347 755 498 790 percussis,
528 754 707 784 nihilominus
731 760 825 783 manet
850 755 963 783 malitia.

173 800 251 835 Saepe
267 800 340 828 enim
354 801 485 836 operibus
499 802 647 837 impeditis,
662 802 721 838 ipsa
736 811 846 839 quoque
861 803 964 832 sensim

171 846 264 874 deﬁcit
281 847 411 881 pravitas.

887 141 931 168 EX
952 141 1105 170 ORlGENE

1765 142 1814 170 τεο

1057 202 1118 228 οὐκ
1128 201 1297 235 εῐςδιιιοεέιν
1310 202 1478 236 λελάληκα.
1496 202 1597 239 Οῖομαι
1617 202 1649 229 τδ
1670 202 1710 238 μὴ
1730 203 1814 238 μάτην

1023 247 1183 282 συμϐαίνειν
1193 247 1227 274 τὰ
1241 247 1456 283 ὲπιμεριζύμενα
1474 249 1531 280 τοῖς
1553 248 1640 281 ἀξίοις
1666 249 1815 274 συστατικὰ

1020 292 1067 320 νῦν
1083 293 1217 329 λεγόμενα
1231 293 1319 326 κακὰ,
1335 293 1406 320 τοῦτ’
1417 292 1486 321 εἶναι
1501 293 1531 320 τό
1543 302 1549 308 ·
1569 295 1630 321 Οὐκ
1644 295 1689 327 εἰς
1704 294 1815 328 δωρεὰν

1018 338 1176 373 λελάληκα
1194 339 1296 373 αὐτοῖς
1315 339 1433 367 ἅπαντα
1448 339 1552 368 ταῦτα,
1577 340 1703 367 Ἀνὺεται
1724 341 1779 376 γάρ
1792 349 1815 368 τι

1019 385 1073 412 ἀπὸ
1090 385 1138 412 τοῦ
1157 385 1221 412 τάδε
1234 385 1357 420 γίνεσθαι
1367 385 1565 421 ὠφελουμένων
1581 386 1635 413 τῶν
1656 386 1816 420 πασχόντων

1019 431 1090 459 αὐτὰ
1108 431 1155 458 καὶ
1173 431 1404 467 ἐπιστρεφόντων.
1432 431 1494 458 Ἐὰν
1512 431 1541 457 δὲ
1555 431 1603 458 καὶ
1619 431 1694 466 μετὰ
1704 432 1755 462 τὰς
1774 439 1816 457 κο-

1019 477 1112 509 λάσεις
1130 477 1281 513 ἐπιμένωσι
1301 485 1372 509 τινες
1392 478 1426 512 τῇ
1439 476 1573 512 ἁμαρτίᾳ,
1589 476 1657 511 φησὶ
1670 475 1717 502 διὰ
1736 476 1815 511 Ἰερε-

1020 523 1082 559 μίου
1095 524 1110 550 ὸ
1122 523 1291 559 προφητικὸς
1306 522 1383 558 λόγος
1392 531 1399 538 ο
1411 521 1518 557 Μάτην
1528 521 1664 554 ἐπάταξα
1681 521 1719 548 τὰ
1729 521 1816 548 τέκνα

1133 570 1272 597 παιδείαν
1286 571 1342 597 οὐκ
1356 569 1511 602 ἐδέξασθε.
1527 569 1608 601 Εἰκὸς
1620 568 1678 604 γὰρ
1694 568 1777 595 κάκεῖ
1786 569 1816 595 τὰ

1018 617 1213 653 πατασσόμενα
1225 616 1309 643 τέκνα
1322 616 1357 643 τὰ
1371 616 1439 652 ἔργα
1451 613 1521 643 εἶναι
1538 616 1587 649 τῆς
1597 615 1709 648 κακίας,
1723 615 1816 650 γεννή-

1019 672 1093 700 ματα
1103 663 1168 690 ὅντα
1178 663 1228 699 τῆς
1243 663 1383 699 μοχθηρᾶς
1402 662 1509 698 ψυχῆς,
1526 659 1564 689 ὧν
1581 661 1638 688 ἐσθ’
1655 662 1703 688 ὅτε
1721 661 1817 696 λυομέ-

1017 719 1070 738 νων
1093 711 1140 737 καὶ
1161 710 1389 745 πατασσομένων,
1402 709 1451 744 οὐχ
1471 706 1552 744 ἦττον
1574 707 1650 744 μένει
1668 709 1686 744 ἡ
1715 707 1814 734 κακία·

1017 756 1148 788 πολλάκις
1157 756 1222 792 γὰρ,
1238 756 1292 783 τῶν
1310 755 1398 791 ἔργων
1414 753 1636 790 ἐμποδιζομένων
1646 774 1654 788 ,
1669 753 1721 781 καὶ
1736 755 1755 790 ὴ
1769 762 1816 781 κι-

1017 802 1064 829 κία
1077 801 1253 830 ὑπεκλύεται.

207 891 314 920 Plaude
326 902 406 921 manu
416 899 441 922 et
456 895 572 931 obstrepe
585 897 649 931 pede
663 896 696 926 ⁸⁷.
714 897 852 931 Quantum
869 898 902 926 ad
919 899 960 926 lit-

1053 896 1210 930 Κρότησον
1229 894 1267 930 τῇ
1280 894 1355 930 χειρὶ
1366 894 1416 922 καὶ
1428 894 1573 929 ψόφησον
1587 893 1626 926 τῷ
1635 893 1718 920 ποδί.
1735 893 1817 919 Ὅτον

172 944 259 966 teram
285 940 390 973 attinet,
412 941 525 976 jubetur
550 943 682 978 propheta
706 944 742 972 ob
761 945 964 972 multitudinem

171 984 408 1013 abominationum
428 988 521 1022 populi
547 989 673 1023 quiritari
700 998 754 1018 non
779 990 867 1018 solum
885 998 963 1024 voce,

170 1029 219 1057 sed
233 1035 261 1058 et
274 1033 401 1066 corporis
413 1033 518 1068 habitu,
541 1038 570 1062 ut
584 1042 681 1063 manus
696 1036 806 1071 quidem
829 1044 885 1072 prae
906 1043 965 1065 stu-

170 1084 238 1112 pore
252 1077 287 1104 ob
308 1079 510 1108 multitudinem
539 1086 714 1116 peccatorum
740 1083 887 1118 plaudant;
916 1092 964 1119 pes

168 1131 235 1152 vero
257 1129 359 1153 terram
384 1127 560 1156 vehementer
579 1128 696 1163 quatiat,
719 1134 750 1156 ut
778 1130 841 1157 inde
856 1130 963 1158 sonitus

168 1176 332 1208 perstrepat.
364 1172 431 1201 illud
457 1178 548 1202 autem
567 1174 589 1191 ⁸⁸
609 1185 617 1202 :
634 1175 670 1202 Et
683 1175 741 1203 dixi
756 1184 765 1203 .'
783 1175 866 1212 Euge,
880 1184 962 1212 para-

168 1216 260 1252 phrasi
286 1222 365 1246 utens
383 1219 565 1255 Symmachus
579 1221 662 1248 vertit
679 1229 686 1249 :
713 1221 887 1250 Lamentatus
903 1231 963 1250 sum

168 1269 194 1291 et
211 1264 354 1293 clamorem
377 1267 555 1294 miserabilem
575 1267 602 1294 in
622 1268 730 1295 modum
749 1269 829 1296 edidi.
842 1269 888 1307 _Et
912 1277 962 1298 nos

169 1310 253 1346 igitur
267 1312 300 1339 ad
319 1312 407 1340 instar
422 1314 562 1348 prophetae
581 1314 689 1342 decebit
710 1314 821 1348 indigne
843 1314 962 1344 {creatos

168 1365 231 1393 quae
254 1362 396 1393 patrantur
415 1359 499 1393 mala,
520 1364 548 1387 et
566 1360 717 1396 lugubriter
738 1362 812 1395 ﬂere,
837 1367 864 1390 et
887 1363 963 1390 nullo

169 1405 252 1432 modo
265 1405 412 1440 probantes
425 1414 486 1440 qua:
498 1411 596 1441 praeter
611 1411 714 1435 rectam
733 1408 865 1436 rationem
883 1409 960 1443 ilunt,

167 1451 214 1478 illa
231 1451 339 1486 penitus
356 1451 495 1480 detestari.
517 1452 642 1481 Forsitan
664 1461 729 1481 vero
755 1463 836 1482 manu
857 1456 962 1490 plaudi-

169 1504 241 1530 mus,
260 1497 372 1532 quando
393 1498 570 1532 peccantibus
597 1507 652 1527 non
672 1508 869 1536 cooperantur;
894 1503 961 1537 pede

167 1547 259 1570 autem
287 1548 458 1578 perstrepere
477 1544 606 1578 dicimur,
625 1546 736 1581 quando
758 1555 811 1574 non
837 1548 961 1576 ambula-
976 1559 997 1588 ο

169 1596 230 1616 mus
240 1596 303 1616 cum
318 1589 381 1618 iliis.
395 1590 516 1619 Dicimus
530 1591 594 1619 item
606 1592 789 1620 miserabilem
805 1593 832 1620 in
850 1594 961 1622 modum

168 1633 252 1668 Euge,
268 1642 330 1662 cum
348 1635 416 1662 nulli
432 1636 629 1665 abominationi
647 1637 731 1665 verbo
755 1643 781 1666 et
797 1646 879 1674 opere
896 1647 962 1668 con-

168 1681 313 1710 sentimus.

487 1730 564 1758 CAP.
585 1730 640 1758 VH.

204 1774 269 1803 Πιεε
280 1775 344 1804 dicit
352 1777 456 1805 Adonei
466 1777 594 1805 Dominus
605 1785 683 1807 terra:
691 1778 816 1807 Israel".
829 1779 960 1814 Quando-

166 1821 276 1856 quidem
293 1827 372 1851 terrae
382 1824 465 1851 israel
482 1825 625 1860 prophetia
644 1826 678 1854 de
694 1826 748 1854 line
762 1831 877 1854 venturo
893 1827 961 1856 dici-

166 1873 221 1900 tur,
234 1868 362 1897 existimo
377 1870 435 1898 alas
449 1874 528 1898 terra:
542 1879 589 1899 eos
605 1878 666 1899 esse
685 1871 732 1907 qui
751 1872 960 1908 perspicacioris

165 1915 249 1942 animi
264 1921 339 1948 sunt,
358 1917 461 1953 quique
482 1917 593 1946 sublimi
610 1918 702 1945 volatu
722 1919 864 1946 enituntur
877 1927 960 1954 supra

164 1969 261 1990 omnes
276 1963 321 1997 qui
336 1968 500 1998 sunt-,super
513 1968 624 1991 terram.
640 1964 673 1991 Et
693 1970 765 1992 certe
782 1965 833 1999 ipsi
850 1969 960 1999 propter

162 2014 263 2043 corpus
277 2009 480 2044 quodammodo
508 2010 562 2038 diei
582 2015 684 2045 queant
699 2018 715 2039 e
734 2017 805 2039 terra
825 2019 897 2045 esse,
918 2017 961 2039 at-

162 2062 216 2088 que
229 2054 312 2082 lsrael
323 2056 375 2083 erit
389 2056 438 2083 alae
452 2060 540 2089 terrai,
555 2062 582 2084 et
595 2057 642 2092 qui
654 2058 803 2085 secundum
820 2058 905 2093 legem
919 2058 959 2085 vi-

163 2108 228 2127 vere
241 2100 330 2128 edocti
346 2105 421 2128 sunt.
437 2101 478 2128 Ab
492 2101 535 2128 his
558 2102 631 2129 enim
658 2102 709 2129 alis
733 2107 813 2130 terra;
835 2104 958 2140 prodigia

162 2145 333 2179 audivimus,
349 2146 581 2182 quemadmodum
602 2148 641 2174 ait
660 2147 744 2177 Isaias
759 2149 782 2165 ³⁸
801 2159 808 2177 :
834 2150 957 2186 Domine,

161 2192 194 2218 ab
209 2192 260 2219 alis
272 2196 350 2220 terra
361 2192 484 2229 prodigia
496 2193 646 2221 audivimus
655 2201 665 2221 :
678 2202 739 2222 cum
749 2196 768 2223 ii
778 2196 824 2231 qui
838 2197 956 2232 alarum,

163 2239 247 2268 utsic
264 2239 366 2273 dicam,
391 2245 518 2276 expertes
541 2246 616 2274 sunt,
640 2243 761 2279 prodigia
781 2244 873 2274 dicere
900 2254 955 2274 non

161 2287 297 2315 noverint.
311 2287 456 2321 Quomodo
470 2288 543 2316 enim
559 2289 608 2317 alte
627 2295 706 2318 terra:
722 2299 776 2319 non
791 2291 894 2320 fuerint
907 2293 955 2328 qui

159 2332 197 2359 ita
214 2338 279 2361 sunt
295 2341 312 2360 ιι
329 2338 428 2361 natura
443 2335 605 2370 comparati,
631 2340 660 2363 ut
683 2337 740 2365 alas
766 2337 817 2366 sibi
844 2344 955 2366 sumant

158 2385 290 2414 tanquam
311 2380 430 2416 aquilae?
448 2380 573 2414 Quatuor
584 2386 675 2410 autem
691 2383 742 2410 alte
760 2383 889 2411 dicuntur
905 2392 953 2420 ge-

121 2462 123 2465 .
158 2425 262 2454 neralia
277 2432 396 2462 quatuor
411 2427 529 2463 agmina,
542 2428 569 2455 in
584 2436 645 2463 qua:
659 2428 820 2456 dividuntur
834 2429 952 2465 primum

157 2476 186 2500 et
201 2480 284 2508 supra
302 2480 398 2501 omnes
415 2473 513 2502 domus
531 2474 633 2508 Aaron,
651 2474 748 2503 deinde
764 2475 861 2503 domus
876 2475 951 2510 Levi,

158 2523 216 2546 tum
235 2518 333 2547 domus
345 2518 440 2554 Israel,
456 2528 489 2548 ac
509 2526 650 2556 postremo
671 2525 800 2556 tanquam
818 2522 863 2549 alii
879 2530 951 2558 pra:-

157 2571 198 2593 ter
213 2565 291 2599 istos,
305 2565 324 2593 ii
342 2566 388 2601 qui
404 2566 499 2594 timent
521 2565 679 2594 Dominum.
700 2566 802 2594 Damus
818 2569 890 2596 enim
908 2568 950 2597 Is-

157 2611 213 2638 rael
230 2612 344 2646 speravit
362 2612 389 2638 in
412 2610 553 2638 Dominum
567 2619 577 2638 :
594 2612 704 2646 adjutor
721 2616 746 2638 et
763 2617 896 2647 protector
907 2622 951 2640 eo-

157 2665 216 2683 rum
230 2662 267 2684 est
283 2657 316 2684 “.
331 2657 358 2684 ln
373 2657 429 2685 alio
447 2661 538 2684 autem
564 2658 671 2692 psalmo
691 2661 790 2692 prmter
809 2658 877 2685 istos
899 2666 950 2685 no»

158 2702 280 2729 minatur
294 2702 393 2730 domus
405 2702 470 2730 Levi
487 2712 494 2730 :
513 2710 546 2730 ac
560 2703 658 2731 domus
672 2703 782 2738 quidem
798 2703 888 2731 Aaron
906 2712 950 2731 sa-

157 2748 281 2776 cerdotes
296 2754 374 2783 sunt;
392 2749 491 2778 domus
506 2749 583 2783 Levi,
599 2750 657 2786 qui,
673 2755 703 2779 ut
720 2751 757 2778 ita
779 2751 879 2784 dicam,
898 2750 949 2778 sub

192 2849 213 2863 δῖ
227 2847 324 2874 Rmuli.
339 2857 376 2883 γι,
395 2851 438 2878 10.

798 2853 818 2868 ⁵⁷
832 2852 930 2880 Ezcclt.
950 2861 986 2888 vr,

157 2885 178 2900 “
196 2883 271 2910 l’sal.
289 2890 366 2917 cxni,
386 2885 428 2912 i0.

494 2853 516 2869 ⁸⁶
529 2852 629 2881 Jcrem.
643 2861 672 2886 n,
691 2853 734 2880 50.

1016 942 1062 969 ἐπὶ
1087 943 1120 978 τῇ
1144 942 1217 975 λέξει
1237 941 1376 968 κελεύεται
1399 941 1414 967 ὁ
1437 941 1579 977 προφήτης
1601 940 1647 967 διὰ
1664 939 1697 966 τὸ
1714 938 1816 975 πλῆθος

1015 989 1070 1017 τῶν
1089 987 1282 1025 βδελυγμᾶτων
1305 987 1352 1015 τοῦ
1375 987 1439 1015 λαοῦ
1460 987 1616 1022 σχετλιάσαι
1636 987 1666 1014 οὐ
1685 987 1769 1022 μόνον
1783 986 1814 1021 τῇ

1016 1037 1103 1072 φωνῇ,
1126 1035 1195 1062 ἀλλὰ
1215 1035 1263 1062 καὶ
1282 1036 1316 1071 τῇ
1338 1035 1403 1070 ποιᾷ
1423 1034 1588 1061 καταστάσει
1605 1032 1654 1060 τοῦ
1677 1032 1814 1068 σώματος,

1015 1082 1060 1109 ἵνα
1078 1083 1106 1109 αι
1125 1082 1174 1117 μὲν
1196 1082 1286 1117 χεῖρες
1309 1081 1392 1108 αὐτοῦ
1413 1080 1460 1107 ἐπὶ
1478 1082 1510 1116 τῇ
1526 1078 1657 1115 ἐκπλήξει
1670 1080 1705 1114 τῇ
1721 1078 1770 1105 ἐπὶ
1782 1078 1816 1105 τὰ

1014 1127 1100 1155 πολλὰ
1115 1128 1303 1164 ἁμαρτήματα
1324 1127 1505 1163 κροτήσωσιν·
1518 1127 1532 1153 ὁ
1545 1125 1574 1153 δὲ
1587 1125 1656 1158 ποῦς
1669 1125 1814 1160 σφοδρότε-

1015 1183 1062 1210 ρον
1073 1174 1144 1210 τύψῃ
1161 1174 1192 1201 τὸ
1215 1174 1311 1208 ἓδαφος
1329 1174 1367 1205 ὡς
1389 1171 1456 1209 ἦχον
1479 1172 1705 1208 ἀποτελεσθῆναι.
1722 1172 1762 1198 Τὸ
1775 1171 1812 1204 δὲ,

1013 1221 1068 1248 Καὶ
1085 1218 1277 1256 εἷπον,Εὖτ-ε,
1295 1219 1483 1256 παραφράζων
1498 1219 1512 1246 ὁ
1529 1218 1680 1254 Σύμμαχος
1698 1218 1813 1253 πεποίη-

1014 1276 1071 1295 κεν·
1106 1266 1275 1301 Ἐπένθησα
1295 1265 1345 1293 καὶ
1375 1265 1572 1300 ἐσχετλίασα.
1598 1265 1654 1291 Καὶ
1676 1265 1751 1301 ἡμᾶς
1768 1261 1813 1290 οὖν

1012 1315 1103 1350 δεήσει
1131 1313 1316 1350 μιμουμένους
1337 1312 1382 1339 τὸν
1409 1312 1552 1348 προφήτην
1573 1311 1621 1338 καὶ
1645 1309 1814 1345 σχετλιάζειν

1013 1360 1233 1395 ἀγανακτοῦντας
1254 1359 1300 1386 ἐπὶ
1319 1360 1377 1390 τοῖς
1397 1357 1642 1394 ἁμαρτανομένοις,
1670 1357 1720 1384 καὶ
1745 1358 1813 1392 ἀφι-

1014 1407 1136 1434 σιοῦσθαι
1159 1407 1197 1438 ὡς
1223 1405 1342 1442 οὐδαμοῦ
1367 1405 1546 1437 εὐδοκοῦντας
1578 1406 1635 1436 τοῖς
1659 1404 1812 1440 γινομένοις

1013 1454 1089 1489 παρὰ
1104 1454 1149 1481 τὸν
1170 1453 1249 1489 ὀρθὸν
1277 1453 1365 1487 λόγον.
1390 1453 1469 1488 Τάχα
1489 1452 1518 1479 δὲ
1538 1451 1588 1479 καὶ
1603 1451 1757 1488 κρατοῦμεν
1778 1452 1811 1487 τῇ

1013 1500 1085 1536 χειρὶ
1102 1499 1138 1536 μὴ
1155 1499 1378 1536 συμπράττοντες
1391 1500 1447 1531 τοῖς
1462 1498 1661 1534 ἁμαρτάνουσι·
1673 1498 1772 1534 ψοφεῖν
1783 1498 1813 1526 δὲ

1013 1546 1150 1582 λεγόμεοα
1170 1546 1209 1581 τῷ
1229 1545 1300 1578 ποδὶ,
1322 1545 1359 1581 μὴ
1382 1545 1619 1581 συμπορευόμενοι
1640 1545 1744 1577 αὐτοῖς’
1765 1544 1814 1572 καὶ

1013 1591 1129 1628 λέγομεν
1152 1591 1354 1628 σχετλιάζοντες
1372 1591 1403 1618 τὸ
1425 1589 1514 1627 Εὖγε,
1535 1591 1626 1618 οὐδενὶ
1644 1590 1814 1626 βδελὺγματι

1012 1639 1083 1675 λόγῳ
1097 1639 1113 1675 ἢ
1131 1638 1204 1675 ἔργῳ
1220 1638 1490 1674 συγκατατιθέμενοι.

1340 1730 1418 1758 ΚΕΦ.
1439 1730 1477 1757 Z'.

1050 1777 1122 1806 Τάδε
1135 1777 1216 1813 λέγει
1239 1777 1359 1806 Ἀδωναῒ
1376 1777 1482 1812 Κύριος
1497 1775 1535 1811 τῇ
1547 1775 1586 1811 γῇ
1607 1774 1743 1810 Ἰσραήλ.
1767 1775 1813 1803 Ἦ-

1011 1825 1124 1860 γοῦμαι,
1140 1824 1284 1860 ὲπείπερή
1300 1823 1454 1860 προφητεία
1466 1825 1499 1859 τῇ
1512 1824 1547 1859 τῇ
1564 1822 1612 1849 τοῦ
1636 1822 1748 1858 Ἰσραὴλ
1765 1821 1813 1849 λέ-

1012 1879 1089 1905 γεται
1099 1871 1115 1906 ἡ
1124 1869 1243 1906 περὶτοῦ
1252 1870 1364 1905 ἥκοντος
1375 1869 1504 1906 πέρατος,
1520 1869 1561 1896 ὃτι
1571 1869 1600 1895 αἱ
1614 1869 1751 1904 πτέρυγες
1761 1868 1813 1902 τῆς

1011 1916 1094 1951 γῆςοὶ
1101 1915 1383 1952 διορατικώτατοίείσι
1391 1915 1438 1942 καὶ
1448 1914 1651 1950 μετεωροπόροι
1660 1913 1736 1949 παρὰ
1746 1913 1813 1940 πάν-

1010 1971 1060 1994 τας
1072 1962 1136 1994 τοὺς
1152 1962 1198 1989 ἐπὶ
1212 1962 1263 1998 τῆς
1273 1962 1336 1997 γῆς.
1355 1961 1411 1988 Καὶ
1420 1961 1497 1988 αὐτοὶ
1506 1960 1550 1987 διὰ
1564 1960 1595 1986 τὺ
1614 1960 1696 1995 σῶμα
1711 1959 1812 1994 λεχθη-

1011 2010 1120 2045 σόμενοι
1134 2009 1166 2036 ἃν
1179 2007 1235 2036 εἶέν
1250 2017 1308 2041 πως
1322 2010 1355 2036 ἐκ
1368 2009 1417 2044 τῆς
1429 2008 1490 2044 γῆς’
1505 2008 1553 2034 καὶ
1565 2006 1608 2043 εἴη
1622 2007 1656 2033 ἂν
1668 2008 1683 2034 ὸ
1700 2006 1814 2042 Ἰσραὴλ

1009 2057 1038 2083 αἱ
1067 2056 1203 2092 πτέρυγες
1229 2055 1281 2091 τῆς
1310 2054 1364 2090 γῆς
1383 2055 1431 2082 καὶ
1445 2054 1471 2081 οἱ
1489 2053 1559 2081 κατὰ
1575 2053 1621 2080 τὸν
1637 2052 1710 2080 θεῖον
1726 2053 1813 2088 νόμον

1011 2102 1086 2138 βιοῦν
1099 2101 1295 2137 δεδιδαγμένοι·
1311 2101 1366 2128 ἀπὸ
1381 2100 1486 2128 τούτων
1505 2099 1560 2136 γὰρ
1579 2099 1635 2126 τῶν
1661 2099 1814 2135 πτερύγων

1008 2149 1058 2185 τῆς
1068 2148 1120 2184 γῆς
1138 2147 1240 2184 τέρατα
1260 2143 1545 2183 ὴκούσαμεν,“καθώς
1568 2154 1652 2181 φησιν
1682 2145 1811 2177 'Hm‘ug'

1009 2196 1108 2230 Κύριε,
1127 2194 1187 2223 ἀπὸ
1203 2194 1264 2221 τῶν
1280 2194 1435 2229 πτερύγων
1447 2192 1503 2227 τῆς
1517 2191 1573 2227 τῆς
1587 2192 1698 2226 τέρατα
1717 2192 1815 2225 ἠκού-

1009 2249 1116 2275 σαμεν·
1137 2239 1202 2272 τῶν,
1231 2240 1264 2267 ἶν’
1285 2239 1371 2271 οὕτως
1391 2239 1471 2271 εἴπω,
1487 2238 1615 2274 ἁπτέρων
1630 2238 1683 2273 τῆς
1697 2238 1751 2274 γῆς
1766 2238 1814 2264 τέ-

1009 2295 1079 2323 ρατα
1091 2286 1180 2321 λέγειν
1193 2286 1244 2313 οὐκ
1262 2285 1458 2321 ἐπισταμένων·
1475 2284 1534 2316 πῶς
1550 2284 1605 2320 γὰρ
1618 2284 1650 2310 οὐ
1671 2284 1813 2320 πτέρυγες

1007 2333 1058 2368 τῆς
1074 2333 1127 2368 γῆς
1146 2332 1171 2360 οἱ
1186 2332 1339 2367 πεφυκότες
1357 2330 1572 2367 πτεροφυεῖνὼς
1588 2329 1682 2363 firmi;
1701 2330 1814 2357 Τέσσα-

1009 2387 1055 2415 ρες
1069 2379 1097 2406 δὲ
1115 2379 1250 2416 πτέρυγες
1265 2377 1389 2413 λέγονται
1407 2377 1442 2404 τὰ
1457 2376 1554 2412 γενικὰ
1564 2376 1687 2412 τέσσαρα
1701 2377 1813 2412 τάγμα-

1006 2434 1051 2459 τα,
1070 2425 1109 2457 εἰς
1122 2425 1140 2452 ἃ.
1154 2425 1311 2461 διαιρεῖται,
1330 2424 1439 2459 πρῶτον
1454 2423 1503 2459 μὲν
1515 2423 1563 2449 καὶ
1578 2423 1689 2450 πάντων
1707 2424 1813 2459 ὑπερὲη

1006 2481 1063 2508 χων
1086 2473 1100 2498 ὁ
1114 2470 1189 2504 οἶκος
1211 2471 1327 2508 Ἀαρὼν,
1347 2471 1412 2506 ἑξῆς
1435 2470 1464 2497 δὲ
1486 2469 1573 2505 τούτῳ
1594 2471 1609 2496 ὀ
1629 2467 1708 2501 οἶκος
1726 2471 1811 2497 Λευΐ-

1005 2518 1054 2545 καὶ
1067 2518 1159 2554 τρίτον
1172 2519 1187 2544 ὁ
1205 2517 1322 2553 Ἰσραὴλ,
1343 2517 1391 2543 καὶ
1408 2516 1456 2543 ὲπὶ
1472 2516 1556 2543 πᾶσιν
1570 2515 1608 2547 ὼς
1623 2515 1716 2550 ἕτεροι
1732 2514 1810 2549 παρὰ

1005 2564 1116 2597 τούτους
1127 2564 1152 2591 οἱ
1161 2563 1321 2599 φοϐούμενοι
1331 2562 1376 2590 τὸν
1387 2562 1499 2598 Κύριον.
1514 2560 1601 2594 Οἶκος
1613 2560 1669 2595 γὰρ
1684 2560 1809 2594 Ἰσραὴλ

1005 2610 1138 2645 ἤλπισεν
1157 2610 1206 2637 ἐπὶ
1223 2609 1343 2643 Κύριον·
1367 2608 1482 2643 βοηθὸς
1498 2607 1547 2635 καὶ
1568 2607 1810 2641 ὑπερασπιστὴς

1004 2657 1104 2685 αὐτῶν
1119 2657 1266 2685 ἐστιν-,Ἑν
1279 2656 1352 2691 ἄλλῳ
1366 2656 1395 2682 δὲ
1409 2654 1510 2691 ψαλμῷ
1527 2654 1603 2690 παρὰ
1619 2654 1735 2685 τούτους
1746 2653 1808 2680 eam

1005 2704 1120 2740 μάζεται
1133 2703 1207 2736 οἶκος
1221 2703 1297 2731 Λευΐ·
1316 2703 1363 2730 καὶ
1387 2703 1455 2729 εἰσὶν
1474 2703 1500 2729 οἱ
1522 2702 1571 2737 μὲν
1587 2699 1664 2733 οἶκος
1697 2700 1807 2737 Ἀαρὼν

1003 2753 1027 2778 οἱ
1045 2751 1137 2787 ἱερεῖς,
1154 2752 1178 2778 οἱ
1195 2751 1224 2778 δὲ
1239 2749 1313 2783 οἶκος
1327 2749 1403 2782 Astii,
1418 2749 1457 2781 ὡς
1475 2749 1508 2776 ἃν
1531 2749 1602 2775 εἴποι
1625 2757 1678 2780 τις,
1701 2749 1726 2775 οἱ
1749 2747 1807 2775 ὑπὸ

1116 2854 1136 2870 Η
1155 2851 1232 2881 ibid..
1279 2853 1300 2869 δ’
1316 2852 1414 2880 Eecch.
1435 2860 1482 2881 vn.
1500 2853 1523 2880 Ι,
1581 2852 1604 2868 ⁵⁰
1624 2851 1675 2880 ΙςειΔ
1696 2860 1740 2881 ιι..
1753 2852 1801 2879 51.

1016 2853 1058 2881 Η.
1116 2854 1136 2870 Η
1155 2852 1232 2881 ibid..
1279 2853 1300 2869 δ’
1316 2852 1414 2880 Ειρρίι.
1435 2860 1482 2885 γη,
1500 2853 1523 2880 Ι,
