1882 3052
125 127 178 156 τὲἔ)

732 129 890 161 SELECTA
908 131 944 160 ΙΝ
963 129 1194 159 EZFICHIELEM.

1713 126 1766 155 ’ίὓο

123 188 190 219 ’τοὺς
217 187 298 223 ἱερεῖς
315 173 452 224 νεωκόρον
470 189 494 215 οἱ
510 188 538 215 δὲ
553 186 626 222 οἶκος
646 191 753 227 Ἰσραὴλ
765 192 789 218 οἱ
801 191 855 219 άπὸ
867 191 918 218 τῶν

996 190 1162 218 icerdotibus
1177 194 1239 216 sunt
1254 186 1345 216 :cditui
1355 195 1366 221 ;‘
1386 186 1484 215 domus
1505 187 1588 214 lsrae’l
1603 186 1649 221 qui
1668 194 1683 213 e
1697 186 1766 213 duu-

124 231 161 258 ι6¹
175 233 275 267 φυλῶν·
295 234 319 260 οἱ
336 234 364 260 δὲ
382 234 544 270 φοϐούμενοι
563 235 609 262 τὸν
623 236 726 272 Κύριον
743 237 767 263 οἱ
788 237 923 273 ἀλλότριοι

121 278 174 305 τοῦ
203 279 399 315 Ἰσραηλιτικοῦ
421 280 576 317 σπέρματος
606 282 653 309 καὶ
672 284 864 320 προσκείμενοι
883 284 923 320 τῷ

123 325 222 361 Κυρίῳ
240 326 287 353 καὶ
300 327 473 364 προσήλυτοι.

160 373 216 400 Καὶ
232 374 390 402 ἀποστελῶ
412 377 469 411 ἐγὼ
488 378 537 404 ἐπὶ
553 378 599 405 σέ.
618 378 830 415 Παρατηρητέον
844 377 923 405 τοῦτο

124 418 286 454 παραδόξως
300 422 492 457 πεφρασμένον
507 424 547 455 εἰς
569 424 742 459 παράστασιν
764 424 921 460 ἀπορρήτου

122 465 174 490 καὶ
187 464 325 493 Θειοτάτου
339 467 486 503 νοήματος,
515 469 562 496 Ἐν
578 469 642 503 ταῖς
657 470 738 504 ὁδοῖς
753 479 821 502 σου,
844 470 920 506 φησὶ,

122 513 186 542 ταῖς
209 512 404 549 κολαζομέναις
419 515 569 550 ἐκδικήσω
589 525 635 544 σε.
660 517 847 552 Ἀδικοὺμενοι
868 518 921 554 γὰρ

122 557 149 582 οἱ
164 557 368 593 ἁμαρτάνοντες
383 561 433 588 οὐκ
450 562 502 588 ὑπὸ
517 563 596 589 ἄλλου
619 563 690 595 τινὸς
709 564 726 599 ἢ
746 564 798 591 ὑπὸ
817 565 920 591 ἑαυτῶν

121 603 303 641 ἧδικὴθησαν.
320 607 375 634 Καὶ
394 608 444 634 οὐκ
459 609 532 636 ἄλλοι
553 609 613 636 καθ’
632 610 759 637 ὑπόθεσιν
776 611 851 643 ὄντες
867 611 921 638 τῶν

122 649 299 685 ἦδικημένων
313 652 472 685 κολάζονται
483 655 508 680 οἱ
524 655 713 691 ἀδικήσαντες,
734 656 790 683 ἀλλ’
808 657 876 683 εἰσὶν
895 657 920 683 οἱ

123 694 203 720 αὐτοὶ
221 695 404 732 ὲκδικούμενοι
419 700 466 725 καὶ
478 700 662 736 κολαζόμενοι,
684 702 814 728 Ἐκδικῶν
830 702 920 729 τοίνυν

121 741 188 772 τοὺς
203 740 249 776 ὑφ’
263 742 366 770 ἑαυτῶν
379 744 422 771 διὰ
439 745 487 781 τὴν
501 747 599 773 κακίαν
615 748 797 783 ἠδικημένους
813 750 826 775 ὁ
842 749 917 781 Θεὸς,

122 785 236 818 κολάζει
256 788 355 821 αὐτοὺς
373 790 440 816 καθὸ
456 791 612 828 ἠδικήκασι.
635 794 689 820 Καὶ
711 793 755 820 διὰ
769 793 821 829 τῆς
837 794 918 821 κολά-

123 839 196 864 σεως
211 833 259 868 μὲν
272 833 478 869 ὲξαφανίζονται
493 838 516 864 οἱ
531 838 699 873 ἠδικηκότες,
711 840 918 867 καταλείπονται

121 878 152 904 δὲ
165 878 191 904 οἱ
208 879 365 915 ἠδικημένοι
382 882 507 918 οὐδαμῶς
521 883 561 910 ἔτι
574 885 681 920 ἔχοντες
697 887 725 913 ἐν
740 887 845 918 ἑαυτοῖς
856 887 919 919 τοὺς

120 923 299 960 ἠδικηκότας·
310 927 339 954 οὐ
357 927 411 964 γὰρ
423 929 464 955 ἔτι
480 930 572 965 ἔχουσι
584 932 634 967 τὴν
648 932 808 967 ἠδικηκυῖαν
821 933 919 965 αὐτοὺς

121 971 225 999 κακίαν
242 973 289 999 καὶ
316 974 349 1000 τὰ
366 974 432 1010 ἔργα
448 977 543 1011 αὐτῆς.
562 977 683 1013 Πρόσχες
701 978 787 1005 δὲκαὶ
800 978 848 1014 τῷ·
861 979 919 1005 Δώ-

120 1024 167 1042 σω
183 1017 232 1044 ἐπὶ
247 1017 285 1045 σὲ
298 1019 396 1047 πάντα
412 1021 447 1047 τὰ
459 1022 654 1058 βδενίὐγματὰ
665 1032 733 1050 σου·
748 1025 778 1051 οὺ
792 1025 844 1061 γὰρ
858 1024 918 1052 τινὰ

122 1060 176 1095 μὲν
185 1060 286 1094 δίδωσι,
302 1063 363 1090 τινὰ
375 1064 403 1091 δὲ
415 1066 445 1092 οὺ
465 1066 580 1098 δίδωσιν,
597 1067 665 1094 ἀλλὰ
686 1068 773 1095 πάντα
790 1060 917 1104 ἐξαφανί-

120 1105 173 1138 ζει·
195 1108 242 1134 καὶ
257 1107 331 1135 είδεί
346 1109 431 1142 οὕτως
447 1112 543 1144 εἰπεῖν,
557 1113 603 1140 καὶ
616 1113 767 1149 εὐεργετῶν
780 1114 827 1141 καὶ
841 1123 918 1150 χαρι-

120 1151 238 1188 ζόμενος
253 1156 310 1187 τοῖς
322 1155 360 1182 τὰ
372 1156 544 1192 βδελύγματα
562 1160 741 1195 πεποιηκόσιν
755 1161 769 1186 ὁ
783 1160 859 1193 Θεὸς,
877 1161 916 1188 δί-

119 1198 205 1226 δωσιν
224 1201 267 1226 ἐπ’
288 1202 378 1234 αὐτοῖς
402 1204 490 1231 πάντα
511 1205 545 1230 τὰ
566 1205 738 1240 βδελύγματα
763 1207 862 1240 αὐτῶν,
880 1208 917 1240 ώς

119 1245 181 1272 εστι
198 1246 292 1282 μαθεῖν
311 1249 357 1275 καὶ
377 1250 409 1276 ἐκ
429 1251 483 1277 τῶν
499 1252 527 1278 ἐν
541 1251 580 1287 τῷ
603 1252 694 1288 Ἀμὼς
704 1252 774 1280 οὕτω
794 1262 917 1289 γεγραμ-

122 1292 223 1326 μένων·
241 1294 329 1328 Πλὴν
351 1295 429 1330 ὑμᾶς
442 1297 538 1331 ἔγνων
562 1299 596 1325 ἐκ
614 1298 721 1326 πασῶν
738 1299 797 1326 τῶν
810 1300 916 1334 φυλῶν

121 1337 180 1372 τῆς
190 1339 256 1373 γῆς·
274 1340 322 1368 διὰ
334 1343 421 1369 τοῦτο
436 1343 585 1378 ἐκδικήσω
594 1345 640 1380 ἐφ’
654 1344 732 1380 ὑμᾶς
742 1345 843 1379 πάσας
862 1347 915 1380 τὰς

121 1383 269 1419 ἁμαρτίας
282 1387 374 1422 ὑμῶν’
392 1390 473 1416 οἱονεὶ
492 1390 547 1426 γὰρ
568 1391 649 1417 κάκεῖ
667 1391 786 1419 τοιοῦτόν
808 1393 865 1419 ἐστι
884 1393 915 1419 τδ

121 1429 279 1467 λεγόμενον·
310 1433 473 1471 Ἐπειδήπερ
497 1437 574 1472 παρὰ
596 1438 700 1469 πάντας
720 1439 782 1470 τοὺς
802 1439 849 1465 ὲπὶ
864 1439 915 1475 γῆς

122 1475 197 1511 ὸμᾶς
209 1477 295 1512 ἔγνων
323 1480 361 1512 ὡς
381 1481 463 1516 ἐμοὺς
482 1482 684 1518 ἐπιλεξάμενος,
713 1485 781 1520 ὅπερ
803 1485 914 1511 ἀκόλου-

975 235 1062 263 decim
1092 235 1217 263 tribubus
1245 237 1325 266 sunt;
1351 233 1478 260 timentes
1497 237 1586 258 autem
1605 230 1763 265 Dominum,

974 283 1021 317 qui
1034 282 1068 309 al)
1083 281 1234 309 lsraelltico
1249 281 1354 308 semine
1374 279 1454 307 alicui
1483 278 1599 305 Domino
1614 277 1764 309 adhaerent,

974 335 1006 355 ac
1018 332 1081 355 sunt
1093 328 1230 364 proselyti.

991 373 1075 410 5.18
1086 374 1118 401 Et
1126 374 1283 409 mittamego
1292 373 1318 400 in
1328 373 1379 400 te"
1398 371 1603 399 Observandum
1613 369 1684 398 istud
1694 376 1765 396 novo

973 420 1092 454 quodam
1110 419 1192 447 modo
1208 419 1323 454 exprimi
1344 419 1377 445 ad
1401 425 1531 445 arcanum
1548 417 1765 451 divinioreinque

974 465 1140 492 intellectum
1160 465 1420 500 repraesentandum.
1441 463 1474 491 In
1489 464 1536 491 viis
1551 464 1613 496 tuis,
1626 463 1714 498 inquit
1728 462 1763 494 ",

973 518 1033 546 quae
1048 510 1209 545 puniuntur,
1226 510 1362 537 vindicabo
1387 515 1420 536 te.
1446 508 1547 543 lnjuria
1566 508 1638 535 enim
1655 507 1764 542 quando

972 557 1131 584 abiciuntur
1145 557 1191 592 qui
1209 561 1331 591 prccant,
1345 564 1398 582 nou
1414 556 1448 582 ab
1469 555 1523 582 alio
1541 562 1622 590 quam
1644 561 1659 580 a
1676 560 1705 580 se
1723 553 1763 587 ip-

972 604 1011 631 sis
1021 603 1185 631 afficiuntur.
1201 603 1325 638 Cumque
1338 610 1392 629 uon
1410 602 1454 629 alii
1473 602 1527 629 sint
1545 601 1631 628 aliave
1648 607 1763 634 persona

971 659 1052 686 quam
1070 650 1116 685 qui
1127 649 1225 685 injuria
1240 649 1327 676 aﬂ'eeti
1340 652 1415 681 sunt,
1435 648 1586 683 puniuntur
1602 647 1648 682 qui
1665 645 1764 680 injmia

972 695 1119 723 atieerrunt
1137 705 1144 723 :
1160 696 1242 731 iidem
1255 700 1345 722 tamen
1359 698 1424 722 sunt
1439 694 1486 729 qui
1498 694 1671 720 vindicantur
1683 696 1709 719 et
1717 699 1765 726 pu-

971 742 1095 769 niuulur.
1115 741 1256 769 Ulciscens
1268 741 1360 775 itaque
1377 740 1447 768 Deus
1462 748 1509 767 eos
1524 731 1569 774 qui
1582 747 1596 766 a
1612 747 1640 766 se
1655 741 1765 773 propter

971 788 1101 815 malitiam
1111 787 1210 822 injuria
1220 787 1309 815 affecti
1321 791 1393 819 sunt,
1401 794 1432 814 ea
1444 787 1548 814 ratione
1557 793 1604 812 eos
1615 785 1763 820 puuit,qua

972 834 1022 861 sibi
1034 834 1139 869 injuriae
1152 837 1279 861 auctores
1289 833 1409 861 fuerunt.
1422 832 1460 860 Ac
1474 832 1560 867 poenis
1573 831 1681 866 quidem
1695 830 1763 857 abo-

971 879 1061 906 lentur
1071 879 1178 914 injuria:
1187 884 1323 911 auctores,
1335 882 1446 906 manent
1457 885 1521 904 vero
1531 878 1576 912 qui
1592 876 1690 911 injuria
1699 875 1765 903 alre-

970 925 1007 952 cti
1022 930 1096 957 sunt,
1115 934 1170 952 non
1183 926 1301 960 amplius
1314 933 1362 953 eos
1379 925 1427 961 qui
1443 924 1570 959 injuriam
1589 923 1721 956 fecerunt,
1736 922 1764 950 in

970 978 999 997 se
1013 970 1080 1005 ipsis
1093 971 1235 998 habentes.
1251 970 1309 998 Non
1325 972 1398 998 enim
1413 970 1529 1006 amplius
1546 969 1651 1004 injurim
1666 977 1765 1004 paren-

970 1022 1023 1043 tem
1042 1017 1173 1044 malitiam
1195 1018 1311 1053 ejusque
1331 1025 1413 1052 opera
1437 1017 1547 1045 habent.
1574 1017 1626 1044 Sed
1647 1021 1674 1044 et
1697 1017 1763 1043 illud

969 1063 1078 1090 attendo
1091 1063 1114 1079 ⁸⁵
1132 1072 1138 1090 :
1159 1063 1192 1090 Et
1214 1064 1282 1091 dabo
1307 1072 1386 1099 super
1400 1069 1424 1091 te
1443 1072 1532 1091 omnes
1555 1064 1763 1091 abominationes

970 1115 1040 1136 tuan.
1069 1108 1128 1136 Non
1151 1110 1224 1136 enim
1256 1111 1387 1145 quasdam
1413 1110 1522 1144 quidem
1548 1110 1604 1144 dat,
1630 1110 1762 1144 quasdam

969 1164 1032 1183 vero
1048 1164 1101 1184 non
1117 1157 1180 1189 dat;
1202 1157 1248 1184 sed
1265 1164 1359 1184 Omnes
1378 1157 1458 1184 deiet.
1474 1156 1517 1189 Et,
1533 1157 1555 1184 si
1570 1157 1610 1184 sie
1627 1157 1700 1192 loqui
1721 1156 1763 1184 fas

968 1207 1019 1234 est,
1037 1203 1120 1230 etiam
1136 1203 1204 1231 bene
1221 1203 1255 1231 de
1275 1203 1308 1231 iis
1324 1204 1465 1235 merendo,
1487 1212 1519 1231 ac
1538 1204 1572 1231 iis
1598 1203 1761 1239 indulgendo

967 1248 1015 1283 qui
1043 1249 1261 1277 abominationes
1282 1249 1416 1283 fecerunt,
1447 1249 1519 1277 Deus
1543 1257 1625 1284 super
1649 1257 1696 1277 eos
1716 1249 1763 1276 dat

967 1302 1064 1323 omnes
1083 1295 1302 1324 abominationes
1327 1303 1435 1329 eorum,
1464 1295 1695 1331 quemadmodum
1720 1295 1763 1322 di-

967 1348 1044 1369 scere
1064 1345 1105 1369 est
1119 1341 1202 1369 etiam
1219 1350 1252 1369 ex
1278 1342 1332 1370 illis
1356 1350 1417 1377 quae
1440 1342 1467 1369 in
1487 1342 1570 1370 Amos
1593 1342 1630 1369 ita
1660 1341 1761 1377 scripta

967 1388 1063 1416 sunt"
1081 1398 1087 1416 :
1112 1388 1298 1416 Verumtamen
1316 1397 1360 1416 vos
1377 1389 1484 1424 cognovi
1506 1389 1538 1416 de
1557 1388 1686 1415 universis
1711 1389 1759 1416 tri-

966 1434 1059 1464 bubus.
1078 1434 1183 1462 Idcirco
1195 1435 1313 1462 ulciscar
1333 1444 1466 1471 διψία-πιθα
1487 1438 1576 1463 omnia
1590 1439 1699 1470 peccata
1719 1443 1760 1462 ve-

965 1487 1031 1509 stra.
1050 1481 1117 1509 Nam
1129 1487 1156 1509 et
1168 1482 1222 1510 illic
1233 1482 1305 1517 quod
1319 1483 1393 1514 dicit,
1408 1483 1542 1517 ejusmodi
1555 1487 1597 1510 cst
1611 1492 1618 1510 :
1633 1482 1759 1516 Quando-

121 1521 170 1568 θόν
187 1524 245 1550 ὲστι
256 1524 306 1560 τῷ,
328 1527 422 1561 Ἔγνω
438 1528 545 1562 Κύριος
559 1529 630 1562 τοὺς
646 1529 736 1562 ὄντας
746 1530 850 1557 αὐτοῦ·
863 1531 913 1558 διὰ

996 1529 1075 1555 Iidem
1091 1536 1142 1556 vos
1156 1529 1270 1563 cognovi
1291 1537 1346 1564 praa
1361 1529 1491 1556 omnibus
1516 1531 1561 1564 qui
1591 1534 1659 1557 sunt
1676 1535 1759 1564 super

121 1567 211 1596 τοῦτο
226 1570 374 1605 ἐκδικήσω
388 1573 434 1608 ἐφ’
450 1573 526 1608 ὑμᾶς
540 1575 578 1605 ὡς
590 1575 673 1610 ὲμοὺς
689 1575 747 1611 (καὶ
764 1575 811 1607 οὓς
829 1576 915 1611 ἔγνων

121 1614 180 1648 ἐγὼ
196 1616 342 1654 εὐεργετῶ)
355 1618 457 1653 πάσας
469 1619 523 1653 τὰς
545 1621 689 1654 ἁμαρτίας
701 1620 794 1656 ὑμῶν.
808 1622 862 1649 Καὶ
878 1622 916 1655 ὡς

121 1659 138 1685 ὸ
154 1661 237 1694 καλός
247 1671 278 1697 γε
293 1661 395 1700 [ατρὸς.
405 1665 472 1700 φησὶ
482 1665 523 1691 τό·
533 1666 574 1692 Οὐ
589 1666 721 1700 φείσεται
734 1668 751 1693 ὁ
763 1667 916 1702 ὀφθαλμός

118 1715 182 1741 μου
198 1707 247 1734 ἐπὶ
268 1708 315 1741 σὲ,
332 1709 395 1736 οὐδ’
410 1711 446 1738 οὐ
457 1711 501 1745 μὴ
520 1711 647 1744 ἐλεήσω.
671 1712 713 1744 Ὠς
727 1712 782 1748 γὰρ
797 1714 811 1739 ὁ
826 1713 915 1748 φειδό-

123 1761 207 1788 μενος
225 1754 279 1780 τῶν
300 1755 423 1790 μείζονος
443 1757 530 1792 τομῆς
549 1757 596 1783 καὶ
619 1758 768 1794 καυτηρίου
782 1759 915 1794 δεομένων

123 1799 217 1834 ἰατρὸς
231 1801 277 1826 καὶ
287 1801 370 1828 ἐλεῶν
380 1802 479 1834 αὐτοὺς
492 1803 636 1838 δεομένους
649 1803 776 1839 μειζόνων
792 1805 916 1840 βασάνων

121 1845 170 1871 καὶ
188 1846 287 1878 πόνων,
299 1846 489 1884 ὲλλιπεοτέραν
499 1849 632 1884 προσάγει
648 1850 812 1886 θεραπείανι
829 1852 915 1884 οὕτως

120 1890 300 1929 ἄνιὲποίησεν
313 1893 326 1918 ὁ
343 1893 440 1927 λέγων·
459 1895 500 1921 Οὐ
514 1895 650 1929 φείσεται
664 1897 846 1931 ὀλόφθαλμός
855 1888 915 1932 μου

119 1938 172 1965 ἐπὶ
188 1937 235 1970 σὲ,
251 1939 322 1965 οὐδὲ
333 1939 376 1974 μὴ
391 1940 517 1974 ἐλεήσω·
533 1942 610 1977 εἴπερ
630 1942 667 1973 ὡς
681 1943 787 1978 ἑταῖρος
805 1945 916 1980 ἐκήδετο

122 1985 171 2011 καὶ
181 1984 262 2012 ἐλεεῖ.
274 1986 329 2021 Τὴν
344 1986 403 2013 ὁδὸν
419 1984 465 2013 οὖν
474 1986 590 2013 ἑκάστου
607 1988 650 2014 ἐπ’
666 1989 747 2015 αὐτὸν
760 1989 850 2021 δώσει,
868 1991 915 2017 καὶ

120 2030 157 2057 τὰ
177 2030 348 2066 βδελύγματα
373 2031 419 2058 τοῦ
435 2025 566 2067 eamut-Ek
583 2034 774 2070 ἡμαρτηκότος
793 2036 822 2062 ὲν
840 2036 915 2071 μέσῳ

121 2075 171 2102 τοῦ
184 2076 375 2113 ἡμαρτηκότος
389 2076 551 2103 ἒσταιοὶονεὶ
568 2077 775 2113 κατανοούμενα
790 2078 837 2105 καὶ
853 2079 914 2114 βλε-

120 2118 230 2154 πόμενα
241 2119 288 2146 καὶ
305 2121 576 2156 καταγινωσκόμενα,
591 2122 636 2149 ἴνα
650 2122 721 2157 μετὰ
734 2123 821 2149 ταῦτα
845 2124 914 2158 γνῶ-

121 2173 166 2191 σιν
184 2162 256 2192 οὗτοι
276 2167 339 2202 περὶ
352 2162 391 2193 ὧν
405 2167 420 2193 ὁ
435 2166 522 2201 λόγος,
539 2167 611 2194 διότι·
623 2168 727 2203 Κύριος
743 2169 854 2205 Κύριος,
868 2170 915 2197 καὶ

967 1579 1077 1606 terram,
1092 1574 1192 1601 idcirco
1211 1573 1328 1601 ulciscar
1335 1582 1413 1608 super
1427 1582 1470 1600 vos
1488 1578 1616 1608 tanquam
1631 1581 1707 1600 meos
1723 1576 1759 1607 (et

967 1627 1036 1654 quos
1050 1619 1167 1653 cognati
1180 1627 1240 1654 ego,
1261 1619 1295 1646 iis
1310 1618 1467 1654 benefacie)‘
1486 1619 1574 1645 omnia
1593 1623 1700 1653 peccata
1716 1626 1760 1646 oc-

966 1670 1034 1691 slra.
1049 1664 1088 1691 Ac
1105 1668 1234 1699 tanquam
1253 1665 1342 1692 bonus
1360 1665 1493 1696 medicus,
1507 1665 1562 1691 ait:
1595 1664 1656 1691 Non
1668 1669 1758 1699 parcet

967 1709 1058 1737 oculus
1071 1719 1143 1738 meus
1155 1718 1232 1746 super
1249 1715 1283 1742 te,
1304 1719 1384 1746 neque
1402 1711 1553 1738 miserebor.
1577 1711 1760 1744 Quemadmo-

967 1757 1030 1783 dum
1056 1757 1127 1784 enim
1147 1758 1271 1785 medicus
1296 1758 1330 1784 iis
1350 1766 1465 1792 parcens
1481 1758 1581 1793 quibus
1597 1758 1700 1793 majore
1716 1766 1758 1785 se-

967 1803 1057 1830 ctione
1077 1807 1125 1830 aut
1151 1803 1272 1831 cauterio
1284 1812 1352 1838 opus
1368 1809 1426 1836 est.
1456 1812 1605 1840 eorumque
1630 1805 1757 1832 misertus

966 1857 1029 1876 eum
1047 1850 1165 1885 majores
1178 1849 1317 1877 cruciatus
1331 1858 1362 1878 ac
1385 1851 1493 1878 dolores
1516 1851 1687 1878 necessarios
1710 1852 1758 1878 ha-

967 1894 1071 1928 berent,
1089 1896 1220 1930 imparem
1235 1896 1330 1922 morbo
1344 1896 1513 1923 curationem
1530 1898 1650 1928 adhibet,
1665 1898 1704 1924 sic
1716 1898 1757 1924 te—

966 1940 1002 1967 cit
1014 1940 1059 1975 qui
1072 1941 1109 1968 ait
1121 1941 1143 1956 ⁵⁶
1160 1950 1166 1967 :
1184 1940 1245 1967 Non
1261 1947 1349 1976 parcet
1362 1941 1454 1968 oculus
1475 1950 1547 1968 meus
1564 1950 1642 1976 super
1660 1946 1693 1974 te,
1711 1950 1759 1969 nc-

966 1994 1014 2021 quc
1030 1987 1185 2019 miserebor;
1211 1987 1283 2021 quod
1300 1987 1403 2014 scilicet
1426 1987 1499 2015 velut
1518 1989 1623 2015 amicus
1649 1992 1758 2015 curaret

966 2039 998 2059 ac
1018 2031 1203 2059 misereretur.
1230 2032 1308 2059 Viam
1331 2033 1412 2068 igitur
1433 2033 1652 2068 uniuscujusque
1675 2042 1758 2069 super

965 2085 1027 2104 eum
1049 2078 1133 2110 dabit,
1150 2083 1175 2106 et
1194 2078 1411 2106 abominationes
1429 2079 1488 2114 ejus
1510 2080 1556 2115 qui
1576 2080 1756 2108 abominatio-

966 2133 1015 2153 ues
1029 2126 1203 2161 perpetravit,
1224 2126 1252 2153 iu
1269 2126 1360 2153 medio
1378 2126 1438 2161 ejus
1457 2127 1503 2162 qui
1527 2128 1657 2162 peccavit,
1677 2133 1759 2155 erunt

966 2176 1096 2206 tanquam
1112 2172 1197 2199 animi
1216 2172 1426 2208 intellectusque
1439 2174 1525 2201 oculis
1537 2173 1711 2202 obversantes
1725 2182 1758 2202 ac

120 2211 183 2244 πῶς
199 2213 257 2239 ἐστι
273 2213 384 2248 Κύριος·
403 2213 449 2240 καὶ
472 2214 501 2240 ὲν
517 2213 555 2249 τῷ
578 2214 656 2249 Ὠσηὲ
669 2214 697 2241 δέ
714 2223 805 2250 φησιν·
827 2215 918 2242 Ἐκδί-

996 2217 1130 2252 ηρνοὺοίω,
1153 2224 1183 2244 ut
1207 2222 1268 2252 post
1296 2218 1354 2245 haec
1379 2219 1466 2246 sciant
1481 2219 1537 2253 isti,
1555 2219 1588 2246 dc
1604 2220 1702 2254 quibus
1716 2226 1758 2248 est

121 2258 208 2291 κήσω
224 2258 279 2285 τὸν
290 2259 391 2286 Ἰακὼϐ
403 2259 477 2287 κατὰ
490 2259 543 2293 τὰς
557 2259 646 2293 ὀδοὺς
659 2261 762 2294 αὐτοῦ,
777 2261 826 2289 καί
840 2262 915 2289 κατὰ

121 2304 160 2332 τὰ
174 2304 393 2340 ἐπιτηδεύματα
411 2306 505 2333 αὑτοῦ
537 2307 738 2334 ἀνταποδώσω
764 2308 854 2341 αὐτῷ·
884 2309 914 2335 τὸ

120 2350 216 2386 ὅμοιον
228 2351 309 2378 κάκεῖ
322 2353 351 2379 ὲν
362 2351 401 2387 τῷ
416 2352 566 2386 ἐκδικήσω
581 2353 669 2389 δηλῶν
681 2353 696 2380 ό
710 2353 798 2388 λόγος.

158 2489 255 2518 Κακία
273 2490 337 2524 μία,
365 2491 454 2518 κακία
475 2490 539 2518 Ζὸοὺ
559 2490 694 2525 πάρεστι.
719 2491 825 2519 Κακίαν
848 2493 913 2528 μίαν

120 2537 303 2572 προαγορεύει
321 2537 335 2563 ό
358 2538 501 2573 προφήτης
519 2538 547 2564 ὲν
600 2538 629 2564 τὸ
645 2539 732 2574 πέρας
744 2540 822 2574 ἥκειν
835 2540 911 2575 φησὶ,

118 2582 172 2618 τὴν
189 2583 243 2610 τῶν
262 2583 396 2610 Ἰουδαίων
410 2583 481 2610 κατὰ
490 2583 608 2619 Χριστοῦ
624 2585 735 2619 τόλμανθ
751 2585 871 2619 πλοκὴν
885 2586 913 2612 δέ

119 2637 190 2664 φησι
214 2628 264 2665 τὴν
288 2630 482 2665 ἀναπλήρωσιν
507 2629 560 2656 τῶν
577 2630 792 2666 ἁμαρτημάτων.
820 2632 912 2668 Τούτῳ

118 2675 178 2711 γὰρ
203 2675 242 2710 τῷ
262 2675 335 2711 λόγῳ
353 2675 399 2703 καὶ
420 2677 445 2703 οἱ
467 2677 625 2713 Ἀμορῤαῖοι
658 2677 910 2713 ἐξωλοορεύϐησαν,

119 2722 185 2749 ὅταν
195 2722 394 2757 ἐπληρώθησαν
403 2723 431 2749 αἱ
442 2723 583 2759 ἁμαρτίαι.
596 2724 651 2750 Καὶ
662 2723 723 2750 ὅταν
734 2724 762 2750 δέ
772 2732 814 2756 τις
824 2725 913 2761 ἁμαρ-

117 2767 210 2794 τάνων
234 2767 320 2794 πολλὰ
334 2767 365 2794 ’ἐν
382 2776 409 2794 τι
434 2768 471 2804 μὴ
488 2768 644 2804 ἁμαρτήσῃ,
660 2768 726 2795 διότι
743 2769 792 2804 τῆς
810 2778 913 2806 μακρο-

156 2822 180 2839 ⁸¹
196 2822 292 2851 Ezccli.
310 2831 357 2856 vn;
377 2824 404 2851 ’ἐι
445 2824 467 2840 ⁸³
480 2824 546 2853 ibid.
560 2825 585 2851 ὅ.
627 2824 649 2840 ³⁸
669 2825 735 2852 ibid.
750 2825 777 2852 9.

132 2866 181 2890 vn,
201 2859 245 2886 10.

968 2270 1066 2294 sermo,
1079 2263 1207 2298 quoniam
1223 2263 1355 2291 Dominus
1370 2263 1501 2291 Dominus
1516 2269 1567 2297 est,
1578 2269 1604 2291 et
1619 2265 1758 2300 quomodo

967 2308 1098 2336 Dominus
1119 2313 1171 2336 est.
1201 2310 1228 2335 in
1258 2309 1326 2337 Osee
1353 2317 1463 2345 quoque
1490 2311 1555 2338 dicit
1582 2311 1604 2326 "
1635 2320 1642 2338 :
1671 2311 1758 2338 Ulcis-

967 2363 1014 2381 rar
1038 2354 1122 2381 Iacob
1152 2359 1177 2382 et
1203 2356 1258 2382 vias
1281 2355 1349 2390 ejus,
1371 2361 1396 2383 et
1418 2357 1563 2383 secundum
1582 2358 1672 2384 studia
1700 2359 1757 2392 ejus

965 2400 1073 2427 reddam
1101 2403 1142 2434 et;
1168 2400 1214 2427 ubi
1240 2401 1311 2429 idem
1338 2401 1474 2437 signiﬁcat
1503 2402 1642 2438 Scriptura
1673 2404 1758 2430 verbo

965 2447 1090 2474 ulciscar.

1001 2492 1106 2520 Malitia
1121 2502 1184 2527 una,
1196 2493 1300 2521 malitia
1311 2494 1459 2522 ecce’adest
1473 2495 1506 2523 ³⁸.
1525 2494 1654 2522 Malitiam
1673 2503 1756 2523 unam

965 2540 1130 2575 praenuntiat
1156 2541 1298 2576 propheta,
1322 2542 1349 2568 in
1371 2549 1425 2576 qua
1443 2542 1522 2568 tinem
1536 2545 1680 2569 venturum
1696 2549 1757 2569 eSSe

966 2586 1041 2619 dicit,
1064 2587 1151 2614 audax
1174 2587 1302 2614 nimirum
1317 2587 1473 2615 Iuda-orum
1492 2587 1674 2615 in'Christum
1689 2588 1756 2616 faci-

966 2640 1028 2660 nus.
1043 2632 1154 2659 Plexum
1166 2638 1255 2660 autem
1265 2639 1343 2660 vocat
1353 2640 1525 2668 peccatorum
1535 2633 1754 2668 completiouem.

966 2679 1023 2707 llac
1035 2679 1107 2707 enim
1118 2679 1223 2707 ratione
1236 2680 1318 2707 etiam
1333 2681 1484 2712 Amorrhaci
1496 2681 1667 2708 extet-minati
1680 2687 1753 2713 sunt,

966 2725 1076 2759 quando
1085 2724 1217 2758 completa
1229 2730 1293 2751 sunt
1303 2733 1396 2752 eorum
1411 2731 1529 2760 peccata.
1542 2726 1613 2753 ltcm'
1621 2734 1680 2753 eum
1693 2726 1755 2761 quis

967 2771 1113 2798 multorum
1127 2775 1298 2804 peccatorum
1304 2779 1368 2806 reus
1376 2780 1459 2798 unum
1466 2772 1548 2808 419
1554 2773 1690 2807 quoddam
1700 2780 1758 2800 non

820 2826 841 2842 "
855 2826 918 2854 Amc

996 2835 1009 2859 η,
1024 2827 1051 2854 ‘2.
1092 2827 1115 2843 "
1135 2826 1232 2854 Ezeeh.
1248 2835 1273 2859 ν,
1291 2827 1332 2854 Η.
1367 2827 1390 2843 ⁵⁷
1406 2827 1468 2855 Osc.
1492 2836 1527 2860 ιν,
1550 2829 1575 2856 9.
1614 2828 1636 2846 ⁵⁸
1653 2828 1757 2857 Επιαῶ
