1882 3052
70 125 118 154 793
666 118 822 147 δειιῑοτιι
840 119 855 146 Ι]

938 117 1122 146 ECHIELEM.

1621 102 1624 105 ’
1647 119 1699 146 τοι

71 179 166 211 ταύτας
173 177 351 214 ἀναληπτέον,
361 178 405 207 ἵνα
412 177 629 215 προσφερώμεθα
641 178 673 205 δι’
690 178 780 205 αὐτῶν
796 179 855 211 τοὺς

938 186 965 205 ,ιο
985 178 1069 213 igitur
1088 183 1211 205 nostrum
1227 177 1319 205 audiat
1338 176 1402 205 illud
1416 177 1438 194 "
1457 186 1464 205 :
1483 176 1515 204 1η
1533 178 1594 204 tuba
1611 183 1700 205 exalia

72 226 200 262 καθαροὺς
209 226 256 252 καὶ
265 225 373 261 ἀληθεῖς
381 227 550 263 Ἰσραηλίτας
562 227 608 253 ἐπὶ
617 226 647 252 τὸ
659 226 798 262 ἑορτάζειν
806 227 856 258 τὰς

72 273 162 308 ἑορτὰς
170 272 284 308 Κυρίου.
295 273 428 305 Ἕκαστος
439 270 484 300 οὖν
504 273 581 308 ἡμῶν
597 272 721 299 ἀκουέτω
734 271 792 298 τοῦ·
808 272 859 298 ‘Er

72 318 206 354 σάλπιγγι
221 319 348 353 ῦψωσον
358 318 416 354 τὴν
429 318 533 354 φωνήν
540 326 608 345 rrov'
617 318 672 345 καίο
683 317 856 346 Σαλπίσατε

72 362 251 397 ἐγνεομηνίᾳ
274 364 415 399 σάλπιγγι
425 383 432 396 ,
450 364 484 390 ἐν
497 363 620 398 εὐσήμῳ
639 363 736 397 ’ἡμέρᾳ
749 362 857 398 ἑορτῆς

71 405 158 442 ὑμῶν.
179 407 258 435 Ἀλλά
271 408 308 444 μὴ
324 409 478 444 ἔμπροσθεν
490 409 567 445 ἡμῶν
583 408 768 444 σαλπίσωμεν,
785 404 823 440 ὥς
832 409 858 435 οἱ

72 453 208 490 ὑποκριταὶ
228 454 343 489 ποιοῦσιο
367 455 416 490 Μὴ
445 455 602 490 σαλπίσῃς
622 454 688 491 γὰρ,
714 454 791 490 φησι,
807 454 858 489 ἐμ-

72 498 195 533 προσθέν
221 507 290 528 σου·
320 501 377 528 ἀλλ’
399 500 554 537 ἔμπροσθεν
573 500 620 528 τοῦ
640 500 708 527 Θεοῦ
724 500 796 528 κατὰ
813 500 858 527 τὸν

72 546 247 581 πνευματικὸν
273 546 356 573 αὑτοῦ
382 546 464 582 νόμον
488 547 651 583 ποιήσαντες
680 547 786 579 ἑαυτοῖς
809 545 860 578 τὰς

908 231 996 249 rorem
1012 227 1104 255 tuam;
1125 226 1176 250 et:
1198 221 1342 249 Bucciuate
1362 222 1390 249 in
1409 220 1553 249 Neomem’a
1580 223 1652 256 tuba,
1671 224 1700 250 in

910 269 1008 305 insigni
1033 270 1076 296 die
1094 269 1269 298 solemnitatis
1291 274 1384 297 vestrae
1398 270 1432 296 "°.
1452 269 1504 296 Sed
1520 277 1553 296 ne
1567 275 1628 296 ante
1650 277 1700 298 nos

909 316 974 343 tuba
988 323 1129 350 canamus,
1146 316 1226 344 sicuti
1244 316 1348 344 faciunt
1363 315 1510 351 hypocritze
1524 315 1601 351 (Νοίὶ
1614 316 1699 348 enim,

909 362 1008 398 inquit,
1019 362 1081 389 tuba
1092 371 1183 389 canere
1195 367 1255 389 ante
1271 367 1296 389 ιε
1309 363 1356 396 ⁷⁸),
1369 363 1415 390 sed
1428 367 1490 390 ante
1503 362 1586 390 Deum
1603 370 1702 390 secun-

911 409 975 437 dum
991 408 1141 443 spiritalem
1166 408 1229 443 ejus
1251 409 1338 443 legem
1363 408 1496 437 facientes
1515 409 1594 436 nobis
1618 409 1699 436 tubas

911 454 1028 482 ductiles
1043 459 1196 489 argenteas,
1215 455 1255 482 sic
1272 462 1369 490 nempe
1385 459 1568 490 comparatas,
1583 460 1612 482 ut
1630 455 1701 482 divi-

912 508 962 528 nas
975 500 1090 527 reddant
1101 507 1181 528 voces
1195 508 1227 528 ac
1237 500 1320 528 verba
1334 509 1395 536 qua:
1403 508 1525 536 pugnare
1537 500 1653 528 doceant
1667 508 1699 528 ac

912 545 982 574 festa
995 546 1096 579 colere,
1111 552 1142 574 ut
1151 547 1191 575 sic
1200 547 1292 574 omnia
1304 542 1431 583 judicare
1439 548 1587 583 possimus.

71 591 175 627 λογικὰς
191 593 288 626 ἐλατάς
306 595 430 631 ἀργυρᾶς
443 595 596 630 σάλπιγγας
624 596 652 622 ἐν
666 595 721 629 ἔξει
739 593 935 630 ἀποτελεστικῇ
956 593 1035 621 θείων
1051 595 1148 631 φωνῶν
1168 595 1216 622 καὶ
1239 595 1325 630 λόγων
1345 595 1472 631 πολεμεῖν
1495 596 1542 622 καὶ
1561 594 1699 631 ἑορτάζειν

71 639 251 674 διδασκόντων,
267 642 310 669 ἵνα
321 642 393 669 οὕτω
407 642 510 679 κρίνειν
519 644 554 670 τὰ
566 643 710 679 σύμπαντα
724 641 893 678 δυνηθῶμεν.

102 691 153 717 Καὶ
169 691 216 717 ἐπὶ
231 690 334 729 πᾶσαν
356 692 495 727 κεφαλὴν
510 691 703 727 φαλάκρωμα.
718 691 795 727 Τάχα
811 690 857 716 τοῦ

72 735 114 762 ἐπὶ
132 737 186 767 τοῖς
204 736 386 772 ἁμαρτήμασι
406 737 520 769 πένθους
541 737 674 773 σύμϐολον
700 737 717 773 ἡ
745 736 857 772 τοιαύτη

948 690 982 717 Et
999 699 1076 725 super
1091 699 1166 717 arnne
1189 695 1266 730 caput
1296 690 1431 726 calvitium
1445 690 1478 717 τ’.
1504 688 1584 717 Forte
1608 688 1698 716 luctus

911 735 956 770 qui
982 743 1030 770 pro
1053 735 1171 770 peccatis
1201 735 1318 762 habetur
1334 735 1488 770 symbolum
1505 739 1547 762 est
1564 734 1697 768 ejusmodi

71 779 144 814 λέξις.
159 782 263 817 Ὥσπερ
286 782 341 817 γὰρ
366 783 434 809 είσὶν
454 784 478 810 οἳ
501 783 606 810 ποιοῦσι
623 783 797 819 φαλάκρωμα
811 782 855 809 ἐπὶ

941 782 1004 809 ctio.
1021 781 1257 814 Quemadmodum
1271 781 1342 808 enim
1358 785 1422 807 sunt
1437 780 1483 816 qui
1497 788 1578 816 super
1591 785 1698 807 mortuo

72 827 162 863 νεκρῷ,
172 828 256 860 οὓτως
269 830 293 855 οἰ
303 830 493 865 αἰσχυνόμενοι
503 830 550 857 ἐπὶ
559 831 615 862 τοῖς
631 826 704 861 ἰδίοις
717 829 856 864 πταίσμα-

72 882 119 907 σιν,
130 875 293 910 ἀποθέμενοι
313 875 359 902 τὸν
376 875 478 911 κόσμον
490 876 539 911 τῆς
555 876 654 912 νοητῆς
667 875 756 903 αὐτῶν
769 884 859 910 κεφα-

70 917 123 953 λῆς,
136 919 182 946 καὶ
201 919 358 956 ξυράμενοι,
381 921 509 957 φοροῦσιν
524 923 568 948 ἐπ’
584 921 670 956 αὐτῆς
691 922 722 949 τὸ
745 922 857 958 σημεῖον

71 963 112 990 τοῦ
126 963 245 996 πένθους.
256 965 318 997 Τοῖς
332 965 360 992 δέ
368 965 456 1000 ἁγίοις
468 966 542 993 οὐδὲν
555 967 653 993 οἰκεῖον
665 967 733 1003 πρὸς
744 967 858 1003 ἐχθροὺς

71 1008 169 1044 ἔχουσιν
182 1010 377 1046 ἐνομοθέτησεν
389 1013 403 1038 ὸ
414 1012 494 1048 νόμος
505 1012 548 1048 μὴ
563 1012 660 1040 ποιεῖν
674 1012 858 1048 φαλάκρωμα

71 1053 115 1081 ἐπὶ
127 1055 229 1090 νεκρῷ,
244 1056 299 1090 ὅτι,
315 1057 406 1092 φησιν,
421 1057 504 1092 ἅγιος
517 1056 648 1092 εἷΚυρΙῳ
661 1056 700 1091 τῷ
711 1057 772 1090 Θεῷ
787 1066 855 1085 σου.

102 1101 153 1128 Καὶ
164 1103 390 1130 εἰσελεύσονται
401 1103 447 1130 ἐπ’
464 1104 542 1130 αὐτὰ
562 1104 752 1139 ἀφυλάκτως.
769 1104 856 1139 Νομι-

73 1147 143 1174 στέον
157 1149 310 1184 μιαίνεσθαι
323 1151 359 1179 τά
372 1151 456 1186 Ἅγια
479 1152 532 1178 ὑπὸ
547 1152 603 1179 τῶν
625 1152 785 1188 μιαινόντων
807 1153 857 1189 τὴν

72 1194 214 1232 ἐπισκοπὴν
237 1196 286 1223 καὶ
322 1197 521 1234 είσερχομένων
555 1199 719 1233 ἀφυλάκτως
745 1200 792 1226 ἐπὶ
822 1200 857 1227 τὰ

71 1241 184 1268 τοιαῦτα.
202 1239 264 1270 Οῐον
276 1243 439 1278 ἀφυλάκτως
451 1244 559 1272 λεκτέον
577 1245 750 1281 εἰσέρχεσθαι
768 1247 808 1278 εἰς
823 1246 857 1274 τά

73 1285 133 1319 ἆγια
153 1287 207 1322 τῆς
227 1288 386 1324 ἐκκλησίας,
409 1291 433 1317 εί
454 1291 522 1326 μετὰ
547 1291 620 1327 μίξιν
646 1291 800 1327 ἀδιαφόρως
816 1301 858 1324 τις

72 1330 136 1366 ἔχων
156 1333 222 1369 πρὸς
242 1335 293 1371 τὴν
317 1335 347 1362 ὲν
371 1336 446 1371 αὺτῷ
461 1336 632 1373 ἀκαθαρσίαν
646 1337 746 1373 ὲπιδῴη
761 1337 857 1364 ἑαυτὸν

73 1375 224 1412 ἐπεύχεσθαι
235 1379 274 1415 τῷ
288 1380 337 1415 τῆς
353 1381 528 1418 εὐχαριστίας
541 1382 625 1419 ἄρτῳ.
640 1383 754 1419 Βεϐηλοῖ
773 1383 828 1419 γὰρ
842 1383 857 1410 ὁ

73 1421 183 1455 τοιοῦτος
192 1423 226 1450 τὰ
237 1425 304 1458 ἆγια
319 1426 367 1452 καὶ
383 1428 455 1453 ποιεῖ
471 1427 588 1463 φορμόν.

909 834 1015 854 comam
1038 832 1153 862 ponunt,
1185 827 1225 855 sic
1249 834 1318 861 quos
1341 826 1515 861 propriorum
1534 826 1696 853 delictorum

908 871 999 906 pudet,
1018 872 1106 907 posito
1125 871 1256 907 spiritalis
1270 871 1367 906 capitis
1386 872 1498 909 mundo,
1513 879 1545 899 ac
1555 871 1654 904 derasi,
1670 872 1698 898 in

908 925 940 945 eo
956 917 1047 945 ferunt
1061 918 1169 953 signum
1191 918 1290 946 luctus.
1311 916 1420 944 Sanctis
1434 925 1499 946 vero
1512 917 1612 953 quibus
1631 917 1700 944 nihil

908 971 970 991 cum
985 965 1101 991 mortuis
1116 971 1262 991 commune
1276 968 1327 998 est,
1342 964 1463 999 praecipit
1475 964 1518 991 lex
1533 964 1555 980 ⁷³
1567 971 1608 996 ne,
1621 971 1700 998 super

909 1015 1011 1037 mortuo
1038 1010 1176 1037 calvitium
1197 1010 1309 1046 faciant,
1329 1011 1402 1046 quia,
1423 1010 1521 1046 inquit,
1542 1015 1650 1038 sanctus
1671 1017 1698 1037 es

908 1055 1021 1083 Domino
1031 1056 1083 1083 Dea
1094 1061 1149 1083 tuo.

943 1102 978 1129 Et
994 1102 1177 1137 ingredieutur
1190 1102 1217 1128 in
1226 1110 1257 1128 ea
1269 1107 1362 1129 temere
1372 1101 1405 1129 ".
1421 1101 1639 1129 Existimandum
1656 1105 1699 1129 est

909 1149 992 1184 pollui
1012 1153 1106 1176 sancta
1132 1148 1166 1175 ab
1187 1148 1240 1175 illis
1253 1148 1300 1183 qui
1317 1148 1442 1184 polluunt
1457 1149 1650 1181 visitationem,
1666 1157 1698 1176 ac

907 1200 1010 1223 temere
1021 1194 1047 1222 in
1063 1194 1108 1222 illa
1125 1194 1324 1230 ingrediuntur.
1339 1193 1417 1228 Puta,
1436 1197 1538 1221 temere
1559 1193 1585 1220 in
1603 1200 1698 1221 sancta

907 1241 1030 1268 ecclesiae
1049 1240 1154 1276 ingredi
1173 1240 1305 1268 dicendus
1319 1244 1370 1274 est,
1384 1240 1407 1267 si
1419 1240 1481 1276 quis
1495 1245 1556 1276 post
1570 1240 1696 1275 copulam

908 1286 1021 1322 ejusque
1038 1287 1250 1321 immunditiam,
1263 1291 1364 1314 temere
1379 1286 1412 1314 ad
1430 1287 1633 1322 percipiendum
1650 1295 1699 1321 pa-

909 1341 971 1361 nem
998 1333 1211 1361 eucharisticum
1241 1333 1397 1361 accesserit.
1425 1333 1525 1360 Polluit
1553 1333 1626 1360 enim
1651 1333 1698 1369 qui

908 1379 1043 1415 ejusmodi
1057 1383 1099 1407 est
1114 1384 1218 1413 sancta,
1236 1384 1263 1407 et
1279 1379 1345 1407 facit
1358 1379 1583 1421 inquinationem.

106 1468 172 1495 Οὐαὶ
185 1469 233 1497 ἐπὶ
251 1471 329 1498 οὐαί.
347 1471 459 1506 Πρῶτον
474 1473 522 1508 μὲν
533 1473 600 1500 οὐαὶ
614 1473 643 1500 ὲν
655 1472 694 1509 τῷ
710 1474 759 1510 βίῳ
769 1474 855 1509 τούτῳ

949 1472 994 1501 νω
1003 1481 1080 1508 super
1089 1481 1127 1500 va:
1139 1473 1172 1501 ⁷³.
1187 1471 1310 1500 Primum
1319 1473 1428 1510 quidem
1440 1481 1478 1500 rw
1489 1472 1516 1500 in
1526 1473 1578 1500 hac
1587 1471 1652 1505 vita,
1665 1479 1699 1500 ex

73 1514 128 1540 κατ’
143 1515 206 1542 αὐτὸ
219 1516 249 1543 τδ
263 1514 334 1543 εἶναι
346 1518 427 1544 αὑτὸν
443 1519 589 1555 μοχθηρὸν,
604 1519 652 1546 καὶ
671 1520 790 1552 ἀσεϐεῖν,
809 1521 857 1547 καὶ

75 1558 108 1594 μὴ
123 1559 191 1595 ἔχειν
204 1562 254 1598 τὴν
267 1563 422 1599 ἐπισκοπὴν
436 1563 483 1590 τοῦ
498 1563 576 1591 Θεοῦ-
595 1564 719 1600 δεύτερον
735 1565 764 1592 δὲ
787 1565 856 1593 οὐαὶ

74 1605 138 1632 κατά
151 1606 199 1639 τὰς
210 1607 280 1643 μετά
296 1608 341 1635 τὸν
353 1607 410 1643 βίον
420 1609 514 1636 τοῦτον
531 1609 665 1642 κολάσεις.
685 1611 817 1646 Ἀγτελία
827 1610 856 1638 δὲ

72 1649 117 1677 ἐπὶ
131 1652 270 1687 ἀγγελίαν
281 1654 378 1687 ἔσται,
403 1655 467 1687 ἴσως
483 1656 514 1682 τὸ
533 1656 600 1692 μετά
627 1657 691 1688 τοὺς
713 1658 856 1693 προφήτας

74 1696 150 1723 πολλά
161 1699 223 1734 περὶ
233 1700 283 1731 τῆς
292 1700 401 1727 αίωνίου
414 1701 551 1734 κολάσεως
564 1702 660 1738 ἀπειλή
665 1711 764 1735 σαντας
775 1703 857 1738 εὐαγ-

73 1742 171 1776 τξλικὸν
186 1746 316 1782 κήρυγμα
330 1747 473 1783 τηλαυγῶς
487 1747 522 1774 τά
539 1749 602 1784 περὶ
616 1749 728 1785 γεέννης
740 1749 788 1776 mi.
802 1749 856 1778 τῶν

74 1787 151 1816 ἄλλων
162 1791 358 1828 ἀτελευτήτωτ
363 1793 486 1828 βασάνων
499 1794 606 1828 διεξιόν.

105 1836 154 1863 Καὶ
180 1837 375 1873 ζητηθήσεται
388 1839 503 1874 ὅρασις.
528 1840 627 1874 Ἐπάν,
648 1841 857 1877 ἐντυγχάνοντες

73 1882 123 1913 τοῖς
135 1886 311 1920 προφητικοῖς
322 1885 412 1919 λόγοις
422 1887 535 1918 καὶτοῖς
546 1886 671 1922 νομίμοις
684 1888 855 1924 μυστηρίοις,

75 1925 108 1961 μὴ
119 1926 256 1964 βλέπωμεν
267 1929 344 1961 τινες
361 1931 389 1958 αί
404 1931 459 1957 τῶν
473 1932 620 1968 προφητῶν
639 1933 748 1968 ὁράσεις
767 1932 814 1960 καὶ
830 1934 856 1960 τί

72 1972 114 1999 τοῦ
131 1974 208 2010 νόμου
220 1976 251 2002 τὸ
269 1975 403 2012 βούλημα,
415 1977 454 2013 τῷ
476 1978 523 2004 καὶ
547 1979 610 2010 τοὺς
630 1979 780 2014 αὐχοῦντας
806 1980 856 2015 τὴν

72 2019 113 2047 τοῦ
128 2020 191 2048 Θεοῦ
209 2023 360 2060 ἱερωσύνην
375 2025 405 2051 οὐ
427 2025 507 2060 μόνον
527 2027 705 2062 παρανομεῖν,
726 2025 794 2053 ἀλλά
809 2027 857 2053 καὶ

73 2065 209 2095 ἀπολλύναι
220 2069 265 2096 τὸν
282 2069 371 2106 ἀληθῆ
387 2071 434 2097 τοῦ
450 2071 532 2107 νόμου
549 2071 621 2104 νοῦν,
636 2072 698 2099 τότε
715 2072 856 2109 πληρωθή-

61 2111 141 2140 ’σεται
153 2115 182 2141 τὸ
197 2116 404 2151 Ζητηθήσεται
422 2117 528 2152 ὅρασις
543 2118 577 2145 ἐκ
591 2117 757 2153 προφήτου.
777 2119 857 2146 Ἀλλὰ

73 2158 165 2192 φθάσαι
182 2161 223 2188 δεῖ
235 2163 282 2189 ἐπὶ
307 2162 337 2189 τὺ
357 2164 447 2198 εὑρεῖν
461 2164 510 2200 τὴν
526 2165 697 2200 ζητουμένην
713 2165 808 2201 ὅρασιν
824 2166 857 2193 ἐκ

71 2204 114 2230 τοῦ
129 2208 276 2243 προφήτου.
301 2209 334 2235 Εἰ
357 2209 385 2236 δέ
407 2210 455 2236 καὶ
475 2211 504 2244 ἐξ
530 2211 625 2247 ἱερέως
651 2212 774 2239 ἀπώλετο
791 2221 856 2240 ποτε

73 2251 156 2286 νόμος,
168 2253 243 2289 ζητεῖ
254 2263 314 2286 πως
327 2255 416 2291 εὑρεῖν
425 2255 468 2282 διά
484 2264 513 2283 τε
530 2256 576 2283 τοῦ
604 2258 673 2284 νοεῖν
702 2259 748 2284 καὶ
767 2260 855 2285 ποιεῖν

72 2296 85 2321 ὁ
96 2298 178 2334 ἱερεὺς
191 2301 237 2328 τὸν
254 2301 347 2336 νόμον,
367 2301 411 2328 ἵνα
423 2302 470 2329 καὶ
487 2302 583 2334 ἄλλους
602 2305 796 2341 χειραγωγήσῃ
810 2305 857 2332 ἐπὶ

73 2345 102 2379 τῇ
119 2348 229 2382 τηρήσει
247 2347 340 2374 αὑτοῦ.
366 2348 421 2375 Καὶ
438 2349 508 2376 ἐπάν
529 2348 557 2379 δὲ
574 2349 611 2385 μὴ
628 2350 714 2377 ἱκανοὶ
736 2350 856 2386 συμϐου-

73 2390 161 2425 λεύειν,
178 2394 246 2430 μηδὲ
265 2394 336 2430 ὑπὲρ
351 2394 398 2421 τοῦ
413 2394 501 2422 κοινοῦ
513 2395 546 2422 τὰ
561 2395 653 2423 δέοντα
667 2398 778 2424 σκοπεῖν
788 2405 855 2433 προ-

74 2437 242 2472 κιθέζωνται,
260 2440 370 2468 λεκτέον
394 2441 435 2467 ὅτι
451 2440 576 2468 ἀπώλετο
593 2441 674 2477 βουλὴ
692 2443 725 2469 ἐκ
741 2443 858 2479 πρέσϐυς

72 2482 160 2519 τέρων.
173 2486 227 2513 Καὶ
245 2487 260 2513 ὁ
277 2486 370 2522 ἄρχων
381 2486 520 2514 ἐνδύσεται
537 2488 702 2525 ἀφανισμὸν,
722 2490 746 2516 εἰ
764 2489 801 2526 μὴ
817 2491 857 2517 ὲν-

73 2528 170 2558 δύσεται
180 2532 225 2559 τὸν
240 2533 358 2568 Χριστὸν
381 2533 484 2570 Ἰησοῦν
497 2535 545 2562 καὶ
562 2535 607 2573 τον
620 2534 732 2570 θώρακα
750 2536 800 2572 τῆς
815 2536 856 2562 δι-

73 2577 209 2614 καιοσύνης
223 2579 270 2606 καὶ
284 2579 332 2614 τὴν
346 2579 495 2606 πανοπλίαν
519 2579 567 2607 τοῦ
586 2580 653 2607 Θεοῦ
670 2581 738 2617 πρὸς
758 2581 789 2608 τὸ
808 2582 855 2609 δύ-

73 2623 160 2650 νασθαι
177 2625 333 2661 ἀντιστῆναι
347 2627 416 2665 πρὸς
437 2627 487 2659 τὰς
503 2626 644 2663 μεθοδείας
658 2628 703 2654 τοῦ
721 2628 853 2656 διαϐόλου.

72 2666 124 2700 “is
144 2670 197 2707 γὰρ
217 2672 382 2709 ἁμαρτάνων
407 2673 498 2709 ἄρχων
525 2674 676 2710 ἀφανισμὸν
705 2674 854 2702 ἐνδύσεται·

72 2715 150 2742 καὶαι
166 2717 261 2752 χεῷες
275 2719 304 2745 δὲ
319 2719 372 2746 τοῦ
390 2720 467 2748 λαοῦ
482 2720 653 2754 ἐκλύονται,
667 2721 732 2747 ὅταν
753 2721 855 2758 ὑδαρὴς

73 2762 116 2789 καὶ
137 2763 252 2800 ἀτακτος
275 2765 322 2792 καὶ
344 2765 511 2803 ἐκλελυμένη
528 2766 603 2794 ἔσται
626 2767 642 2802 ἡ
661 2766 783 2796 πολιτεία
805 2767 852 2794 τοῦ

105 2821 191 2861 ⁸’
219 2832 298 2861 mil,
324 2825 349 2852 l.
387 2826 410 2842 ⁷⁸
428 2825 500 2861 Psal.
525 2835 608 2857 Lxxx.
626 2827 654 2861 τί.
691 2828 712 2843 τί
729 2826 825 2854 Matth.
842 2835 889 2860 vn,

217 2860 241 2876 ⁷⁵
268 2858 332 2890 ibid.
355 2861 400 2888 26.
439 2863 462 2879 ⁷⁸
489 2860 555 2890 ibi-J.
595 2859 704 2892 "ibid.
744 2863 766 2879 ⁷⁸
780 2858 999 2897 Ειυρίιξιιι,27.

73 2862 120 2891 \‘u,
135 2857 179 2888 22.

907 1526 941 1547 eo
953 1519 1026 1554 quod
1043 1523 1071 1546 et
1087 1519 1146 1554 ipsa
1162 1518 1231 1546 mala
1248 1518 1283 1546 sit
1296 1523 1323 1546 et
1339 1519 1432 1554 impia,
1448 1526 1498 1546 nec
1517 1518 1617 1546 haheat
1633 1518 1699 1546 visi-

907 1566 1038 1594 tationem
1060 1565 1123 1599 Dei;
1147 1565 1261 1593 alterum
1277 1570 1366 1593 autem
1381 1573 1419 1593 va:
1436 1565 1471 1592 ob
1487 1569 1621 1592 tormenta
1638 1567 1700 1599 post

908 1612 980 1640 hanc
994 1612 1077 1639 vitam
1103 1611 1205 1639 futura.
1236 1610 1356 1639 Nuntius
1380 1619 1444 1640 vero
1472 1619 1550 1646 super
1575 1610 1698 1637 nuntium

908 1659 958 1685 erit
975 1659 1008 1692 ⁷⁸,
1025 1659 1094 1686 forte
1108 1660 1180 1694 quod
1195 1664 1256 1695 post
1275 1659 1423 1696 prophetas
1444 1659 1528 1685 multa
1547 1657 1580 1684 de
1596 1661 1699 1684 mterno

909 1705 1044 1741 supplicio
1057 1706 1249 1739 comminutos,
1267 1705 1359 1734 futura
1373 1706 1408 1733 sit
1423 1704 1577 1740 evangelica
1599 1703 1699 1738 praedi-

908 1752 1070 1786 catio,quze
1094 1751 1214 1780 dilucide
1242 1753 1406 1788 gehennam,
1430 1751 1591 1785 nullumque
1617 1750 1698 1777 liuent

909 1797 1037 1825 habitura
1051 1802 1199 1831 tormenta,
1216 1798 1343 1833 explicet.

945 1843 980 1871 Et
993 1849 1126 1878 quwrelur
1139 1845 1204 1871 uisio
1219 1845 1251 1871 '".
1266 1843 1380 1877 Quando
1393 1843 1514 1878 legendis
1532 1842 1699 1881 propheticis

907 1889 1081 1918 sermonibus
1098 1894 1124 1917 et
1145 1889 1277 1925 legalibus
1302 1889 1439 1924 mysteriis
1465 1897 1519 1916 non
1545 1888 1698 1916 videbimus

908 1943 1032 1971 quamam
1047 1935 1102 1963 sint
1116 1935 1310 1970 prophetarum
1326 1935 1455 1967 visiones,
1470 1932 1574 1972 etquid
1585 1934 1636 1961 sibi
1652 1941 1699 1962 ve-

908 1981 939 2008 lit
953 1981 1005 2015 lex,
1018 1989 1050 2008 eo
1065 1982 1136 2016 quod
1152 1981 1199 2016 qui
1216 1981 1262 2009 Dei
1281 1981 1434 2008 sacerdotio
1459 1981 1620 2019 gloriantur,
1642 1986 1697 2006 ncn

908 2026 995 2053 solum
1014 2026 1099 2061 iniqui
1114 2026 1180 2057 sint,
1196 2026 1242 2053 sed
1260 2031 1286 2053 et
1303 2034 1396 2053 verum
1414 2025 1481 2062 legis
1499 2033 1611 2053 sensum
1627 2024 1697 2051 ami-

908 2072 1004 2104 serint,
1019 2077 1083 2099 tunc
1098 2071 1251 2108 implebitur
1267 2072 1331 2099 illud
1343 2080 1350 2099 ι
1361 2071 1500 2109 Quwretur
1515 2071 1579 2098 visio
1589 2078 1622 2097 ex
1635 2079 1697 2107 pro—

908 2119 995 2154 pheta.
1005 2118 1085 2154 421
1096 2117 1197 2145 Verum
1205 2118 1363 2156 enitendum
1378 2123 1421 2146 est
1434 2123 1462 2146 ut
1470 2119 1582 2154 quaesita
1593 2128 1624 2148 ex
1632 2128 1697 2156 pro-

900 2160 989 2200 'plieta
1009 2164 1078 2192 visio
1098 2164 1260 2192 inveniatur.
1276 2163 1355 2197 Quod
1369 2165 1392 2204 si
1407 2166 1489 2193 etiam
1509 2174 1542 2193 ex
1556 2166 1697 2194 sacerdote

908 2213 1054 2249 aliquando
1076 2213 1142 2241 exiit
1165 2213 1219 2245 lex,
1242 2211 1340 2247 quaerit
1356 2213 1567 2250 quodammodo,
1585 2218 1642 2240 tum
1654 2213 1697 2240 in-

910 2259 1054 2295 telligendo
1071 2263 1129 2287 tum
1153 2251 1286 2290 iaciendo,
1303 2258 1431 2286 sacerdos
1453 2258 1575 2287 invenire
1599 2259 1696 2295 legem,

909 2309 939 2342 ut
949 2300 977 2333 et
991 2304 1052 2332 aliis
1069 2304 1102 2332 ad
1118 2311 1179 2331 eam
1201 2303 1400 2340 observandam
1424 2303 1478 2330 dux
1499 2308 1607 2338 praecat.
1626 2303 1695 2330 Cum

909 2357 998 2380 autem
1024 2351 1107 2386 inepti
1125 2351 1159 2378 ad
1183 2350 1303 2378 dandum
1324 2350 1480 2382 consilium,
1498 2350 1539 2377 vel
1557 2349 1591 2377 ad
1611 2348 1698 2384 dispi-

909 2397 1036 2426 ciendum
1051 2397 1116 2432 quid
1131 2397 1287 2432 reipublicae
1299 2396 1414 2433 intersit,
1429 2396 1584 2431 praesident,
1602 2394 1697 2422 dicen-

910 2443 974 2477 dum
989 2447 1032 2470 est
1045 2443 1160 2483 periisse
1174 2443 1320 2470 consilium
1341 2450 1373 2469 ex
1391 2441 1542 2469 sacerdote.
1566 2440 1697 2475 Princeps

909 2496 1019 2528 quoque
1040 2489 1168 2525 iuduetur
1187 2488 1311 2522 interitu,
1336 2487 1388 2520 nisi
1414 2487 1534 2517 induerit
1555 2487 1697 2514 Christum

908 2527 1013 2575 Jcsum,
1026 2540 1053 2571 et
1067 2535 1205 2563 thoracem
1226 2535 1350 2571 justitiaa,
1368 2539 1395 2562 et
1412 2538 1579 2572 armaturam
1594 2533 1651 2566 Dei,
1668 2538 1698 2561 ut

908 2583 997 2618 possit
1022 2581 1148 2610 resistere
1165 2581 1298 2610 adversus
1323 2581 1439 2609 astutias
1463 2580 1577 2608 diaboli.
1601 2578 1697 2607 Omnis

909 2629 983 2657 enim
1000 2628 1127 2665 princeps
1139 2627 1186 2663 qui
1203 2632 1307 2664 peccat,
1323 2627 1432 2655 interitu
1448 2627 1585 2661 induetur.
1603 2625 1655 2653 Sed
1669 2629 1697 2653 et

909 2665 1004 2702 manus
1016 2674 1106 2709 populi
1119 2673 1301 2700 dissolvuntur
1315 2673 1349 2704 ⁷⁵,
1367 2680 1429 2700 cum
1446 2672 1529 2700 diluta
1548 2675 1575 2707 et
1591 2671 1696 2709 incom-

909 2720 1008 2755 posita,
1025 2719 1195 2754 remissaque
1217 2725 1249 2746 ac
1271 2718 1360 2745 soluta
1385 2717 1467 2745 fuerit
1496 2717 1588 2753 populi
1612 2715 1695 2744 disci-

906 2766 991 2803 plina.
1007 2764 1121 2800 Quando
1138 2769 1228 2793 autem
1249 2764 1349 2792 virtute
1362 2763 1409 2792 Dei
1429 2768 1520 2791 utetur
1531 2768 1559 2791 et
1578 2762 1696 2791 audierit

916 2826 941 2853 Ξ.
981 2826 1004 2842 ⁷³
1027 2825 1125 2854 Ezccli.
1138 2833 1186 2859 ru,
1201 2825 1243 2854 i8.
1282 2823 1393 2853 "Deut.
1410 2832 1466 2860 ειν,
1485 2823 1508 2851 ί.
1553 2823 1576 2840 ⁷⁵
1592 2822 1692 2854 Ezech.
