1882 3052
96 169 152 199 τ97

705 176 861 205 ΞΕιλΕΟΤΑ
881 176 912 203 ιΝ
932 173 1160 202 EtEClllELEM.

1677 175 1732 202 798

96 237 143 256 σι.
170 228 297 256 Ποιοῦσιν
324 229 420 257 είδωλα
437 231 461 257 οἱ
491 230 692 268 ἁμαρτάνοντες
720 235 881 271 πρεσϐύτερ(

963 233 1025 260 iunt
1039 232 1109 259 idola
1125 237 1268 266 peccantes
1284 231 1416 263 seniores,
1440 230 1505 258 dum
1529 230 1600 257 intra
1620 238 1648 258 se
1667 239 1733 258 con-
1764 257 1766 259 .

95 274 176 302 ἔνδον
189 275 294 304 ἑαυτῶν
309 275 559 309 κατασκευάζοντες
579 278 624 305 διὰ
644 279 694 315 μὲν
714 280 760 307 τοῦ
778 281 828 315 τῆς
845 290 896 307 κα-

97 320 165 353 κίας
183 321 223 348 ἰοῦ
239 322 329 349 πᾶσαν
347 323 475 359 ὁμοίωσιν
488 325 613 361 ἑρπετοῦ,
629 325 673 352 διὰ
692 325 720 352 δὲ
737 327 786 361 τῆς
798 326 896 353 ἀκολά-

98 375 167 393 στου
190 367 339 403 ἐπιθυμίας
360 371 450 398 πᾶσαν
472 371 601 407 ὁμοίωσιν
619 372 742 407 κτήνους.
759 373 790 398 El
806 373 834 399 δὲ
849 372 896 399 καὶ¹

96 412 324 449 ψευδοδοξήσαιεν
341 416 405 451 περὶ
423 417 477 443 τῶν
493 417 581 449 θείων,
601 417 703 452 μάταια
724 417 896 453 βδελύγματα

97 461 345 494 κατασκευάζουσι·
359 463 414 490 πᾶν
432 463 487 500 γὰρ
504 464 534 490 τὸ
545 464 609 500 περὶ
620 463 675 491 τῶν
693 463 772 490 θείων
787 464 893 499 ψεῦδος,

96 505 149 532 ἅτε
173 506 269 538 ἁτεὸὲς
291 508 434 543 τυγχάνον,
461 510 508 536 καὶ
532 509 645 545 μάταιόν
664 510 724 536 ἐστι
745 509 893 544 βδέλυγμα.

95 550 163 577 Elei.
179 551 208 578 δέ
228 561 310 585 τινες,
327 554 402 586 τοὺς,
420 554 453 580 ἶν’
468 553 554 586 οὕτως
571 554 651 587 εἴπω,
668 554 774 590 τοίχους
791 554 837 581 τοῦ
856 555 895 581 οἴ-

95 604 148 623 κου
164 597 214 632 τῆς
225 597 314 634 ψυχῆς
330 599 408 632 ὅλους
424 600 679 636 διαγεγραμμένους
697 601 804 635 ἔχοντες
819 600 894 637 πάσῃ

95 642 228 678 ὁμοιώσει
246 645 361 681 ἑρπετοῦ
383 646 431 673 καὶ
443 649 567 682 κτήνους,
585 647 631 674 καὶ
654 646 778 682 ματαίοις
802 646 894 682 βδελύ-

95 695 200 724 γμασι,
217 690 264 717 καὶ
278 691 384 723 τούτοις
397 692 578 725 δουλεύοντες,
590 693 637 719 καὶ
648 692 685 724 ὡς
701 692 771 724 θεοῖς
783 692 893 725 θύοντες

96 735 147 761 καὶ
173 734 339 770 θυμιῶντες,
365 736 435 764 ὥστε
456 737 506 774 τὴν
526 738 626 774 ἀτμίδα
648 738 695 765 τοῦ
722 738 893 774 θυμιάματος

94 779 264 814 ἀναϐαίνειν,
274 781 399 809 τουτέστι
417 783 449 810 τὸ
471 783 536 820 περὶ
550 783 638 811 αὐτῶν
655 783 748 819 θαῦμα
771 784 891 821 ὑψούμε-

94 833 143 852 νον
175 826 222 853 καὶ
248 827 425 864 ἐπαιρόμενον
457 829 504 856 ὑπ’
526 828 626 856 αὐτῶν.
659 830 841 865 Ἐγγράφουσι
863 830 892 858 δὲ

94 871 186 899 ταῦτα
212 874 270 905 ταῖς
299 873 428 907 διανοίαις
451 874 540 902 αὐτῶν
561 874 662 910 κύκλῳ,
688 875 791 911 μηδένα
814 877 891 903 κενὸν

94 918 309 952 καταλείποντες
323 920 416 948 κακῶν
431 921 460 948 ὲν
476 921 569 953 αὐτοῖς
580 920 673 953 τόπον,
686 921 723 953 ὡς
733 921 766 948 δι’
781 922 840 949 ὅλον
850 920 890 949 εἷ-
907 905 928 932 Β

93 971 141 990 ναι
157 964 349 1000 γεγραμμένον
364 966 420 998 τοῖς
436 967 542 1002 κακοῖς,
557 966 604 993 καὶ
619 965 665 993 τὸν
679 967 750 1003 ἱερὸν
761 967 806 994 τὸν
818 968 891 995 ἑϐδο-

95 1008 182 1044 μάδος
202 1009 301 1036 κύκλον
321 1008 542 1045 μετατεθεικέναι
553 1011 606 1039 ἀπὸ
622 1013 676 1040 τῶν
696 1013 780 1048 ἁγίων
795 1015 842 1041 ἐπὶ
856 1015 891 1042 τὰ

92 1054 205 1087 εἴδωλα,
220 1054 290 1082 ὥστε
304 1056 350 1083 καὶ
365 1057 414 1092 τὴν
431 1057 511 1084 οἱονεὶ
527 1057 690 1094 βεϐαιότητα
709 1059 738 1086 ἐν
758 1061 815 1091 τοῖς
834 1061 891 1096 χεί-

93 1107 173 1136 ροσιν
189 1101 287 1133 αὐτοὺς
308 1102 463 1130 ἀναλαϐεῖν.
481 1103 607 1132 Τοιοῦτον
623 1105 677 1140 γάρ
697 1106 754 1133 ἐστι
774 1106 815 1139 τὸ,
836 1107 889 1134 Kal

90 1143 300 1180 ἐϐδομήκοντα
318 1146 426 1182 ἄνδρες
445 1148 480 1175 ἐκ
499 1148 560 1176 τῶν
580 1150 788 1185 πρεσϐυτέρων
805 1152 889 1179 οἴκου

97 1189 231 1241 7-quer
247 1192 312 1241 :01;
328 1193 357 1220 δὲ
373 1194 389 1229 ἡ
403 1193 507 1221 διάνοια
518 1194 566 1221 τοῦ
579 1196 719 1232 προφήτου
738 1197 789 1232 ὁρᾷ
809 1198 842 1225 τὰ
860 1198 889 1225 ἐν

90 1236 133 1271 τῷ
150 1236 217 1272 οἴκῳ
230 1237 279 1273 τῆς
300 1238 416 1266 ἑκάστου
430 1239 484 1267 τῶν
500 1239 709 1277 ἁμαρτανόντων
722 1242 820 1278 ψυχῆς,
835 1246 889 1271 εἰσ-

91 1281 217 1317 αγομένη
243 1282 295 1310 ὑπὸ
322 1283 368 1311 τοῦ
388 1284 553 1321 πνεύματος,
577 1286 624 1313 ἐπὶ
642 1287 676 1314 τὰ
696 1288 819 1325 πρόθυρα
839 1290 889 1326 τῆς

91 1326 182 1362 αὐλῆς
199 1326 302 1362 βλέπει,
320 1329 367 1356 καὶ
380 1328 438 1356 ἔστι
455 1338 487 1364 γε
508 1330 561 1367 ὑπή
578 1339 620 1363 τις
640 1332 686 1358 καὶ
704 1333 776 1368 ἴχνος
798 1335 827 1361 ὲν
849 1335 889 1370 τῷ

90 1373 235 1410 λεγομένῳ
248 1374 340 1410 τοίχῳ,
355 1375 389 1402 δι’
405 1373 439 1412 ἧς
456 1377 502 1404 ἐπὶ
518 1377 610 1405 πλεῖον
623 1378 819 1416 ἐξεταζομένης
841 1382 889 1408 καὶ

89 1417 133 1453 τῷ
147 1418 293 1453 ἑρευνῶντι
308 1419 380 1456 λόγῳ
391 1419 613 1458 ἐξορυττομένης,
631 1422 681 1450 ὅλα
700 1423 810 1452 δύναται
829 1426 889 1461 βλέ-

91 1471 157 1490 πειν
170 1464 184 1490 ὁ
200 1463 252 1490 ὑπὸ
270 1464 317 1491 τοῦ
336 1463 408 1492 θείου
416 1466 574 1502 Πνεύματος
592 1470 807 1505 πεφωτισμένος,
827 1471 887 1506 βλέ-

90 1516 155 1535 πων
173 1508 243 1544 μετὰ
255 1508 305 1545 τὴν
315 1510 384 1547 ὀπὴν
398 1511 444 1538 καὶ
458 1512 552 1548 θύραν,
570 1513 604 1540 δι’
621 1511 655 1551 ἦς
669 1514 726 1542 ἔστι
739 1516 784 1543 τὸν
807 1517 888 1545 αὐτὸν

949 283 1059 306 struunt
1083 286 1131 313 per
1155 277 1265 304 malitiae
1293 277 1402 312 quidem
1426 277 1501 303 virus
1528 275 1732 303 similitudinem

947 325 1090 360 serpentis,
1104 332 1151 359 per
1165 324 1387 358 intemperantem
1403 330 1467 350 vero
1484 322 1732 356 concupiscentiam

946 378 1054 398 onmem
1075 369 1280 398 similitudinem
1301 368 1416 404 pecoris.
1433 368 1480 395 Sin
1503 371 1593 395 autem
1607 367 1688 394 etiam
1701 366 1734 393 de

945 416 1045 443 divinis
1076 416 1143 443 falsa
1175 415 1334 448 docuerim,
1371 413 1589 441 ahominationcs
1617 412 1731 439 faciunt.

945 463 1031 490 Omne
1042 462 1114 489 cuitu
1129 461 1162 489 de
1181 461 1280 489 divinis
1292 460 1475 491 mendacium,
1490 464 1583 494 utpote
1604 458 1731 492 impium,

944 516 1014 536 vana
1026 508 1107 536 etiam
1123 511 1165 534 est
1188 506 1362 534 almminatio.
1389 505 1459 532 Sunt
1481 511 1572 532 autem
1596 503 1731 535 nonnulli,

943 554 990 588 qui
1005 558 1076 581 totos
1090 552 1188 580 domus
1202 552 1299 579 anima
1311 551 1428 586 parietes
1444 550 1543 577 hahent
1556 550 1643 585 pictos
1656 549 1730 576 omni

944 599 1122 627 similitudine
1139 598 1244 633 reptilis
1256 602 1283 625 et
1297 597 1414 632 pecoris,
1433 596 1566 631 vanisque
1586 595 1730 622 abomina-

944 645 1076 678 tionibus,
1093 645 1194 680 quique
1215 644 1269 671 illis
1282 643 1415 675 serviunt,
1427 650 1459 670 ac
1472 642 1545 669 velut
1559 641 1611 668 diis
1628 641 1730 668 hostias

943 695 1024 726 atque
1042 691 1154 718 incensa
1167 689 1221 717 illis
1234 688 1363 720 oti'erunt,
1385 689 1453 715 adeo
1470 692 1499 715 ut
1516 694 1601 722 vapor
1626 685 1730 714 incensi

944 735 1085 769 ascendat,
1097 735 1150 763 hoc
1164 738 1216 767 est,
1232 742 1262 761 ea
1276 741 1330 768 qua
1347 733 1397 760 ista
1413 733 1570 767 depereunt,
1586 730 1730 758 admiratio

942 782 1064 818 ipsorum
1079 781 1177 810 studiis
1192 780 1298 808 sublata
1310 784 1390 814 atque
1405 779 1485 806 elata.
1502 778 1653 813 Depingunt
1665 784 1729 803 vero

941 828 999 856 haec
1012 828 1040 855 in
1057 827 1156 855 animis
1170 826 1228 854 suis
1246 827 1274 853 iu
1292 825 1419 859 circuitu,
1437 825 1541 851 nullum
1557 823 1583 850 in
1598 823 1631 850 iis
1643 823 1730 850 malo-

941 882 1002 901 rum
1017 881 1134 902 vacuum
1147 872 1331 907 relinquentes
1349 871 1451 902 locum,
1471 874 1502 896 ut
1515 869 1635 904 undique
1649 869 1729 896 malis

942 920 1040 956 depicti
1051 920 1116 952 sint,
1131 923 1159 947 et
1173 925 1281 946 sacrum
1295 916 1472 944 hebdomadas
1487 915 1618 943 circulum
1634 923 1649 941 a
1666 922 1729 941 san-

942 966 992 994 ctis
1006 965 1040 992 ad
1055 965 1127 992 idola
1147 963 1348 995 transtulerint,
1367 961 1439 989 Velut
1454 961 1602 988 tirmiorcm
1615 960 1641 987 in
1656 959 1730 986 vitiis

942 1011 1063 1038 habitum
1079 1010 1162 1037 nacti.
1176 1008 1317 1044 Ejusmodi
1336 1007 1409 1035 enim
1427 1010 1470 1034 est
1494 1006 1562 1034 illud
1577 1006 1598 1023 ⁸⁷
1616 1015 1622 1033 :
1639 1005 1672 1032 Et
1688 1013 1729 1032 se-

940 1057 1080 1092 ptuaginta
1097 1055 1147 1082 viri
1163 1062 1195 1082 ea:
1208 1054 1353 1081 senioribus
1368 1053 1461 1080 domus
1476 1051 1572 1079 Israel.
1591 1052 1659 1079 Cum
1676 1059 1727 1078 au-

941 1107 994 1130 tem
1010 1101 1148 1137 prophetae
1173 1108 1249 1127 mens
1269 1107 1301 1127 ea
1321 1099 1394 1126 videt
1423 1106 1484 1134 quae
1503 1099 1530 1126 in
1557 1098 1726 1133 singulorum

939 1148 987 1183 qui
1007 1151 1122 1183 peccant
1144 1146 1242 1174 animm
1266 1145 1348 1172 domo
1372 1143 1650 1176 ﬂunt,introducente
1671 1142 1727 1177 spi-

940 1194 1005 1226 ritu,
1021 1193 1049 1221 in
1070 1193 1140 1220 aula:
1157 1191 1321 1220 vestibulum
1343 1190 1465 1225 respicit,
1486 1193 1580 1224 estque
1605 1189 1632 1216 in
1654 1188 1727 1215 dicto

940 1247 1019 1268 muro
1034 1239 1158 1267 foramen
1174 1238 1310 1274 quoddam
1327 1242 1354 1265 et
1366 1235 1522 1272 vestigium,
1541 1235 1619 1270 cujus
1635 1239 1727 1261 meatu

940 1286 1096 1322 diligentius
1109 1284 1293 1320 pervestigato
1308 1288 1389 1318 atque
1401 1291 1414 1309 ιι
1432 1282 1516 1309 verbo
1533 1284 1673 1309 scrutante
1688 1279 1728 1307 el-

940 1319 1026 1364 losso,
1042 1319 1143 1360 cuncta
1161 1319 1239 1358 retro
1253 1329 1375 1357 foramen
1394 1333 1556 1363 portamque
1575 1326 1663 1361 posita
1687 1323 1727 1352 vi-

939 1378 1004 1406 dere
1028 1381 1118 1413 potest
1138 1376 1185 1412 qui
1209 1384 1225 1403 a
1247 1375 1340 1403 divino
1364 1373 1466 1409 Spiritu
1491 1372 1671 1403 illuminatur,
1693 1378 1726 1398 ac

939 1424 1013 1460 quod
1031 1430 1122 1452 mente
1140 1426 1302 1457 conceptum
1330 1425 1381 1454 est,
1398 1419 1500 1455 eloqui.
1524 1418 1562 1446 De
1579 1418 1630 1445 hac
1646 1421 1725 1452 porta

938 1477 1070 1507 tanquam
1095 1470 1123 1497 in
1149 1474 1316 1503 unoquoque
1347 1470 1469 1493 nOstrum
1498 1463 1662 1495 exsistente,
1688 1461 1726 1488 ait

939 1518 1022 1546 etiam
1034 1516 1160 1545 Salvator
1174 1516 1201 1542 in
1210 1512 1373 1550 Apocalypsi
1384 1512 1406 1528 ⁸⁸
1418 1520 1424 1538 :
1441 1510 1507 1538 Ecce
1514 1515 1553 1537 sto
1567 1509 1601 1536 ad
1615 1509 1724 1541 ostium,

89 1554 143 1607 καὶ
162 1554 305 1608 διεξελθεῖν
322 1556 355 1608 τὶν.
371 1558 540 1608 νενοημένον.
560 1560 630 1596 Φησὶ
652 1561 681 1587 δὲ
702 1563 766 1598 περὶ
786 1564 881 1600 ταύτης

974 1563 1051 1600 pulso
1065 1570 1075 1589 .'
1090 1563 1114 1590 εἰ
1130 1562 1188 1598 quis
1207 1560 1272 1588 mihi
1294 1559 1375 1596 423
1396 1557 1544 1593 aperuerit,
1562 1555 1675 1583 ἰηινυὶὁο
1689 1561 1725 1581 ua

89 1600 143 1636 τῆς
167 1600 252 1637 θύρας
276 1602 305 1629 ἐν
324 1604 357 1639 τῇ
378 1602 502 1631 Ἰωάννου
527 1606 708 1643 Ἀποκαλύψει
723 1608 762 1640 ὡς
776 1609 805 1636 ἐν
822 1611 881 1638 ἐκά-

963 1617 1011 1642 mt,
1023 1613 1048 1641 et
1062 1607 1167 1635 cwnabo
1181 1615 1239 1634 cum
1251 1605 1307 1633 illo.

90 1658 150 1686 στῳ
171 1650 358 1687 τυγχανούσης
378 1653 425 1679 καὶ
444 1652 459 1679 ὀ
477 1654 582 1691 Σωτήρ·
608 1655 681 1683 Ἰδοὺ
705 1656 822 1693 ἕστηκα
842 1659 892 1687 ἐπὶ
911 1659 968 1695 τὴν
983 1659 1087 1693 θύραν,
1110 1655 1160 1683 καὶ
1182 1654 1288 1689 κρούω·
1311 1651 1366 1680 ἐάν
1381 1660 1426 1685 τις
1440 1650 1546 1686 ἀνοίγῃ
1566 1657 1627 1686 μοι,
1645 1648 1725 1675 εισι-

89 1694 241 1731 λεύσομαι
257 1698 332 1732 πρὸς
343 1699 446 1733 αὑτὸν,
462 1701 512 1728 καὶ
525 1701 677 1736 δειπνήσω
686 1705 751 1739 μετ’
765 1706 868 1734 αὑτοῦ.

127 1742 208 1770 Διότι
232 1741 328 1771 εἷπον·⁸
361 1745 629 1781 Ὲῖηιαταλέλοιπεν
650 1751 667 1777 ὁ
688 1751 806 1785 Κύριος.
831 1753 888 1780 οὐκ

90 1785 126 1824 ἦν
139 1788 206 1824 περί
217 1797 278 1816 τινα
294 1789 342 1816 ἕνα
358 1791 423 1817 ποτὲ
439 1792 690 1829 ὲναποτεταγμένον
705 1796 800 1829 τόπον,
818 1797 887 1824 ἀλλὰ

92 1834 159 1870 περὶ
175 1834 221 1862 τὸν
243 1835 362 1863 ἑκάστου
378 1838 496 1865 κοιτῶνα
519 1839 553 1866 τὰ
575 1840 735 1876 ἑωραμένα·
758 1842 806 1869 καὶ
827 1851 886 1869 κοι-

91 1879 167 1907 τῶνά
180 1888 213 1914 γε
226 1880 272 1908 τὸν
282 1881 412 1917 κρυπτὸν,
429 1882 506 1915 ἔθους
517 1883 593 1916 ὗντος
608 1886 641 1921 τῇ
657 1886 752 1923 Γραφῇ
767 1887 802 1915 τὰ
814 1888 887 1915 κατὰ

92 1926 123 1952 τὸ
139 1926 302 1962 ἡγεμονικὸν
320 1928 366 1954 καὶ
382 1929 518 1962 κρυπτὸν
538 1929 642 1965 καλεῖν,
664 1931 720 1958 ἔσθ’
737 1933 782 1960 ὅτε
796 1933 824 1959 δὲ
841 1933 888 1960 καὶ

90 1972 235 2007 ταμιεῖον.
253 1972 378 2000 Τοιοῦτον
393 1974 448 2010 γάρ
464 1975 522 2002 ἐστι
537 1975 578 2008 τὺ,
589 1976 717 2004 Εἵσελθε
731 1979 775 2012 εὶς
790 1979 822 2005 τὸ
836 1988 887 2006 τα-

88 2018 189 2053 μιεῖόν
213 2025 288 2045 σου·
316 2019 363 2046 καὶ
384 2019 424 2046 τό·
455 2020 487 2046 '0
503 2020 630 2053 βλέπων
652 2022 687 2049 ἐν
712 2023 752 2055 τῷ
768 2023 888 2058 κρυπτῷ

90 2063 244 2091 ἀποδώσει
260 2072 319 2092 σοι.
338 2065 376 2092 Οὐ
394 2065 503 2102 μακρὰν
518 2067 546 2093 δὲ
561 2067 662 2096 τούτων
679 2068 738 2096 ἐστὶ
754 2069 802 2096 καὶ
816 2070 830 2096 ὁ
845 2070 888 2097 λε-

90 2110 208 2146 γόμενος
222 2111 354 2145 κρυπτὸς
371 2111 428 2146 τῆς
442 2112 567 2147 καρδίας
580 2113 747 2149 ἅνθρωπος.
765 2116 889 2144 Πιθανώ-

89 2164 172 2192 τερον
196 2155 226 2182 δέ
245 2157 303 2183 ἐστι
329 2156 376 2183 καὶ
399 2156 463 2193 περὶ
486 2157 582 2184 τούτου
606 2159 652 2186 τοῦ
678 2160 800 2196 κρυπτοῦ
824 2162 888 2194 τοὺς

91 2202 303 2238 ἁμαρτάνοντας
318 2202 452 2236 ὑπονοεῖν,
462 2203 500 2235 ὡς
516 2203 595 2238 ὀρῶν
608 2206 666 2240 οὐχ
680 2205 735 2240 ὁρᾷ
750 2206 861 2241 αὐτοὺς
871 2209 888 2234 ό

91 2249 212 2283 Κύριος.
232 2248 350 2275 Δύναται
365 2249 394 2275 δὲ
407 2249 448 2281 τὸ,
472 2250 740 2285 Ἐγκαταλέλοιπεν
751 2254 768 2279 d
780 2253 889 2287 Κύριος

92 2293 152 2328 τὴν
172 2293 242 2329 γῆν,
259 2294 387 2334 λέγεσθαι
413 2295 466 2321 ὑπὸ
485 2295 541 2322 τῶν
557 2296 722 2332 νομιζόντων
742 2297 791 2334 τὴν
812 2297 887 2325 θείαν

93 2340 226 2375 πρόνοιαν
241 2340 279 2376 μὴ
293 2341 396 2376 διήκειν
409 2341 456 2368 καὶ
472 2342 519 2370 ἐπὶ
529 2343 579 2378 τὴν
590 2344 642 2378 γῆν
656 2345 703 2371 καὶ
717 2345 751 2372 τὰ
763 2347 792 2372 ὲν
803 2346 883 2381 αὐτῇ.

92 2385 156 2412 Elei.
182 2386 238 2422 γὰρ
259 2386 285 2413 οἶ
306 2387 360 2413 ἀπὸ
375 2386 429 2414 τῶν
451 2388 585 2423 οὐρανίων
610 2391 657 2416 καὶ
682 2391 810 2427 αίθερίων
835 2392 885 2419 οὐκ

93 2431 205 2466 ἀφεῖλον
218 2431 268 2468 τὴν
284 2433 416 2468 Πρόνοιαν
433 2433 638 2470 δυσωπηθέντες
654 2435 703 2472 τὴν
720 2437 749 2463 ἐν
772 2437 886 2470 ἐκείνοις

92 2477 181 2510 τάξιν·
199 2478 253 2504 ἀπὸ
263 2479 291 2505 δὲ
306 2478 357 2514 τῆς
366 2480 417 2514 γῆς
427 2480 561 2516 περιεῖλον
567 2481 653 2516 αὐτὴν
667 2482 714 2508 καὶ
724 2482 785 2518 [τὴν
798 2483 885 2520 θείαν]

92 2523 218 2575 δύὶιαμιν,
234 2524 360 2560 λέγοντες
376 2525 417 2559 τὸ,
438 2525 687 2562 Ἐγκαταλέλοιπε
706 2529 813 2564 Κύριος
827 2529 884 2565 τὴν

93 2578 164 2604 την.

130 2616 300 2650 Θρηνοῦσαι
308 2616 342 2643 τὸ
354 2617 498 2652 Suppetit.
507 2617 559 2645 Τὸν
565 2618 709 2655 λεγόμενον
718 2622 783 2657 παρ’
793 2622 887 2658 ’Έλλη-

94 2670 137 2688 σιν
148 2662 276 2695 Ἄδωνιν,
290 2662 423 2698 Θαμμούζ
435 2672 500 2698 φασι
515 2664 656 2692 καλεῖσθαι
668 2667 733 2702 παρ’
749 2667 884 2703 Ἑϐραίοις

91 2706 141 2733 καὶ
158 2707 264 2742 Σύροις.
295 2707 340 2739 Ὠς
355 2705 402 2734 οὖν
421 2708 468 2734 ἐπὶ
488 2710 522 2744 τῇ
539 2709 620 2742 λέξει,
639 2711 764 2747 ἑωρῶντο
787 2713 816 2740 αι
832 2721 882 2748 γυ-

93 2754 185 2785 ναῖκες
208 2754 255 2780 ἐπὶ
280 2753 314 2780 τὰ
342 2754 466 2790 πρόθυρα
492 2755 543 2790 τῆς
569 2755 657 2792 πύλης
684 2757 757 2784 οἴκου
783 2759 885 2794 Κυρίου

92 2798 247 2834 βλεπούσης
263 2799 333 2835 πρὸς
346 2799 447 2836 βορρᾶν
461 2800 615 2836 καθήμεναι
631 2802 678 2829 καὶ
693 2804 764 2830 κατά
776 2812 802 2830 τι
815 2803 885 2830 ὲθνι-

125 2853 148 2890 δ’
167 2853 268 2890 Εζθοῗι-
285 2854 402 2890 “NV-7“.
453 2856 568 2890 "Apoc.
589 2857 685 2885 "1.9.0.

87 2887 109 2904 ⁹³
123 2888 227 2917 Ezech.
245 2897 304 2920 \‘ltl.
323 2889 363 2916 1'2.
403 2890 424 2906 9"
442 2887 518 2918 il;id.'
545 2891 567 2907 νδ
583 2892 647 2920 ibid.
670 2892 710 2919 ll.

735 2857 756 2872 ⁸³
775 2856 873 2884 Etet-li.
891 2862 948 2888 vul,
967 2855 1007 2882 12.

974 1752 1045 1785 Quia
1059 1750 1194 1780 dixerunt,
1210 1746 1349 1782 dereliquit
1362 1745 1487 1772 Dominus
1500 1744 1533 1770 ⁸⁸.
1553 1742 1591 1770 Ea
1605 1749 1666 1777 quae
1676 1742 1726 1770 0h-

935 1797 1008 1833 jeeta
1023 1795 1111 1824 oculis
1125 1798 1205 1825 sunt,
1221 1799 1275 1820 non
1293 1792 1320 1818 iu
1336 1794 1410 1818 certo
1427 1789 1545 1825 quodam
1559 1788 1620 1815 loco
1634 1791 1723 1818 erant,

937 1842 986 1870 sed
1002 1841 1029 1869 in
1044 1839 1260 1874 uniuscujusque
1283 1836 1427 1869 cubiculo,
1451 1835 1574 1869 adeoque
1598 1833 1725 1860 cubiculo

938 1887 1099 1916 abscondito
1124 1893 1157 1913 ac
1181 1884 1327 1912 secretiore
1351 1891 1359 1909 :
1383 1882 1483 1917 quippe
1500 1888 1563 1908 eum
1582 1879 1668 1906 moris
1689 1878 1723 1906 sil

939 1934 1097 1970 Scriptum,
1107 1937 1137 1960 ut
1150 1939 1211 1966 qum
1223 1930 1256 1958 ad
1274 1929 1424 1964 principem
1441 1927 1525 1954 animi
1540 1931 1645 1961 partem
1659 1925 1724 1951 atti-

938 1969 1022 2012 nent,
1048 1977 1130 2006 etiam
1160 1975 1345 2002 absconditum
1369 1977 1456 2004 vocet,
1483 1970 1619 1998 interdum
1641 1969 1724 1996 etiam

938 2025 1070 2053 conclave.
1093 2021 1235 2058 Ejusmodi
1250 2020 1324 2048 enim
1340 2023 1382 2046 est
1398 2018 1464 2045 illud
1478 2017 1512 2044 9°:
1530 2016 1607 2043 Intra
1618 2016 1644 2042 in
1659 2023 1724 2042 cou-

938 2071 1010 2098 clave
1020 2075 1109 2101 tuum;
1120 2072 1147 2095 et
1160 2067 1266 2095 illud“:
1278 2065 1330 2098 Qui
1342 2065 1410 2093 videt
1424 2065 1451 2090 in
1462 2062 1624 2095 abscondito,
1634 2060 1724 2088 reddet

939 2118 998 2145 tibi.
1026 2115 1080 2144 Nec
1094 2115 1174 2150 longe
1188 2112 1295 2141 abistis
1314 2115 1356 2139 est
1374 2109 1421 2145 qui
1442 2109 1541 2137 dicitur
1554 2107 1724 2135 absconditus

938 2163 1025 2191 cordis
1048 2162 1125 2189 homo
1137 2162 1172 2187 θ’.
1201 2157 1383 2186 Verisimilius
1406 2159 1496 2183 autent
1518 2158 1561 2181 est
1581 2158 1723 2188 peccantes

938 2209 1019 2237 etiam
1033 2208 1067 2235 de
1086 2208 1138 2234 hoc
1154 2204 1313 2233 abscondito
1333 2201 1615 2237 suspicari,quoniam
1635 2199 1724 2226 videns

939 2262 991 2281 non
1015 2253 1086 2280 videt
1106 2259 1150 2279 eos
1174 2249 1304 2277 Dominus
1317 2248 1351 2274 ’³.
1376 2246 1444 2274 Illud
1455 2251 1545 2273 autem
1559 2245 1604 2272 ’δε
1623 2244 1725 2271 Dareti-

938 2299 995 2336 qm‘t
1018 2298 1146 2326 Dominus
1161 2301 1273 2326 terram,
1289 2297 1380 2329 potest
1400 2292 1454 2319 dici
1469 2291 1504 2319 ab
1520 2291 1555 2318 iis
1569 2290 1616 2325 qui
1629 2294 1725 2325 putant

939 2335 1059 2373 divinam
1082 2341 1280 2378 providentiam
1300 2346 1354 2366 non
1375 2338 1458 2366 etiam
1475 2337 1508 2364 ad
1533 2341 1632 2364 terram
1645 2339 1673 2362 et
1687 2335 1723 2363 ad

937 2398 970 2419 ea
985 2397 1046 2426 quae
1069 2389 1098 2416 in
1114 2389 1160 2415 illa
1179 2390 1262 2418 sunt,
1279 2385 1441 2420 pertingere.
1472 2383 1542 2410 Sunt
1556 2381 1629 2410 enim
1644 2380 1691 2415 qui
1706 2387 1724 2408 ι

939 2435 1096 2464 coelestibus
1118 2438 1145 2461 et
1169 2431 1294 2460 aathereis
1316 2429 1516 2457 Providentiam
1533 2435 1587 2455 non
1603 2426 1723 2455 abstule-

939 2486 1004 2510 runt
1019 2482 1054 2509 ob
1069 2480 1191 2508 ordinem
1213 2478 1241 2505 in
1265 2477 1319 2504 illis
1333 2476 1483 2503 elucentem
1497 2474 1524 2501 in
1537 2481 1596 2501 eam
1613 2472 1724 2501 abducti

940 2527 1119 2560 sententiam;
1134 2533 1150 2552 e
1162 2529 1234 2552 terra
1247 2530 1311 2551 vero
1325 2529 1384 2549 eam
1397 2520 1501 2555 Deique
1515 2519 1663 2554 potentiam
1679 2518 1725 2546 ab-

940 2574 1086 2606 stulerunt,
1101 2571 1221 2599 dicentes
1235 2579 1241 2596 :
1260 2567 1405 2603 Dereliquit
1417 2565 1545 2593 Dominus
1561 2570 1670 2592 terram.

975 2619 1102 2654 Lugentes
1118 2616 1263 2644 Thammuz
1276 2615 1310 2642 ".
1333 2614 1418 2647 Quem
1438 2611 1524 2639 Graeci
1537 2610 1654 2637 Adonim
1677 2617 1724 2637 vo-

937 2669 1018 2697 cant,
1035 2663 1186 2690 Thammuz
1201 2661 1278 2688 aiunt
1298 2659 1389 2687 vocari
1406 2657 1477 2692 apud
1493 2656 1618 2684 Hebraeos
1633 2660 1661 2682 et
1673 2654 1724 2690 Sy-

938 2719 995 2739 ros.
1029 2710 1165 2743 Quantum
1187 2708 1269 2743 igitur
1293 2706 1326 2733 ad
1339 2705 1457 2732 litteram
1471 2705 1577 2735 attinet,
1596 2701 1724 2730 mulieres

940 2757 969 2785 in
981 2757 1051 2784 atrio
1067 2759 1154 2790 porte
1166 2754 1264 2781 domus
1279 2752 1386 2778 Domini
1404 2759 1464 2786 qua:
1475 2749 1586 2784 respicit
1596 2749 1629 2776 ad
1643 2747 1724 2783 aqui-

941 2803 1029 2830 lonem
1057 2800 1238 2828 cernebantur
1261 2797 1386 2824 sedentes
1409 2804 1441 2824 ac
1464 2795 1577 2831 profano
1603 2794 1722 2830 quodam

1052 2853 1074 2868 νο
1099 2852 1192 2881 natm.
1210 2853 1304 2896 ",6.‘
1339 2853 1360 2869 ει
1375 2853 1439 2881 ibid.
1491 2854 1625 2881 utrm.
1642 2863 1680 2888 ιιι,
1703 2855 1723 2882 ι.
