1882 3052
47 132 109 160 8οῑ

671 133 827 162 SELECTA
846 133 880 162 IN
899 133 1024 163 EZECHI
1029 134 1131 164 ELEM.

1649 140 1703 171 803

47 191 207 228 λιτότητος
221 191 276 218 τῶν
292 191 337 219 διὰ
353 191 403 228 τὴν
418 192 447 219 ὲν
465 192 556 225 αὐτοῖς
570 193 670 229 ἀρετὴν
683 194 864 227 στεναζόντων

951 203 977 222 3r
990 203 1068 222 suam
1083 195 1210 223 virtutem
1232 201 1347 232 gemunt
1362 203 1394 224 ac
1406 197 1497 225 dolent
1515 206 1595 233 supt-r
1608 199 1701 234 populi

47 237 110 264 καὶ
129 237 309 273 ὀδυνωμένων
325 237 371 264 ἐπὶ
384 238 441 270 τοῖς
454 238 688 273 ἁμαρτανομένοις
698 239 727 265 ὲν
738 238 777 274 τῷ
793 239 861 274 λαῷ,

56 283 118 310 καί
141 285 361 320 συμπασχόντων
376 285 433 316 τοῖς
458 285 657 320 παρανομοῦσι.
681 285 812 322 Δεύτερος
834 285 862 312 δὲ

50 331 144 367 ἔλεγε
163 332 297 368 σύμὸολον
313 330 383 359 εἶναι
396 332 426 358 τὸ
442 332 498 359 Θαῦ
512 332 567 359 τῶν
586 334 632 359 τὸν
649 332 731 368 νόμον
746 338 863 369 τετηρη-

52 378 174 405 κότων⁸
191 378 307 414 ἐπείπερ
318 379 333 405 6
345 378 426 414 νόμος
441 379 506 415 παρ’
527 379 664 415 Ἑϐραίοις
676 378 757 415 Θωρὰ
774 378 864 406 καλεῖ-

53 432 126 457 ται,
153 424 248 451 καὶτὸ
270 424 378 460 πρῶτον
399 423 482 451 αὑτοῦ
503 424 633 460 στοιχείόν
650 425 709 451 ἐστι
732 423 763 451 τὸ
787 424 861 450 Θαῦ·

55 471 114 496 καὶ
133 469 270 505 σύμϐολον
286 468 355 497 εἶναι
370 470 424 497 τῶν
440 470 511 498 κατὰ
526 471 572 498 τδν
586 471 667 507 νόμον
679 470 861 506 βεὸιωκότων.

55 516 170 551 Τρίτος
185 516 213 543 δέ
230 525 273 548 τις
286 517 408 552 φάσκων,
425 516 479 544 τῶν
501 517 548 544 καὶ
560 518 600 549 είς
615 517 660 544 τον
681 517 798 553 Χριστὸν
815 526 864 544 πε-

58 563 269 595 πιστευκότων,
280 563 356 597 ἔλεγε
373 562 407 589 τὰ
417 563 517 598 ἀρχαῖα
528 564 647 598 στοιχεῖα
661 563 780 599 ἐμφερὲς
791 562 864 598 ἔχειν

58 608 96 635 τὸ
113 608 173 636 Θαῦ
189 609 228 644 τῷ
243 609 290 636 τοῦ
306 609 424 645 σταυροῦ
447 609 613 646 χαρακτῆρι,
632 610 678 636 καὶ
695 610 864 645 προφητεύε-

60 653 134 680 σοαι
149 655 215 690 περὶ
229 654 275 681 τοῦ
289 655 436 690 γενομένου
445 656 474 682 ὲν
482 656 653 691 Χριστιανοῐς
671 655 717 681 ἐπὶ
733 654 780 682 τοῦ
796 664 863 691 μετ-

56 698 147 726 ώπου
187 701 310 736 σημείου*
344 701 412 738 ὅπερ
448 701 569 728 ποιοῦσιν
599 701 623 728 οί
652 702 864 734 πεπιστευκότες

62 746 175 779 πάντες
188 747 342 774 οὑτινοσοῦν
364 747 617 784 προκαταρχόμενοι
631 748 803 783 πράγματος,
817 749 865 775 καὶ

53 791 222 827 ,μάλισταῆ
239 792 326 827 εὐχῶν
345 792 362 828 ἦ
379 793 465 827 ἁγίων
480 793 715 828 ἀναγνωσμάτων.

109 836 178 863 ὀτι
199 836 338 872 ἐπλήσθη
360 838 380 871 ἡ
404 837 442 873 γῆ
463 838 547 865 λαῶν
564 838 697 865 πολλῶν.
721 838 794 865 ’Δντὶ
818 838 864 866 τοῦ

65 883 169 916 λαῶν,
185 882 315 918 αἱμάτων
329 884 352 909 oi
364 872 452 910 λοιποὶ
465 885 632 920 πεποιήκασι
643 893 649 900 ·
667 885 713 912 καὶ
726 885 783 912 ἐστι
800 885 864 921 παρ’
881 872 902 902 Β

60 929 165 960 αὐτοῖς
187 928 282 963 σαφὲς,
303 928 411 955 πάντων
436 928 490 955 τῶν
515 929 584 964 πρὸς
601 928 715 956 θάνατον
737 929 865 965 ἁμαρτα-

67 975 175 1002 νόντων
190 974 385 1010 πληρουμένων
400 974 534 1010 αἱμάτων,
551 973 594 1001 διὰ
608 974 655 1001 τοῦ
670 974 789 1011 πλήθους
811 974 865 1002 τῶν

65 1021 143 1058 πρὸς
156 1020 270 1060 θάνατον
288 1020 508 1056 ἁμαρτανόντων.
523 1019 578 1047 Καὶ
595 1020 643 1047 ἐὰν
661 1020 689 1047 δὲ
741 1021 773 1048 τὸ
789 1022 866 1058 παρὰ

64 1068 131 1099 τοῖς
157 1066 369 1102 Ἐὗδομήκοντα,
391 1066 432 1093 ὅτι
456 1065 579 1102 ἐπλήσθη
599 1066 616 1102 ἡ
638 1065 674 1101 γῆ
700 1065 783 1098 λαῶν,
807 1065 866 1101 ὲρεί

64 1112 106 1140 τὰ
118 1111 204 1138 πολλὰ
220 1111 266 1138 καὶ
282 1111 417 1146 ἀλλόφυλα
433 1111 480 1139 καὶ
498 1111 561 1144 ξένα
579 1111 630 1146 τῆς
647 1111 774 1147 θεότητος
789 1111 865 1145 ἐγγι-

64 1159 175 1194 νόμενα
197 1159 263 1194 ἡμῖν
277 1158 399 1194 δόγματα
413 1156 493 1191 εἶναι,
520 1158 550 1184 οὐ
570 1157 644 1192 λαὸν,
665 1158 733 1185 ἀλλὰ
750 1157 864 1190 πολλοὺς

64 1205 256 1240 ἀσυμφώνους
272 1204 363 1237 λαούς.
375 1205 490 1241 Μήποτε
505 1205 533 1231 δὲ
547 1204 736 1241 ἁμαρτήματᾶ
751 1205 820 1236 ἐστι,
835 1203 866 1231 τδ

63 1250 122 1286 τὴν
143 1251 194 1286 γῆν
215 1251 273 1278 δέον
296 1251 492 1287 πεπληρῶσθαι
514 1251 641 1287 καρπῶν,
665 1251 761 1287 ἑτέραν
782 1248 865 1278 οὖσαν

65 1297 150 1334 παρὰ
166 1298 215 1334 τὴν
237 1297 326 1330 πόλιν,
346 1297 446 1325 τούτων
463 1297 511 1333 μὲν
532 1296 601 1325 εἶναι
626 1297 718 1332 κενὴν,
742 1296 813 1332 ἔχειν
837 1296 865 1324 δὲ

65 1343 138 1375 τοὺς
152 1343 365 1376 καταλείποντας
377 1343 426 1378 τὴν
441 1343 518 1369 πόλιν
531 1342 595 1369 λαὸν
609 1342 626 1378 ἦ
640 1343 687 1369 καὶ
700 1342 750 1374 τὰς
762 1342 864 1375 πόλεις.

65 1388 282 1425 Μεμεγάλυνται
292 1389 319 1415 δὲ
332 1389 534 1424 σφοδρότερονή
545 1388 636 1416 ἀδικία
647 1388 738 1420 ἔθνους
757 1384 865 1425 Ἰσραήλ

58 1436 120 1462 mea).
141 1435 226 1462 Ἰούδα
239 1435 276 1470 τῷ
291 1436 339 1461 καὶ
360 1436 410 1471 τὴν
427 1435 503 1462 πόλιν
520 1434 732 1469 πεπληρῶσθαι
746 1434 865 1468 ἀδικίας

60 1480 123 1507 καὶ
137 1480 333 1515 ἀκαθαρσίας.
349 1480 466 1516 Ἔχομεν
481 1480 509 1507 δὲ
530 1481 559 1507 ἐν
581 1481 687 1512 ἑαυτοῖς
701 1480 749 1507 καὶ
766 1480 817 1515 γῆν
831 1481 864 1516 ην

61 1525 128 1562 χρὴ
142 1527 290 1562 γεωργεῖν,
313 1526 362 1553 καὶ
384 1526 460 1553 πόλιν
480 1526 514 1561 ἣν
533 1526 574 1553 δεῖ
596 1526 757 1562 οίκοδομεῖν,
784 1527 862 1561 εἰπερ

64 1571 158 1607 ἐσμὲν
176 1571 255 1599 θεοῦ
274 1571 409 1606 γεωργία,
432 1571 505 1598 Θεοῦ
524 1571 676 1606 οἰκοδομή.
700 1567 751 1597 Ὧν
771 1570 799 1597 δὲ
814 1571 864 1598 οὐκ

69 1617 245 1653 ἐπιμέλεται,
257 1617 330 1644 ἀλλὰ
345 1617 424 1652 μόνον
438 1617 495 1653 ἔχει
508 1617 590 1649 λαοὺς
605 1617 652 1644 καὶ
668 1617 785 1651 ἀδικίαν,
803 1618 863 1644 τού-

68 1664 159 1698 τωνῆ
182 1662 272 1689 ἀδικία
296 1662 497 1698 μεμεγάλυνται
527 1661 630 1698 σφόδρα
659 1662 749 1698 μόνον·
773 1658 811 1688 ὦν
836 1662 864 1688 δὲ

68 1707 150 1734 οὔπω
169 1708 380 1744 μεμεγάλυνται,
396 1708 459 1735 ἄλλο
473 1708 526 1734 δέει
542 1708 587 1734 ἐπὶ
609 1707 639 1734 τὺ
654 1707 861 1743 μεγαλύνεσθαι⁴

70 1754 174 1789 ὁμοίως
186 1754 232 1781 καὶ
243 1754 289 1780 ἐπὶ
299 1754 347 1789 τῆς
358 1753 540 1790 ἀκαθαρσίας.
553 1753 625 1789 Πλὴν
636 1753 709 1780 αίτία
719 1753 765 1780 τοῦ
777 1752 869 1781 ταῦτα’

70 1800 215 1835 γεγονέναι
235 1801 294 1827 ἐστὶ
314 1800 344 1827 τὸ
366 1800 576 1836 ὑπολαμϐάνειν,
602 1801 646 1828 ὄτι’
665 1801 694 1827 οὔ
724 1800 820 1836 φθάνει
846 1801 863 1837 ἡ

70 1847 190 1884 Πρόνοια
203 1847 249 1874 ἐπὶ
259 1847 293 1875 τὰ
302 1849 330 1874 ὲν
342 1849 375 1884 τῇ
386 1849 432 1884 γῇ.
443 1846 517 1875 Εἶπεν
529 1847 594 1882 γὰρ,
612 1847 863 1882 Ἐγκαταλέλοιπσ

71 1893 182 1927 Κύριος
196 1893 253 1928 τὴν
265 1893 341 1928 τῆν’
350 1894 406 1920 οὐκ
426 1892 519 1928 ἐφορᾷ
536 1895 552 1920 ὁ
566 1894 684 1928 Κύριος,

913 241 1050 276 peccatis,
1085 246 1166 276 atque
1198 242 1401 277 compatiuntur
1434 244 1700 278 praevaricatoribus.

913 287 988 314 Alter
1011 287 1100 316 aiebat
1117 287 1234 315 litteram
1250 287 1327 315 Thau
1353 289 1505 323 symbolum
1531 295 1592 316 esse
1606 296 1701 316 eorum

913 332 959 368 qui
985 332 1071 368 legem
1102 338 1294 366 servaverunt,
1318 334 1538 369 quandoquidem
1565 334 1608 362 lex
1631 335 1702 370 apud

912 377 1041 406 ilcbraros
1065 378 1154 405 Thora
1182 379 1350 414 appellatur,
1377 380 1456 414 cujus
1481 380 1555 407 vocis
1584 379 1702 415 primum

913 418 1077 452 elementum
1091 425 1126 452 sit
1137 424 1214 451 Thau
1230 433 1261 452 ac
1275 425 1409 460 signiticet
1425 433 1473 453 eos
1485 425 1531 460 qui
1550 425 1703 453 secundum

913 470 998 505 legem
1015 470 1152 497 vixerunt.
1173 471 1285 498 Tertius
1297 478 1362 498 vero
1373 471 1484 506 quidam
1499 479 1530 498 ex
1547 478 1641 498 eorum
1655 479 1706 498 nu-

914 523 990 543 mero
1014 516 1059 550 qui
1072 515 1188 543 Christo
1211 524 1310 543 nomen
1332 516 1482 550 dederunt,
1507 517 1597 544 aiebat
1612 520 1704 544 vetera

914 561 1045 589 elementa
1064 562 1105 589 sic
1129 561 1246 589 litteram
1271 561 1347 590 Tliau
1374 562 1512 596 exhibere,
1538 567 1567 589 ut
1588 563 1703 598 figuram

914 607 1005 635 crucis
1021 607 1130 640 referat,
1148 615 1262 643 esseque
1279 608 1436 635 vaticinium
1453 608 1526 636 illius
1545 608 1614 643 signi
1631 608 1704 643 quod

915 653 985 688 apud
998 653 1173 681 Christianos
1190 654 1217 680 in
1231 654 1320 682 fronte
1333 650 1478 690 etiingitur,
1495 655 1621 690 quodque
1636 654 1704 681 ﬁde-

914 700 954 728 les
974 707 1070 728 omnes
1095 699 1216 733 faciunt,
1242 700 1373 735 quidquid
1392 700 1483 735 operis
1498 700 1703 735 aggrediantur,

915 752 947 772 ac
973 745 1092 772 maxime
1120 745 1161 772 vel
1187 752 1298 780 precum
1326 744 1368 772 vel
1392 753 1531 772 sacrarunt
1557 744 1704 772 lectionum

914 791 1004 818 initio.

950 837 1021 869 Quia
1039 837 1146 871 intplcla
1169 842 1206 864 est
1229 837 1332 872 populi:
1348 837 1440 864 multis
1459 838 1480 864 ³.
1511 836 1564 863 Pro
1589 836 1704 872 populis,

916 882 1013 918 reliqui
1040 883 1214 918 sunguinibus
1240 882 1407 918 interpretati
1423 887 1502 915 sunt,
1530 883 1649 918 illudque
1664 887 1706 910 est

916 929 988 964 apud
1001 929 1061 956 illos
1077 929 1251 964 perspicuum
1263 951 1270 962 ,
1285 937 1348 957 cum
1368 937 1464 956 onmes
1479 929 1524 963 qui
1541 928 1572 955 ad
1590 933 1705 956 mortem

916 980 1040 1012 peccant,
1064 976 1135 1010 pleni
1158 976 1213 1003 sint
1235 975 1425 1011 sanguinibus,
1449 983 1504 1010 pra:
1533 974 1707 1002 multitudine

916 1029 1008 1049 eorum
1031 1021 1078 1056 qui
1093 1021 1126 1048 ad
1141 1025 1256 1049 mortem
1273 1027 1395 1056 peccant.
1429 1020 1458 1047 Si
1471 1028 1536 1048 vero
1551 1020 1705 1047 l'ocum‘lia-

915 1066 979 1094 beat
1002 1067 1067 1094 illud
1085 1067 1158 1103 quod
1173 1067 1242 1103 apud
1261 1066 1437 1102 Septuaginta
1456 1066 1586 1101 scriptum
1600 1070 1652 1100 est,
1668 1073 1708 1092 re~

914 1113 1015 1148 pletam
1032 1121 1093 1141 esse
1109 1117 1208 1140 terram
1223 1113 1346 1148 populis,
1361 1112 1432 1140 dicet
1446 1112 1507 1147 quis
1521 1110 1603 1148 425
1621 1112 1706 1139 multa

915 1163 942 1187 et
957 1159 1092 1195 allopltyla
1116 1164 1199 1194 atque
1222 1166 1238 1186 a
1264 1159 1363 1186 deitate
1377 1157 1466 1185 aliena
1486 1157 1612 1193 dogmata
1626 1157 1708 1185 nobis

912 1205 1002 1232 accita
1017 1212 1096 1238 esse,
1112 1212 1165 1232 non
1182 1204 1312 1240 populum
1323 1225 1332 1238 ,
1356 1204 1403 1231 sed
1428 1204 1527 1231 multos
1543 1203 1706 1232 dissidentes

915 1251 1041 1286 populos.
1070 1250 1151 1278 Forte
1177 1259 1243 1278 vero
1270 1250 1341 1277 inter
1365 1256 1474 1286 peccata
1503 1251 1704 1278 numerandum

915 1302 967 1330 est.
977 1297 1049 1332 quod
1064 1301 1135 1324 terra
1149 1305 1231 1332 quam
1246 1296 1370 1331 frugibus
1387 1297 1493 1333 plenam
1506 1304 1566 1325 esse
1580 1296 1704 1329 decebat,

915 1343 1015 1380 quippe
1041 1343 1121 1370 aliam
1136 1351 1150 1370 a
1165 1343 1285 1375 civitate;
1304 1343 1337 1370 iis
1361 1343 1470 1378 quidem
1498 1350 1583 1370 vacua
1598 1342 1650 1376 sit,
1665 1340 1707 1369 af-

916 1388 984 1417 fluat
1006 1394 1097 1416 autem
1118 1389 1218 1423 populo
1240 1388 1286 1423 qui
1304 1388 1439 1415 civitatem
1455 1388 1497 1415 vel
1512 1388 1593 1415 etiam
1610 1388 1707 1415 civita-

915 1439 957 1463 tes
972 1435 1089 1463 deserat.
1109 1434 1278 1470 Magniﬁcata
1293 1439 1335 1462 est
1352 1432 1442 1462 autem
1458 1434 1588 1469 majorem
1604 1435 1630 1462 in
1649 1442 1708 1462 mo-

915 1481 978 1509 dum
995 1481 1126 1516 iniquitas
1141 1481 1227 1516 gentis
1240 1480 1322 1508 Israel
1338 1485 1364 1507 et
1378 1479 1446 1508 .luda
1458 1501 1465 1513 ,
1491 1489 1522 1507 eo
1536 1480 1608 1516 quod
1623 1481 1705 1509 etiam

914 1525 1011 1552 civitas
1024 1525 1122 1560 repleta
1132 1529 1170 1552 est
1186 1524 1328 1559 iniquitate
1348 1529 1371 1552 et
1387 1525 1556 1551 immundilia
1569 1525 1589 1552 ³.
1617 1525 1706 1553 Ilabe-

915 1578 977 1597 mus
992 1578 1072 1605 porro
1089 1570 1115 1597 in
1133 1570 1213 1598 nobis
1226 1569 1307 1598 etiam
1325 1574 1426 1597 terram
1440 1570 1581 1598 colendam
1596 1576 1622 1598 et
1637 1572 1706 1598 civi-

915 1618 997 1642 tatem
1010 1615 1197 1643 aediticandam
1212 1624 1219 1642 :
1233 1615 1454 1650 quandoquidem
1471 1615 1518 1642 Dei
1530 1615 1706 1651 agricultura,

917 1661 966 1689 Dei
980 1661 1126 1696 adiﬁcatio
1142 1669 1238 1689 sumus
1255 1661 1276 1689 ⁸.
1296 1661 1335 1688 De
1350 1661 1528 1696 quibusvcro
1545 1662 1599 1689 non
1617 1667 1706 1694 curat,

917 1708 965 1735 sed
988 1707 1076 1735 solum
1101 1706 1183 1734 habet
1206 1707 1332 1742 populos,
1353 1712 1381 1735 et
1397 1699 1579 1742 iniquitatem,
1606 1709 1704 1736 horum

917 1753 1047 1789 iniquitas
1061 1752 1232 1788 magnificata
1249 1758 1291 1781 est
1306 1754 1400 1788 valde;
1419 1761 1535 1789 quormn
1555 1761 1620 1782 vero
1636 1764 1705 1783 non-

916 1798 982 1826 dum
1001 1798 1172 1833 magnificata
1193 1802 1253 1831 est,
1279 1799 1352 1826 aliud
1366 1798 1430 1834 quid
1445 1800 1520 1826 dccst
1538 1800 1709 1834 ut'niagnili-

915 1851 1001 1875 cetur.
1036 1845 1192 1882 Eademque
1208 1846 1277 1873 ratio
1294 1851 1337 1874 est
1353 1847 1386 1874 de
1401 1845 1583 1874 immunditia.
1618 1847 1706 1876 Caete-

914 1901 975 1922 rum
990 1893 1072 1921 eausa
1087 1892 1136 1920 c'ur
1145 1891 1206 1920 haec
1220 1892 1358 1926 eveniant,
1370 1900 1401 1920 ea
1417 1897 1455 1920 est
1470 1892 1706 1927 quichroviden-

72 1940 112 1967 tia
129 1939 162 1966 ad
177 1943 282 1966 terrena
296 1937 353 1966 haec
366 1938 519 1974 pertingere
534 1937 773 1966 no’u‘existimetu‘r
789 1947 796 1965 :
813 1937 943 1965 Dixerunt
966 1937 1059 1970 enim,
1080 1937 1225 1972 Dereliquit
1246 1936 1375 1964 Dominus
1390 1942 1488 1964 le‘rram
1503 1945 1512 1964 :
1525 1940 1578 1965 non’
1601 1939 1708 1974 inspicit

71 1983 205 2012 Dominus
221 1985 242 2011 ⁸.

406 2032 485 2059 ΚΕΦ.
506 2032 535 2059 I'.

112 2079 260 2114 ὀμοίωμα
277 2079 386 2112 θρόνου
398 2077 444 2104 ἐπ’
458 2077 567 2105 αὐτῶν.
586 2077 624 2104 Οὐ
639 2077 733 2114 θρόνον
748 2077 787 2110 δὲ,
805 2077 864 2104 ἀλλ’

68 2125 199 2160 ὁμοίωμα
215 2124 310 2160 θρόνου
326 2119 406 2160 ὁρᾷὸ
422 2123 574 2160 προφήτης·
591 2122 685 2159 ὥσπερ
701 2122 748 2150 καὶ
762 2123 791 2150 ἐν
807 2123 864 2155 τοῖς

69 2170 202 2206 ἀνωτέρω
227 2170 309 2205 φησὶν
333 2170 364 2196 οὺ
389 2168 438 2206 τὴν
464 2168 545 2202 δόξαν
571 2168 674 2205 Κυρίου
699 2169 777 2206 δρᾷν,
804 2168 862 2195 ἀλλ’
879 2192 901 2219 D

69 2215 200 2251 ὁμοίωμα
232 2214 311 2250 δόξης
340 2213 455 2251 Κυρίου,
484 2213 586 2249 λέγων’
602 2213 683 2248 Αὕτη
711 2213 730 2248 ἠ
759 2213 864 2247 ὅρασις

68 2259 204 2294 ὁμοίωμα
224 2257 281 2292 τῆς
294 2258 386 2292 δόξης
399 2258 522 2292 Κυρίου.
539 2258 595 2284 Καὶ
613 2259 643 2284 οὒ
664 2257 820 2294 θαυμαστὸν
837 2259 862 2285 εί

69 2306 96 2332 οἱ
115 2304 229 2340 μηδέπω
244 2303 387 2340 προσώπῳ
401 2303 470 2340 πρδς
486 2303 635 2340 πρόσωπον
647 2303 683 2330 τὰ
707 2304 861 2340 πράγματα

70 2351 216 2379 κατανοεῖν
232 2350 375 2385 δυνάμενοι
386 2350 495 2378 πάντων
511 2349 623 2377 ἐκείνων
632 2349 793 2385 ὁμοιώματα
805 2343 867 2385 βλέέ

70 2400 181 2429 πουσιν,
202 2388 246 2423 ὅτε
264 2395 401 2429 ἀξιοῦνται
424 2396 470 2423 τοῦ
491 2388 613 2432 θεωρεῖν.
631 2395 743 2431 Νομίζω
767 2395 805 2427 δὲ,
821 2395 863 2422 δτι

71 2441 120 2469 καὶ
137 2441 254 2469 ἐνύπνια
271 2441 335 2477 περὶ
359 2440 413 2468 τῶν
437 2441 579 2477 βασιλειῶν
604 2441 684 2477 μέχρι
699 2441 748 2476 τῆς
771 2448 862 2467 συντε-

70 2488 146 2520 λείας
164 2488 223 2515 καὶν
234 2487 286 2524 τῆς
304 2487 480 2520 ἀναάτάσεως
497 2487 603 2523 βλέπων
627 2486 726 2523 Δανίὴλ
748 2487 777 2514 ὲν
792 2488 861 2521 φαν-

69 2535 154 2570 τασία
170 2534 275 2568 ἐγίνετο
293 2533 475 2569 δεικνυμένων
483 2533 672 2569 ⁷ὸμοιωμάτων
686 2532 769 2568 αὐτῷ.
785 2532 863 2560 Οὕτω

70 2579 143 2609 κατὰ
157 2580 233 2616 ὕπαρ
245 2589 287 2612 τις
305 2579 420 2616 βλέπων,
429 2580 599 2614 τυπουμένου
612 2579 685 2615 αὐτῷ
702 2578 748 2606 τοῦ
760 2580 863 2615 ἡγεμο-

69 2626 147 2654 νικοῦ
173 2625 298 2654 ἀπὸτοῦ
319 2626 486 2662 προφητικοῦ
507 2626 675 2661 Πνεύματος,
702 2624 862 2661 ὁμοιώματα

69 2681 131 2699 τινα
149 2670 327 2707 φαντάζεται,
343 2671 494 2708 συμϐολικᾶ
505 2671 559 2698 τῶν
576 2671 725 2707 ἀληθινῶν·
744 2671 780 2707 μὴ
793 2678 860 2706 συγ-

69 2719 213 2754 χωρούσης
229 2718 281 2753 τῆς
297 2718 524 2754 ἀνακεκραμένης
545 2718 625 2754 πάχει
640 2718 687 2745 καὶ
700 2717 794 2752 γεώδει
809 2718 860 2744 σώ-

72 2773 135 2800 ματι
149 2764 242 2800 ψυχῆς
258 2764 438 2800 τρανέστερον
459 2764 511 2792 καῖ
529 2764 695 2800 σαφέστερόν
710 2772 737 2790 τι
756 2763 861 2800 θεωρῆ-

1241 2029 1317 2058 CAP.
1334 2030 1369 2059 Χ.

953 2077 1107 2105 είηιίίῑιιὶιίο
1124 2077 1211 2104 throni
1227 2085 1304 2111 super
1317 2085 1346 2104 eo
1358 2078 1379 2104 ⁸.
1410 2076 1467 2105 Νοη
1491 2077 1620 2106 thronum
1633 2100 1641 2114 ,
1657 2081 1705 2109 sed

916 2123 1007 2151 throni
1032 2123 1240 2151 similitudinem
1267 2123 1339 2150 videt
1365 2123 1508 2158 propheta,
1526 2126 1706 2160 quemadmo-

916 2169 982 2196 dum
996 2170 1077 2196 etiam
1092 2169 1119 2195 in
1137 2168 1326 2203 superiOribus
1351 2169 1389 2196 ait
1409 2169 1510 2197 vidisse
1533 2177 1562 2198 se
1583 2178 1637 2199 non
1652 2171 1706 2200 Do-

916 2214 984 2243 mini
1009 2214 1136 2250 gloriam.
1159 2214 1205 2242 sed
1231 2213 1438 2242 similitudinem
1467 2215 1559 2251 κίοι-ἰαὶ
1586 2216 1705 2252 Domini,

916 2261 1034 2289 dicens"
1052 2269 1058 2287 :
1076 2260 1218 2287 lld’c't'iaio
1233 2260 1382 2287 similitudo
1396 2261 1488 2296 gloria.-
1506 2261 1624 2291 Domini.
1645 2263 1705 2292 Non

916 2302 1017 2335 mirum
1043 2307 1134 2334 autem
1159 2306 1181 2334 si
1204 2306 1251 2342 qui
1270 2306 1384 2334 necdum
1411 2306 1480 2335 fa‘cie
1501 2302 1649 2336 adifatriem'
1661 2318 1705 2338 res

915 2353 1071 2388 perspicere
1096 2352 1204 2386 valent,
1229 2352 1336 2379 illarum
1365 2353 1487 2380 omnium
1512 2354 1705 2384 similitudines

915 2399 1018 2432 vident,
1041 2398 1102 2426 cum
1118 2397 1180 2426 illas
1195 2401 1307 2425 cernere
1322 2398 1361 2426 eis
1378 2400 1532 2433 praestatur.
1571 2399 1704 2429 Existimo

915 2450 1020 2478 autem,
1046 2451 1107 2472 cum
1122 2449 1149 2472 et
1160 2443 1253 2472 Daniel
1269 2443 1404 2471 insomnia
1418 2444 1523 2471 videret
1536 2444 1569 2472 de
1581 2445 1704 2480 imperiis

913 2498 1001 2526 usque
1039 2490 1072 2518 ad
1104 2489 1368 2519 consummationem
1404 2493 1431 2516 ct
1463 2490 1702 2524 resurrectionem.

913 2537 996 2565 menti
1024 2536 1084 2571 ejus
1107 2535 1262 2564 occurrisse
1286 2535 1490 2563 similitudines.
1525 2535 1571 2564 Sic
1592 2538 1702 2572 quando

913 2579 976 2616 quis
991 2579 1182 2607 vuram'habet
1195 2579 1339 2612 visionem,
1353 2578 1519 2607 informante
1531 2580 1604 2609 illius
1626 2590 1703 2610 meu-

914 2629 968 2653 tem
1000 2625 1103 2660 Spiritu
1133 2625 1314 2660 prophetico,
1348 2624 1540 2653 similitudines
1569 2627 1701 2661 quasdam

915 2671 1007 2698 animo
1034 2671 1152 2706 cogitat.
1182 2672 1309 2698 vererum
1337 2671 1415 2706 signa
1445 2679 1453 2699 :
1484 2671 1548 2707 quia
1572 2672 1701 2700 nimirum

914 2717 1005 2744 anima
1019 2721 1114 2744 crasso
1128 2721 1154 2744 et
1162 2721 1271 2744 terreno
1279 2717 1528 2752 corporiimmista,
1538 2717 1639 2747 clarius
1652 2719 1703 2746 ali-

913 2762 977 2798 quid
993 2769 1026 2790 ae
1041 2761 1212 2790 manifestius
1224 2762 1347 2790 contueri
1365 2770 1419 2790 non
1434 2763 1509 2792 sinit.
1547 2763 1702 2794 Observanv

101 2851 112 2865 ¹
125 2857 228 2886 Ezecli.
244 2865 282 2885 ix.
303 2856 329 2884 9.
377 2856 463 2885 'ibid.
478 2858 505 2886 9.
544 2858 575 2886 ⁸1
591 2857 652 2886 Cor.
670 2866 712 2891 ιιι,
728 2857 754 2885 9.
775 2858 785 2874 '
798 2856 864 2885 Ezec

951 2856 992 2887 ηε).
1031 2855 1148 2885 Ἐιοςίι.
1164 2856 1227 2890 x,l.
1267 2856 1276 2871 '
1289 2854 1386 2884 Ezech.
1403 2855 1468 2890 ΠΛ.
