1882 3052
189 131 242 161 8tt7

893 131 940 160 EX
959 131 1110 161 ORiGENE

1773 136 1828 163 808

189 193 372 221 somniarunt.
396 190 465 219 Nam
493 192 516 219 si
529 191 584 220 hoc
609 192 783 226 dederimus,
807 197 915 228 tempus
937 199 975 221 est

1059 202 1091 226 εν,
1108 193 1168 228 ὥρα
1182 192 1216 220 τὰ
1231 192 1321 220 πάντα
1341 193 1432 228 λέγειν
1451 192 1571 229 ἔμψυχα,
1595 193 1643 220 καὶ
1665 196 1828 230 σενηγορείν

189 243 220 266 ut
231 243 330 266 cuneta
345 239 464 266 animata
476 239 611 271 dicamus,
624 243 707 274 alque
719 239 754 267 iis
778 239 979 276 patrocinemur

189 286 236 321 qui
254 286 502 321 metempsychoses
519 286 662 314 inducunt.

228 330 263 357 Et
276 335 409 358 conteram
422 339 454 358 ea:
466 339 497 358 ea
505 331 688 366 fulcimentum
700 331 776 365 panis
789 331 822 357 ’⁸.
836 329 979 366 Quasi_di-

189 382 264 405 ceret
280 385 288 404 :
300 384 350 411 pro
364 377 514 412 iniquitatis
530 385 586 405 suae
600 377 705 404 ratione
717 377 877 412 punientur.

224 423 308 459 428
324 423 458 458 Ejusdem.
479 422 562 450 Terra
575 428 668 450 nostra
684 430 810 458 peccans,
828 423 910 450 homo
923 422 978 450 sci«

190 469 253 496 licet
280 469 413 501 exterior,
443 469 566 497 sensibili
595 468 667 496 fame
688 469 839 503 punietur;
866 468 980 496 interior

189 520 280 542 autem
292 515 375 542 homo
391 514 461 542 fame
476 515 602 550 spiritali,
618 515 739 542 carentia
757 514 886 542 nimirum
900 514 979 549 panis

188 561 332 596 spiritalis.
366 560 514 595 Angustias
540 561 667 594 sustinet,
690 569 752 588 cum
774 561 903 594 exterior,
920 560 977 588 tum

189 607 321 641 interior;
335 613 368 634 ac
384 606 517 642 quidquid
531 608 651 634 exterior
666 607 782 634 sustinet
795 610 928 641 quantum
944 605 978 633 ad

188 661 299 682 sensum
309 674 317 686 ,
345 653 462 680 sustinet
476 657 503 680 et
518 653 633 680 interior
647 657 779 688 quantum
798 652 831 679 ad
846 657 976 680 mentem.

219 698 356 732 Ejusdem.
390 698 478 725 Etiam
496 699 712 733 uniuscujusque
733 703 855 725 nostrum
886 698 978 725 anima

185 749 259 772 terra
283 744 396 778 dicitur;
415 749 442 772 et
457 744 512 771 alia
526 745 636 779 quidem
654 744 809 779 paradisum
821 764 828 776 ,
847 743 898 770 alia
920 743 977 779 spi-

188 798 239 818 nas
254 790 347 822 habet,
363 790 417 817 alia
432 790 504 817 bona
519 790 630 823 dicitur,
649 790 702 817 alia
717 790 798 818 mala.
818 790 907 825 Atque
919 790 978 817 haec

186 837 307 864 ostendit
325 835 432 863 Domini
447 836 587 870 parabola.

1030 241 1088 272 τοῖς
1100 239 1150 272 τὰς
1167 238 1390 275 μετεμψυχώσεις
1403 239 1554 274 εἰσάγουσι.

1065 325 1122 353 Kal
1143 326 1303 361 συντρίψω
1326 326 1421 361 αὐτῆς
1442 326 1591 362 στήριγμα
1612 327 1719 362 ἄρτου.
1754 328 1826 356 Ἀντὶ

1030 372 1087 399 τοῦ·
1105 373 1184 399 Κατὰ
1193 373 1242 408 τὴν
1257 373 1363 400 ἀδικίαν
1375 373 1626 410 τιμωρηθήσονται,

1068 418 1123 445 Τοῦ
1146 419 1250 446 αὑτοῦ.
1275 420 1306 445 Ἦ
1317 419 1352 455 γῆ
1370 419 1447 455 ἡμῶν
1470 420 1487 456 ἡ
1510 421 1722 456 ἁμαρτάνουσα,
1737 422 1751 448 ό
1772 421 1826 455 ἔξω

1030 465 1174 501 ἅνθρωπος
1195 465 1338 498 κολάζεται
1361 466 1399 501 τῷ
1423 466 1544 502 αἰσθητῷ
1565 467 1648 502 λιμῷ·
1669 468 1718 495 καὶ
1735 469 1748 495 ό
1771 469 1825 495 ἔσω

1030 511 1171 547 ἅνθρωπος
1182 512 1325 544 κολάζεται
1336 512 1375 548 τῷ
1388 512 1476 548 νοητῷ
1493 513 1574 549 λιμῷ,
1589 516 1622 549 τῇ
1639 516 1766 550 στερήσει
1777 515 1824 542 τοῦ

1030 558 1215 594 πνευματικοῦ
1236 559 1330 595 ἄρτου.
1360 559 1491 594 Ἀγωνίαν
1507 560 1637 595 ὑπομένει
1655 561 1704 587 καὶ
1724 563 1739 588 ό
1759 562 1823 594 ἔξω,

1029 601 1076 628 καὶ
1089 602 1103 629 ὁ
1112 602 1180 629 ἔσω·
1194 603 1242 630 καὶ
1251 603 1301 630 ὅσα
1317 603 1445 640 ὑπομένει
1459 604 1473 630 ὁ
1488 603 1540 636 ἔξω
1554 606 1624 632 κατὰ
1636 606 1668 632 τὸ
1685 606 1823 642 αἰσθητὸν,

1029 647 1147 675 τοσαῦτα
1161 648 1290 684 ὑπομένει
1307 650 1354 676 καὶ
1366 651 1379 677 ὁ
1396 650 1449 677 ἔσω
1460 650 1532 677 κατὰ
1547 651 1578 678 τὺ
1591 652 1698 687 νοητόν.

1067 694 1124 722 Τοῦ
1139 695 1244 723 αὐτοῦ.
1268 696 1384 730 Λέγεται
1401 697 1448 724 κει.)⁸
1470 697 1486 732 ή
1508 698 1625 725 ἑκάστου

1028 742 1074 778 γῆ·
1089 742 1106 778 ἡ
1124 742 1176 779 μὲν
1194 741 1357 778 παράδεισον
1370 743 1404 778 γῆ
1416 742 1524 778 ἔχουσα,
1538 745 1554 778 ὴ
1565 744 1593 770 δὲ
1604 744 1744 776 ἀκάνθας·
1761 745 1779 780 ἡ
1795 745 1823 770 δὲ

1029 789 1098 825 καλὴ
1114 789 1233 824 λέγεται,
1248 791 1264 826 ἡ
1287 789 1315 816 δὲ
1332 790 1447 826 πονηρὰ.
1470 791 1526 817 Καὶ
1541 790 1627 816 ταῦτα
1647 790 1725 826 δηλοί
1741 791 1758 826 ἡ
1774 799 1823 817 πα-

1033 835 1134 872 ραϐολὴ
1151 836 1197 862 τοῦ
1212 836 1325 872 Κυρξου.

224 881 258 908 Et
271 882 294 909 si
311 882 410 916 fuerint
425 887 477 908 tres
491 882 542 908 viri
556 882 601 908 isti
613 881 641 907 in
653 881 738 908 medio
749 881 817 916 ejus,
837 880 903 914 Noe,
913 880 975 913 Job,

1066 881 1122 909 Kal
1136 881 1192 908 ἐὰν
1212 879 1288 909 ὦσιν
1303 883 1331 909 ol
1353 882 1431 916 τρεῖς
1450 882 1560 916 ἄνδρες
1574 879 1656 910 οὗτοι
1677 883 1715 909 ἐν
1741 883 1822 917 μέσῳ

188 927 284 955 Daniel
301 928 334 954 ".
364 927 452 955 llosce
475 931 586 955 sanctos
611 926 693 954 refert
717 926 807 954 omnis
827 927 873 961 qui
893 927 978 954 vitam

188 981 267 1000 suam
281 981 364 1008 super
378 978 477 1001 terram
490 981 544 1000 non
556 973 688 1007 eorrupit,
701 980 750 1000 nec
763 973 799 999 ita
811 977 884 1000 totus
896 980 979 1000 carne

187 1021 310 1048 imbutus
326 1025 377 1053 est,
404 1024 434 1048 ut
449 1020 532 1047 faciat
556 1027 667 1047 sensum
685 1019 776 1046 carnis
790 1024 816 1046 et
832 1024 905 1046 totus
918 1026 978 1046 esse

187 1074 252 1094 caro
279 1071 434 1100 censeatur,
464 1066 511 1093 sed
539 1066 612 1093 lucet
635 1071 764 1100 tauquam
790 1065 924 1092 luminare
949 1064 977 1091 in

186 1113 301 1147 mundo,
316 1114 457 1141 sustinens
469 1112 582 1140 verbum
597 1112 659 1139 vitae
677 1112 704 1138 in
719 1112 808 1139 medio
824 1111 978 1147 generatio-

187 1160 231 1187 nis
246 1167 336 1194 pravaa
351 1164 432 1194 atque
444 1166 595 1194 perversae,
613 1162 643 1185 ut
653 1157 690 1184 ad
704 1165 766 1185 eum
781 1157 849 1185 Deus
863 1165 979 1192 respon-

186 1197 270 1233 denti:
290 1205 360 1232 Novi
375 1210 399 1232 te
413 1204 497 1232 solum
518 1205 623 1238 justum
647 1204 675 1230 in
689 1204 856 1239 generatione
879 1204 932 1230 ista
942 1203 975 1230 ³⁰.

185 1252 319 1287 Quisquis
343 1251 425 1287 igitur
448 1251 511 1278 talis
537 1255 594 1283 est,
612 1249 669 1277 Noe
689 1254 745 1283 est;
763 1254 790 1277 et
808 1257 868 1285 quae
881 1250 914 1277 de
930 1249 977 1277 illo

185 1298 343 1334 conscripta
369 1302 444 1332 sunt,
462 1299 544 1324 etiam
558 1296 591 1324 ad
606 1297 688 1323 istum
704 1295 871 1323 referuntur.
901 1295 975 1323 Con—

184 1345 290 1372 ditione
313 1345 385 1372 enim
416 1351 496 1378 pares
518 1343 601 1370 ambo
618 1341 682 1369 facti
699 1346 781 1375 sunt,
800 1342 837 1369 ita
853 1346 882 1369 ut
894 1342 976 1369 ambo

185 1391 243 1420 Noe
259 1395 461 1425 nuncupentur.

221 1492 359 1528 Ejusdem.
389 1491 486 1519 Omnis
500 1491 547 1526 qui
570 1489 692 1525 posuerit
714 1489 741 1517 in
758 1489 841 1517 corde
856 1496 906 1516 suo
920 1495 976 1516 non

184 1540 271 1575 pollui
286 1540 312 1567 in
330 1539 400 1566 cibis
418 1543 445 1565 et
467 1537 576 1572 potibus
601 1537 732 1571 spiritalis
755 1535 974 1563 Nabuchodono-

186 1594 242 1618 sor,
257 1586 306 1613 sed
319 1585 441 1613 animam
458 1591 535 1611 suam
549 1583 660 1618 jejuniis
683 1582 801 1618 amigere
818 1582 844 1608 in
860 1581 911 1609 hac
923 1580 976 1609 Ba:

184 1632 284 1666 bylone
300 1634 411 1666 propter
427 1629 609 1664 cognitionem
625 1628 763 1661 veritatis;
779 1627 836 1663 qui,
851 1627 973 1662 inquam,

184 1677 321 1711 ejusmodi
338 1680 390 1709 est,
403 1675 498 1703 Daniel
511 1681 566 1709 est,
585 1680 612 1703 et
627 1683 688 1710 qua:
702 1675 736 1702 de
751 1675 798 1701 illo
817 1678 973 1706 narrantur,

184 1723 219 1750 de
233 1723 402 1758 hocquoque
416 1729 536 1757 congrue
547 1722 683 1750 dicantur.
703 1720 776 1748 Idem
788 1720 860 1747 enim
873 1720 975 1747 utrius-

183 1778 238 1805 que
253 1774 352 1801 status,
377 1769 449 1796 idem
467 1769 611 1804 utriusque
629 1768 749 1801 habitus,
763 1767 800 1794 ita
817 1772 848 1794 ut
861 1771 975 1801 uterque

183 1816 281 1843 merito
295 1815 388 1843 Daniel
405 1815 493 1850 possit
507 1815 610 1843 vocari.

218 1860 356 1896 Ejusdem.
389 1860 521 1896 Quisquis
539 1861 565 1887 in
579 1860 634 1887 vita
648 1859 898 1894 irreprehensibilis
908 1879 914 1891 ,
930 1863 973 1886 at-

183 1915 235 1943 que
257 1908 283 1934 in
306 1907 353 1935 Dei
369 1907 445 1934 cultu
466 1914 548 1934 verus
576 1905 728 1938 exstiterit,
754 1905 790 1932 ita
806 1906 840 1932 ab
852 1905 926 1932 omni
944 1913 974 1932 se

181 1954 253 1981 malo
271 1953 412 1982 abstinens
429 1958 459 1980 ut
473 1953 599 1981 diabolus
618 1952 791 1980 aemulatione
802 1951 829 1978 in
844 1959 906 1978 eum
923 1959 972 1978 ex-

179 1999 305 2027 ardescat
324 2006 465 2035 genusque
482 2006 564 2026 omne
589 1998 771 2026 tentationum
796 1997 835 2024 illi
861 1997 971 2029 inferat,

180 2052 231 2072 nec
248 2050 339 2072 tamen
358 2044 416 2079 ipse
439 2044 482 2071 vel
506 2044 642 2071 labiorum
672 2051 800 2071 sermone
822 2043 971 2078 quidquam

179 2091 310 2123 offendat,
327 2091 351 2118 is
364 2090 415 2118 Job
428 2095 482 2123 est,
496 2098 527 2118 ac
541 2098 604 2125 qua:
619 2090 653 2117 de
666 2089 718 2117 Job
732 2090 832 2124 scripta
848 2094 911 2117 sunt
921 2110 928 2121 ,
945 2091 971 2116 in

181 2137 255 2163 hunc
268 2143 378 2170 quoque
391 2135 565 2162 convenient.
586 2135 674 2162 Ambo
688 2135 763 2162 enim
781 2135 874 2162 habitu
892 2143 972 2170 pares

181 2181 209 2207 in
225 2180 351 2212 Domino,
369 2187 400 2207 ac
416 2184 533 2214 uterque
548 2179 600 2207 Job
614 2180 766 2207 voeabitur.

1029 928 1136 962 αὐτῆς,
1146 928 1220 960 Νῶε,
1239 928 1313 960 Ἰὼϐ,
1322 929 1443 962 Aurum.
1455 928 1593 964 Πρόσωπά
1604 929 1663 955 ἐστι
1671 929 1728 954 τῶν
1739 929 1822 963 ἀτίων

1028 974 1131 1001 τούτων
1158 974 1360 1010 λαμϐανόμενα,
1387 976 1440 1006 πᾶς
1464 974 1493 1006 ὃς
1516 975 1563 1001 ἐὰν
1590 975 1627 1010 μὴ
1653 975 1755 1012 φθείρῃ
1778 975 1822 1001 τὸν

1030 1019 1086 1055 βίον
1103 1019 1200 1046 ἑαυτοῦ
1220 1020 1266 1047 ἐπὶ
1284 1020 1347 1055 γῆς,
1365 1020 1396 1047 οὐ
1419 1020 1579 1056 ποιούμενος
1599 1021 1660 1052 ὅλος
1680 1022 1715 1056 τῇ
1743 1021 1822 1056 σαρκὶ

1027 1066 1072 1093 διὰ
1085 1066 1132 1092 τοῦ
1146 1067 1232 1092 ποιεῖν
1252 1067 1332 1093 αὐτὸν
1353 1066 1383 1093 τὸ
1400 1066 1527 1102 φρόνημα
1544 1067 1593 1102 τῆς
1616 1067 1731 1102 σαρκὸς,
1753 1067 1820 1093 ὥστε

1027 1112 1195 1148 χρηματίσαι
1215 1113 1297 1140 αὐτὸν
1319 1113 1379 1139 ὅλον
1396 1113 1496 1149 σάρκα,
1514 1113 1582 1140 ἀλλὰ
1605 1113 1771 1149 φαινόμενος
1784 1113 1820 1144 ὡς

1028 1159 1141 1194 φωστὴρ
1154 1160 1183 1185 ἐν
1196 1159 1302 1195 κόσμῳ,
1321 1158 1428 1194 ἐπέχων
1447 1158 1527 1193 λόγον
1544 1159 1616 1195 ζωῆς
1631 1160 1661 1185 ἐν
1683 1159 1760 1194 μέσῳ
1775 1167 1820 1193 γε·

1027 1206 1092 1238 νεᾶς
1114 1205 1223 1237 σκολιᾶς
1241 1206 1289 1232 καὶ
1302 1205 1535 1241 διεστραμμένης,
1556 1205 1628 1231 ὥστε
1650 1205 1818 1241 χρηματίσαι

1027 1252 1096 1288 πρὸς
1111 1251 1193 1278 αὑτὸν
1207 1251 1253 1278 τὸν
1269 1251 1345 1283 Θεὸν,
1366 1251 1419 1284 ὃτι,
1442 1251 1481 1278 Σὲ
1500 1249 1582 1278 εἶδον
1598 1250 1720 1277 δίκαιον
1727 1251 1820 1285 μόνον

1026 1298 1064 1325 ἐν
1079 1297 1116 1332 τῇ
1128 1297 1216 1333 γενεᾷ
1233 1298 1336 1332 ταύτῃ.
1353 1298 1411 1329 Πᾶς
1430 1295 1476 1324 οὖν
1494 1298 1508 1324 ό
1528 1296 1650 1328 τοιοῦτος
1666 1296 1731 1322 Νῶέ
1753 1297 1818 1327 ἐστι,

1027 1344 1074 1372 καὶ
1093 1343 1128 1371 τὰ
1149 1343 1331 1380 ἱστορούμενα
1353 1344 1398 1371 ἐπ’
1419 1343 1524 1371 ἐκείνου
1551 1343 1684 1377 ἀνάγεται
1706 1343 1754 1369 καὶ
1775 1342 1819 1370 ἐπὶ

1026 1392 1137 1418 τοῦτον·
1156 1392 1189 1427 τῇ
1210 1391 1265 1427 γὰρ
1282 1390 1449 1417 καταστάσει
1469 1389 1610 1424 γεγόνασιν
1631 1389 1685 1415 ἴσοι
1703 1388 1820 1424 ἀμφότε-

1027 1446 1079 1474 ροι,
1098 1436 1167 1464 ὥστε
1185 1437 1353 1474 χρηματίσαι
1373 1435 1472 1467 αὐτοὺς
1487 1435 1560 1463 Νῶε.

1066 1483 1121 1511 Τοῦ
1142 1483 1246 1510 αὑτοῦ.
1271 1483 1330 1515 Πᾶς
1344 1483 1373 1515 ὃς
1390 1482 1438 1509 ἐὰν
1460 1481 1494 1518 θῇ
1510 1482 1557 1508 ἐπὶ
1573 1483 1606 1518 τῇ
1621 1482 1727 1518 καρδίᾳ
1740 1480 1818 1509 asto-3

1030 1529 1067 1565 μὴ
1085 1529 1230 1564 μιανθῆναι
1248 1530 1277 1556 ἐν
1289 1530 1346 1560 τοῖς
1364 1528 1492 1565 βρώμασι
1515 1529 1563 1555 καὶ
1578 1529 1635 1560 τοῖς
1654 1528 1761 1564 πόμασι
1774 1527 1819 1554 τοῦ

1027 1576 1122 1612 νοητοῦ
1143 1575 1391 1611 Ναϐουχοδονόσορ,
1415 1574 1483 1602 ἀλλὰ
1508 1575 1634 1601 κακῶσαι
1659 1574 1711 1610 τὴν
1732 1574 1820 1610 ψυχὴν

1026 1623 1108 1650 αὐτοῦ
1129 1622 1268 1658 νηστείαις
1282 1623 1311 1649 ἐν
1326 1624 1360 1658 τῇ
1375 1621 1514 1648 Βαϐυλῶνι
1526 1620 1612 1656 ταύτῃ
1629 1621 1675 1647 διὰ
1687 1621 1738 1656 τὴν
1752 1621 1820 1654 γνῶ-

1027 1679 1068 1697 σιν
1082 1671 1130 1706 τῆς
1141 1669 1280 1704 ἀληθείας,
1288 1670 1302 1695 ό
1310 1668 1432 1700 τοιοῦτος
1442 1668 1542 1704 Δανιὴλ
1556 1669 1624 1699 ἐστι,
1635 1668 1684 1694 καὶ
1697 1669 1731 1695 τὰ
1752 1669 1820 1694 ἱστο-

1027 1714 1146 1750 ρούμενα
1162 1713 1206 1739 ἐπ’
1218 1713 1322 1740 ἐκείνου
1337 1713 1452 1748 ἁρμόσει
1465 1712 1512 1739 καὶ
1523 1713 1569 1739 ἐπὶ
1579 1712 1667 1747 τούτῳ
1681 1712 1818 1746 λέγεσθαι·

1027 1761 1075 1796 μία
1089 1759 1144 1796 γὰρ
1158 1760 1332 1791 κατάστασις,
1348 1759 1396 1786 καὶ
1415 1759 1464 1794 τῆς
1482 1758 1566 1794 αὐτῆς
1582 1757 1667 1790 ἕξεως
1683 1760 1709 1785 οἰ
1730 1759 1819 1794 ἀμφό-

1024 1816 1108 1843 τεροι,
1122 1807 1159 1839 ὡς
1175 1806 1315 1834 καλεῖσθαι
1329 1806 1425 1837 αὐτοὺς
1440 1805 1550 1841 Δανιὴλ.

1064 1853 1119 1881 Τοῦ
1134 1853 1239 1880 αὐτοῦ.
1256 1853 1314 1885 Πᾶς
1328 1853 1356 1885 ὂς
1373 1852 1420 1879 ἐὰν
1470 1852 1613 1888 ἄμεμπτος
1628 1852 1658 1879 ὲν
1677 1852 1738 1888 βίῳ,
1756 1853 1820 1888 ἀλη-

1025 1901 1097 1933 θινὸς
1108 1902 1137 1927 ὲν
1149 1899 1299 1935 θεοσεϐείᾳ,
1313 1899 1383 1926 ὥστε
1401 1899 1550 1934 ἀπέχεσθαι
1563 1899 1644 1926 αὑτὸν
1660 1899 1716 1926 ἀπὸ
1734 1899 1818 1927 κακοῦ

1025 1947 1138 1979 παντὸς,
1152 1947 1223 1974 ὥστε
1240 1946 1464 1982 παραζηλώσθαι
1477 1947 1519 1972 ἐπ’
1534 1945 1611 1981 αὐτῷ
1622 1945 1668 1972 τὸν
1684 1945 1818 1979 διάϐολον,

1024 1994 1071 2021 καὶ
1092 1993 1182 2020 πάντα
1204 1992 1310 2027 γενικδν
1333 1991 1486 2027 πειρασμὸν
1510 1991 1664 2025 ἐπαγαγεῖν
1687 1991 1765 2026 αὖτῷ
1793 1993 1820 2018 ὲν

1023 2040 1196 2076 πειρασμοῖς,
1222 2038 1269 2067 καὶ
1290 2038 1341 2065 οὐκ
1357 2037 1460 2073 ὀκλάσῃ
1484 2038 1535 2068 ἓως
1555 2037 1635 2071 λόγου
1658 2037 1785 2073 χειλέων·
1807 2039 1820 2064 ὁ

991 2082 996 2083 ⁷
1022 2086 1142 2118 τοιοῦτος
1165 2084 1224 2112 Ἰώὸ
1241 2085 1310 2116 ἐστι,
1332 2084 1380 2111 καὶ
1400 2083 1435 2110 τὰ
1454 2083 1634 2119 ἱστορούμενα
1653 2083 1697 2110 ἐπ’
1722 2084 1820 2118 ἐκείνῳ

1023 2133 1138 2169 ἁρμόσει
1151 2131 1197 2159 καὶ
1212 2132 1259 2158 ἐπὶ
1279 2131 1376 2166 τούτῳ.
1401 2131 1565 2165 Ἀμφότεροι
1579 2129 1634 2166 γὰρ
1652 2130 1706 2157 ἴσοι
1723 2131 1752 2156 ἐν
1771 2131 1820 2166 μιᾷ

1022 2180 1077 2212 ἕξει
1090 2180 1118 2206 ὲν
1132 2178 1237 2215 Κυρίῳ,
1251 2178 1298 2204 καὶ
1316 2176 1376 2203 Ἰὼϐ
1392 2176 1573 2212 κληθήσονται
1588 2175 1752 2211 ἀμφότεροι.

217 2225 248 2254 8i
259 2226 311 2260 ﬁlii
322 2231 346 2252 et
361 2225 425 2260 ﬁlite
440 2225 613 2252 salrabuulur
628 2226 662 2253 ".
676 2225 837 2254 Secundum-
845 2226 968 2253 eamdem

1059 2227 1093 2253 El
1108 2225 1166 2253 υἱοὶ
1182 2225 1231 2252 καὶ
1244 2222 1405 2259 θυγατέρες
1420 2221 1622 2256 σωθήσονται.
1638 2221 1722 2253 Υἱοὺς
1736 2221 1796 2256 ἔχει
1806 2222 1819 2248 ό

181 2272 331 2307 spiritalem
356 2272 557 2307 generationem
584 2271 676 2299 Daniel
693 2271 762 2300 ﬁlios
783 2272 874 2304 habet,
901 2280 971 2307 quos

180 2319 273 2354 genuit
286 2319 346 2354 ejus
361 2319 512 2354 prophetia.
529 2318 613 2346 Filios
629 2319 701 2346 enim
712 2319 835 2346 carnales
851 2327 905 2346 non
920 2319 971 2346 ha-

180 2365 250 2398 buit,
266 2365 365 2400 quippe
382 2366 429 2400 qui
442 2365 528 2400 spado
543 2369 610 2397 erat,
626 2369 656 2392 ut
668 2366 755 2392 aiunt.
785 2365 869 2400 quue
883 2364 970 2394 mani-

180 2411 279 2439 festum
294 2417 336 2438 est
356 2420 389 2438 ex
410 2419 443 2439 eo
458 2411 529 2446 quod
555 2411 670 2439 tradittis
683 2416 724 2439 est
737 2412 851 2447 principi
870 2411 969 2447 spado-

181 2464 256 2484 num.
287 2456 315 2483 Si
332 2457 413 2492 igitur
430 2462 484 2484 tres
499 2457 543 2485 isti
556 2457 607 2484 viri
622 2457 688 2489 Noe,
710 2457 761 2485 Job
774 2463 800 2485 et
818 2457 911 2484 Daniel
927 2457 967 2484 in-

180 2501 254 2530 venti
273 2501 378 2529 fuerint“
391 2503 418 2529 in
435 2506 506 2529 terra
521 2503 686 2538 peceatrice,
705 2503 731 2530 hi
748 2504 776 2530 in
789 2503 899 2538 juslllia
919 2511 968 2529 sua

179 2547 353 2575 salvabunlur
366 2547 400 2575 ".
428 2548 469 2575 Ac’
478 2548 501 2576 si
514 2548 586 2576 dicat
604 2558 611 2576 :
627 2548 714 2576 Etiam
727 2550 773 2584 qui
790 2549 893 2576 inventi
909 2548 969 2575 fue-

179 2593 234 2621 rint
250 2594 304 2622 illis
317 2594 433 2622 similes.

214 2639 244 2667 Si
262 2641 313 2676 ﬁlii
329 2646 354 2668 et
368 2641 434 2676 ﬁlim
447 2640 629 2678 relinquentur
642 2642 676 2669 ³³.
708 2641 761 2668 Pro
776 2648 809 2668 eo
824 2647 856 2668 ac
868 2640 941 2667 dicat
959 2649 967 2668 :

177 2699 233 2719 non
248 2693 444 2727 relinquentur.
461 2692 514 2728 Ipsi
536 2692 587 2720 soli
613 2691 682 2724 Noe,
708 2691 801 2718 Daniel
824 2696 852 2718 et
871 2691 921 2718 Job
935 2691 962 2717 in

181 2736 284 2770 iustitia
300 2745 348 2764 sua
362 2738 517 2765 liberabttnt
529 2738 636 2766 animas
653 2737 737 2773 429
751 2744 826 2769 suas,
841 2738 964 2771 prolirias

182 2782 317 2809 videlicet.
335 2783 382 2810 Est
394 2783 467 2810 enim
478 2783 560 2811 etiam
580 2784 606 2810 in
623 2782 683 2810 aliis
704 2783 800 2809 divina
816 2781 965 2817 Scriptum

1025 2271 1123 2306 Δανιὴλ
1148 2270 1218 2298 κατὰ
1239 2269 1288 2305 τὴν
1313 2270 1397 2304 αὐτὴν
1421 2268 1611 2304 πνευματικὴν
1636 2267 1746 2302 γενεὰν,
1772 2267 1818 2299 οὓς

1024 2318 1170 2353 ἐγέννησεν
1182 2318 1199 2353 ὴ
1214 2316 1366 2352 προφητεία
1382 2314 1476 2342 αὐτοῦ*
1495 2315 1570 2347 υἱοὺς
1591 2314 1646 2350 γὰρ
1668 2313 1818 2349 σαρκικοὶρς

1023 2364 1073 2391 οὐκ
1094 2363 1182 2399 ἐσχεψ
1209 2362 1336 2397 εὐνοῦχος
1356 2359 1469 2397 γὰρῆν,
1487 2361 1526 2392 ὥς
1540 2369 1617 2395 φασι.
1648 2359 1706 2386 Καὶ
1726 2359 1816 2394 δῆλον·

1024 2407 1077 2434 ὑπὸ
1090 2407 1193 2434 τούτων
1209 2405 1264 2442 γὰρ
1279 2405 1415 2442 παρεδόθη
1425 2405 1464 2441 τῷ
1476 2404 1675 2441 ἀρχιευνούχῳ.
1695 2404 1758 2431 Ἐὰν
1769 2403 1816 2432 οὖν

1022 2453 1047 2479 οἱ
1063 2454 1136 2488 τρεῖς
1155 2448 1229 2479 οὗτοι
1252 2452 1357 2487 ἄνδρες,
1380 2451 1452 2484 Νῶε,
1478 2451 1526 2478 καὶ
1551 2450 1622 2482 Ὶὼ6,
1644 2451 1693 2477 καὶ
1706 2450 1815 2486 Δανιὴλ,

1022 2499 1170 2534 εὑρεθῶσιν
1185 2500 1215 2526 ἐν
1227 2500 1260 2535 τῇ
1278 2498 1437 2535 ἁμαρτούσῃ
1453 2499 1500 2533 γῇ,
1515 2493 1589 2524 οὗτοι
1600 2497 1636 2524 ἑν
1652 2496 1691 2531 τῇ
1705 2496 1816 2524 δικαιο-

1022 2546 1102 2580 σύνῃ
1119 2545 1218 2572 αὐτῶν
1232 2544 1433 2578 σωθήσονται*
1448 2544 1515 2571 ὡσεὶ
1527 2543 1603 2577 ἔλεγε
1613 2552 1620 2558 ”
1636 2543 1693 2570 Καὶ
1707 2542 1755 2570 ὲὰν
1769 2542 1815 2570 εὖ·

1023 2591 1138 2627 ρεθῶσιν
1152 2591 1189 2624 ὼς
1203 2592 1276 2623 Νῶε,
1290 2591 1338 2618 καὶ
1357 2590 1428 2623 Ἰὼϐ,
1442 2591 1489 2618 καὶ
1500 2590 1611 2625 Δανιήλ.

1064 2638 1131 2665 Ἐὰν
1146 2639 1205 2665 υἱοὶ
1226 2639 1275 2666 καὶ
1297 2637 1458 2672 θυγατέρες
1476 2635 1714 2671 ὐπολειφθῶσιν.
1745 2633 1815 2662 ’Δντὶ

1021 2684 1080 2717 τοῦ,
1105 2685 1155 2720 οὺχ
1179 2670 1542 2720 ὑπολειφθήσονταιξΔὺτοὶ
1571 2670 1647 2718 μόνοι
1672 2681 1747 2714 Νῶε,
1768 2670 1824 2711 καὶῖ

1022 2731 1130 2767 Δανιὴλ,
1146 2731 1194 2758 καὶ
1220 2730 1280 2757 Ἰὼϐ
1296 2732 1325 2757 ὲν
1340 2731 1374 2766 τῇ
1395 2729 1551 2765 δικαιοσύνῃ
1569 2728 1662 2755 αὐτῶν
1687 2727 1810 2763 ῥύσοντσι

1020 2777 1069 2809 τὰς
1090 2777 1179 2813 ψυχὰς
1194 2776 1295 2809 αὐτῶν,
1311 2777 1361 2809 τὰς
1385 2776 1453 2808 ιδίας
1470 2775 1605 2812 δηλονότι·
1622 2775 1681 2801 ἐστι
1698 2774 1752 2809 γὰρ
1768 2771 1810 2799 καὶ

219 2865 241 2881 ⁸·
254 2864 351 2893 Ειροιι.
363 2873 420 2899 xiv,
432 2866 475 2894 1'5.
512 2867 534 2883 "
546 2866 644 2894 Ezech.
657 2874 712 2899 xiv,
727 2865 770 2893 14.
806 2866 827 2882 ³⁹
838 2865 905 2893 Gen.
917 2873 966 2900 vn,

1062 2868 1182 2897 ‘Ezccli.
1203 2877 1260 2902 τιν,
1285 2868 1328 2902 18,
1349 2868 1394 2902 18,
1412 2867 1456 2894 20.
1497 2868 1519 2883 ³¹
1538 2866 1604 2895 ibid.
1619 2866 1664 2894 20.
1705 2865 1728 2881 "
1747 2861 1808 2892 ibid.
