1882 3052
65 149 119 176 809

652 146 804 173 Slil.EC'l'A
827 145 858 172 IN
879 143 1106 171 liZlﬁClllELliM.

1645 137 1695 163 810

65 205 186 242 ἀλλαχοί
199 207 248 242 τῆς
263 205 440 232 οεοπνεύστου
456 205 564 240 Γραφῇ
577 205 694 231 τοιοῦτον
711 202 780 235 εἶδος
793 203 851 238 φράς

947 202 977 230 :is
992 200 1125 236 ejusmodi
1142 200 1245 235 species
1260 197 1420 227 locutionis.
1449 203 1508 231 qum
1525 193 1694 228 ncgationun

69 263 150 285 σεως,
169 254 284 289 ἄρνησιν
303 253 363 288 ἕχον
381 252 524 288 πρόδηλον,
541 251 579 282 ὡς
603 251 633 277 τὸ
653 251 796 286 εἰρημένον
821 249 860 284 τῷ

75 299 155 334 Ἠλίᾳ
173 299 240 334 πρὸς
255 299 300 325 τὸν
320 297 430 333 ’Δχαάϐ-
444 297 486 330 Ζῇ
503 297 610 330 Κύριος
624 297 639 322 ὸ
656 296 728 328 Θεὸς
739 295 798 322 τῶν
813 295 861 321 δυ-

69 345 200 380 νάμεων,
223 347 239 372 ό
256 345 326 377 Θεὸς
358 343 490 378 Ἰσραὴλ,
515 339 594 376 ᾧπέρ
619 342 711 377 ἐσμεν
734 342 861 368 ἐνώπιον

69 390 177 422 αὐτοῦ,
194 392 218 417 ει
232 390 282 416 ἐπὶ
294 392 330 416 τὰ
344 389 395 422 ἔτη
409 389 502 416 ταῦτα
514 387 624 422 δρόσος
640 388 688 414 καὶ
702 387 788 420 ὑετὸς
803 385 861 413 ἀνὰ

69 435 178 464 ,πᾶσαν
196 434 252 469 γῆν
266 435 359 461 ἔσται.
376 433 454 459 Οὕτω
473 433 519 460 καὶ
539 433 553 458 ὁ
566 432 667 468 Κύριος
685 433 715 458 ὲν
736 431 775 466 τῷ
792 430 862 457 κατὰ

69 482 185 516 Μάρκον
209 480 377 514 Εὐαγγελίῳ,
401 480 452 512 ὅτι,
480 478 511 506 Ἡ
531 478 618 513 γενεὰ
639 478 714 512 αὓτη
737 478 862 512 σημεῖον

69 528 210 561 ὲπιζὴτεῖ.
233 527 335 561 Ἀμὴν,
349 525 430 561 ἀμὴν
453 525 530 560 λέγω
547 525 617 560 ὑμῖν
628 544 635 556 ,
658 525 685 551 εὶ
703 524 862 558 δοθήσεται

70 574 110 608 τῇ
128 573 217 609 γενεᾷ
231 573 323 606 ταύτῃ
344 571 486 607 σημεῖον·
500 569 637 597 τουτέστιν
660 570 689 596 οὐ
709 569 860 604 δοθήσεται.

70 621 129 646 Καὶ
145 620 177 646 τὸ
197 620 226 646 ἐν
245 617 378 652 Ψαλμοῖς
399 616 543 652 εἰρημένον
560 615 664 647 τούτοις
688 616 788 650 ὅμοιον·
814 616 862 648 Ὧς

70 665 178 699 ὤμοσα
191 664 225 690 ἐν·
240 663 277 698 τῇ
292 662 365 698 ὁρτῇ
379 672 448 698 μου,
464 664 489 689 εὶ
505 662 729 688 εἰσελεύσονται
745 662 789 694 εὶς
805 661 863 694 τὴν

72 710 275 737 κατάπαυσιν.
301 709 373 736 ’Δντὶ
387 708 441 744 γὰρ
462 707 518 741 τοῦ,
536 708 586 735 οὐκ
598 707 804 739 εἰσελεύσονται,
822 706 862 733 εῖ-

72 764 168 792 ρηται.

111 799 202 827 οὗτοι
220 800 380 835 ἐξάγουσιν
402 799 485 831 υἱοὺς
511 799 560 825 καὶ
583 799 755 834 θυγατέρας,
776 798 862 824 Τοῦτο

71 847 145 873 rati
159 846 292 882 ἐρώτησιν
306 845 506 880 ἀναγνωστέον·
521 846 553 871 Et
564 845 688 876 ἐκείνοις,
705 845 780 879 φησὶ,
799 844 861 879 μίαν

72 893 216 928 ἐκδίκησιν
249 892 443 928 ἡπειλημένοις
453 891 502 918 οὐκ
521 891 665 926 ἀρκέσουσι
680 890 740 917 Νῶε
753 890 799 917 καὶ
810 891 862 916 Δαι-

71 939 134 974 νιὴλ
151 939 199 965 καὶ
222 938 292 970 Ἰὼϐ,
309 934 381 964 οὗτοι
397 937 564 972 δυνήσονται,
581 936 634 963 τῶν
655 936 795 972 τεσσάρων
819 937 864 962 ὲκ-

70 986 211 1020 ὂικήσεων
227 983 414 1019 ἐπαγομένων,
431 983 575 1017 ἐξαγαγεῖν
593 982 640 1008 τοῦ
656 982 767 1018 ὀλέθρου
789 983 863 1015 υἱοὺς

71 1031 166 1058 αὐτῶν
187 1030 234 1056 καὶ
259 1030 427 1066 θυγατέραςς
463 1030 527 1056 Ἰδοὺ
550 1029 627 1055 αὐτοὶ
652 1028 864 1064 ἐκπορεύσονται

71 1076 143 1112 πρὸς
155 1076 228 1111 ὑμᾶς
240 1076 302 1107 τοὺς
319 1075 651 1111 προαιχμαλωτισθέντας,
668 1075 714 1100 καὶ
727 1076 758 1110 τῇ
777 1083 865 1110 παρα-

71 1121 149 1148 θέσει
165 1121 219 1147 τῶν
233 1120 399 1148 ἐπελθόντων
415 1121 506 1151 αὐτοῖς
521 1119 613 1146 κακῶν
630 1120 708 1154 ὑμεῖς
721 1119 863 1155 παρακλησ

72 1167 160 1202 θήςεο
167 1166 193 1193 Ba
209 1167 307 1201 ἥττονα
321 1166 405 1192 πολλὰ
424 1165 564 1196 παθόντες.

383 1213 408 1238 Κ
418 1212 437 1238 Ε
447 1212 480 1238 Φ.
504 1211 554 1238 ΙΕ¹.

114 1257 176 1284 Τῶν
198 1257 293 1283 ὄντων
311 1257 345 1283 ἐν
362 1256 422 1287 τοῖς
444 1256 548 1289 ξύλοις
566 1256 691 1291 δρυμοῦ.
708 1256 780 1283 Ξύλα
800 1257 863 1292 δρυ-

74 1302 127 1338 μοῦ
143 1303 225 1329 κάκεῖ
239 1302 272 1329 τὰ
288 1302 371 1336 ἄγρια.
387 1301 508 1336 νοητέον,
526 1301 640 1337 πεύκην,
663 1301 710 1328 καὶ
725 1302 759 1328 τὰ
773 1302 863 1336 ὃμοια.

72 1349 224 1383 Συγκρῐναι
252 1348 279 1374 δὲ
307 1347 429 1382 βούλεται
453 1347 497 1374 διὰ
520 1347 614 1373 τούτου
638 1347 705 1382 πρὸς
729 1347 762 1373 τὰ
784 1347 865 1374 λοιπὰ

72 1395 139 1430 ἑονη
151 1394 198 1420 τὸν
215 1393 330 1429 Ἰσραὴλ,
345 1393 382 1425 ὼς
395 1392 514 1428 ἄμπελον
527 1393 662 1428 γεωργίας
674 1393 865 1420 ἀπολαύσαντα

72 1441 171 1475 νόμου,
194 1439 289 1475 ἱερέων
312 1439 358 1466 καὶ
375 1439 520 1475 προφητῶν
538 1439 718 1473 ἐπαγγελίας,
736 1440 781 1466 καὶ
799 1440 864 1466 ναοῦ

73 1487 167 1520 ἁγίου,
185 1486 231 1513 καί
246 1485 350 1512 πολλῶν
365 1485 418 1512 τῶν
437 1485 595 1520 θαυμάτων,
612 1486 765 1521 αὐτομάτου
781 1486 865 1521 πυρὸς

72 1531 269 1561 ἀναλίσκοντος
283 1530 331 1561 τὰς
346 1530 450 1562 θυσίας,
472 1531 562 1564 φωνῆς
579 1530 730 1566 φερομένης
745 1531 799 1558 ἀπὸ
818 1530 865 1557 τοῦ

74 1577 233 1613 ἱλαστηρίου
247 1577 301 1603 τῶν
321 1575 462 1611 χερουϐὶμ,
476 1576 522 1603 καὶ
538 1576 638 1611 ἐτέρων
649 1576 759 1612 ὁμοίων.

117 1666 170 1691 Ἐκ
182 1665 236 1691 τοῦ
251 1667 345 1698 πυρὸς
358 1664 578 1697 ἐξελεύσονται.
600 1666 646 1692 Ἐκ
660 1666 708 1701 τῆς
724 1666 866 1701 αἰχμαλω-

74 1711 137 1742 σίας
159 1710 206 1736 τοῦ
226 1710 459 1746 Ναϐουχοδονόσορ
472 1711 535 1737 ὅταν
552 1711 734 1745 ἀνακληθῶσι,
754 1711 866 1747 λήψεται

73 1756 178 1787 αὐτοὺς
192 1755 273 1791 ἑτέρα
290 1756 307 1790 ή
323 1756 536 1788 Οὐεσπασιανοῦ,
551 1757 633 1791 ἤγουν
649 1756 691 1782 διὰ
705 1757 796 1784 Τίτου.
812 1757 867 1792 Τὴν

74 1801 219 1836 συνέχειαν
233 1802 287 1828 τῶν
304 1801 450 1837 συμφορῶν
469 1802 574 1836 μηνύει.

390 1847 477 1872 Kac.
497 1847 560 1880 ις’.

109 1891 167 1918 Καὶ
197 1892 253 1918 οὐκ
282 1891 398 1925 ἔδησαν
423 1892 494 1925 τοὺς
518 1893 654 1926 μαστούς
680 1901 747 1920 σου.
782 1894 811 1920 Ὀ
839 1894 868 1920 ὲν

72 1936 174 1972 πρώτῃ
193 1936 294 1971 θεωρίᾳ
313 1937 457 1971 γενόμενος
470 1938 519 1964 οὐκ
536 1937 588 1971 ἔξω
602 1939 650 1973 τῆς
674 1939 768 1973 σοφίας
784 1939 867 1975 Θηλά-

70 1983 126 2014 ζει,
146 1982 205 2008 ἀλλ’
225 1982 298 2008 ἔνδον
314 1982 342 2014 ἐξ
358 1982 443 2016 αὐτῆς
457 1983 595 2017 τρέφεται.
615 1983 714 2015 Καλῶς
730 1981 777 2010 οὖν
793 1982 868 2011 εἶπόν

69 2036 147 2059 τινες
167 2028 215 2053 δύο
236 2028 354 2062 μαστοὺς
364 2027 425 2059 ,τὰς
442 2028 488 2054 δύο
504 2028 651 2063 Διαθήκας,
668 2029 714 2063 ἀφ’
728 2026 765 2056 ὧν
784 2029 867 2065 θηλά-

69 2072 153 2104 ζουσι
171 2071 207 2097 τὰ
223 2072 306 2106 νήπια
319 2080 326 2087 ⁸
346 2072 392 2098 καὶ
410 2073 434 2098 οἱ
452 2072 612 2107 Θηλάζοντες
633 2069 705 2099 οὗτοί
726 2075 804 2106 εἰσιν,
821 2075 867 2109 ἀφ’

70 2115 111 2144 ὧν
130 2117 317 2152 κατηρτίσατο
331 2117 431 2152 Κύριος
444 2116 527 2149 αἶνον,
544 2118 591 2144 τοῦ
610 2119 759 2146 καταλῦσαι
773 2119 868 2155 ἐχθρὸν

69 2164 121 2190 καὶ
140 2163 299 2198 ἐκδικητὴν.

913 248 993 274 habet
1017 246 1199 276 manifestam,
1225 243 1454 279 quemadmodum
1479 241 1581 268 dictum
1606 244 1647 265 est
1664 239 1697 264 ab

912 295 970 321 Elia
993 294 1025 320 ad
1049 293 1143 320 Achab
1155 293 1177 308 ⁵δ
1200 301 1206 319 :
1231 291 1298 318 Vivit
1323 291 1450 317 Dominus
1472 288 1541 315 Deus
1559 287 1696 317 virtutum,

913 340 982 366 Deus
1002 338 1097 370 Israel,
1116 339 1141 364 in
1158 346 1231 372 cujus
1247 340 1383 370 conspectu
1397 342 1497 365 sumus,
1513 333 1536 359 si
1553 331 1628 358 an)th
1640 331 1697 356 istis

911 386 960 412 erit
976 393 1016 411 ros
1032 390 1055 411 et
1069 385 1158 419 pluvia
1171 391 1215 417 per
1228 387 1309 409 totam
1324 387 1431 408 terram.
1466 379 1512 406 Sic
1526 383 1551 406 et
1566 378 1698 404 Dominus

912 431 939 458 in
954 431 1035 458 Marci
1050 430 1197 464 livangelio
1209 429 1231 444 ³⁵
1247 437 1254 455 :
1280 427 1419 455 Ceneratio
1443 426 1497 452 Iure
1511 425 1614 459 signum
1627 430 1698 456 (μιαι-

913 476 948 503 rit
968 484 976 503 :
990 484 1077 506 amen,
1101 483 1176 502 amm
1191 474 1249 500 dico
1271 473 1342 499 vobis
1354 493 1360 504 ,
1378 473 1400 498 si
1416 471 1523 498 dabitur
1537 468 1699 504 generationi

913 522 975 548 huic
988 521 1102 555 signant,
1122 521 1173 547 hoc
1188 524 1240 550 est,
1256 527 1309 546 non
1324 518 1443 545 dabitur.
1475 517 1522 543 llis
1535 516 1598 543 item
1610 514 1699 542 simile

913 571 955 595 est
977 567 1048 602 quod
1075 567 1101 594 in
1128 566 1244 593 Psalmis
1271 565 1385 592 habetur
1409 564 1431 579 ³⁵
1446 573 1452 590 :
1470 563 1544 590 Sicut
1560 561 1650 597 λιιι·αυὶ
1670 561 1697 587 in

913 611 954 638 ira
980 620 1057 643 mea,
1076 611 1099 637 si
1125 610 1270 636 introibant
1295 610 1320 636 in
1337 610 1449 644 requiem
1463 616 1556 635 meam.
1590 607 1697 634 Dictum

914 661 955 685 est
968 657 1039 684 enim
1061 663 1118 690 pro,
1138 663 1191 682 non
1209 655 1369 682 iutroibunl.

950 788 986 815 Hi
1003 788 1116 815 educunt
1134 788 1203 822 [illos
1218 791 1242 814 et
1256 786 1328 821 ﬁlias
1349 786 1383 813 ³⁷.
1408 785 1601 820 lntcrrogative
1625 785 1696 812 islul

914 833 1067 869 legendum.
1088 833 1116 860 Si
1131 832 1301 867 illis,iuquit,
1316 835 1376 866 post
1390 831 1472 858 unius
1486 830 1597 857 ultionis
1611 830 1700 856 minas

880 882 900 909 Β
914 886 967 906 non
981 878 1114 906 sullicient
1125 878 1191 911 Noe,
1209 878 1302 905 Daniel
1317 881 1350 904 'ct
1371 876 1431 908 Job,
1451 875 1571 909 nunquid
1584 875 1621 906 hi,
1637 882 1700 902 cum

914 925 1083 959 quadruplex
1107 925 1181 951 illata
1197 923 1277 950 fuerit
1302 923 1378 954 ultio,
1394 926 1519 956 poterunt
1537 921 1652 948 educere
1667 928 1701 947 ex

918 970 1027 997 interitu
1051 969 1120 996 filios
1140 977 1204 996 suos
1222 973 1249 995 et
1267 967 1356 994 tilias?
1370 967 1439 994 Ecce
1459 967 1509 1002 ipsi
1528 966 1702 1002 egredienlur

916 1017 949 1044 ad
965 1024 1025 1048 vos,
1044 1016 1089 1050 qui
1104 1015 1210 1050 priores
1231 1014 1330 1049 captivi
1350 1013 1458 1041 abducti
1481 1013 1565 1046 estis,
1581 1013 1701 1040 collatis-

918 1070 971 1098 que
986 1062 1083 1090 vestris
1101 1061 1178 1088 malis
1196 1068 1257 1088 cum
1276 1061 1384 1087 illorum
1398 1060 1538 1092 aerumnis,
1559 1061 1610 1088 hoc
1622 1060 1701 1088 vobis

915 1108 968 1135 erit
978 1109 1075 1136 solatio
1087 1107 1158 1144 quod
1173 1107 1215 1136 his
1233 1106 1338 1134 minora
1351 1106 1430 1141 longe
1445 1106 1520 1141 passi
1535 1106 1610 1135 estis.

1231 1207 1308 1235 CAP.
1328 1207 1385 1235 XV.

953 1256 1018 1288 Qua:
1039 1260 1099 1282 sunt
1120 1255 1188 1281 inter
1209 1255 1280 1289 ligna
1304 1254 1377 1282 silva:
1389 1255 1420 1281 ³⁸.
1446 1255 1531 1291 Ligna
1549 1256 1625 1284 silvae
1646 1257 1701 1284 illic

917 1308 1026 1336 quoque
1048 1300 1184 1328 silvestria
1210 1299 1381 1334 intelligenda
1405 1305 1485 1333 sunt,
1508 1301 1593 1336 picea,
1614 1305 1640 1329 et
1663 1303 1702 1330 si-

917 1346 1002 1373 milia.
1021 1346 1084 1373 Vult
1100 1350 1190 1373 autem
1208 1345 1251 1373 his
1263 1346 1353 1373 verbis
1367 1346 1492 1373 lsraelem
1508 1355 1571 1374 cum
1587 1348 1701 1382 reliquis

917 1392 1041 1427 gentibus
1069 1398 1228 1426 comparare
1242 1411 1249 1424 ,
1267 1396 1395 1425 tauquam
1423 1392 1529 1420 vineam
1554 1401 1614 1427 quae
1633 1393 1701 1428 legis

918 1437 1024 1465 cultura
1055 1436 1219 1472 profecerit,
1252 1436 1423 1463 sacerdotum
1453 1438 1701 1473 prophetarumque

918 1482 1135 1514 annuntiationc,
1154 1481 1254 1516 templo
1273 1486 1378 1514 sancto,
1394 1482 1589 1510 miraculorum
1611 1484 1700 1519 copia.

919 1533 1069 1563 spontaneo
1098 1528 1159 1563 igne
1182 1527 1307 1555 victimas
1333 1533 1526 1561 consumente,
1550 1537 1615 1557 voce
1641 1538 1702 1564 pro-

920 1579 1048 1601 manante
1072 1581 1104 1600 ex
1125 1574 1338 1602 cherubinorum
1363 1574 1565 1609 propitiatorio,
1587 1575 1703 1611 aliisque

916 1620 1063 1648 similibus.

954 1665 992 1691 De
1016 1666 1074 1699 igne
1097 1665 1261 1699 egredienlttr
1280 1667 1312 1692 ³⁸.
1336 1666 1405 1694 Cum
1431 1675 1446 1695 e
1468 1668 1626 1703 captivitate
1648 1668 1702 1696 Na-

918 1709 1130 1737 buchodonosor
1158 1711 1276 1738 revocati
1303 1710 1421 1744 fuerint,
1451 1713 1632 1747 apprehendet
1655 1721 1703 1741 eos

918 1755 970 1782 alia
983 1755 1155 1790 Vespasiani,
1184 1764 1244 1791 qua:
1270 1757 1373 1785 scilicet
1400 1765 1447 1793 per
1470 1758 1561 1786 Titani
1588 1759 1700 1787 inducta

918 1805 969 1828 est.
984 1800 1134 1829 Continuus
1151 1801 1209 1829 fore
1224 1803 1394 1831 calamitates
1409 1804 1560 1832 denuntiat.

1225 1847 1301 1875 CAP.
1320 1848 1390 1875 XVI.

977 1893 1009 1919 Et
1033 1901 1085 1920 non
1113 1893 1259 1928 ligaverunt
1286 1895 1419 1922 mamillas
1452 1900 1511 1923 tua;
1534 1897 1567 1923 ‘°.
1598 1896 1650 1930 Qui
1676 1898 1703 1924 in

918 1939 1004 1973 prima
1031 1939 1259 1974 contemplatione
1281 1946 1334 1973 est,
1361 1948 1416 1968 non
1440 1947 1516 1968 extra
1539 1943 1701 1976 sapientiam

919 1984 961 2011 lac
984 1985 1065 2018 sugit,
1086 1985 1133 2012 sed
1152 1984 1222 2012 intra
1243 1993 1274 2012 ex
1295 1986 1353 2020 ipsa
1375 1986 1504 2014 nutritur.
1529 1986 1601 2014 Bene
1621 1987 1704 2022 igitur

918 2029 1044 2056 dixerunt
1060 2029 1169 2063 quidam
1179 2049 1186 2062 ,
1205 2030 1260 2056 duo
1275 2030 1358 2057 ubera
1375 2031 1429 2058 duo
1444 2031 1616 2059 Testamenta
1631 2040 1702 2065 esse,

919 2081 951 2101 ex
966 2073 1065 2108 quibus
1079 2074 1121 2101 lac
1136 2079 1235 2109 sugunt
1247 2075 1363 2109 parvuli,
1387 2080 1504 2110 suntque
1519 2076 1546 2103 hi
1560 2077 1702 2110 lactentes,

919 2127 953 2146 cx
978 2120 1076 2154 quibus
1091 2118 1224 2147 Dominus
1249 2120 1353 2154 perlicit
1381 2121 1501 2154 laudem,
1532 2126 1561 2148 ut
1581 2121 1704 2150 destruat

919 2164 1058 2191 inimicum
1079 2169 1106 2191 et
1118 2165 1234 2192 ultorem
1244 2165 1276 2191 “.

106 2208 191 2235 Οὐδὲ
208 2208 349 2242 ἐφείσατο
369 2210 384 2235 ό
402 2209 554 2244 ὀφθαλμός
573 2218 641 2237 σου.
664 2211 817 2244 Τουτὲστιν,
837 2221 850 2238 ο

956 2208 1045 2243 Neque
1068 2209 1289 2243 pepercit-oculus
1306 2215 1366 2237 tuus
1379 2210 1411 2237 ".
1442 2210 1498 2238 Hoc
1517 2216 1569 2244 est,
1593 2219 1646 2240 non
1663 2213 1702 2240 tui

69 2254 271 2289 συνεπάθησας
291 2255 385 2290 ἑαυτῇ,
408 2256 557 2290 φεισαμένη
578 2256 624 2282 τοῦ
641 2257 751 2291 ποιῆσαι
773 2257 822 2284 κᾶν
837 2257 865 2283 ἓν

68 2302 127 2327 τῶν
149 2299 365 2335 προλεχοέντων,
390 2301 433 2328 ἴνα
458 2301 530 2336 κάμὲ
557 2303 669 2337 κινήσῃς
694 2304 733 2334 εἰς
756 2303 864 2337 συμπά-

68 2347 161 2374 θειαν.

105 2392 167 2419 Καὶ
183 2390 310 2425 διῆλθον
330 2392 377 2418 καὶ
393 2392 442 2419 διὰ
452 2393 519 2419 σοῦ.
539 2392 567 2419 Ὀ
581 2394 646 2424 Θεὸς
657 2394 765 2429 ἀπαθής
780 2395 864 2426 ἐστιν,

68 2439 108 2469 ὡς
130 2437 183 2463 καὶ
206 2437 350 2472 ἄτρεπτος,
371 2438 417 2464 καὶ
435 2438 570 2470 ἄκτιστος.
589 2439 711 2465 Ποικίλαι
736 2439 764 2465 δὲ
781 2440 863 2466 αὑτοῦ

67 2483 96 2508 αἱ
115 2481 245 2516 πρὸνοιαι
260 2481 330 2507 κατὰ
341 2481 390 2516 τὴν
401 2482 536 2509 ποικιλίαν
548 2483 602 2510 τῶν
616 2485 847 2519 οἰκονομουμένων
856 2494 862 2500 ·

67 2527 187 2553 πάντων
201 2526 254 2559 γάρ
270 2526 327 2551 ἐστι
348 2527 476 2562 ποιητής”
494 2527 532 2559 ὣς
547 2537 621 2560 τινας
642 2529 691 2563 μὲν
707 2527 775 2556 εἶναι
794 2531 865 2556 οἰκο-

68 2571 171 2601 νομίας
186 2570 347 2604 Θυμοειδεῖς,
363 2571 412 2602 τὰς
428 2572 456 2598 δὲ
470 2572 698 2607 ζηλοτυποειδεῖς·
715 2573 815 2608 ὁμοίως
836 2574 864 2600 δὲ

67 2618 116 2643 καὶ
132 2617 192 2646 τοῖς
212 2617 407 2650 πνευματικοῖς
423 2616 525 2648 δούλοις
549 2616 617 2644 εἶναι
638 2618 793 2654 οἰκονομίας
814 2619 864 2653 χά-

67 2670 158 2697 ριτος.
182 2660 231 2686 καὶ
247 2660 335 2695 δόξης,
357 2661 403 2686 καὶ
421 2661 616 2697 ἀγαλλιάσεως,
634 2663 665 2689 ἐκ
678 2663 724 2689 τοῦ
741 2663 799 2695 ἐνὸς
819 2664 864 2690 καὶ

67 2709 100 2734 ατ
106 2707 224 2742 ρέπτου,
238 2705 285 2731 καὶ
297 2705 417 2737 ἀπαθοῦς
429 2707 476 2733 καὶ
488 2707 691 2742 παντοδυνάμου
706 2708 784 2734 Θεοῦ.

919 2252 977 2288 ipsa
999 2253 1110 2280 miserta
1135 2261 1175 2287 es,
1204 2261 1320 2288 parcens
1344 2255 1433 2283 facere
1458 2256 1499 2283 vel
1525 2265 1609 2284 unum
1636 2257 1702 2292 quid

918 2307 1013 2326 eorum
1026 2307 1086 2333 quae
1101 2304 1179 2327 antea
1194 2300 1265 2327 dicta
1281 2306 1354 2335 sunt,
1380 2306 1409 2329 ut
1434 2309 1478 2328 me
1498 2303 1530 2329 ad
1554 2303 1701 2331 commise-

920 2344 1051 2371 rationem
1067 2351 1199 2372 moveres.

957 2388 991 2415 Et
1013 2389 1123 2416 transivi
1149 2398 1194 2424 per
1217 2395 1241 2417 te
1263 2391 1294 2416 ⁸³.
1324 2390 1396 2419 Deus
1417 2392 1450 2418 ab
1473 2393 1548 2419 omni
1571 2393 1702 2420 immunis

920 2436 1017 2464 affectu
1040 2441 1090 2469 est,
1107 2437 1335 2470 quemadmodum
1357 2438 1437 2464 etiam
1461 2443 1503 2465 est
1525 2438 1702 2465 immutabilis

920 2486 946 2508 et
966 2482 1110 2508 inereatus.
1140 2481 1229 2508 Varia:
1251 2486 1341 2509 autem
1369 2486 1432 2509 sunt
1448 2483 1507 2517 ejus
1528 2483 1703 2516 providentiae

920 2535 969 2562 pro
992 2535 1087 2554 eorum
1110 2527 1156 2561 qui
1179 2527 1347 2562 providentia
1373 2534 1514 2563 reguntur,
1531 2528 1698 2556 diversitate.

919 2573 1046 2600 Omnium
1068 2573 1139 2603 enim
1166 2577 1260 2600 auctor
1277 2573 1358 2608 430
1371 2578 1431 2600 est:
1447 2573 1486 2600 sic
1500 2581 1564 2600 vero
1588 2578 1618 2600 ut
1640 2574 1700 2608 ejus

919 2618 1042 2653 quaedam
1068 2617 1284 2651 dispensatioues
1311 2618 1379 2644 iram
1399 2617 1552 2651 prmferaut,
1577 2619 1700 2652 qumdam

918 2661 1129 2689 :emulationmn.
1152 2661 1191 2687 Ad
1211 2661 1285 2688 viros
1307 2661 1370 2688 item
1391 2662 1527 2696 spiritales
1544 2662 1616 2696 quod
1639 2663 1688 2688 atti

918 2713 972 2740 net,
997 2706 1213 2741 dispensatioues
1242 2706 1335 2740 gratim
1358 2712 1430 2740 sunt,
1453 2712 1479 2734 et
1498 2707 1599 2742 gloriae.
1616 2711 1642 2734 et
1653 2715 1699 2734 eit-

67 2751 233 2780 sultationis
248 2772 254 2783 ,
283 2757 317 2777 ex
339 2758 412 2783 uno,
438 2752 598 2778 immutabili
613 2772 619 2784 ,
651 2752 811 2786 impassibili
837 2758 865 2781 et
883 2753 1068 2787 omnipotente
1089 2751 1151 2778 Deo.

99 2800 124 2816 ³⁵
146 2809 178 2835 Ill
192 2809 259 2843 Reg.
273 2816 340 2837 xvu.
351 2809 379 2843 l.
415 2809 436 2824 "
448 2808 531 2836 Marc.
547 2817 607 2842 vm,
620 2810 662 2836 l2.

65 2847 88 2862 ‘°
103 2846 162 2873 ibid
194 2851 253 2874 .\Vl,
271 2843 298 2868 lt.
337 2844 356 2857 "
372 2842 442 2870 l’sal.
460 2851 518 2875 vni,
535 2844 562 2870 5.

262 2890 398 2919 ΡΑτιιοι.
420 2889 475 2922 Gn.
501 2888 589 2920 Xlll.

601 2845 623 2860 δ’
633 2845 728 2873 Ezech.
744 2854 799 2879 xvi,
814 2846 839 2873 5.

702 2811 723 2826 ³θ
737 2811 809 2838 Psal.
823 2819 893 2841 κείν.
909 2811 951 2837 Η.
999 2811 1017 2825 ⁸⁷

702 2846 728 2873 Ιι.
744 2854 799 2873 xvr.
814 2846 839 2873 5.
877 2846 899 2861 ⁵⁵³
914 2846 979 2873 ibid.
1002 2845 1017 2871 8

999 2810 1020 2825 ⁸⁷
1033 2809 1130 2837 Ezech.
1149 2817 1202 2842 xw,
1217 2810 1261 2838 22.
1313 2811 1334 2827 ³⁸
1347 2811 1414 2839 ibid.
1429 2819 1473 2843 xv,
1486 2811 1514 2839 2.
1550 2812 1571 2827 ³³
1591 2811 1656 2839 tbld.
1676 2810 1699 2838 7.

1480 2893 1518 2922 26
