1882 3052
157 126 208 155 815

865 121 911 148 EX
931 119 1079 149 ORIGENE

1737 122 1785 150 Sili

192 185 227 214 Et
243 186 311 213 rami
323 186 380 220 ejus
393 186 562 212 restituentur
575 185 606 212 ε’.
622 184 808 212 Restituentur
825 183 850 210 in
863 183 938 210 Chri-

1030 184 1081 210 It'al
1097 182 1131 210 τὰ
1147 182 1284 217 κλήματα
1298 182 1391 210 αὑτοῦ
1402 183 1696 217 ἀποκαταστήσεται.
1717 184 1786 210 Ἀπο-

157 238 211 260 ειυ.
226 232 371 267 Proplietia
390 232 417 259 in
432 240 465 259 eo
478 231 662 266 conquiescet.

194 320 231 348 Et
244 322 326 348 scient
343 321 431 348 omnia
452 321 523 355 ligna
537 320 633 354 campi,
646 319 770 354 quoniam
788 327 833 354 ego
850 318 941 345 Domi-

159 375 208 394 nus
218 367 250 393 ".
266 367 380 402 Lignum
396 372 437 394 est
451 371 547 393 natura
567 366 747 393 rationabilis.
763 365 882 400 Campus
901 369 943 392 est

159 416 206 439 aut
217 412 330 439 latitudo
341 419 508 443 sermonum,
523 411 565 438 vel
578 411 635 438 loca
648 410 788 438 inferiora.

195 457 348 485 Humilians
361 457 459 492 lignum
471 457 581 483 sublime
590 456 621 482 ⁸⁸.
634 455 749 491 Lignum
764 456 880 483 sublime
897 463 943 491 po—

157 504 238 539 pulus
255 508 296 531 est
313 511 392 538 quem
415 502 560 537 aliquando
577 502 664 530 virtus
680 506 708 529 et
723 501 823 529 deinde
840 502 943 529 exalta-

159 549 195 576 vit
210 549 321 582 malitia,
337 553 445 583 propter
459 556 541 583 quam
559 548 639 575 etiam
654 548 812 575 humiliatus
836 552 889 575 est.

193 595 227 622 Et
249 595 370 622 exaltans
393 595 494 630 lignum
518 594 616 621 humile
637 594 670 621 ⁸⁸.
702 593 816 629 Lignum
841 594 943 622 humile

157 646 237 677 atque
260 641 335 668 humi
359 648 467 675 repens,
486 640 602 675 populus
619 645 661 667 est
675 640 814 675 gentium;
841 641 943 668 humile

158 688 183 714 in
196 688 327 722 peccatis,
345 687 457 719 humile,
467 687 547 722 quod
562 695 576 714 e
591 691 662 714 terra
677 687 769 722 carpit,
789 688 863 714 velut
875 695 890 715 a
905 688 943 715 di—

157 733 270 768 sciplina
286 733 312 760 in
326 733 410 760 altum
435 733 564 760 verticem
589 733 764 767 exaltabitur,
787 734 857 761 sicut
877 734 943 761 scri-

157 785 232 813 ptum
245 783 286 806 est
301 779 324 794 ⁶⁶
340 789 346 806 ;
363 779 448 805 Erunt
463 779 598 806 novissimi
612 779 702 814 primi.

196 823 228 850 Et
243 824 390 858 arefaciens
404 823 503 858 lignum
519 824 600 850 viride
617 824 648 850 ⁸⁷.
664 823 778 860 Lignum
802 825 886 852 viride
900 829 942 852 est

158 869 184 894 id
199 869 272 902 quod
297 869 361 895 vivit
378 869 432 896 vita
446 869 573 903 iustitiae;
600 869 702 903 lignum
727 869 843 901 aridum,
869 869 941 904 quod

157 915 224 941 vivit
236 915 288 941 vita
307 917 409 949 peccati
425 922 432 940 :
450 915 626 949 quamobrem
644 915 727 942 etiam
744 916 852 942 arescit.

194 960 331 995 Ejusdem.
363 960 489 995 Spiritale
502 961 574 987 enim
591 960 692 996 lignum
715 965 757 988 est
786 965 882 988 natura
899 969 943 988 ra-

159 1007 306 1041 tionabilis,
320 1015 380 1042 qua:
396 1015 410 1034 a
428 1006 518 1034 medio
533 1007 631 1042 etrapit,
650 1015 682 1034 ac
694 1007 808 1035 necdum
825 1009 850 1035 in
861 1008 944 1044 justi-

158 1054 196 1081 tia
208 1054 283 1082 vivit.

456 1098 533 1126 CAP.
549 1097 642 1126 XVIII.

192 1145 287 1172 Patres
306 1145 472 1172 comederunt
498 1153 575 1171 uvam
590 1145 712 1172 acerbam
728 1146 760 1173 ⁸⁸.
788 1147 874 1175 Docet
888 1148 942 1182 hic,

157 1192 228 1227 quod
243 1192 269 1218 in
284 1191 386 1225 legibus
411 1191 494 1218 lsrael
518 1191 628 1224 dicitur,
646 1192 720 1219 reddi
737 1199 882 1226 peccatum
896 1203 944 1229 pa-

158 1245 228 1264 ll‘lllll
245 1237 270 1264 in
285 1237 365 1270 ﬁlios,
389 1236 546 1272 parabolam
559 1244 630 1269 esse,
646 1244 707 1271 quze
722 1238 840 1273 indigeat
854 1241 944 1268 consi-

157 1284 305 1311 deratione.

193 1329 329 1363 Ejusdem.
361 1327 418 1355 Uva
438 1327 535 1355 acerba
556 1332 699 1363 peccatum
718 1334 760 1356 est
788 1335 884 1358 contra
906 1331 944 1360 le-

157 1381 227 1408 gem.
257 1371 315 1399 Uva
338 1371 435 1400 acerba
458 1372 558 1399 dicitur
568 1393 575 1406 ,
592 1373 664 1407 quod
679 1381 711 1400 ex
725 1374 758 1401 iis
771 1382 832 1409 quae
845 1381 944 1404 nostrae

157 1423 260 1445 natura:
276 1421 350 1450 sunt,
368 1425 466 1444 causas
480 1417 582 1444 habens
598 1419 739 1446 consistat.
759 1419 944 1453 Quemadmo-

156 1463 221 1490 dum
239 1462 398 1490 naturaliter
412 1469 463 1489 uva
480 1463 578 1489 acerba
593 1471 625 1490 ex
639 1464 692 1491 vite
707 1470 758 1499 est,
774 1465 813 1492 sic
834 1472 859 1494 et
882 1475 942 1500 nos,

994 227 1208 263 καταστήσονται
1225 229 1270 254 ἐπὶ
1286 229 1324 264 τῷ
1339 228 1458 264 Χριστῷ.
1474 229 1566 265 Τούτῳ
1584 229 1755 256 καταπαύσει
1768 230 1784 264 ἡ

993 280 1116 307 προφητε
1121 273 1156 299 ία.

1028 318 1084 345 Kal
1100 319 1265 354 γνώσονται
1280 320 1377 347 πάντα
1392 321 1427 347 τὰ
1441 321 1520 353 ξύλα
1534 321 1653 352 πεδίου,
1672 321 1717 347 ὅτι
1732 321 1786 355 ὲηὼ

993 366 1110 399 Κύριος.
1123 365 1206 392 Ξύλον
1223 367 1281 392 ὲστὶ
1298 366 1378 400 φύσις
1392 367 1487 402 λογική
1499 376 1506 382 ·
1527 367 1618 394 πεδίον
1637 366 1714 392 ἐστὶν
1730 367 1786 402 ἦτοι

993 411 1023 437 τὸ
1036 411 1136 442 πλάτος
1151 411 1206 437 τῶν
1220 410 1317 445 λόγων,
1330 411 1346 446 ἢ
1361 412 1385 437 ol
1400 411 1550 448 κατώτεροι
1561 411 1652 438 τόποι.

1035 456 1066 481 '0
1076 456 1222 483 ταπεινῶν
1234 456 1329 489 ξύλον
1345 457 1476 491 ὑψηλόν.
1495 457 1578 484 Ξύλον
1597 457 1702 492 ὑῂλόν
1715 458 1785 484 ἐστιν

995 503 1009 528 ὁ
1019 502 1082 534 λαὸς
1097 503 1214 538 ὑψωθεὶς
1222 504 1281 530 κατ’
1290 503 1389 539 ἀρετήν
1399 512 1463 530 ποτε
1472 512 1478 518 ·
1493 503 1611 538 ὑψωθεὶς
1623 504 1652 530 δὲ
1660 504 1709 530 καὶ
1719 503 1785 530 κατὰ

996 548 1094 574 κακίαν
1104 569 1112 582 ,
1133 549 1166 575 δι’
1180 549 1213 584 ἣν
1228 549 1275 575 καὶ
1295 548 1475 584 ἐταπεινώθη.

1030 593 1083 620 Kal
1095 595 1111 620 ό
1123 593 1210 628 ὑψῶν
1222 593 1317 626 ξύλον
1330 595 1482 624 ταπεινόν.
1495 595 1578 622 Ξύλον
1595 596 1725 624 ταπεινὸν
1741 597 1785 622 καὶ

995 639 1165 674 χαμαίζηλόν
1182 641 1256 667 ἐστιν
1270 641 1284 666 ὁ
1300 640 1363 673 λαὸς
1381 641 1481 668 ἐθνῶν·
1502 643 1629 669 ταπεινὸν
1649 644 1678 669 ὲν
1701 644 1785 679 ἁμαρ-

993 686 1064 716 τίαις
1075 693 1081 700 ⁸
1097 686 1232 718 ταπεινὸν,
1254 686 1294 712 ὅτι
1311 687 1432 713 κάτωθεν
1445 685 1540 723 ἦρξεν,
1555 689 1639 715 οἱονεὶ
1654 689 1710 715 ἀπὸ
1725 698 1785 715 παι-

993 731 1067 763 δείας
1088 732 1134 757 ἐπὶ
1148 732 1178 758 τὸ
1196 732 1280 768 ἄκρον
1299 733 1471 769 ὑψωθήσεται
1489 735 1560 762 κατὰ
1581 735 1612 762 τὸ
1627 736 1786 771 γεγραμμέ-

993 785 1037 803 νον
1048 785 1054 792 ·
1071 778 1214 804 Ἔσονται
1225 779 1252 804 ol
1267 779 1390 813 ἔσχατοι
1405 779 1523 813 πρῶτοι.

1029 823 1083 850 Καὶ
1099 823 1248 857 Eupaler
1264 823 1281 856 ξ
1285 824 1359 851 (5.107-
1371 825 1498 858 χλωρόν.
1515 825 1598 852 Ξύλον
1611 825 1718 862 χλωρόν
1732 827 1786 855 ἐστι

992 869 1023 895 τὸ
1038 869 1092 901 ζῶν
1115 869 1143 895 ἐν
1167 869 1223 904 ζωῇ
1241 869 1427 904 δικαιοσύνης·
1444 870 1521 903 ξύλον
1538 870 1566 897 δὲ
1584 871 1666 907 ξηρόν
1684 873 1742 899 ἐστι
1758 872 1786 898 τὺ

994 915 1047 947 ζῶν
1060 916 1087 941 ὲν
1100 915 1155 950 ζωῇ
1173 915 1322 950 ἁμαρτίας·
1341 915 1380 941 διὸ
1395 917 1442 942 καὶ
1458 916 1626 952 ξηραίνεται.

1032 961 1086 988 Τοῦ
1099 960 1202 987 αὐτοῦ.
1221 960 1304 986 Ξύλον
1318 960 1372 996 γάρ
1390 962 1447 988 ἐστι
1461 963 1566 998 νοητὸν,
1588 955 1784 998 φύσιςῆογικὴ,

994 1008 1047 1034 ἀπὸ
1062 1006 1144 1042 μέσου
1159 1006 1310 1044 ἀρξαμένη,
1329 1008 1412 1043 μήπω
1426 1007 1501 1039 ζῶσα
1515 1009 1544 1035 ἐν
1555 1009 1726 1044 δικαιοσύνῃ.

1302 1098 1391 1124 ΚΕΦ.
1413 1098 1472 1125 ΙΗ¹.

1031 1145 1063 1171 Ol
1075 1142 1200 1177 πατέρες
1212 1143 1325 1177 ἔφαγον
1341 1143 1469 1177 ὄμφακα.
1490 1143 1615 1170 Διδάσκει
1627 1144 1658 1169 ὲν
1672 1143 1783 1174 τούτοις,

994 1189 1076 1215 ὅτιτὸ
1096 1188 1241 1224 λεγόμενον
1258 1189 1286 1214 ὲν
1307 1190 1363 1220 τοῖς
1378 1189 1470 1224 νόμοις
1491 1189 1538 1215 τοῦ
1560 1189 1679 1225 Ἰσραὴλ,
1697 1189 1784 1215 ἀποδί-

994 1235 1086 1262 δοσθαι
1104 1234 1241 1270 ἁμαρτίαν
1257 1234 1382 1270 πατέρων
1399 1234 1447 1261 ἐπὶ
1460 1234 1553 1266 τέκνα,
1571 1235 1714 1271 παραϐολή
1731 1236 1783 1260 ἐστι

995 1280 1133 1316 Χρῄζουσσ.
1145 1279 1324 1316 συνοράσεως.
1569 1298 1571 1301 ,

1033 1327 1089 1354 Τοῦ
1105 1326 1209 1353 αὐτοῦ.
1229 1326 1339 1362 Ὀμφαξ
1359 1326 1433 1353 ἐστὶν
1449 1327 1466 1361 ἡ
1488 1326 1610 1363 ἁμαρτία
1626 1327 1642 1361 ἡ
1667 1326 1784 1362 παράνο-

997 1381 1056 1408 μος.
1074 1372 1184 1407 Ὀμφαξ
1198 1372 1317 1406 λέγεται,
1331 1373 1371 1398 ὅτι
1389 1372 1420 1398 ὲκ
1434 1372 1489 1399 τῶν
1504 1372 1624 1406 φυσικῶν
1643 1373 1723 1407 ἡμῶν
1739 1372 1784 1403 τὰς

995 1418 1122 1453 ἀφορμὰς
1136 1418 1235 1453 ἔχουσα
1250 1418 1413 1444 συνίσταται.
1434 1418 1538 1453 ’Ὠσπερ
1556 1419 1679 1452 φυσικῶς
1700 1419 1715 1444 ὁ
1736 1419 1783 1452 ὁμ-

996 1463 1049 1498 φαξ
1063 1464 1095 1490 ὲκ
1108 1464 1158 1498 τῆς
1174 1463 1296 1498 ἀμπέλου
1317 1462 1399 1494 ἐστὶν,
1419 1462 1490 1489 οὕτω
1510 1463 1557 1489 καὶ
1574 1463 1666 1497 ἡμεῖς,
1684 1463 1732 1490 ἐὰν
1749 1464 1786 1495 ὡς

157 1510 180 1537 si
194 1510 365 1537 trahentibus
382 1509 552 1537 naturalibus
574 1510 693 1538 motibus
718 1512 901 1547 obsequamur
917 1515 938 1542 in

1030 1518 1118 1535 κουσιν
1134 1510 1162 1535 αἱ
1186 1510 1299 1544 φυσικαὶ
1322 1510 1444 1545 κινήσεις
1466 1509 1694 1545 ἀκολουθήσωμεν
1709 1511 1737 1536 ἐν
1752 1512 1783 1545 τῇ

156 1557 244 1590 prima
258 1561 346 1588 aetate,
363 1563 442 1582 uvam
457 1556 581 1582 acerbam
595 1557 775 1585 comedimus.

195 1602 331 1636 Ejusdem.
353 1601 410 1628 Uva
425 1601 521 1628 acerba
541 1606 683 1636 peccatum
697 1608 756 1637 est;
771 1608 866 1640 stupor
876 1605 943 1634 den-

157 1647 237 1679 tium,
262 1654 292 1673 ea
307 1654 368 1681 quae
384 1647 410 1673 in
424 1651 537 1681 peccato
553 1651 580 1673 et
594 1652 796 1682 perpeccalum
821 1652 944 1680 mortalis

157 1692 279 1720 conditio
294 1697 352 1723 est;
370 1691 475 1723 dentes,
492 1691 534 1719 vis
544 1692 655 1720 animae.

193 1737 223 1765 Si
238 1738 318 1772 fuerit
334 1738 406 1764 ultra
430 1737 558 1772 par-ahala
573 1738 605 1764 ⁸³.
638 1737 776 1766 Parabola:
794 1748 847 1767 non
862 1741 944 1777 433

157 1785 246 1818 reipsa
259 1788 324 1810 sunt
338 1784 409 1818 quod
430 1783 574 1815 dicuntur,
594 1784 639 1811 sed
654 1785 767 1819 spiritali
784 1794 865 1814 sensu
880 1792 944 1815 sunt

157 1830 346 1865 intelligendze.
376 1830 430 1856 Lex
445 1838 506 1865 qua:
527 1830 594 1857 dixit
619 1831 693 1858 reddi
709 1837 819 1866 peccata
836 1839 943 1867 patrum

155 1878 182 1905 in
198 1877 276 1910 lilios,
298 1876 366 1903 dixit
384 1883 492 1910 quoque
515 1884 569 1903 non
583 1878 731 1904 morituros
746 1877 814 1905 ﬁlios
830 1886 880 1913 pro
897 1887 944 1914 pa-

155 1922 252 1949 tribus.
281 1920 374 1955 Neque
389 1919 522 1955 continﬁit
537 1925 566 1948 ut
581 1921 649 1948 alter
667 1929 716 1955 pro
736 1923 839 1955 altero,
868 1928 944 1957 pater

154 1975 209 2004 pro
221 1968 287 2000 lilio,
301 1973 326 1994 et
343 1968 401 1994 vice
415 1974 504 2000 versa,
520 1971 629 2001 peccata
644 1967 766 2002 recipiat.

190 2057 287 2082 Anima
310 2064 368 2090 qua:
393 2055 535 2088 peccaverit
548 2074 554 2086 ,
582 2056 640 2088 ipsa
661 2057 788 2082 morietur
803 2057 835 2083 ⁷⁰.
855 2057 942 2085 Morte

155 2101 261 2136 peccati
285 2108 330 2134 per
354 2099 533 2134 privationem
549 2099 608 2132 ejus
623 2099 668 2133 qui
683 2099 749 2126 dicit
760 2100 798 2124 '“z
815 2099 869 2134 Ego
883 2109 942 2127 sum

156 2149 222 2174 uita.

195 2193 280 2219 "omo
290 2192 313 2218 si
325 2191 504 2226 [ueritjustus
513 2191 545 2217 ⁷³.
557 2189 653 2217 Justus
665 2195 706 2217 est
718 2190 800 2217 homo
813 2191 859 2226 qui
877 2192 942 2219 facit
959 2191 980 2217 Ι)

154 2239 298 2274 judicium,
324 2245 374 2264 nec
397 2236 546 2271 quidquam
571 2237 630 2263 sine
654 2236 758 2271 judicio
787 2238 866 2270 facit,
894 2240 940 2266 sed

156 2285 246 2312 omnia
260 2291 321 2311 eum
337 2282 441 2318 judicio
456 2287 483 2309 et
498 2282 524 2308 in
540 2282 656 2316 justitia.

191 2331 275 2366 Super
291 2335 390 2357 montes
409 2337 459 2356 non
472 2328 612 2356 comederit
620 2329 653 2355 ⁷³.
671 2328 767 2357 Escam
786 2331 858 2357 illam
877 2331 940 2358 alti-

155 2379 279 2405 tudinum
303 2376 489 2404 cxtollentium
514 2382 544 2402 se
561 2375 692 2402 adversus
712 2376 856 2403 scientiam
879 2376 937 2404 Dei.

155 2424 225 2451 Sunt
241 2430 303 2449 vero
325 2425 432 2449 montes
458 2420 604 2455 spiritales,
622 2428 653 2448 ex
675 2421 789 2449 adverso
811 2423 939 2456 ordinati,

153 2470 201 2505 qui
215 2470 272 2496 haec
285 2469 409 2503 gignunt.

189 2515 230 2541 Ad
254 2515 328 2541 idola
353 2514 447 2540 domus
472 2512 557 2540 Israel
574 2514 606 2539 ⁷⁵.
623 2513 779 2541 Secundum
801 2514 939 2542 notionem

154 2562 299 2589 affectuum
312 2565 391 2587 vocat
405 2559 488 2586 idola.

189 2607 229 2633 Ad
240 2607 374 2633 mulierem
384 2609 575 2632 menstruatam
585 2605 617 2631 ⁷⁵.
628 2604 728 2632 Diebus
738 2604 838 2639 quibus
848 2613 941 2632 emun-

154 2652 243 2678 datur.
257 2651 324 2678 llinc
339 2651 466 2686 paulatim
481 2650 513 2676 ad
530 2657 664 2676 summam
679 2649 830 2677 castitatem
847 2658 941 2678 assue-

154 2696 230 2724 facit.

996 1555 1090 1591 πρώτῃ
1099 1555 1201 1591 ἡλικίᾳ,
1217 1554 1331 1590 ὄμφακά
1345 1556 1427 1589 ἐσμεν
1446 1554 1607 1589 τρώγοντες.

1033 1601 1088 1628 Τοῦ
1110 1600 1212 1627 αὑτοῦ.
1234 1600 1342 1635 Ὀμφαξ
1365 1600 1437 1626 ἐστὶν
1457 1602 1473 1636 ὴ
1497 1601 1632 1636 ἁμαρτία’
1658 1601 1787 1636 αἱμωδια-

998 1646 1066 1681 σμὸς
1078 1646 1095 1680 ὴ
1114 1646 1142 1672 ὲν
1156 1647 1189 1681 τῇ
1202 1645 1324 1681 ἁμαρτίᾳ
1339 1646 1396 1671 ἐστὶ
1409 1645 1442 1672 δι’
1459 1646 1544 1681 αὐτῆς
1558 1646 1690 1681 vum;
1699 1655 1706 1661 ·
1719 1646 1787 1673 ὀδόν-

996 1700 1050 1723 τες,
1067 1692 1083 1726 ὴ
1098 1691 1211 1726 δύναμις
1223 1691 1273 1726 τῆς
1289 1690 1387 1726 ψυχῆς.

1038 1737 1108 1764 Ἐὰν
1130 1736 1250 1771 γένηται
1275 1737 1319 1763 ἔτι
1342 1737 1489 1772 λεγομένη
1517 1738 1536 1772 ἡ
1562 1739 1730 1773 παραϐολή.
1754 1739 1787 1765 Al

996 1782 1149 1818 παραϐολαὶ
1168 1783 1197 1809 οὔ
1220 1782 1290 1809 κατὰ
1305 1782 1338 1809 τὰ
1363 1783 1513 1818 πράγματα
1542 1784 1698 1816 ἀκούονται,
1721 1784 1788 1811 ἀλλὰ

996 1829 1066 1856 κατὰ
1079 1829 1234 1863 ἀναγωγήν.
1258 1828 1287 1854 '0
1303 1828 1386 1854 εἰπὼν
1402 1829 1493 1864 νόμος,
1511 1829 1684 1856 ἀποδίδοσθαι
1699 1831 1788 1865 ἁμαρ-

995 1876 1056 1907 τίας
1072 1875 1196 1910 πατέρων
1213 1875 1258 1900 ἐπὶ
1281 1875 1372 1907 τέκνα,
1391 1872 1478 1906 εἶπεν,
1494 1876 1535 1901 ὅτι
1556 1876 1606 1902 οὐκ
1625 1876 1788 1902 ἀποθανοῦν-

995 1930 1040 1948 ται
1064 1921 1115 1947 υἱοὶ
1139 1921 1208 1955 ὑπὲρ
1225 1921 1360 1956 πατέρων.
1383 1921 1440 1946 Οὐκ
1465 1921 1521 1947 ἔστι
1541 1922 1596 1956 γὰρ
1614 1921 1694 1948 ἄλλον
1719 1923 1787 1957 ὑπὲρ

996 1967 1087 1998 ἄλλου,
1108 1966 1213 2001 πατέρα
1237 1966 1306 2001 ὑπὲρ
1330 1966 1399 1998 υἱοῦ,
1426 1967 1441 2002 ἢ
1469 1966 1612 1999 ἀνάπαλιν,
1640 1967 1788 1994 ἀπολαδᾷν

996 2012 1142 2048 ἁμαρτίας.
1225 2047 1232 2052 1

1037 2059 1072 2084 Ἡ
1093 2057 1178 2091 ψυχὴ
1198 2058 1215 2091 ἡ
1237 2056 1459 2091 ἁμαρτάνουσα,
1484 2057 1560 2091 αὐτὴ
1584 2058 1785 2084 ἀποθανεῖται.

996 2104 1095 2138 Θνῆσιν
1116 2103 1163 2138 τῆς
1180 2103 1326 2138 ἁμαρτίας,
1345 2103 1415 2129 κατὰ
1435 2103 1562 2138 στέρησιν
1579 2103 1626 2129 τοῦ
1647 2105 1787 2135 εἰπόντος·

1003 2150 1076 2185 Ἐγώ
1092 2151 1150 2184 εἰμι
1166 2150 1185 2183 ἡ
1199 2149 1264 2183 (iuri.

1034 2198 1200 2230 Ἄνθρωπος
1225 2195 1259 2228 ὃς
1282 2196 1365 2222 ἔσται
1386 2196 1516 2228 δίκαιος.
1544 2196 1706 2231 ’Ἄνθρωπός
1731 2198 1788 2223 ἐστι

996 2243 1098 2273 δίκαιος
1121 2241 1204 2268 ποιῶν
1223 2241 1320 2277 κρίμα,
1337 2242 1351 2267 ὁ
1374 2241 1455 2276 μηδὲν
1470 2240 1589 2276 ἀκρίτως
1605 2242 1702 2275 ποιῶν,
1720 2242 1787 2268 ἀλλὰ

996 2287 1165 2322 κεκριμένως
1182 2287 1209 2313 ὲν
1227 2285 1390 2321 δικαιοσύνῃ.

1037 2331 1102 2358 Ἐπὶ
1116 2331 1175 2357 τῶν
1189 2330 1281 2364 ὀρέων
1297 2331 1332 2357 οὐ
1347 2330 1479 2364 φάγεται.
1494 2330 1548 2366 Τὴν
1563 2330 1664 2366 βρῶσιν
1679 2332 1788 2367 ἐκείνην

995 2377 1044 2413 τὴν
1058 2377 1111 2403 τῶν
1126 2376 1290 2412 ὑψωμάτων,
1304 2377 1357 2404 τῶν
1370 2377 1556 2412 ἐπαιρομένων
1569 2378 1639 2403 κατὰ
1654 2378 1702 2412 τῆς
1719 2377 1788 2410 γνώ-

997 2433 1064 2456 σεως
1075 2423 1120 2450 τοῦ
1131 2423 1208 2450 Θεοῦ.
1225 2424 1294 2458 Ὄρη
1306 2423 1334 2449 δέ
1348 2424 1405 2449 ἐστι
1417 2423 1509 2457 νοητὰ,
1522 2423 1677 2458 τασσόμενα
1689 2425 1722 2450 ὲκ
1734 2423 1787 2450 τῶν

996 2469 1136 2501 ἐναντίων,
1153 2469 1177 2495 ol
1190 2468 1276 2495 ταῦτα
1293 2470 1483 2504 γεννήσαντες.

1031 2515 1110 2550 Πρὸς
1126 2515 1161 2542 τὰ
1177 2514 1286 2541 εἴδωλα
1305 2514 1390 2541 οἴκου
1414 2513 1547 2548 Ἰσραήλ.
1566 2514 1644 2541 Κατὰ
1666 2514 1715 2549 τὴν
1729 2514 1786 2540 διά-

994 2570 1068 2588 νοιαν
1085 2561 1139 2587 τῶν
1155 2559 1248 2587 παοῶν
1261 2560 1295 2586 τὰ
1311 2559 1408 2587 εἴδωλα
1428 2560 1510 2594 λέγει.

1028 2606 1105 2639 Πρὸς
1120 2606 1176 2640 τὴν
1195 2605 1322 2640 γυναῖκα
1343 2606 1378 2632 ἐν
1399 2605 1517 2639 ἀφέΰρῳ
1534 2603 1643 2632 οὖσαν.
1660 2605 1714 2637 Τὰς
1735 2605 1784 2639 τῆς

993 2652 1152 2687 καθάρσεως
1176 2651 1298 2687 ἡμέρας·
1317 2652 1350 2678 ἐκ
1373 2651 1467 2678 τούτου
1489 2651 1557 2678 κατὰ
1583 2651 1666 2687 μέρος
1686 2651 1782 2683 ἐθίζων

993 2697 1032 2728 εἰς
1051 2696 1226 2732 σωφροσύνην
1246 2695 1410 2731 ἀκροτάτην.

192 2797 213 2812 ⁶’
227 2798 324 2825 Ezccli.
339 2806 406 2830 xvii,
416 2799 460 2825 2‘2.
493 2799 515 2814 ⁸³
532 2799 596 2826 ibid.
610 2799 655 2826 2i.
694 2800 716 2816 ⁶⁴
731 2799 796 2827 ibid.
836 2800 932 2827 “ibid.
967 2801 988 2816 °°
1004 2799 1097 2826 Matth.
1114 2807 1160 2831 xx,
1171 2798 1212 2826 16.
1253 2798 1273 2813 ⁵⁷
1287 2797 1385 2826 Ezecli.
1399 2805 1466 2830 xvii,
1476 2797 1521 2824 25.
1550 2797 1572 2812 “
1584 2797 1649 2831 ibid.
1663 2803 1741 2829 xvul.
1752 2795 1779 2822 2.

155 2833 255 2860 "ibid.
270 2834 295 2859 5.
334 2834 355 2848 ""
371 2834 432 2860 ibid.
452 2841 527 2867 xvm,
549 2835 575 2861 li.
614 2835 634 2849 ⁷·
650 2834 727 2862 Joan.
744 2842 799 2868 xtv,
816 2835 841 2862 6.

881 2837 903 2852 τ’
922 2835 1019 2864 Ezeeli.
1037 2842 1112 2868 xvnt,
1132 2834 1156 2861 5.

1196 2834 1218 2849 ⁷³
1231 2833 1294 2861 ibid.
1307 2834 1333 2860 6.
1374 2833 1396 2850 ⁷⁸
1411 2833 1476 2860 ibid.
1498 2834 1519 2849 "'
1537 2832 1600 2860 ibiJ.
