1882 3052
129 117 185 146 817

733 118 886 146 SELECTA
903 117 936 144 ΙΝ
955 117 1182 147 EZECHIELEM.

1710 119 1762 146 818

173 175 208 203 Τὸ
226 176 369 212 ἀργύριον
390 177 482 205 αὐτοῦ
504 177 553 204 ἐπὶ
572 178 648 210 τόκῳ
667 177 702 204 οὐ
723 177 822 204 δώσει.
845 177 918 203 Τόκοι

1015 176 1161 204 Pecuniam
1175 186 1254 204 suam
1268 178 1302 204 ad
1322 185 1431 204 usuram
1442 185 1493 204 non
1508 177 1608 204 dederit
1621 176 1654 203 ⁷⁸.
1673 175 1761 204 Usura

131 221 244 255 λέγεται
262 222 294 249 τὸ
310 222 439 258 ᾀδόμενον
453 223 498 249 ἐπὶ
514 222 646 260 ἀργυρίου
657 231 663 237 ·
682 222 849 258 πλεονασμός
866 222 923 248 ἐστι

131 267 168 293 τὰ
181 267 227 294 ἐπὶ
244 267 298 294 τῶν
311 267 412 295 λοιπῶν
434 269 558 304 διδόμενα
578 268 730 305 βρωμάτων
750 269 767 304 ἢ
782 269 921 304 πομάτων.

131 312 234 348 Λοιμός
251 314 325 341 ἐστιν
337 315 352 341 ό
366 314 572 350 λυμαινόμενος,
587 316 666 342 οἱονεὶ
678 316 692 342 ὁ
706 314 806 351 ἅρπαξ,
821 315 922 348 ἄδικος,

131 359 293 387 καταπίνων
312 360 412 387 πάντα.

169 405 224 432 Καὶ
241 405 351 440 χέοντα
367 404 447 442 αἷμα.
473 404 548 442 Αἷμά
570 408 627 434 ἐστι
650 407 782 443 σύμϐολον
806 406 923 441 ζωτικῆς

131 449 275 485 δυνάμεως
288 450 385 488 ψυχῆς.

169 495 225 521 Kal
244 497 364 531 πτωχὸν
388 497 437 525 καὶ
454 498 579 532 πένητα.
605 498 736 525 Πλούσιον
761 498 792 525 οὺ
814 497 923 525 δύναται

131 540 383 568 καταδυναστεῦσαι
400 543 413 569 ὁ
428 542 531 578 λοιμός.
547 543 664 578 Λύτρον
682 544 736 578 γὰρ
751 542 854 578 ψυχῆς
870 543 923 570 ἀν-

132 586 263 620 θρώπου,
276 589 292 614 ό
306 587 381 621 75w;-
392 589 524 622 πλοῦτος
534 597 540 604 ·
555 589 671 623 πτωχὸς
685 589 719 616 δὲ
732 590 787 624 οὐχ
798 590 924 624 ύφίσταέ

132 640 182 658 ται
201 632 340 667 ἀπειλήν.
360 634 491 667 Πλούσιός
511 636 584 662 ἐστιν
605 636 619 661 ὁ
643 635 763 662 πλουτῶν
782 636 812 662 ὲν
834 635 925 671 ἔργοις

133 677 258 712 ἀγαθοῖς,
275 677 304 705 ὲν
319 679 390 714 λόγῳ
411 679 490 712 Θεοῦ,
506 680 553 707 καὶ
569 680 599 706 ὲν
618 680 693 716 πάσῃ
710 680 818 718 γνώσει³

170 723 226 749 Kal
237 725 281 757 εὶς
291 724 327 751 τὰ
337 724 447 752 εἴδωλα
458 726 541 754 ἔθετο
551 725 622 759 τοὺς
634 726 807 761 ὀφθαλμοὺς
820 726 922 753 αὐτοῦ.

133 768 230 796 Πάντα
249 770 283 797 τὰ
304 771 535 807 ἀναπεπλασμένα
556 771 652 799 εἴδωλά
678 772 740 799 είσι.
764 771 874 798 Τιθέασι
897 772 926 798 δὲ

131 814 267 843 mir/sev
280 817 433 853 ἀποκρύφῳ
446 818 469 845 oi
487 818 629 853 αίρετικοί.

977 221 1077 249 dicitur
1113 223 1300 258 pervulgatum
1334 222 1400 250 illud
1435 222 1462 249 in
1499 222 1615 257 pecunia
1657 221 1760 255 fenus;

978 267 1153 300 abundantia,
1177 268 1203 296 id
1223 269 1294 303 quod
1317 269 1344 296 in
1366 267 1479 303 reliquis
1501 267 1569 296 cibis
1591 271 1638 294 aut
1654 267 1763 302 potibus

978 311 1065 339 datur.
1094 311 1181 340 Pestis
1202 317 1244 340 est
1269 313 1292 340 is
1314 312 1360 348 qui
1379 312 1534 340 vastitatem
1559 311 1658 345 infert,
1681 315 1762 346 puta,

977 358 1058 391 latro,
1073 358 1201 393 injustus,
1216 359 1262 394 qui
1274 359 1388 394 deglutit
1405 358 1507 386 omnia.
1587 358 1589 360 ⁷

1013 403 1048 430 Et
1060 405 1234 439 effundentem
1250 405 1403 440 sanguinem
1412 405 1445 432 "".
1477 405 1593 441 Sanguis
1609 405 1764 441 symbolutn

978 455 1020 478 est
1035 451 1126 478 vitalis
1143 451 1252 480 virtutis
1268 451 1376 478 animae.

1014 496 1049 523 Et
1065 505 1172 533 egenum
1188 503 1213 524 et
1227 497 1407 532 pauperem".
1425 497 1539 524 Divitem
1555 506 1607 525 non
1623 503 1712 533 potest
1724 498 1765 525 vir

979 543 1107 578 pestilens
1119 544 1284 578 opprimere.
1298 543 1451 578 Redemptio
1462 543 1530 570 enim
1540 544 1636 571 anian
1650 544 1711 576 viii,
1721 545 1766 571 di.-

979 589 1049 616 vitiw
1068 589 1140 624 ejus;
1163 590 1237 624 inops
1263 594 1351 616 autent
1374 597 1424 616 non
1447 590 1557 616 sustinet
1580 591 1766 617 comminatio-

979 643 1036 662 uem
1051 635 1084 661 7°.
1101 634 1179 662 Dives
1193 639 1245 667 est,
1271 635 1318 670 qui
1334 635 1408 662 dives
1433 640 1474 662 est
1489 635 1515 662 in
1531 635 1659 670 operibus
1674 637 1764 669 bonis,

979 680 1005 707 in
1024 681 1107 708 verbo
1120 679 1178 714 Dei,
1194 685 1222 708 et
1241 681 1268 708 in
1285 681 1359 708 omni
1377 681 1499 709 scientia.

1015 725 1050 752 Et
1075 726 1112 753 ad
1134 726 1206 753 idola
1229 726 1318 760 posuit
1340 725 1428 752 oculos
1454 734 1513 752 suos
1535 726 1567 752 ³ο.
1591 726 1767 761 Quaecunque

980 771 1096 799 conﬁcta
1120 775 1194 803 sunt,
1208 771 1278 798 idola
1291 775 1364 799 sunt.
1382 771 1490 799 Ponunt
1505 777 1595 799 autent
1611 773 1666 799 haec
1681 773 1766 800 bznre-

982 817 1028 844 tici
1047 817 1073 844 in
1086 817 1204 844 occulto.

177 862 245 888 Ἐὰν
265 862 301 889 δὲ
321 863 454 898 γεννήσῃ
481 864 557 890 υἱόν.
582 864 613 890 Ἦ
637 863 742 898 γένεσις
759 864 838 899 ὴμῶν
855 864 918 891 κατᾶ

1014 862 1043 889 Si
1057 868 1146 890 autem
1160 863 1277 898 genuerit
1289 862 1376 897 ﬁlium
1387 863 1419 889 ει.
1434 862 1581 890 Generatio
1598 869 1690 891 nostra
1703 871 1764 891 car-

133 907 225 943 σάρκα
243 906 324 934 οὖσα·
340 908 441 944 ταύτης
456 910 502 936 καὶ
517 910 639 945 πατέρας
661 910 708 937 καὶ
731 910 851 945 μητέρας
867 910 925 945 ἕχο-

133 961 195 988 μεν.
210 954 246 980 Οὐ
262 954 314 990 γάρ
327 955 384 981 ἐστι
399 955 487 990 ψυχῆς
503 956 621 992 μήτηρῆ
638 958 742 993 πατὴρ·
758 956 859 992 ταύτης
871 956 926 992 γὰρ

130 999 146 1024 ό
162 997 229 1030 Θεὸς
245 999 323 1034 μόνος
339 1000 398 1026 ἐστὶ
415 1001 528 1036 ποιητὴς
542 1001 589 1028 καὶ
604 1002 705 1038 πατήρ.
722 1002 777 1028 Καὶ
793 1001 871 1029 τοῦτο
886 1002 925 1029 δι-

129 1043 241 1070 δάσκων
265 1045 279 1070 ό
302 1045 368 1077 Θεὸς
387 1045 471 1080 λέγει,
496 1047 548 1079 ὅτι,
567 1047 665 1074 Πᾶσαι
688 1049 717 1074 αἱ
741 1049 837 1083 ψυχαὶ
858 1049 926 1083 ἐμαί

130 1091 193 1117 εἱσι
204 1099 210 1105 ·
229 1091 275 1118 καὶ
297 1092 398 1127 ἑκάστη
417 1093 490 1129 ψυχὴ
508 1094 576 1120 ίδίαν
593 1094 741 1121 ὑπόστασιν
757 1094 824 1130 ἔχει,
841 1095 870 1122 ὲν
886 1095 926 1130 τῷ

133 1136 193 1170 ἰδίῳ
204 1136 275 1172 λόγῳ
291 1138 435 1174 ἱσταμένη,
456 1139 503 1166 καὶ
520 1140 571 1167 οὐκ
583 1141 612 1166 ὲν
627 1140 708 1175 ἄλλῳ.
724 1141 778 1167 Καὶ
793 1141 842 1167 οὐκ
854 1141 926 1169 ἔστιν

131 1183 222 1208 εἰπεῖν
237 1183 320 1218 ἀλλην
335 1184 406 1220 ὑπὲρ
421 1184 504 1221 ἄλλης
518 1185 568 1217 τὰς
584 1186 720 1222 ἁμαρτίας
734 1186 880 1213 ἀποτίνειν.

176 1228 224 1254 Ἐν
239 1227 279 1261 τῷ
292 1230 502 1265 παραπτώματι
518 1231 612 1258 αὐτοῦ
622 1228 646 1265 ᾧ
656 1233 817 1266 παρέπεσε.
834 1233 926 1261 Πάντα

130 1274 166 1300 τὰ
180 1275 390 1310 παραπτώματα
404 1276 432 1303 ἒν
445 1277 621 1313 παράπτωμα
636 1277 710 1311 λέγει
720 1287 726 1293 ·
741 1279 787 1305 καὶ
802 1279 881 1305 πάλιν
896 1279 926 1305 τὸ

130 1320 161 1346 ἓν
178 1320 210 1346 τὰ
228 1321 312 1348 πολλά
328 1323 498 1355 εἰκονίζεται.
522 1324 576 1351 Καὶ
593 1326 732 1360 παρέπεσε
751 1326 926 1362 παράπτωμα

129 1364 236 1396 ἐκεῖνος
253 1366 268 1391 ό
280 1366 353 1398 λαὸς,
370 1367 533 1399 ἀποκτείνας
547 1368 592 1394 τὸν
607 1369 708 1405 Κύριον
723 1370 800 1405 ἡμῶν
823 1371 926 1407 Ἰησοῦν

129 1409 260 1445 Χριστόν.
278 1411 453 1447 Παραπίπτει
470 1412 496 1439 δὲ
510 1414 524 1439 ὁ
536 1413 639 1446 καθεὶς,
656 1414 796 1442 ἀπολλύων
816 1415 862 1443 τὸν
881 1415 926 1443 λάι-

131 1463 182 1489 γον
198 1456 239 1488 είς
252 1456 372 1492 ἀλογίαν.

170 1503 212 1529 Οὺ
226 1503 362 1536 κατορθοῖ
373 1503 443 1537 ὁδὸς
453 1506 575 1539 Κυρίου.
594 1507 701 1542 Ἰσραὴλ
715 1507 849 1542 λέγουσιν,
862 1507 925 1535 ὅταν

131 1547 210 1574 ἴδωσι
228 1547 261 1575 τὰ
278 1545 341 1581 ἔθνη
362 1549 549 1585 είσερχόμενα.

165 1595 239 1628 Οὐχὶ
253 1595 272 1628 ἡ
287 1596 357 1629 ὁδὸς
370 1595 452 1631 ὑμῶν
465 1597 500 1623 οὐ
511 1597 667 1631 κατορθοῐ;
689 1598 747 1633 Ἐφ’
761 1599 824 1634 ὑμῖν
840 1600 922 1628 ἐστιν.

135 1639 331 1675 Ἀπορῤίψατε
350 1642 489 1677 ἀσεϐείας
505 1641 588 1678 ὑμῶν
604 1643 650 1678 ἀφ’
665 1645 780 1671 ἑαυτῶν.

165 1727 221 1754 Kal
234 1730 378 1762 ποιήσατε
389 1731 507 1766 ἑαυτοῖς
521 1733 647 1768 καρδίαν
661 1736 780 1769 καινήν.
797 1735 852 1764 Καὶ
865 1735 924 1770 πῶς

127 1771 210 1798 τοῦτο
227 1774 386 1810 γενήσεται;
417 1777 479 1806 Ἐὰν
495 1778 672 1815 ὲκδυσώμεοα
690 1781 734 1808 τὸν
748 1782 862 1809 παλαιὸν
875 1784 922 1810 ἄν·

129 1817 240 1854 θρωπον
256 1821 304 1847 σὺν
313 1823 371 1854 ταῖς
382 1823 513 1857 πράξεσιν
525 1824 617 1856 αὑτοῦ,
631 1827 677 1853 καὶ
692 1826 867 1864 ἐνδυσώμεθα
878 1829 923 1855 τὸν

127 1866 202 1900 νέον,
219 1866 266 1893 τὸν
282 1868 509 1905 ἀνακαινούμενον
526 1872 567 1903 είς
583 1872 730 1906 ἐπίγνωσιν
747 1874 806 1901 κατ’
831 1875 922 1901 εἰκόνα

127 1911 178 1938 τοῦ
196 1911 336 1944 κτίσαντος
358 1914 450 1942 αὐτόν.
471 1916 556 1943 Ὅταν
572 1917 716 1953 ἀναδῶμεν
730 1919 784 1945 ἀπὸ
795 1919 848 1946 τῶν
863 1921 924 1956 γηῖ-

127 1965 186 1984 νων
203 1959 373 1994 πραγμάτων
385 1961 424 1992 εἰς
436 1961 465 1987 τὸ
477 1961 604 1997 ἀνώγεων
619 1963 648 1990 τὸ
667 1964 736 1999 μέγα
753 1965 784 1991 τὸ
801 1974 922 2002 σεσαρω-

131 2003 214 2038 μένον
233 2004 287 2030 άπὸ
305 2005 395 2040 πάσης
410 2007 519 2040 κακίας,
542 2009 589 2035 καὶ
607 2011 811 2045 κεκοσμημένον
827 2011 855 2038 δὲ
876 2012 923 2039 καὶ

127 2049 304 2094 ἐστρωμένον
318 2051 407 2087 τελείᾳ
422 2053 517 2089 ἀρετῇ,
533 2054 578 2080 καὶ
590 2055 764 2091 ἐορτάσωμεν
781 2057 850 2092 μετὰ
871 2059 923 2094 Ἰη-

127 2092 191 2126 σοῦ,
208 2093 336 2126 λαϐόντες
347 2097 377 2122 τὸ
391 2098 519 2134 ποτήριον
532 2099 582 2134 τῆς
596 2100 692 2134 καινῆς
708 2101 856 2138 Διαθήκης,
875 2092 922 2130 καὶ

124 2138 175 2166 τὸν
188 2139 273 2167 τύπον
283 2140 330 2167 τοῦ
343 2142 468 2177 σώματος
478 2143 558 2170 αὐτοῦ
572 2144 727 2180 ποιούμενοι
741 2147 770 2173 ὲν
784 2146 822 2182 τῷ
833 2148 922 2184 Θνητῷ

125 2183 210 2218 ἡμῶν
225 2183 331 2220 σώματι
343 2185 386 2213 διὰ
403 2187 450 2223 τῆς
467 2189 582 2224 μετοχῆς
595 2190 687 2216 αὑτοῦ.

454 2233 532 2261 ΚΕΦ.
552 2235 601 2262 ῐΘ¹.

166 2275 198 2301 Τί
217 2276 236 2309 ἠ
254 2275 353 2311 μήτηρ
368 2285 428 2305 σου
449 2279 584 2314 σκύμνος
605 2279 661 2310 ζῶν
683 2280 718 2307 ἐν
734 2282 818 2316 μέσῳ
834 2284 922 2311 λεόν-

124 2329 206 2351 των;
229 2322 440 2358 Τροπολογείται
464 2326 504 2357 εὶς
523 2325 626 2358 λέοντα,
641 2327 680 2358 είς
697 2327 812 2356 ἕκαστον
829 2329 921 2366 θηρίον

125 2367 200 2393 κατὰ
214 2367 265 2404 τὴν
281 2368 337 2402 ἕξιν
354 2370 384 2396 τὺ
403 2370 520 2405 λογικὸν,
538 2371 584 2398 καὶ
601 2373 640 2405 είς
657 2373 710 2400 πᾶν
727 2373 796 2406 ζῶον
812 2376 859 2402 καὶ
874 2376 920 2412 ἑρ-

125 2413 221 2440 πετόν.

168 2458 225 2485 Τοῦ
239 2459 342 2486 αὐτοῦ.
359 2461 474 2498 Μητέρα
490 2463 537 2489 τοῦ
560 2463 665 2497 λέοντος
679 2465 789 2501 ᾐνίξατο
807 2467 853 2493 τοῦ
869 2467 920 2503 ἄρ-

124 2512 222 2539 χοντος
253 2505 361 2542 Ἰσραὴλ
383 2509 558 2544 συναγωγὴν’
582 2510 643 2545 ἥτις
663 2511 710 2537 καὶ
729 2511 797 2548 αὑτὴ
817 2513 920 2549 ἀπεθη-

127 2550 214 2586 ριώθη
230 2552 259 2578 ὲν
274 2552 391 2586 πολλοῖς,
408 2555 454 2581 καὶ
473 2555 590 2590 μάλιστα
605 2557 648 2583 ὅτε
664 2557 748 2584 ἔδωκε
763 2558 811 2594 τὴν
828 2559 919 2595 φωνὴν

123 2598 214 2633 αὐτῆς
225 2599 271 2625 ἐπὶ
281 2599 327 2626 τὸν
335 2601 472 2637 Δεσπότην
482 2603 575 2638 αὐτῆς,
587 2602 710 2637 λέγουσα·
722 2601 824 2638 τᾼρον,
833 2602 918 2640 ᾅρον,

123 2645 308 2679 σταύρωσον
323 2647 426 2675 αὐτόν.

165 2690 222 2717 Τοῦ
238 2692 342 2720 αὐτοῦ.
366 2693 461 2721 Πολλοὶ
485 2695 538 2721 τῶν
562 2694 712 2732 ἀνθρώπων
732 2697 807 2724 οὐδὲν
823 2697 918 2733 διαφὲ-

978 909 1047 936 nalis
1061 912 1117 936 est:
1135 907 1218 944 hujus
1234 912 1260 936 et
1276 913 1367 943 patres
1384 913 1411 935 et
1427 914 1528 936 matres
1544 909 1686 937 habemus.
1705 909 1766 937 Non

977 954 1048 982 enim
1059 953 1156 981 animat
1166 958 1208 981 est
1220 958 1306 981 mater
1321 958 1366 981 aut
1375 958 1451 988 pater
1464 963 1470 981 :
1484 962 1546 981 nam
1558 953 1629 982 Deus
1642 959 1683 982 est
1694 955 1767 982 illius

977 1000 1051 1027 solus
1078 1004 1192 1040 creator!
1206 1004 1232 1027 et
1247 1004 1333 1035 pater.
1367 999 1451 1035 quue
1474 1000 1575 1028 docens
1588 999 1660 1028 Deus
1677 1001 1715 1028 ait
1725 1001 1765 1027 in:

979 1047 1074 1073 Omnes
1102 1047 1199 1073 animo:
1232 1054 1295 1073 mea:
1322 1051 1401 1080 sunt,
1434 1046 1570 1082 habetque
1595 1055 1767 1083 unaquatque

978 1093 1068 1119 anima
1095 1093 1233 1127 propriam
1259 1092 1453 1125 substantiam,
1480 1091 1506 1119 in
1527 1093 1636 1128 propria
1662 1095 1767 1121 ratione

976 1138 1142 1171 consistens,
1164 1142 1191 1165 et
1215 1145 1269 1164 non
1291 1138 1319 1165 in
1340 1138 1403 1165 alio.
1426 1137 1481 1166 Nec
1506 1138 1559 1165 dici
1574 1143 1663 1173 potest
1684 1139 1766 1166 aliam

976 1191 1026 1219 pro
1043 1183 1095 1210 alia
1116 1183 1234 1210 animam
1252 1188 1426 1218 peccatorum
1445 1191 1540 1218 poenas
1559 1183 1643 1212 luere.

1013 1229 1046 1257 In
1060 1229 1154 1256 delicto
1167 1238 1214 1256 suo
1224 1238 1274 1265 qua
1286 1229 1436 1265 deliquit“.
1449 1229 1553 1257 Cuncta
1562 1229 1660 1257 delicta
1680 1238 1764 1257 unum

976 1275 1104 1303 delictum
1117 1280 1212 1309 vocat;
1228 1283 1260 1304 ac
1272 1283 1367 1303 rursus
1380 1284 1464 1303 unum
1479 1277 1564 1304 multa
1578 1282 1765 1312 repraesentat.

976 1321 1062 1348 Porro
1077 1322 1205 1349 delictum
1223 1321 1337 1356 deliquit
1349 1322 1393 1349 ille
1409 1322 1537 1357 populus,
1554 1323 1612 1350 neci
1633 1324 1766 1351 tradendo

976 1366 1122 1394 Dominum
1139 1371 1264 1394 nostrum
1277 1365 1370 1394 Jesum
1385 1367 1535 1395 Christum.
1553 1367 1689 1403 Delinquit
1702 1376 1768 1396 vero

976 1412 1178 1447 unusquisque,
1200 1412 1265 1440 dum
1281 1412 1395 1440 rationis
1408 1412 1509 1440 donum
1524 1413 1603 1441 bruta
1622 1413 1766 1442 aﬂ‘ectione

976 1459 1075 1494 perdit.

1014 1504 1075 1531 Non
1087 1509 1125 1532 est
1137 1513 1210 1539 (equa
1226 1505 1268 1533 via
1279 1504 1425 1532 Domini“.
1437 1503 1540 1532 Dicturi
1551 1509 1615 1532 sunt
1624 1504 1765 1537 lsrnelitm,

977 1559 1038 1579 cum
1056 1551 1175 1578 viderint
1190 1556 1283 1585 gentes
1299 1551 1479 1578 iutrocuntes.

1010 1595 1092 1631 434
1116 1595 1244 1630 Nunquid
1270 1603 1322 1621 non
1348 1601 1386 1622 est
1411 1603 1486 1630 arqua
1505 1595 1547 1622 via
1564 1599 1648 1622 vestra
1661 1595 1707 1621 ⁸³7
1736 1595 1765 1622 lu

975 1647 1065 1668 vestra
1091 1641 1209 1675 positum
1235 1644 1276 1667 est
1309 1639 1449 1668 facultate.
1486 1640 1615 1675 Projicite
1647 1648 1662 1668 a
1690 1641 1767 1668 vobis

976 1687 1124 1721 impietatus
1142 1691 1242 1713 vestras
1254 1685 1289 1715 “.

1011 1732 1046 1761 Et
1069 1732 1150 1768 facite
1170 1732 1241 1760 vobis
1263 1739 1309 1758 cor
1331 1732 1470 1759 novum“.
1498 1731 1532 1759 Et
1559 1731 1697 1767 quomodo
1722 1732 1784 1759 ilﬂ‘

975 1782 1067 1810 istud?
1087 1781 1115 1809 Si
1144 1781 1303 1809 exuerimtts
1339 1784 1458 1807 veterem
1485 1780 1623 1808 hominem
1648 1779 1670 1796 ³⁸
1703 1788 1766 1807 cum

974 1827 1081 1855 aclibus
1091 1829 1159 1860 suis,
1175 1831 1202 1855 et
1217 1825 1386 1854 induerimus
1401 1833 1500 1852 novum
1517 1826 1564 1860 qui
1577 1829 1724 1853 renovatur
1738 1826 1764 1852 in

975 1873 1141 1909 agnitionem
1168 1873 1318 1900 secundum
1343 1871 1489 1906 imaginem
1517 1871 1576 1906 ejus
1594 1871 1640 1904 qui
1665 1871 1767 1898 creavit

975 1920 1061 1947 illum.
1088 1919 1117 1947 Si
1139 1927 1154 1946 a
1184 1918 1299 1946 terrenis
1317 1917 1522 1946 ascenderimus
1545 1917 1570 1944 in
1594 1917 1770 1945 cmnaculum

975 1973 1103 2000 magnum
1119 1964 1210 1999 scopis
1227 1963 1387 1991 mundatum
1401 1963 1435 1990 ab
1457 1961 1531 1989 omni
1550 1961 1663 1994 malitia,
1682 1969 1767 1988 orna-

975 2016 1087 2046 tumque
1101 2015 1128 2038 et
1146 2014 1262 2038 stratum
1278 2009 1397 2044 perfecta
1421 2009 1538 2042 virtute,
1561 2015 1592 2035 ac
1616 2015 1678 2035 cum
1701 2002 1767 2034 Iesu

974 2058 1106 2085 fuerimus
1119 2056 1231 2092 epulati,
1246 2059 1385 2082 sumentes
1401 2054 1513 2082 calicem
1531 2053 1593 2082 novi
1609 2053 1768 2081 Testamen-

975 2104 1005 2136 ti,
1021 2104 1133 2137 figurant
1152 2101 1275 2136 corporis
1287 2100 1346 2135 ejus
1362 2099 1388 2126 in
1411 2104 1505 2127 nostro
1523 2099 1630 2127 mortali
1652 2106 1777 2135 corpore.

975 2156 1021 2183 per
1036 2146 1270 2182 participationem
1286 2145 1345 2180 ejus
1362 2144 1506 2172 facientes.-

1294 2235 1370 2263 CAP.
1389 2233 1461 2261 XIX.

1010 2281 1081 2315 Quid
1095 2287 1180 2309 mater
1196 2286 1241 2309 tua
1254 2281 1358 2308 catulus
1368 2282 1454 2308 vivens
1469 2280 1496 2306 in
1512 2279 1598 2306 medio
1611 2279 1715 2306 leonum
1725 2279 1773 2306 ειη

973 2327 1100 2363 Figurate
1114 2326 1209 2355 natura
1225 2327 1331 2354 ratione
1346 2326 1458 2361 praedita
1471 2325 1636 2357 diciturleo,
1651 2330 1678 2352 et
1690 2333 1767 2360 quae-

973 2374 1014 2400 vis
1031 2374 1117 2401 bestia
1140 2381 1191 2408 pro
1206 2373 1315 2400 habitus
1330 2372 1446 2405 ratione,
1464 2379 1514 2399 nec
1529 2372 1582 2398 non
1607 2379 1688 2398 omne
1706 2372 1769 2399 ani-

973 2422 1028 2449 mal
1042 2425 1069 2449 et
1084 2421 1189 2456 reptile.

1010 2467 1147 2502 Ejusdem.
1165 2466 1264 2494 Leonis
1288 2470 1402 2493 matrem
1427 2465 1517 2492 innuit
1532 2463 1664 2499 principis
1681 2464 1769 2491 ist-aet

974 2521 1150 2549 synagogam,
1168 2520 1228 2547 quae
1242 2517 1269 2539 et
1285 2512 1344 2547 ipsa
1360 2512 1388 2539 in
1406 2511 1499 2538 multis
1510 2510 1620 2537 efferata
1637 2513 1689 2540 est,
1707 2513 1771 2535 tuur

974 2559 1123 2594 praesertim
1139 2558 1249 2593 quando
1274 2557 1348 2585 dedit
1374 2564 1468 2584 vocem
1492 2563 1569 2595 suam
1595 2559 1690 2583 contra
1711 2555 1765 2581 Du-

973 2606 1078 2633 minum
1103 2612 1193 2638 suum,
1222 2603 1315 2632 dicens
1338 2603 1361 2620 ⁹⁰
1385 2613 1391 2630 :
1420 2600 1508 2637 Tolle,
1533 2602 1612 2634 tolle,
1639 2601 1767 2637 cruci/19c

972 2660 1042 2678 eum.

1010 2696 1147 2732 Ejusdem.
1167 2695 1244 2723 Multi
1264 2695 1390 2722 homines
1407 2694 1474 2722 nihil
1486 2703 1499 2722 a
1516 2694 1610 2722 bestiis
1623 2693 1762 2726 differunt;

161 2757 298 2797 jfﬁzcgtn.
311 2767 387 2797 ψη,
399 2760 425 2787 8.
436 2761 457 2797 τι
469 2761 534 2789 ibid.
549 2762 589 2797 to,
629 2762 652 2778 τε
670 2763 734 2790 ibid.
751 2764 793 2790 ιο.
833 2765 854 2781 π
867 2764 918 2792 Pro

1014 2786 1021 2797 ,
1035 2763 1062 2791 8.
1100 2764 1123 2779 ⁸⁰
1136 2763 1234 2791 Ezecb.
1251 2771 1329 2794 xvttt,
1346 2763 1387 2790 ιτ.
1420 2763 1440 2778 ³¹
1456 2762 1520 2790 ibid.
1537 2764 1581 2790 Ui.
1619 2762 1642 2778 θ’
1654 2761 1718 2789 ibid.
1733 2763 1760 2790 4.

161 2793 226 2832 ibid.
247 2793 294 2821 ΕΗ.
334 2795 430 2832 "fﬂibid.
446 2796 490 2824 ‘29.
530 2797 552 2814 ⁸⁵
567 2796 665 2825 Ezeell.
681 2805 757 2832 xvru,
774 2799 816 2827 ‘29.
856 2801 878 2816 ⁸⁸
893 2800 918 2827 ib

1013 2793 1020 2826 ξ
1049 2799 1071 2815 ⁸⁷
1083 2798 1146 2826 ibid.

123 2828 148 2844 ’δ
163 2828 244 2856 Joan.
262 2838 318 2864 XIX,
339 2830 378 2858 15.

1194 2798 1215 2814 ⁸⁸
1232 2798 1338 2826 Coloss.
1358 2806 1397 2831 ut,
1412 2798 1455 2826 10.
1511 2800 1533 2815 ’³⁵³
1545 2799 1644 2826 Ezech.
1659 2805 1714 2825 nx.
1733 2797 1760 2824 2.
