1882 3052
167 121 214 148 851

291 215 856 230 __________.._____

890 113 934 140 EX
953 111 1103 140 ORIGENE

859 203 1795 221 ________________.____..

817 287 864 314 EK
887 285 955 312 ΤΟΥ
979 285 1006 311 B’
1024 281 1143 311 ΤΟΜΟΥ

567 385 679 430 ΤΩΝ
711 383 798 427 ΕΙΣ
824 381 898 425 ΤΟ
920 378 1073 451 ΧΚΑΤΑ
1098 374 1391 421 ΜΑΤΘΑΙΟΝ

723 485 770 516 Εἰς
788 483 832 510 τό·
851 481 995 515 Μακάριοι
1016 481 1043 506 οἱ
1056 478 1244 513 εἰρηνοποιοί,

268 643 302 688 Ε
339 637 614 687 SECUNDO
650 635 819 683 TOMO
860 636 923 680 IN
983 631 1374 679 EVANGELIUM
1412 628 1703 674 MATTHIEI

807 747 846 774 Ad
865 746 928 773 illud
944 756 950 772 ε
968 745 1044 772 Beati
1057 744 1172 778 paciﬁci.

211 929 281 957 lluic
294 936 358 956 vero
375 932 490 963 utraque
521 928 626 955 ratione
650 927 774 962 paciﬁca,
799 927 867 954 nihil
879 931 921 955 est
936 927 954 954 ii

1065 926 1145 961 Τούτῳ
1155 926 1192 961 (5)
1201 926 1229 953 δὲ
1240 925 1278 961 τῷ
1289 925 1425 960 ἑκατέρως
1438 923 1602 960 εἰρηνοποιῷ
1616 923 1692 951 οὐδὲν
1707 924 1736 950 ἐν
1750 924 1808 957 τοῖς

176 977 276 1003 divinis
303 975 409 1004 litteris;
429 982 541 1010 pravum
570 981 657 1008 neque
672 974 826 1010 _distortum
845 983 851 1000 :
872 974 965 1001 omnia

179 1022 251 1048 enim
265 1019 478 1054 intelligentihus
490 1019 568 1055 44],
585 1019 620 1046 ob
639 1019 733 1046 oculos
749 1023 912 1051 versantur;
939 1023 966 1045 et

179 1065 243 1100 quia
258 1065 324 1092 nihil
339 1069 381 1091 est
393 1064 548 1098 hujusmodi
568 1064 625 1090 viro
640 1064 780 1098 obliquum
797 1068 845 1091 aut
861 1068 966 1091 tortuo-

179 1118 250 1143 sum,
262 1114 404 1144 propterea
421 1109 613 1136 abundantiam
629 1110 703 1144 pacis
715 1110 787 1136 videt
802 1109 828 1136 in
842 1109 965 1144 Scriptu-

180 1157 229 1188 ris,
245 1157 326 1182 etiam
343 1155 369 1182 in
386 1155 428 1182 his
443 1163 504 1189 qure
528 1155 654 1181 videntur
669 1156 740 1181 inter
763 1163 792 1182 se
814 1160 966 1190 pugnantes

179 1206 205 1228 et
223 1201 375 1228 contrariae.
391 1200 438 1228 Est
464 1205 554 1227 autem
582 1205 609 1227 et
635 1200 732 1227 tertius
757 1200 896 1234 paciﬁcus.
919 1201 966 1234 qui

181 1255 263 1282 quam
281 1247 326 1273 alii
348 1250 444 1281 putant
466 1253 583 1280 pugnam
608 1245 823 1279 Scripturarnm,
848 1253 966 1280 pugnam

181 1301 236 1320 nun
252 1300 312 1319 esse
329 1292 458 1323 ostendit,
470 1296 497 1317 et
512 1292 607 1318 harum
634 1299 799 1318 consensum
817 1299 967 1326 pacemque

179 1337 298 1368 exhibet,
310 1339 431 1363 veterum
448 1335 572 1362 videlicet.
588 1342 649 1362 cum
666 1335 753 1367 novis,
768 1335 892 1370 legalium
905 1344 967 1363 cutn

180 1381 364 1418 propheticis,
395 1381 613 1415 evangeliearum
648 1389 709 1406 cum
743 1381 916 1415 apostolicis,
942 1387 968 1409 et

181 1427 391 1462 apostolirarum
428 1433 490 1453 cum
527 1426 697 1460 apostolicis.
729 1427 834 1454 Etenim
871 1435 968 1455 omnes

182 1473 332 1506 scriptura:
345 1472 494 1499 secundum
512 1471 693 1499 Ecclesiasten:
719 1477 783 1499 sunt
803 1483 811 1498 (
829 1481 969 1500 sermones

182 1520 347 1554 sapientum,
367 1523 395 1546 ut
411 1518 514 1546 stimuli
541 1522 568 1545 et
582 1518 649 1545 clavi
674 1518 766 1550 deﬁxi,
783 1519 828 1553 qui
841 1519 875 1545 de
892 1527 968 1546 com-

183 1569 262 1599 pacto
275 1564 330 1591 dati
349 1568 413 1591 sunt
432 1563 466 1590 ab
490 1570 545 1590 uno
560 1568 669 1597 pastore
683 1563 703 1595 ⁵,
722 1573 731 1589 ι
747 1569 774 1590 et
786 1564 853 1590 nihil
871 1572 961 1598 super-

182 1610 266 1637 iluum
281 1618 312 1636 ex
331 1610 408 1643 ipsis.
426 1608 502 1636 Unus
516 1615 606 1636 autem
621 1614 713 1644 pastor
727 1617 833 1641 eorum,
849 1618 909 1644 quae
925 1618 954 1636 ra

183 1655 427 1689 tionieongruunt,
456 1654 569 1680 verbum
595 1659 647 1687 est,
675 1662 735 1690 qua:
758 1655 968 1690 discrepantiam

183 1700 283 1727 habere
295 1699 421 1726 videntur
434 1699 468 1726 iis
478 1699 524 1734 qui
540 1707 618 1727 aures
631 1707 683 1727 non
695 1701 795 1735 habent
812 1701 844 1728 ad
859 1701 971 1728 audien—

183 1745 260 1777 dum,
279 1752 307 1772 re
324 1749 413 1772 autem
430 1745 548 1772 maxime
560 1746 742 1773 consentiunt.
764 1745 800 1774 Ut
812 1747 884 1774 enim
898 1748 971 1782 psal-

183 1790 245 1818 tcrii
259 1791 301 1818 vel
314 1790 424 1818 cithara:
437 1791 512 1823 lides,
522 1799 638 1825 quarum
650 1799 820 1827 unaquaeque
829 1793 969 1828 proprium

184 1843 294 1869 sonum,
312 1841 338 1863 et
355 1836 401 1870 qui
416 1836 528 1864 alterius
550 1844 618 1864 sono
632 1837 729 1867 similis
752 1846 812 1865 esse
827 1846 881 1865 non
894 1836 971 1866 ride-

184 1885 239 1911 tur,
253 1880 379 1912 absolvit,
397 1880 526 1908 videntur
541 1881 677 1909 inerudito
692 1887 719 1909 et
735 1883 832 1910 musici
852 1891 971 1912 concen-

185 1931 229 1954 tus
247 1926 359 1953 minime
376 1926 473 1960 perito,
489 1931 598 1961 propter
620 1927 868 1956 dissimilitudinem
886 1937 970 1957 sono-

183 1981 243 1999 rum
257 1972 462 2007 discrepantes;
480 1973 520 1999 sic
531 1973 577 2007 qui
595 1973 689 2001 audire
705 1974 830 2002 nesciunt
846 1974 969 2002 divinum

184 2018 211 2044 in
227 2018 312 2045 sacris
324 2018 474 2052 Scripturis
484 2023 659 2050 concentum,
672 2027 726 2046 non
743 2019 811 2047 bene
824 2020 972 2048 convenire

183 2063 258 2091 Novo
273 2063 449 2091 Testamento
465 2072 526 2091 cum
558 2064 657 2097 Veteri,
683 2070 731 2092 aut
750 2065 802 2100 legi
825 2074 886 2093 cum
905 2074 970 2101 pro-

186 2109 286 2144 phetis,
302 2117 350 2136 nec
371 2108 515 2144 Evangelia
535 2109 586 2136 sibi
616 2114 711 2136 mutuo
735 2111 897 2143 consentire.
924 2115 969 2139 aut

185 2154 345 2188 Apostolum
375 2153 531 2187 Evangelio,
555 2154 597 2181 vel
621 2155 671 2181 sibi
688 2155 755 2190 ipsi,
778 2156 820 2182 vel
840 2157 970 2191 apostolis

186 2204 292 2234 putant.
307 2199 358 2226 Sed
372 2200 394 2226 si
410 2200 472 2234 quis
498 2200 644 2227 accesserit
658 2201 750 2228 divina
765 2203 868 2229 musica
881 2203 971 2230 erudi-

186 2249 240 2276 tus,
256 2250 282 2271 et
293 2252 321 2270 re
335 2249 361 2270 et
373 2252 498 2272 sermone
511 2245 630 2278 sapiens,
647 2245 762 2280 ideoque
775 2247 885 2281 quidam
900 2247 970 2275 alius

187 2290 280 2323 David,
300 2290 345 2323 qui
366 2290 509 2324 exponitur
527 2295 604 2324 aptus
628 2294 655 2317 et
682 2290 790 2317 idoneus
812 2299 902 2323 "mnu,
922 2292 970 2318 ab-

187 2337 271 2363 solvet
285 2343 382 2363 sonum
400 2335 510 2363 musica:
524 2335 582 2368 Dei,
598 2343 660 2362 cum
672 2336 706 2363 ab
719 2344 750 2363 ea
767 2337 891 2364 didicerit
920 2345 970 2372 op-

187 2387 302 2417 portune
323 2381 432 2416 pulsare
450 2381 515 2408 ﬁdes
542 2381 622 2408 modo
646 2382 723 2416 legis,
743 2383 824 2409 modo
844 2391 904 2417 qua:
919 2383 971 2411 illis

186 2427 335 2453 eoucinunt
352 2425 532 2460 evangelicas,
559 2425 693 2453 interdum
722 2427 903 2461 propheticus,
923 2428 972 2454 ali-

186 2471 308 2506 quando.
322 2479 383 2498 cum
401 2471 427 2498 id
445 2471 514 2498 ratio
530 2471 662 2505 exposcit,
680 2479 741 2506 quze
757 2471 824 2506 ipsis
844 2472 972 2499 accinnnt

188 2518 361 2551 apostolicos,
378 2517 413 2543 ita
426 2521 452 2544 ct
471 2517 628 2551 apostolicis
643 2518 812 2552 evangelicae
824 2518 971 2545 concinen-

187 2567 238 2590 tes.
257 2562 346 2590 Unum
367 2563 438 2589 enim
454 2571 514 2590 esse
531 2564 604 2590 novit
617 2563 766 2598 perfectura
784 2567 810 2590 et
827 2568 918 2598 aptqu
932 2564 973 2590 in-

188 2613 367 2636 strumentum
385 2608 430 2635 Dei
450 2608 617 2644 Seripturam
635 2610 802 2643 universam,
817 2618 876 2644 qua:
891 2619 972 2638 unam

189 2655 305 2681 absolvit
317 2663 349 2681 ex
372 2654 487 2681 diversis
510 2655 595 2687 sonis,
612 2655 646 2682 iis
672 2655 718 2690 qui
747 2655 851 2682 discere
867 2656 972 2689 volunt,

190 2700 335 2726 salutarem
353 2707 457 2732 vocem,
474 2701 527 2727 vim
546 2709 653 2728 omnem
667 2701 730 2727 mali
747 2701 860 2735 spiritus
877 2702 973 2728 sedan-

1016 971 1098 1004 θείοις
1115 971 1214 1006 λογίοις
1230 971 1269 997 ἔτι
1282 971 1340 997 ἐστὶ
1356 970 1461 997 σκολιὸν
1487 969 1547 996 οὐδὲ
1575 968 1806 1004 στραγγαλιῶδςις⁹

1017 1018 1105 1045 πάντα
1122 1017 1176 1052 γὰρ
1200 1017 1304 1044 ἐνώπια
1317 1017 1374 1048 τοῖς
1389 1015 1489 1043 νοοῦσι.
1510 1014 1565 1041 Καὶ
1575 1015 1637 1040 ἐπεὶ
1653 1014 1735 1050 μηδέν
1749 1014 1807 1040 ἐστι

1017 1063 1129 1098 τοιούτῳ
1144 1063 1259 1096 σκολιὸν,
1275 1062 1341 1098 μηδὲ
1352 1060 1579 1097 στραγγαλιῶδες,
1589 1060 1634 1087 διὰ
1648 1060 1727 1087 τοῦτο
1741 1060 1808 1093 πλῆ-

1017 1109 1063 1141 θος
1076 1109 1187 1144 εἰρήνης
1202 1108 1294 1143 βλέπει
1311 1109 1339 1134 ὲν
1361 1107 1434 1138 ὅλαις
1452 1107 1510 1137 ταῖς
1536 1106 1671 1142 Γραφαῖς,
1687 1106 1733 1132 καὶ
1749 1107 1809 1136 ταῖς

1017 1154 1157 1186 δοκούσαις
1169 1154 1307 1189 περιέχειν
1321 1153 1409 1188 μάχην
1424 1152 1470 1178 καὶ
1481 1151 1671 1186 ἐναντιώματα
1683 1151 1749 1187 πρὸς
1763 1151 1811 1177 ἀλ-

1007 1195 1110 1235 λήλας.
1127 1199 1234 1226 Γίνεται
1249 1199 1276 1225 δὲ
1290 1199 1336 1225 καὶ
1345 1198 1436 1233 τρίτος
1456 1197 1638 1233 είρηνοποιδς,
1656 1198 1671 1222 ὁ
1685 1197 1735 1232 τὴν
1763 1197 1810 1223 ἁλ-

984 1596 1005 1624 Β

983 2265 1005 2294 C

1017 1246 1073 1277 λοις
1087 1245 1251 1280 φαινομένην
1265 1244 1354 1279 μάχην
1368 1243 1423 1269 τῶν
1436 1242 1552 1278 Γραφῶν
1566 1243 1729 1274 ἀποδεικνὺς
1742 1240 1811 1268 εἶναι

1018 1292 1048 1318 οὐ
1066 1292 1165 1326 μάχην,
1182 1292 1228 1317 καὶ
1255 1289 1389 1325 παριστὰς
1400 1289 1448 1325 τὴν
1471 1288 1631 1324 συμφωνίαν
1647 1289 1694 1315 καὶ
1707 1289 1758 1323 τὴν
1774 1289 1812 1314 εἰ·

1020 1338 1103 1373 ρήνην
1119 1337 1231 1368 τούτων,
1244 1337 1303 1372 ἦτοι
1314 1335 1436 1362 παλαιῶν
1451 1336 1519 1372 πρὸς
1536 1335 1642 1366 καινὰς,
1659 1335 1677 1369 ἢ
1691 1335 1813 1369 νομικιῗν

1020 1383 1086 1418 πρὸς
1100 1381 1281 1418 προφητικέις,
1298 1381 1314 1416 ἢ
1332 1379 1516 1415 εύαγγελικῶν
1532 1380 1600 1415 πρὸς
1617 1379 1813 1410 ἀποπολικᾶς,

1019 1427 1237 1464 ἢὰποστολικῶν
1261 1427 1330 1462 πρὸς
1353 1426 1543 1457 ἀωστολικάς.
1567 1427 1623 1453 Καὶ
1652 1426 1708 1460 γὰρ
1727 1425 1814 1452 πᾶσαί

1019 1475 1072 1500 εἱσι
1087 1474 1158 1500 κατὰ
1171 1473 1216 1500 τδν
1239 1472 1453 1508 Ἑκκλησιαστὴν
1470 1473 1498 1498 αἱ
1510 1472 1630 1508 Γραφαί·
1646 1481 1655 1497 ι
1675 1472 1751 1505 λόγοι
1769 1480 1816 1498 so—

1020 1519 1079 1554 φῶν
1094 1519 1131 1551 ὡς
1155 1519 1306 1554 βούκεντρα
1320 1519 1368 1544 καὶ
1397 1517 1435 1549 ὡς
1458 1516 1517 1553 ἧλοι
1547 1518 1762 1552 πεφυτευμένοι,
1789 1518 1814 1543 οἳ

1020 1564 1094 1599 παρὰ
1110 1564 1165 1590 τῶν
1180 1563 1357 1598 συνθεμάτων
1378 1562 1510 1596 ἐδόθησαν
1525 1563 1557 1588 ὲκ
1582 1562 1713 1596 ποιμένος
1725 1561 1814 1593 ἑ·ιὸς,ν

1020 1611 1068 1638 καὶ
1083 1610 1159 1637 οὐδὲν
1176 1608 1306 1645 περισσὸν
1322 1607 1351 1641 ἐξ
1364 1608 1462 1634 αὐτῶν.
1478 1605 1526 1638 Εἷς
1535 1607 1563 1633 δὲ
1578 1607 1681 1642 ποιμὴν
1697 1607 1752 1633 τῶν
1768 1607 1818 1632 λο-

1020 1655 1106 1691 γικῶν
1122 1657 1136 1683 ὁ
1149 1655 1238 1689 λόγος,
1252 1653 1330 1686 δόξαν
1349 1653 1397 1688 μὲν
1408 1653 1524 1688 ἑχόντων
1538 1652 1688 1686 διαψνίας
1703 1653 1760 1684 τοῖς
1777 1653 1818 1687 μὴ

1020 1702 1127 1738 ἔχουσιν
1143 1698 1199 1727 ὦτα
1209 1701 1248 1732 είς
1264 1700 1294 1726 τὸ
1305 1699 1424 1730 ἀκούειν,
1448 1699 1478 1725 τὸ
1501 1698 1529 1724 δὲ
1553 1698 1654 1734 ἀληθὲς
1669 1698 1814 1733 συμφωνὸ-

1021 1755 1100 1773 τατα.
1120 1746 1163 1778 Ὠς
1172 1745 1226 1781 γὰρ
1236 1745 1264 1772 αἱ
1278 1745 1400 1779 διάφοροι
1413 1743 1459 1770 τοῦ
1471 1743 1621 1779 ψαλτηρίου
1639 1743 1655 1779 ἦ
1670 1744 1720 1778 τῆς
1735 1743 1815 1769 κιθάρ-

1022 1801 1071 1829 ρας
1086 1792 1190 1828 χορδαὶ,
1207 1789 1245 1818 ὦν
1262 1791 1364 1826 ἑκάστη
1383 1790 1446 1816 ἴδιόν
1465 1798 1526 1816 τινα
1558 1789 1677 1823 φθόγγον
1700 1790 1749 1816 καὶ
1773 1790 1816 1815 δο-

1020 1837 1120 1865 κοῦντα
1133 1838 1169 1873 μὴ
1185 1837 1275 1872 ὅμοιον
1290 1833 1359 1863 εἶναι
1374 1835 1413 1870 τῷ
1431 1835 1481 1870 τῆς
1501 1835 1598 1869 ἑτέρας
1616 1835 1757 1865 ἀποτελεῖ,
1773 1843 1816 1860 νο-

1023 1884 1146 1920 μίζονται
1172 1883 1211 1918 τῷ
1238 1882 1351 1918 ἀμούσῳ
1376 1882 1423 1908 καὶ
1464 1881 1500 1917 μὴ
1533 1881 1708 1916 ἐπισταμένῳ
1735 1881 1814 1914 λόγον

1023 1930 1155 1966 μουσικῆς
1169 1929 1327 1965 συμφωνίας
1342 1928 1388 1954 διὰ
1403 1928 1452 1963 τὴν
1469 1926 1651 1963 ἀνομοιότητα
1661 1927 1718 1952 τῶν
1729 1927 1814 1961 φθόγ-

1020 1985 1076 2012 γων
1088 1975 1247 2011 ἀσύμφωνοι
1262 1974 1416 2010 τυγχάνειν·
1432 1973 1519 2005 οὕτως
1539 1974 1563 2000 oi.
1580 1973 1617 2009 μὴ
1633 1974 1814 2009 ἐπιστάμενοι

1021 2021 1130 2048 ἀκούειν
1144 2021 1193 2056 τῆς
1208 2020 1255 2047 τοῦ
1272 2019 1339 2046 θεοῦ
1355 2021 1384 2046 ὲν
1398 2020 1458 2051 ταῖς
1475 2019 1562 2054 ἱεραῖς
1589 2018 1715 2054 Γραφαίς
1729 2019 1815 2054 ἁρμο-

1021 2067 1089 2099 νίας,
1099 2065 1197 2093 οἷονται
1211 2066 1378 2101 ἀνάρμοστον
1386 2062 1455 2091 εἴναι
1467 2065 1500 2099 τῇ
1510 2065 1596 2099 Καινῇ
1610 2064 1659 2099 τὴν
1676 2064 1808 2095 Παλαιὰν,

1021 2113 1087 2150 ἧτῴ
1102 2112 1176 2147 νόμῳ
1184 2112 1247 2143 τοὺς
1264 2112 1415 2147 προφήτας,
1427 2110 1442 2146 ἦ
1456 2110 1490 2137 τὰ
1505 2109 1659 2143 Εὑαγγέλια
1675 2110 1813 2145 ἀλλήλοις.

1020 2159 1036 2194 ἢ
1048 2159 1092 2185 τὸν
1101 2156 1258 2183 Ἀπόστολον
1268 2156 1306 2191 τῷ
1319 2155 1486 2190 Εὑαγγελίῳ,
1498 2155 1514 2190 ἢ
1529 2155 1629 2190 ἑαυτῷ,
1644 2155 1662 2190 ἢ
1675 2157 1732 2187 τοῖς
1745 2156 1813 2182 ἁπο-

1022 2203 1133 2235 στό).οις.
1152 2203 1220 2229 Ἀλλ’
1238 2201 1323 2228 ἐλθὼν
1334 2203 1348 2228 ό
1362 2201 1578 2236 πεπαιδευμένος
1606 2201 1657 2237 τὴν
1679 2201 1728 2228 τοῦ
1745 2201 1813 2228 Θεοῦ

1023 2249 1164 2284 μουσικὴν,
1178 2248 1258 2283 σοφός
1270 2256 1311 2279 τις
1329 2248 1356 2273 ὲν
1370 2247 1460 2283 ἔργοις
1476 2248 1523 2274 καὶ
1545 2248 1635 2282 λόγοις
1660 2248 1814 2282 τυγχάνων.

1023 2295 1070 2321 καὶ
1083 2294 1126 2320 διὰ⁴
1137 2294 1214 2320 τοῦτο
1225 2293 1401 2329 χρηματίζων
1420 2293 1452 2320 ἂν
1468 2293 1560 2325 Δαυῖδ,
1577 2293 1606 2324 ὃς
1631 2293 1815 2328 ἑρμηνεύεται

1024 2340 1127 2373 [χανὸς
1142 2340 1228 2375 χειρὶ,
1253 2340 1410 2366 ἀποτελέσει
1436 2339 1554 2374 φθόγγον
1573 2340 1706 2375 μουσικῆς
1734 2339 1814 2371 Θεοῦ,

1024 2386 1078 2413 ἀπὸ
1089 2385 1189 2421 ταύτης
1207 2385 1300 2420 μαθὼν
1311 2386 1339 2412 ὲν
1354 2385 1440 2420 καιρῷ
1457 2385 1566 2420 κρούειν
1580 2385 1689 2420 χορδὰς,
1704 2385 1752 2411 νῦν
1766 2386 1815 2420 μὲν

1025 2431 1148 2466 νομικὰς,
1166 2431 1213 2458 νῦν
1230 2430 1258 2457 δὲ
1274 2429 1435 2465 συμφώνους
1452 2431 1546 2461 αὑταῖς
1561 2430 1751 2464 εὐαγγελικάς·
1768 2431 1815 2458 καὶ

1024 2477 1082 2504 νυνὶ
1102 2477 1150 2512 μὲν
1170 2475 1353 2511 προφητικὰς,
1371 2475 1415 2501 ὅτε
1437 2475 1466 2501 δὲ
1487 2475 1597 2509 εὔλογον
1617 2476 1738 2507 ἀπαιτεῖ,
1764 2475 1815 2507 τὰς

1024 2523 1167 2558 ὁμοτόνους
1179 2523 1275 2554 αὑταῖς
1292 2521 1480 2553 ἀποστολικὰς,
1499 2521 1570 2548 οὕτω
1591 2521 1619 2547 δὲ
1637 2522 1685 2548 καὶ
1699 2522 1814 2548 ἀποπο-

1026 2570 1104 2602 λικὰς
1121 2569 1320 2604 εὐαγγελικαῖς.
1340 2569 1389 2595 'Ev
1400 2569 1454 2603 γὰρ
1469 2568 1500 2594 τὸ
1514 2568 1615 2594 τέλειον
1628 2566 1682 2594 οἶδε
1699 2569 1748 2594 καὶ
1762 2569 1810 2603 ἡρ-

1029 2615 1161 2650 μοσμένον
1175 2615 1290 2650 ὄργανον
1312 2613 1358 2640 τοῦ
1375 2613 1442 2640 Θεοῦ
1472 2611 1541 2640 εἶναι
1559 2615 1648 2640 πᾶσαν
1665 2614 1715 2648 τὴν
1744 2613 1814 2648 Γρα-

1028 2660 1090 2695 φὴν,
1109 2659 1171 2694 μίαν
1184 2658 1331 2686 ἀποτελοῦν
1347 2660 1379 2685 ὲκ
1391 2658 1525 2694 διαφόρων
1539 2658 1665 2693 φθόγγων
1681 2660 1814 2695 σωτήριον

1026 2705 1082 2735 τοῖς
1098 2703 1242 2739 μανθάνειν
1264 2703 1383 2729 ἐθέλουσι
1408 2704 1509 2738 φωνὴν,
1536 2703 1746 2731 καταπαύουσαν
1767 2703 1814 2731 καὶ

225 2755 262 2789 (5)
279 2755 334 2782 lluc
347 2755 525 2791 fragmentum
540 2758 649 2785 exhibet
664 2757 818 2784 Pliilomlia:
838 2764 918 2794 caput
933 2764 1050 2787 sextum.

222 2821 233 2836 ⁵
250 2820 337 2848 Elide.
355 2831 402 2854 xu,
422 2824 460 2849 ll.
