1882 3052
26 161 86 188 $35

637 156 790 184 SELECTA
812 156 844 184 IN
864 156 1080 184 MA'I'TIIASUM.

1634 161 1686 188 855

27 220 206 246 κωλύουσαν
218 219 358 254 ἐνέργειαν
375 218 464 244 πᾶσαν
480 217 598 253 πονηροῦ
623 217 770 252 πνεύματοέ

939 223 948 241 ι
966 220 992 242 ct
1021 215 1210 248 cohibentem;
1240 216 1471 251 quemadmodum
1490 218 1682 252 compcscoitat

27 265 223 290 κατέπαυσεν
239 265 254 298 ἡ
271 263 350 290 Δαυῗδ
367 262 484 298 μουσικὴ
499 262 529 288 τὸ
546 263 574 289 ἐν
601 262 638 296 τῷ
655 262 740 288 Σαοὺλ
756 270 839 296 πονη-

29 310 81 345 ρδν
100 309 220 344 πνεῦμα
237 309 283 336 καὶ
299 308 392 343 πιιίγον
402 308 492 335 αὐτόν.
516 308 596 343 Ὁρᾷς
612 301 658 334 ὀῦν
680 308 727 334 καὶ
741 307 840 344 τρίτως

29 354 220 389 εἰρηνοποιδν
234 353 278 380 τὸν
294 352 434 387 ἑπομένως
462 353 495 387 τῇ
513 352 607 387 Γραφῇ
634 352 766 386 βλέποντα
790 352 839 387 τὴν

31 400 157 434 εἰρήνην
178 399 269 434 πάσης
284 398 380 433 αὐτῆς,
407 397 453 424 καὶ
470 396 636 432 ἐμποιοῦντα
662 396 764 432 ταύτην
784 398 840 428 τοῖς

30 445 129 482 ὀρθῶς
148 444 263 480 ζητοῦσι
281 444 327 470 καὶ
340 443 458 478 γνησίως
471 442 681 478 φιλοκρινοῦσιν.

896 260 1005 288 Davidis
1020 260 1123 287 musica
1138 261 1262 295 spiritum
1279 262 1391 294 malum,
1405 263 1449 297 qui
1466 263 1603 290 invaserat
1615 263 1680 290 Saul

894 310 921 332 et
938 305 1025 339 ipsutn
1045 305 1205 333 Sutl‘ocabat.
1219 306 1298 335 Vides
1314 307 1395 342 igitur
1410 308 1488 334 tertio
1502 309 1583 335 etiam
1603 310 1684 335 modo

893 352 1046 386 paciﬁcum,
1063 352 1109 386 qui
1139 357 1320 388 congruenter
1348 354 1496 389 Scriptura:
1524 355 1608 389 hujus
1624 355 1685 382 uni-

896 405 982 424 versa:
999 405 1091 431 pacem
1115 401 1142 424 et
1157 398 1331 426 concordiam
1359 400 1442 433 videt,
1476 408 1591 435 eamque
1610 406 1684 428 recte

895 442 1081 476 quaerentibus
1119 447 1146 469 et
1182 444 1298 479 ingenue
1335 445 1552 480 disceptantibus
1588 446 1683 474 conci-

895 487 952 515 liat.

857 612 894 621 ..-

382 699 407 728 Ε
429 698 603 729 SEPTIMO
634 699 753 730 TOMO
779 700 820 730 IN
845 700 1109 731 EVANGELIUM

602 710 603 718 ι
634 699 753 730 TOMO
779 700 820 730 IN
845 700 1109 731 EVANGELIUM
1137 700 1345 731 ΜΛΤΤΗᾸΞΙ.

74 804 200 838 Quidam
215 803 253 839 (4)
272 804 380 838 quidem
395 803 496 838 opinati
513 808 578 832 sunt
607 812 638 832 ex
655 812 688 831 co
706 805 777 840 quod
795 805 839 833 di-

37 857 116 878 ctum
148 855 194 878 cst
209 851 219 866 '
237 860 243 877 :
265 859 273 875 ι
287 849 346 885 lpse
362 855 403 877 est
420 850 493 877 Elias
520 851 566 885 qui
596 856 729 879 venturus
754 856 806 883 est,
827 861 836 877 ι

36 898 166 923 animam
184 895 250 923 Eliaa
263 896 385 923 eamdem
415 903 475 923 esse
503 904 586 931 quam
614 896 741 925 Joannis.
760 898 837 931 Quod

36 943 112 969 enim
125 942 222 968 dixit:
239 950 249 966 ι
265 941 323 976 Ipse
339 945 381 968 est
397 940 486 974 Elias,
504 951 513 967 ι
529 949 582 969 non
601 943 633 970 ad
650 943 734 975 aliud,
749 944 795 971 sed
806 944 839 970 ad

38 988 165 1014 animam
175 986 348 1013 rrferendum
356 991 497 1021 putarunt.
505 992 531 1014 ct
539 995 570 1015 ex
580 988 631 1015 hoc
640 996 708 1023 pene
716 989 774 1016 solo
781 997 839 1016 ser-

37 1040 121 1060 mone
130 1033 236 1066 dogma
250 1032 459 1059 introduxerunt
468 1032 550 1068 M2
558 1034 837 1072 μετενσωματώςευις,

39 1079 64 1105 id
79 1083 123 1106 est
139 1077 381 1105 transmutationis
397 1077 562 1111 animarum,
578 1079 656 1113 quasi
673 1079 754 1106 etiam
779 1080 838 1114 ipso

38 1124 92 1151 hoc
107 1123 180 1151 Iesu
199 1123 388 1150 coniirmante.
409 1122 461 1151 Sed
476 1128 634 1159 oportuerat
647 1125 756 1158 intueri,
774 1125 838 1160 quia

38 1171 60 1197 si
82 1171 138 1197 hoc
156 1177 254 1196 verum
271 1173 353 1201 esset,
373 1169 400 1196 in
425 1169 519 1196 multis
535 1169 629 1204 utique
640 1171 836 1205 prophetarum

38 1215 312 1250 velEvangeliorum
339 1215 449 1249 scriptis
477 1215 565 1242 simile
590 1215 692 1250 aliquid
721 1216 837 1243 inveniri

39 1261 167 1288 deberet.
185 1260 255 1288 Tum
273 1260 370 1288 deinde
385 1260 466 1287 etiam
483 1261 527 1288 ille
540 1268 630 1288 sermo
646 1261 691 1296 qui
711 1261 774 1288 huic
790 1261 839 1288 ad-

37 1305 181 1341 jungitur,
199 1305 316 1332 ostendit
335 1306 509 1332 secretiorem
534 1306 678 1340 quemdam
706 1310 734 1332 et
760 1313 838 1333 arca-

40 1358 107 1377 num
122 1358 241 1378 sensum
257 1350 284 1377 in
301 1350 344 1377 his
359 1358 419 1384 qua:
448 1350 520 1377 dicta
548 1354 622 1384 sunt,
643 1350 837 1385 requirendum

41 1396 139 1431 magis,
159 1403 244 1431 quam
262 1403 292 1423 ea
307 1404 368 1431 qua:
384 1396 422 1423 illi
449 1396 599 1423 secundum
632 1396 729 1423 littera
751 1396 837 1423 solius

40 1441 252 1478 intelligentiam
270 1447 464 1476 susceperunt,
477 1449 539 1469 curn
557 1441 623 1468 dicit
640 1442 650 1457 ⁸
667 1451 673 1468 :
695 1450 703 1466 ι
719 1441 770 1474 Qui
788 1442 837 1468 ha-

39 1487 85 1514 bet
100 1495 187 1514 aures
203 1487 342 1519 audiendi,
368 1487 470 1514 audiat.
489 1497 497 1513 ι
521 1487 682 1514 Addcndum
697 1493 787 1514 autem
811 1492 837 1514 et

41 1532 107 1560 illud
120 1538 175 1566 est,
193 1533 257 1568 quia
270 1534 292 1560 si
308 1541 357 1568 pro
371 1533 500 1568 peccatis,
516 1533 666 1560 secundum
691 1534 762 1568 quod
783 1533 834 1568 ipsi

853 1013 874 1040 B

889 806 1020 839 sentiunt,
1032 806 1225 834 transmutatio
1242 806 1288 833 ﬁat
1301 806 1468 838 animarum,
1491 810 1596 841 propter
1615 814 1677 840 quie

889 856 1000 886 peccata
1016 850 1081 879 Elite
1104 852 1195 879 anima
1224 856 1404 878 transmutata
1429 856 1472 878 est
1492 852 1518 877 in
1536 851 1680 883 Joannem,

889 897 935 931 qni
953 897 987 923 ab
1000 897 1059 931 ipso
1072 897 1167 931 angelo
1196 897 1352 924 nasciturus
1373 897 1581 931 prmnunliatur,
1597 903 1612 923 a
1626 904 1682 930 quo

888 947 916 970 et
928 942 1007 970 Iesus
1027 942 1151 969 Salvator
1166 943 1279 970 noster?
1309 943 1451 975 Quomodo
1467 950 1531 976 ergo
1551 950 1603 969 non
1625 942 1682 968 evi-

889 987 1079 1015 dentissimum
1092 988 1263 1015 mendacium
1279 992 1320 1015 est
1347 989 1408 1021 hoc,
1436 993 1467 1014 ut
1492 988 1536 1015 ille
1552 987 1599 1022 qui
1624 992 1680 1014 tam

890 1034 1025 1069 perfectus
1039 1034 1102 1067 fuit,
1114 1038 1188 1061 utne
1201 1041 1375 1062 communem
1390 1033 1498 1067 quidem
1511 1034 1589 1060 istam
1606 1040 1681 1059 mor-

889 1083 942 1107 tem
958 1084 1088 1115 gustaret,
1112 1080 1217 1106 venirct
1234 1079 1268 1106 ad
1295 1079 1549 1106 transmutationem
1580 1079 1680 1105 anima:

889 1133 949 1160 qua:
966 1125 1116 1153 secundum
1134 1125 1241 1152 illorum
1267 1125 1444 1152 assertionem
1460 1131 1514 1151 non
1530 1127 1618 1158 potest
1631 1130 1679 1151 ac-

887 1171 978 1198 cidere
995 1171 1046 1198 nisi
1062 1178 1094 1198 ex
1116 1170 1252 1205 peccatis?
1277 1169 1378 1197 Deinde
1401 1169 1539 1204 quomodo
1558 1169 1609 1196 hoc
1630 1177 1673 1195 ex-

889 1219 990 1250 ponrnt
1004 1215 1076 1249 quod
1088 1215 1190 1254 dictum
1206 1218 1247 1241 est
1271 1215 1304 1241 ad
1326 1214 1458 1241 Joannem
1473 1214 1483 1229 ⁷
1498 1223 1505 1241 :
1524 1223 1533 1239 ε
1549 1213 1588 1240 Tu
1606 1213 1680 1241 Elian

892 1261 943 1287 es?
957 1260 990 1287 Et
1002 1261 1086 1287 dicit:
1103 1259 1160 1287 Non
1176 1268 1246 1287 sum.
1264 1269 1273 1285 ι
1293 1260 1345 1287 Sed
1364 1265 1393 1287 ut
1406 1259 1567 1287 ostendatur
1580 1267 1680 1286 conve-

891 1306 950 1333 nire
971 1306 1022 1332 hoc
1035 1305 1116 1332 etiam
1141 1305 1178 1331 illi
1204 1305 1287 1332 verbo
1312 1305 1386 1340 quod
1406 1305 1474 1332 dixit
1498 1304 1632 1330 Dominus
1645 1303 1678 1332 't

892 1361 901 1377 ‹
919 1351 947 1378 Si
963 1351 1044 1378 vultis
1071 1351 1220 1385 susr-ipcre,
1238 1351 1297 1386 ipse
1321 1356 1362 1378 est
1387 1350 1459 1377 Elias
1473 1350 1520 1384 qui
1547 1353 1679 1379 venturus

889 1402 958 1429 est,»
977 1397 1028 1424 hoc
1045 1397 1117 1431 quod
1132 1396 1199 1423 dixit
1215 1396 1225 1412 ’
1242 1405 1249 1424 :
1270 1406 1278 1422 ε
1294 1396 1367 1423 Elias
1391 1396 1449 1430 ipse
1474 1400 1542 1427 est,»
1559 1393 1680 1422 referen-

891 1443 953 1470 dum
966 1447 1009 1469 est
1027 1443 1059 1468 ad
1077 1442 1202 1476 spiritum
1217 1446 1242 1469 et
1257 1442 1384 1469 virtutem
1409 1441 1494 1476 ipsius
1510 1440 1584 1467 Elite.
1597 1439 1679 1466 Joan-

890 1495 940 1514 nes
955 1487 1026 1514 enim
1041 1487 1178 1521 praecessit
1191 1487 1217 1513 in
1230 1487 1327 1521 spiritu
1340 1490 1366 1513 ct
1379 1486 1476 1513 virtute
1490 1484 1555 1512 Elia:
1564 1491 1679 1511 convor-

892 1537 948 1559 tere
963 1532 1044 1560 corda
1060 1537 1167 1567 patrum
1185 1532 1217 1559 ad
1235 1532 1315 1560 filios.

77 1632 116 1667 (ι)
133 1631 193 1660 lloc
211 1632 392 1667 fragmentum
409 1638 497 1661 exstat
509 1633 535 1660 in
553 1633 682 1668 Apologia
698 1633 830 1668 Pamphili
843 1633 971 1668 martyris
982 1641 1029 1667 pro
1044 1632 1167 1667 Origene.

79 1735 91 1751 ⁸
105 1735 202 1762 Matth.
223 1743 261 1767 XI,
278 1735 319 1762 Η.
358 1737 368 1751 ⁸
383 1735 474 1762 Matth.
491 1744 527 1770 si,
546 1736 586 1762 l3.
624 1736 633 1751 ⁷
647 1734 726 1762 Joan.
747 1743 766 1766 ι,
787 1734 831 1761 2|.

871 1735 882 1749 "
896 1734 990 1761 Matth.
1007 1741 1043 1766 xl,
1063 1734 1107 1761 ll.
1145 1734 1154 1750 ³
1173 1733 1239 1760 Luc.
1261 1740 1280 1764 I,
1300 1732 1343 1760 Π.
