1880 3045
89 139 157 166 865

599 139 775 168 COMMENT.
797 139 829 167 IN
850 138 1057 166 MA'l'Tll/EUM
1075 138 1194 166 TOMUS
1214 139 1247 165 Χ.

1674 143 1726 171 εαιι

88 197 118 223 οι
135 195 191 222 ὑπὸ
199 196 254 223 τῶν
271 200 392 236 ἀγγέλων
407 201 446 231 είς
461 200 531 234 ἄγγη
545 200 701 235 βαλλόμενοι
712 202 767 232 τοῖς
782 200 885 235 βάλλου-

978 199 1077 226 omodo
1092 199 1164 226 enim
1187 205 1301 234 possunt
1319 199 1345 226 hi
1363 200 1410 234 qui
1430 208 1445 227 a
1468 201 1569 229 sanctis
1583 203 1684 236 angelis
1699 203 1725 231 in

88 248 140 266 σιν
164 242 205 273 είς
227 244 261 269 τᾶ
283 234 355 280 ὰγγη
376 245 610 280 παραῦάλλεσθαι,
629 234 688 272 (ὑπὸ
711 246 759 281 τὴν
779 234 889 272 ἐκείνων

86 288 259 322 τεταγμένοι
274 290 396 322 ἐξουσίαν
407 300 414 323 ;
429 291 520 317 Ταῦτα
530 291 558 318 δέ
567 301 654 327 φαμεν
663 293 712 318 οὐκ
720 292 888 326 ἀγνοοῦντες,

85 332 178 359 τινῶν
207 337 339 371 ἀγγέλων,
362 337 416 364 τῶν
437 338 473 373 μὴ
496 337 624 372 τοιαύτην
638 338 793 372 οἰκονομίαν
815 338 890 371 ὲγκε-

93 381 293 417 χειρισμένων,
323 381 380 408 ἀλλ’
407 382 466 408 οὐδὲ
490 382 591 408 τούτων
611 382 728 414 πάντων,
754 382 889 417 διαφέρειν

36 440 45 449 ι
94 427 165 457 τοὺς
185 427 214 452 ὲν
231 426 340 462 Χριστῷ
359 426 565 461 σωθησομένους
577 426 736 461 ἀνθρώπους
748 435 754 441 ·
773 427 890 461 ἀνέγνω-

97 480 152 506 μεν
167 465 220 507 γὰρ
236 472 283 498 καὶ
297 472 326 498 τό
338 481 345 487 ·
367 482 375 497 ι
394 473 441 503 Et;
457 472 474 499 ἂ
484 472 660 507 ἐπιθυμοῦσιν
677 472 786 506 ἄγγελοι
802 481 890 509 παρα-

94 517 203 552 κύψαι·
227 528 236 543 ι
255 518 318 544 ἔνθα
334 519 382 545 οὐκ
402 520 517 554 εἴρηται,
535 528 544 544 ι
565 519 665 550 πάντες
680 519 799 553 ἄγγελοι.
816 529 825 545 ν
843 519 889 546 Οἵ-

94 563 187 599 δαμεν
198 565 245 590 καὶ
254 565 284 590 τό
295 573 300 579 ·
317 574 328 590 ί
351 565 495 598 Ἀγγὲλους
504 566 660 600 κρινοῦμεν,
678 565 763 592 »ὅπου
774 565 811 601 μὴ
821 565 889 592 λέλε-

96 618 167 636 κται
184 610 238 645 (94)
250 630 257 641 ,
284 620 293 635 ι
318 611 421 642 πάντας
439 611 581 645 ἀγγέλους.
599 621 607 637 ι
625 612 731 638 Τούτων
749 611 777 638 δὲ
792 612 890 646 ἀναγε-

95 656 270 691 γραμμένων
292 657 355 692 περὶ
367 657 415 691 τῆς
434 658 562 692 σαγήνης,
582 658 628 684 καὶ
644 657 697 683 τῶν
715 658 767 684 ὑπὸ
780 658 829 693 τὴν
843 666 890 684 σα-

95 702 201 736 γήνην,
209 703 222 728 ὁ
232 702 390 737 βουλόμενος
397 703 449 737 πρὸ
456 703 504 737 τῆς
513 703 663 734 συντελείας
673 703 719 729 τοῦ
727 703 832 735 αἰῶνος,
843 704 889 730 καὶ

96 747 156 782 πρὸ
174 747 220 773 τοῦ
236 747 392 779 ἐξελθόντας
405 748 468 779 τοὺς
481 748 611 782 ἀγγέλους
623 749 750 784 ἀφορίσαι
763 749 825 780 τοὺς
842 758 889 775 πο-

95 800 132 826 νη
138 793 202 827 ρους
209 794 239 818 ὲκ
247 792 328 827 μέσον
336 792 390 827 (95)
399 793 452 819 τῶν
460 793 579 826 δικαίων,
585 795 621 830 μὴ
628 793 696 821 εἶναι
703 795 748 820 καὶ
755 796 889 830 πονηροὺς

97 838 154 864 ὑπὸ
167 838 216 873 τὴν
233 839 351 873 σαγήνην
368 840 400 865 ὲκ
412 840 510 872 παντὸς
521 841 613 874 γένους
629 861 636 872 ,
659 841 730 868 ἔοικε
758 842 824 876 μήτε
842 842 889 877 τὴν

944 253 1007 272 vasa
1023 246 1176 279 mittuntur,
1194 253 1255 272 cum
1272 246 1304 272 iis
1317 247 1468 281 comparari
1483 254 1498 273 a
1510 247 1609 281 quibus
1623 247 1649 274 in
1664 256 1726 276 vasa

943 291 1097 323 mittuntur.
1123 298 1216 317 eorum
1244 290 1357 325 subjecti
1386 293 1530 326 potestati?
1555 291 1617 320 Haec
1637 298 1726 320 autem

943 335 1069 369 dicimus,
1093 343 1146 362 non
1160 335 1247 371 ignari
1265 336 1428 370 quibusdam
1445 338 1559 372 angelis,
1578 338 1611 365 iis
1625 339 1728 367 scilicet

943 383 1042 416 quibus
1060 382 1116 409 haec
1132 382 1334 409 administratio
1358 383 1455 410 tradita
1476 392 1529 411 non
1545 389 1596 417 est,
1612 385 1658 411 sed
1673 392 1727 412 non

943 429 1081 461 omnibus,
1094 433 1222 463 prmstare
1237 429 1361 456 homines
1372 430 1417 463 qui
1433 430 1459 456 in
1469 430 1578 458 Christo
1593 431 1658 458 salvi
1670 431 1728 459 ﬁeri

943 473 1040 500 debent
1051 483 1056 500 :
1067 481 1129 500 nam
1143 479 1169 502 et
1185 475 1211 501 id
1225 475 1339 509 legimus
1350 475 1373 491 "
1391 484 1397 502 :
1412 484 1422 500 ι
1441 475 1468 502 1η
1490 483 1551 510 qua:
1573 476 1729 504 desiderant

943 520 1031 554 angeli
1052 520 1225 554 prospicere;
1254 530 1263 546 ι
1288 520 1323 547 ibi
1345 528 1398 547 non
1411 521 1512 548 dictum
1530 527 1581 556 est,
1601 531 1611 548 ι
1633 530 1729 550 omnes

943 566 1042 600 angeli.
1065 575 1073 592 ι
1094 565 1200 593 Scimus
1215 566 1240 592 id
1256 573 1365 600 quoque
1379 567 1400 582 ⁵⁸
1415 576 1421 593 :
1436 576 1445 591 ι
1464 567 1578 602 Angelos
1594 568 1728 602 judicabi.

942 618 1015 642 mus,
1034 620 1043 635 ›
1061 611 1106 638 ubi
1121 611 1223 638 dictum
1239 619 1292 638 non
1308 616 1358 643 est,
1376 621 1385 636 ι
1404 619 1499 639 omnes
1509 613 1630 647 angelos.
1651 622 1661 638 ι
1680 612 1728 640 llis

943 661 1031 682 autem
1044 656 1077 683 de
1089 664 1186 690 sagena
1204 656 1313 690 scriptis
1323 677 1330 688 ,
1348 658 1417 684 etde
1430 658 1462 684 iis
1475 666 1535 691 qum
1548 657 1598 684 sub
1615 665 1645 684 ea
1659 665 1727 684 con‘

943 707 1101 736 gregantur,
1123 703 1144 730 is
1168 703 1214 738 qui
1231 703 1371 730 contendit
1389 709 1449 730 ante
1463 704 1726 731 consummationem

943 748 1045 779 surculi,
1072 753 1098 775 et
1122 752 1266 783 antequam
1295 748 1467 775 advenientes
1493 749 1579 784 angeli
1603 754 1728 783 separent

943 794 1030 820 malos
1051 793 1084 820 de
1103 794 1192 821 medio
1211 794 1361 828 justorum,
1383 794 1470 821 malos
1489 802 1521 821 ex
1537 795 1611 821 omni
1630 802 1728 829 genere

942 837 1023 874 457
1040 839 1090 865 sub
1103 847 1199 874 sagena
1213 847 1266 867 non
1281 840 1471 874 comprehendi
1486 860 1493 871 ,
1515 840 1620 867 videtur
1640 848 1727 874 neque

96 882 212 917 Γραφὴν
228 883 393 918 νενοηκέναι,
409 884 456 910 καὶ
471 884 598 911 ἀδύνατον
615 886 766 920 ἐπιθυμεῖν.
787 887 831 912 Διὸ
851 887 885 922 μὴ

977 885 1087 918 ripturae
1109 892 1217 911 sensum
1242 889 1393 917 assecutus,
1416 890 1443 912 et
1472 886 1638 919 impossibile
1661 887 1726 918 quid

98 927 280 962 ξενιξὼμεθα,
300 929 347 955 ἐὰν
362 930 413 965 πρὸ
428 930 473 956 τοῦ
487 931 665 966 ἀφορισθῆναι
677 933 740 963 τοὺς
756 933 888 968 πονηροὺς

96 975 132 1000 ὲκ
149 974 231 1009 μέσον
249 974 302 1000 τῶν
316 975 427 1002 δικαίων
441 977 492 1002 ὑπὸ
505 976 559 1003 τῶν
574 977 619 1003 ἐπὶ
635 977 714 1004 τοῦτο
729 978 890 1010 ἐξαποστελ-

95 1019 221 1054 λομένων
233 1019 288 1054 (96)
306 1020 439 1055 ἀγγέλων,
455 1022 562 1057 ὁρῶμεν
578 1023 656 1057 ἡμῶν
671 1024 705 1050 τὰ
720 1023 889 1059 ἀθροίσματα

96 1064 303 1099 πεπληρωμένα
326 1066 372 1091 καὶ
397 1066 530 1102 πονηρῶν.
563 1067 628 1093 Ἀλλ’
647 1068 702 1094 εἴθε
725 1068 761 1104 μὴ
780 1069 889 1101 πλείους

95 1106 172 1135 οὗτοι
188 1110 344 1144 τυγχάνοιεν
362 1111 436 1142 ὄντες
450 1112 502 1138 τῶν
517 1112 638 1144 δικαίων,
653 1114 678 1140 οἱ
694 1114 889 1149 βληθησόμενοι

97 1156 139 1186 είς
160 1156 210 1190 τὴν
232 1156 344 1190 κάμινον
370 1157 415 1182 τοῦ
432 1158 535 1193 πυρόςῐ
564 1159 638 1185 Ἐπεὶ
660 1159 688 1185 δὲ
708 1160 836 1194 ἐλέγομεν
861 1162 888 1187 ἐν

97 1203 192 1236 ἀρχῇ,
219 1201 258 1228 ὅτι
280 1203 308 1228 αἱ
333 1203 485 1237 παραϐολαὶ
502 1205 548 1230 καὶ
566 1206 592 1231 αἱ
619 1205 762 1239 ὁμοιώσεις
775 1207 823 1232 οὐκ
849 1208 889 1238 εἰς

98 1247 191 1273 πάντα
212 1246 252 1279 οἷς
273 1248 486 1282 παραϐάλλονται
511 1250 526 1285 ἢ
549 1250 703 1285 ὀμοιοῦνται
716 1271 722 1283 ,
743 1252 888 1287 παραλαμ-

98 1293 227 1320 ϐάνονται
240 1313 246 1325 ,
269 1294 325 1320 ἀλλ’
344 1295 383 1326 εἰς
405 1304 476 1327 τινα,
497 1296 536 1322 ἔτι
560 1297 640 1322 τοῦτο
655 1298 888 1324 κατασκευαστέον

97 1339 147 1366 καὶ
165 1340 197 1365 ἐκ
211 1340 263 1366 τῶν
279 1340 492 1376 λεχθησομένων,
512 1342 551 1368 ὅτι
567 1343 613 1369 ἐπὶ
639 1343 688 1377 μὲν
708 1343 761 1369 τῶν
780 1343 886 1378 ίχϐύων,

97 1384 138 1417 ὡς
152 1386 221 1420 πρὸς
233 1386 281 1422 τὴν
297 1386 369 1422 ζωὴν
383 1388 482 1420 αὐτῶν,
504 1389 604 1422 φαῦλόν
618 1397 644 1415 τι
664 1389 754 1421 αὐτοῖς
772 1391 887 1424 συμϐαί-

97 1438 151 1461 νει,
167 1431 197 1456 τὸ
219 1431 270 1458 ὑπὸ
283 1432 332 1467 τὴν
349 1433 470 1468 σαγήνην
489 1434 648 1469 εὑρεθῆναι·
675 1435 724 1470 τῆς
742 1436 795 1471 γὰρ
818 1436 889 1462 κατὰ

99 1475 182 1510 φύσιν
199 1477 289 1509 αὐτοῖς
309 1477 380 1514 ζωῆς
403 1480 600 1514 στερίσκονται,
625 1482 670 1507 καὶ
686 1482 746 1508 οὔτε
764 1484 803 1514 εἰς
816 1482 887 1517 ἄγγη

99 1521 271 1556 βαλλὰμενοι,
285 1522 348 1550 οὔτε
363 1524 415 1557 ἔξω
430 1525 586 1561 ῥιπτόμενοι
604 1526 693 1553 πλεῖόν
705 1537 730 1553 τι
754 1529 888 1563 πάσχουσι

97 1566 147 1594 τοῦ
161 1567 290 1595 ἀπολέσαι
304 1570 353 1605 τὴν
366 1570 403 1602 ὡς
416 1571 445 1597 ὲν
459 1571 547 1606 ἰχθύσι
561 1571 633 1608 ζωήν
643 1582 649 1588 '
670 1573 715 1599 ἐπὶ
729 1574 756 1599 δὲ
771 1574 823 1601 τῶν
833 1595 840 1607 ,
855 1574 887 1601 δι’

97 1611 118 1639 ἃ
133 1611 299 1647 λαμϐάνεται
313 1616 329 1649 ὴ
347 1615 498 1651 παραϐολὴ,
515 1616 614 1651 φαῦλον
632 1618 680 1653 μὲν
694 1618 751 1645 ἐστι
765 1619 795 1645 τὸ
819 1618 888 1646 εἶναι

98 1657 130 1683 ὲν
144 1657 275 1695 Θαλάσσῃ,
288 1661 334 1686 καὶ
347 1661 384 1696 μὴ
398 1661 450 1687 ὑπὸ
460 1663 508 1697 τὴν
526 1663 648 1699 σαγήνην
667 1663 763 1695 ἐλθεῖν,
785 1665 830 1691 ἐπὶ
850 1665 888 1700 τῷ

99 1703 142 1735 si;
156 1702 229 1739 ἄγγη
242 1706 309 1739 μετὰ
321 1706 375 1733 τῶν
389 1707 480 1733 καλῶν
502 1707 642 1744 βληθῆναι.
666 1709 744 1736 Οὕτω
764 1711 792 1737 δὲ
813 1711 888 1746 ίχθῠς

101 1748 153 1783 μὲν
170 1749 265 1784 φαῦλοι
279 1750 330 1783 ἔξω
345 1751 483 1786 βάλλονται
496 1755 543 1780 καὶ
560 1755 716 1790 ριπτοΰνται
726 1765 732 1771 ·
749 1758 772 1783 οἱ
780 1756 806 1783 δὲ
819 1757 889 1784 κατὰ

99 1793 149 1830 τὴν
163 1795 345 1831 προκειμένην
361 1798 490 1832 ὁμοίωσιν
506 1800 601 1833 φαῦλοι
624 1801 764 1836 βάλλονται
785 1804 824 1834 εἰς
840 1803 888 1838 τὴν

99 1840 216 1875 κάμινον
232 1841 277 1868 τοῦ
294 1843 389 1877 πυρὸς,
407 1844 448 1870 [vat
463 1845 498 1871 τὰ
511 1847 539 1872 ὲν
553 1845 591 1881 τῷ
618 1846 746 1882 Ἰεζεκιὴλ
762 1848 825 1883 περὶ
840 1848 889 1883 τῆς

99 1886 217 1920 καμίνου
231 1889 362 1923 eip-qpévat
377 1891 477 1916 καὶὲπὶ
490 1891 599 1923 τούτους
612 1892 717 1928 φθάσῃ
734 1904 741 1918 ι
758 1894 811 1919 Καὶ
830 1893 890 1927 ὲγέ-

99 1939 162 1957 varo
177 1931 254 1965 λόγος
272 1933 372 1968 Κυρίου
385 1935 453 1970 πρός
477 1944 510 1970 με
535 1936 622 1971 λέγων
633 1945 639 1951 ·
661 1937 708 1963 Υἱὲ
726 1937 887 1974 ἀνθρώπου,

100 1975 158 2003 ἰδοὺ
182 1978 308 2011 γεγόνασί
332 1987 377 2014 μοι
400 1981 414 2007 ὁ
436 1979 510 2013 οἶκος
543 1982 650 2017 Ἰσραὴλ
673 1983 888 2019 ἀναμεμιγμένοι

99 2022 203 2053 πάντες
219 2024 310 2058 χαλκῷ
327 2026 373 2051 καὶ
390 2026 491 2062 σιδήρῳ
503 2047 510 2058 ,
529 2036 537 2052 ι
555 2028 602 2054 καὶ
620 2028 655 2055 τὰ
673 2029 736 2063 ἑξῆς
755 2029 808 2060 ἕως
825 2029 887 2056 τοῦθ

101 2077 113 2094 ε
133 2068 190 2094 Καὶ
200 2069 393 2103 ἐπιγνώσεσθε,
407 2071 473 2098 διότι
492 2073 545 2107 (97)
557 2072 611 2107 ἐγὼ
625 2073 726 2108 Κύριος
740 2074 834 2110 ἐξὲχεα
844 2074 889 2101 τὸν

98 2114 188 2149 θυμόν
204 2123 254 2150 μου
267 2116 309 2149 ἐφ’
326 2117 407 2151 ὑμᾶς.
426 2127 435 2143 ι

138 2170 148 2186 ε
165 2161 303 2196 Συνήκατε
315 2162 401 2189 ταῦτα
419 2163 524 2196 πάντας
545 2164 674 2198 Λέγουσι,
691 2164 754 2192 Ναί.
775 2173 784 2190 ι
805 2165 834 2191 '0
846 2173 889 2199 γι-

940 930 1016 956 vcllc.
1031 929 1164 962 Quocirca
1185 938 1218 957 ne
1241 931 1340 957 mirum
1359 931 1437 958 nobis
1465 931 1581 964 accidat,
1609 932 1632 958 si
1651 938 1726 960 ante-

940 982 1020 1008 quam
1034 975 1095 1001 mali
1117 975 1149 1002 de
1164 976 1253 1002 medio
1266 975 1402 1010 justorum
1415 981 1576 1010 Separentur
1594 977 1628 1003 ab
1642 985 1725 1012 auge-

939 1020 973 1047 lis
991 1021 1023 1047 ad
1040 1021 1064 1047 id
1080 1021 1183 1052 missis,
1203 1021 1343 1048 videamus
1359 1026 1467 1048 nostros
1486 1026 1573 1048 coetus
1592 1023 1670 1049 malis
1683 1029 1727 1049 re-

938 1065 1034 1100 pletos.
1053 1065 1140 1099 Atque
1163 1067 1265 1092 utinam
1282 1067 1328 1101 qui
1351 1067 1378 1092 in
1396 1067 1532 1093 caminum
1548 1067 1618 1102 ignis
1640 1068 1725 1102 projia

939 1108 1103 1135 ciendisunt
1122 1110 1213 1143 plures
1234 1118 1288 1136 non
1311 1110 1364 1136 sint
1389 1118 1470 1145 quam
1490 1111 1566 1145 justi.
1589 1112 1724 1144 Quoniam

939 1157 1029 1180 autem
1053 1154 1130 1181 initio
1157 1155 1276 1182 diximus
1304 1156 1447 1189 parabolas
1477 1160 1504 1182 et
1533 1157 1724 1184 similitudines

939 1207 992 1226 non
1006 1200 1037 1226 ad
1054 1201 1145 1227 omnia
1160 1202 1262 1228 assumi
1277 1209 1336 1235 quo:
1362 1202 1396 1229 iis
1413 1202 1522 1234 insunt,
1541 1203 1641 1237 quibus
1660 1211 1725 1230 con—

938 1244 1063 1272 feruntur
1075 1247 1117 1273 vel
1138 1247 1335 1279 assimilantur,
1357 1247 1404 1274 sed
1428 1248 1461 1274 ad
1486 1249 1631 1281 nonnulla;
1659 1249 1723 1275 illud

938 1291 1049 1326 insuper
1064 1300 1096 1319 ex
1115 1292 1148 1320 iis
1164 1300 1224 1327 qua:
1237 1293 1352 1320 dicentia
1366 1297 1427 1320 sunt
1445 1293 1631 1321 demonstrare
1644 1301 1724 1328 opor-

939 1343 995 1370 tet,
1016 1338 1137 1372 piscibus
1164 1346 1270 1373 nempe,
1293 1344 1424 1373 quantum
1449 1338 1483 1365 ad
1508 1339 1616 1366 illorum
1639 1339 1722 1366 vitam

938 1385 1063 1418 pertinet,
1082 1385 1145 1410 mali
1163 1384 1265 1418 aliquid
1280 1384 1452 1419 contingere,
1475 1392 1537 1411 cum
1557 1385 1609 1412 sub
1624 1392 1723 1419 sagena

938 1429 1195 1464 deprehenduntur:
1210 1430 1352 1464 privantur
1363 1430 1435 1457 enim
1453 1430 1506 1457 vita
1520 1438 1573 1465 qua
1585 1430 1662 1465 juxta
1676 1438 1724 1457 na<

939 1480 1027 1503 turam
1044 1483 1120 1502 suatn
1138 1475 1286 1509 fruuntur;
1311 1480 1337 1503 et
1354 1475 1410 1502 sive
1427 1476 1453 1502 in
1482 1484 1547 1503 vasa
1564 1476 1704 1504 mittantur
1715 1497 1723 1510 ,

941 1521 998 1548 sive
1015 1520 1088 1546 foras
1101 1520 1289 1554 projiciantur,
1307 1520 1422 1554 amplius
1439 1521 1586 1555 quidquam
1608 1529 1661 1548 non
1676 1529 1725 1556 pa-

941 1566 1054 1598 tiuntur,
1074 1573 1154 1600 quam
1170 1566 1240 1598 vitae,
1256 1566 1344 1600 qualis
1358 1566 1478 1600 piscibus
1496 1566 1575 1598 illest,
1599 1567 1724 1594 amissio-

939 1619 1000 1638 nem
1014 1620 1021 1644 ;
1039 1611 1066 1637 in
1085 1611 1127 1638 his
1144 1616 1233 1638 autem
1259 1615 1369 1646 propter
1386 1619 1446 1646 quae
1464 1611 1592 1646 parabola
1607 1612 1726 1639 assumi—

938 1660 992 1690 tur,
1008 1656 1107 1683 malum
1119 1661 1161 1683 est
1178 1657 1205 1684 in
1223 1657 1290 1684 mari
1311 1664 1385 1689 esse,
1403 1661 1430 1684 et
1450 1665 1503 1684 non
1523 1658 1574 1685 sub
1596 1666 1725 1693 sagenam

938 1703 1040 1736 venire,
1054 1707 1083 1729 ut
1101 1703 1128 1729 in
1139 1710 1202 1730 vasa
1217 1703 1359 1730 mittantur
1379 1711 1440 1730 cum
1464 1703 1552 1732 hortis.
1570 1703 1616 1731 Sic
1635 1709 1724 1732 autem

939 1747 1027 1782 pisces
1043 1748 1106 1775 mali
1125 1747 1198 1775 foras
1214 1749 1357 1775 tnittuntur
1372 1753 1398 1775 et
1415 1749 1612 1784 projiciuntur;
1635 1750 1653 1777 ii
1674 1758 1725 1778 au-

938 1798 992 1820 tem
1005 1794 1051 1828 qui
1071 1794 1147 1828 juxta
1161 1798 1321 1827 pra-sentem
1341 1794 1547 1823 similitudinem
1568 1795 1632 1822 mali
1650 1801 1723 1828 sunt.

939 1840 1083 1866 mittuntur
1096 1839 1121 1866 in
1137 1840 1273 1867 caminum
1290 1839 1369 1874 ignis,
1383 1844 1410 1866 ut
1422 1848 1482 1875 qua:
1498 1842 1526 1868 in
1541 1841 1681 1869 Ezechiele
1692 1843 1726 1870 de

939 1887 1046 1913 camino
1069 1886 1140 1913 dicta
1158 1891 1231 1919 sunt,
1247 1887 1301 1914 illis
1325 1895 1434 1922 quoque
1459 1889 1641 1924 contingant:
1663 1899 1673 1916 ι
1694 1890 1726 1918 Et

939 1931 1039 1959 factum
1057 1937 1098 1959 est
1119 1932 1231 1959 verbum
1253 1932 1358 1959 Domini
1382 1934 1474 1961 dicens
1492 1943 1499 1960 :
1521 1933 1572 1961 Fili
1595 1935 1724 1967 hominis,

939 1976 1010 2003 facta
1025 1981 1068 2003 est
1087 1976 1154 2002 mibi
1176 1976 1274 2003 domus
1297 1976 1380 2004 Israel
1393 1977 1500 2005 admisti
1520 1986 1616 2006 omnes
1631 1987 1684 2006 aere
1698 1984 1726 2008 et

939 2021 1012 2048 ferro
1028 2021 1061 2054 °°,
1081 2031 1090 2047 ι
1110 2025 1136 2049 ct
1152 2029 1213 2056 quae
1227 2027 1378 2056 sequuntur
1396 2030 1482 2057 usque
1502 2023 1536 2050 ad
1552 2024 1579 2051 id
1590 2025 1611 2040 “
1631 2033 1637 2050 :
1664 2035 1673 2051 ι
1693 2024 1725 2052 Ει

940 2068 1031 2095 scietis
1047 2068 1110 2102 quia
1123 2075 1174 2103 ego
1195 2067 1337 2101 Dominus,
1360 2077 1422 2096 cum
1441 2069 1582 2098 cﬂ‘uderim
1601 2070 1726 2106 indigna-

941 2114 1040 2140 tionem
1058 2121 1145 2141 meam
1159 2121 1240 2148 super
1258 2121 1317 2140 νοε.
1333 2123 1342 2139 )

975 2159 1017 2186 14.
1036 2169 1045 2185 ι
1060 2159 1232 2187 lntellexistis
1247 2160 1304 2187 haec
1315 2160 1423 2187 omnia?
1438 2161 1545 2195 Dicunt,
1561 2161 1649 2189 Etiam
1663 2163 1695 2189 “.
1711 2173 1720 2189 ι

97 2206 213 2234 witcwa
229 2207 262 2234 τὰ
276 2208 304 2234 ὲν
318 2210 377 2240 ταῖς
389 2209 511 2244 καρδίαις
529 2209 582 2235 τῶν
601 2209 751 2244 ἀνθρώπων
773 2210 885 2245 Χριστὸς

975 2213 1114 2240 ignoscetis
1128 2213 1188 2240 qua:
1205 2205 1231 2232 in
1246 2205 1375 2233 cordibus
1397 2206 1539 2234 hominum
1560 2211 1624 2235 sunt
1645 2207 1723 2235 Chri-

105 2252 220 2287 Ἰησοῦς,
237 2252 275 2284 ὡς
286 2254 332 2279 καὶ
347 2253 410 2289 περὶ
423 2254 517 2280 τούτου
531 2254 648 2287 ἐδίδαξεν
663 2255 691 2280 ἐν
709 2255 747 2290 τῷ
764 2255 887 2289 Εὐαγγε-

99 2297 174 2332 λίῳὸ
192 2298 327 2332 Ἰωάννης,
348 2299 398 2325 οὐκ
413 2299 516 2333 ἀγνοῶν
528 2301 625 2335 ἐρωτᾷ,
652 2299 708 2326 ἀλλ’
726 2300 799 2332 ἅπαξ
821 2301 886 2326 ἁνα-

98 2342 190 2370 λαϐὼν
204 2344 355 2380 ἄνθρωπον,
374 2346 472 2381 χρῆται
488 2346 535 2372 καὶ
556 2347 611 2378 τοῖς
632 2346 712 2372 αὐτοῦ
730 2348 821 2378 πᾶσιν,
850 2343 886 2372 ὧν

99 2391 129 2417 ἓν
141 2391 189 2417 καὶ
201 2392 231 2418 τὸ
243 2393 347 2427 ἐρωτᾷν
355 2401 361 2408 ·
377 2393 423 2418 καὶ
437 2393 467 2419 οὐ
479 2392 634 2428 θαυμαστὸν
644 2393 667 2419 εἰ
676 2393 690 2419 ὁ
705 2393 799 2428 Σωτὴρ
809 2391 887 2418 τοῦτο

100 2440 181 2471 ποιεῖ,
196 2438 262 2465 ὅπου
277 2448 307 2473 γε
319 2439 365 2465 καὶ
377 2440 391 2465 ὁ
404 2439 458 2466 τῶν
471 2439 539 2466 ὅλων
556 2439 609 2475 (98)
629 2439 694 2470 Θεὸς
713 2438 888 2474 τροποφορῶν

99 2486 163 2516 τοὺς
188 2485 357 2520 ἀνθρώπους,
376 2486 413 2517 ὡς
426 2486 452 2512 εἴ
467 2494 508 2517 τις
520 2485 720 2521 τροποφορήσαι
745 2484 887 2519 ἄνθρωπος

99 2530 144 2556 τὸν
160 2530 216 2556 υἱὸν
233 2531 324 2561 αὐτοῦ,
340 2531 512 2562 πυνθάνεται,
531 2531 567 2562 ὡς
580 2531 608 2556 ὲν
622 2529 673 2564 τῷ·
692 2539 700 2555 ι
728 2529 821 2564 Ἀδὰμ.
835 2529 886 2555 ποῦ

100 2573 140 2608 ei;
160 2586 168 2601 ι
183 2575 242 2602 καί·
265 2586 273 2601 ι
290 2576 344 2602 Ποῦ
362 2577 434 2602 ἐστιν
455 2576 536 2601 ’Ἅϐελ
553 2576 566 2601 ὁ
584 2574 696 2609 ἀδελφός
709 2582 773 2606 con;
794 2583 802 2598 )
823 2573 886 2599 Βια-

136 2643 180 2669 ⁸⁸1
198 2641 270 2671 Petr.
287 2643 358 2676 ι,12.
397 2644 418 2660 ⁵⁵
432 2642 442 2669 l
456 2642 517 2670 Cor.
536 2651 572 2674 vr,
588 2643 614 2670 3.

98 2678 144 2705 25.
185 2679 206 2694 ⁸⁸
223 2679 290 2705 Gen.
312 2687 353 2709 tu.
366 2679 392 2705 9.
433 2679 455 2694 ““
470 2678 587 2721 Genstv,
602 2678 629 2704 9.

137 2739 191 2775 (Μ)
207 2738 298 2775 codex
314 2739 423 2775 Regius,
444 2739 506 2765 ἔνθα
524 2739 561 2773 μὴ
576 2737 709 2764 λέλεκται.

137 2774 192 2809 (95)
209 2774 291 2805 ldom,
306 2774 396 2808 μέσον.

137 2805 191 2845 (96)
213 2809 278 2835 Ἐπὶ
300 2805 386 2836 τοῦτο
410 2806 722 2845 ἑ-ξηποστελλομένων.
744 2805 779 2845 Itin
802 2805 882 2845 babe-

98 2840 145 2875 bat
171 2840 269 2874 u'nuse
294 2845 435 2872 codicibus
454 2850 522 2878 quos
550 2840 724 2870 consuluerat
754 2840 880 2873 Tarinus,

655 2642 676 2658 “
693 2641 789 2668 Ezech.
810 2648 876 2672 uti,
894 2639 934 2672 l7,
954 2639 995 2666 l8.
1032 2640 1052 2655 “
1069 2639 1146 2671 ibid.,
1162 2639 1207 2667 Ἡ.

939 2256 997 2278 stus
1012 2250 1101 2284 Jesus,
1116 2251 1342 2286 quemadmodum
1359 2252 1392 2279 de
1406 2252 1451 2279 illo
1470 2252 1495 2279 in
1514 2251 1660 2288 Evangelio
1675 2253 1725 2281 doc

939 2297 992 2324 cuit
1004 2295 1123 2324 Joannes
1134 2297 1165 2330 ⁸⁸,
1175 2304 1229 2324 non
1239 2297 1349 2332 ignarus
1358 2298 1516 2333 interrogat,
1526 2299 1572 2326 sed
1582 2304 1723 2334 postquam

939 2341 1022 2368 semel
1033 2342 1171 2369 hominem
1184 2342 1341 2377 assumpsit,
1352 2343 1479 2370 omnibus
1490 2351 1551 2378 quae
1565 2343 1639 2370 illius
1651 2349 1723 2376 sunt,

940 2388 1042 2420 utitur;
1060 2395 1176 2421 quorum
1193 2392 1218 2414 et
1231 2395 1314 2414 unum
1333 2388 1384 2415 hoe
1397 2393 1448 2420 est,
1464 2389 1632 2424 interrogare
1648 2397 1655 2415 :
1677 2396 1724 2416 ne-

942 2440 995 2468 que
1011 2433 1164 2460 mirandum
1182 2438 1223 2460 est
1240 2433 1262 2460 si
1278 2438 1305 2460 et
1323 2434 1348 2460 id
1365 2433 1493 2460 Servator
1507 2434 1589 2468 facit,
1603 2434 1726 2469 quando-

941 2477 1050 2512 quidem
1065 2485 1154 2504 rerum
1173 2478 1294 2505 omnium
1308 2478 1388 2509 Deus,
1406 2479 1547 2506 hominum
1572 2487 1662 2507 mores
1685 2479 1726 2506 fc-

941 2531 1014 2554 rens.
1041 2524 1118 2557 quasi
1136 2524 1197 2558 quis
1218 2524 1300 2551 homo
1320 2524 1365 2550 lilii
1383 2524 1425 2551 sui
1441 2532 1530 2551 mores
1547 2525 1625 2557 ferat,
1641 2525 1725 2552 inter—

940 2573 1027 2604 rogat,
1040 2569 1111 2596 velut
1126 2569 1151 2596 in
1168 2569 1209 2596 his
1223 2569 1356 2597 verbis“:
1372 2579 1380 2594 ι
1392 2569 1486 2602 Adam,
1500 2570 1545 2596 ubi
1557 2571 1605 2597 es?
1619 2580 1628 2596 ι
1644 2575 1670 2597 et
1680 2570 1702 2586 "
1715 2580 1722 2597 :

1257 2641 1278 2654 ιι
1292 2637 1386 2665 Matth.
1408 2646 1468 2671 Xlll,
1481 2638 1524 2665 51.
1564 2638 1586 2654 ⁰¹
1599 2638 1677 2665 Joan.
1691 2647 1723 2671 ιι,

939 2735 1036 2762 melius
1050 2741 1131 2769 qualn
1150 2733 1232 2761 editio
1258 2733 1359 2767 "Uultl,
1377 2733 1421 2759 ἐπὶ
1437 2733 1522 2768 τούτῳ
1535 2731 1720 2766 ἐξαποσταλη-

937 2770 1066 2805 σομένων.

971 2805 1026 2838 (97)
1042 2804 1130 2830 Codex
1147 2803 1256 2838 Regius,
1272 2804 1322 2829 ὅτι.

983 2809 1026 2838 97)
1042 2809 1130 2830 codex
1148 2809 1256 2838 Itcglus,
1272 2809 1322 2829 οτι.

971 2809 1026 2873 (98)
1042 2840 1145 2865 "alter.
1163 2838 1236 2867 Idem
1249 2839 1331 2866 codex
1346 2837 1423 2868 Rea,
1437 2837 1569 2873 ἀγγέλων.
