1880 3045
74 119 116 146 73
558 117 736 144 COMMENT.
758 117 791 144 IN
812 118 1021 148 MA't‘TH/EUM
1041 121 1159 149 TOMUS
1178 121 1212 148 Χ.

1643 123 1694 150 8ῖ4

55 176 218 213 προφέρειν
245 177 277 203 ἐκ
303 176 350 203 τοῦ
379 175 516 212 θησανροῦ
540 177 622 203 αὐτοῦ
639 176 719 204 καινὰ
747 177 796 212 μὲν
811 177 860 212 τὴν

948 179 1093 213 angelicam
1107 179 1209 206 scilicet
1223 178 1373 206 doctrinam
1385 188 1391 212 ;
1402 185 1492 206 vetera
1507 185 1607 213 autem,
1623 189 1698 209 com-

55 222 247 258 εὐαγγελικὴν
269 222 462 257 διδασκαλίαν,
484 222 586 249 παλαιὰ
600 222 628 249 δὲ
647 222 697 258 τὴν
719 223 861 258 σύγκρισιν

55 269 119 295 τῶν
134 268 189 294 ὰπὸ
200 269 284 304 νόμου
298 268 345 294 καὶ
357 267 505 304 προφητῶν
520 267 807 304 παραλαμϐανομένων
819 270 863 304 ρη-

57 315 132 346 τῶν,
149 311 186 341 ὧν
203 314 410 350 παραδείγματα
428 313 500 341 ἐστιν
516 315 545 341 ὲν
558 316 614 346 τοῖς
627 314 801 348 Εὑαγγελίοις
817 315 861 340 εὑ-

59 362 136 396 ρεῖν.
157 361 224 395 Περὶ
238 360 266 386 δὲ
282 360 384 387 τούτων
396 360 451 386 τῶν
467 360 588 386 παλαιῶν
601 361 647 386 καὶ
662 360 762 387 καινῶν
780 361 861 386 ἀκου-

59 406 147 433 στέον
162 405 269 433 καὶτοῦ
284 405 470 441 πνευματικοῦ
487 406 570 442 νόμου
591 405 716 440 λέγοντος
734 407 763 432 ἐν
783 407 862 432 Λευῖ-

56 451 136 486 τιχῷ
147 460 154 467 ·
173 461 182 477 ι
201 452 256 478 Καὶ
270 451 390 486 φάγεσθε
408 451 520 484 παλαιὰ,
534 453 581 479 καὶ
597 452 699 478 παλαιὰ
721 451 858 479 παλαιῶν·

59 499 113 524 καὶ
138 497 238 524 παλαιὰ
261 498 294 524 ἐκ
317 496 463 533 προσώπου
485 498 552 524 νέων
573 498 702 531 ἐξοίσετε,
723 498 770 524 καὶ
786 498 862 534 θήσω

57 543 115 578 ’τὴν
133 543 235 578 σκηνήν
249 552 300 578 μου
319 544 347 569 ὲν
361 543 435 578 ὑμῖν.
455 552 465 568 ι
490 541 630 579 Ἐσοίομεν
644 544 698 580 γὰρ
712 545 740 570 ὲν
753 544 862 580 εὐλογίᾳ

56 590 99 615 τὰ
118 588 221 615 παλαιὰ
237 588 292 623 (10)
305 608 312 620 ,
333 589 397 621 τοὺς
419 590 604 624 προφητικοὺς
614 589 718 623 λόγους,
737 591 784 616 καὶ
800 590 861 616 τού-

57 644 120 661 των
139 634 261 661 παλαιῶν
277 633 311 660 τὰ
328 634 442 668 παλαιὰ,
458 635 521 667 τοὺς
544 636 672 670 νομικοὺς
684 655 691 667 ,
706 637 754 663 καὶ
770 636 860 663 ἐλθόν-

55 689 120 707 των
154 680 207 706 τῶν
230 680 298 707 νέων
323 681 370 706 καὶ
391 681 592 715 εὐαγγελικῶν,
612 681 732 716 βιοῦντες
751 682 821 709 κατὰ
831 682 861 708 τὸ

58 727 242 761 Εὑαγγέλιον,
261 726 296 752 τὰ
312 726 414 753 παλαιὰ
431 726 476 753 τοῦ
494 727 657 762 γράμματος
670 729 701 754 ἐκ
715 727 859 764 προσώπου

57 773 133 799 νέων
159 772 326 807 ἐκφέρομεν,
347 772 395 798 καὶ
409 772 499 807 τίθησι
522 773 572 809 τὴν
596 773 693 800 ἑαυτοῦ
715 773 816 810 σκηνὴν
832 775 860 800 ὲν

58 820 143 853 ⁴¹ἷμῖν,
165 817 276 853 πληρῶν
300 818 332 853 ἢν
355 816 432 844 εἶπεν
453 819 634 853 ἐπαγγελίαν·
665 829 674 846 ⁸
701 820 858 856 Ἐνοικήσω

58 865 112 891 καὶ
128 865 347 900 ὲμπεριπατήσω
363 864 392 890 ὲν
410 865 511 896 αὐτοῖς.
534 875 544 891 ι

102 919 113 936 4
132 910 188 936 Καὶ
201 909 316 943 ἐγένετο,
333 909 377 935 ὅτε
390 909 511 935 ἐτέλεσεν
528 910 542 935 ὁ
559 909 663 944 Ἰησοῦς
677 909 726 941 τὰς
740 910 861 945 παραϐο-

57 956 114 988 λὰς
131 955 245 988 ταύτας,
259 956 378 992 μετῆρεν
395 955 511 988 ἐκεῖθεν,
530 955 576 982 καὶ
591 955 675 981 ἐλθὼν
691 956 731 987 είς
746 954 794 990 τὴν
809 964 861 982 πα-

56 1003 145 1039 τρίδα
168 1002 262 1029 αὑτοῦ.
282 1012 291 1028 ι
318 1003 394 1029 Ἐπεὶ
414 1003 443 1028 ὲν
464 1003 520 1034 τοῖς
543 1002 671 1038 ἀνωτέρω
689 1001 859 1037 ὲξητάσαμεν

61 1049 175 1084 μήποτε
198 1047 232 1075 τὰ
253 1047 302 1083 μὲν
326 1049 382 1079 τοῖς
402 1047 491 1082 ὄχλοις
513 1047 684 1082 λελαλημένα
707 1047 860 1082 παραϐολαὶ

58 1093 148 1128 ἦσαν,
164 1094 198 1121 τὰ
213 1093 242 1120 δὲ
261 1094 317 1125 τοῖς
334 1093 468 1128 μαθηταῖς
491 1093 660 1128 ὁμοιότητες,
682 1093 729 1119 καὶ
752 1093 801 1125 τὰς
820 1095 860 1125 εἰς

58 1139 148 1167 τοῦτο
161 1139 353 1171 ὑποπεσούσας
374 1140 578 1175 παρατηρήσεις
594 1138 752 1174 ἐξεοέμεθα,
773 1140 808 1170 ὼς
821 1137 860 1165 οἷ-

62 1195 126 1222 μαι,
143 1186 194 1212 οὐκ
203 1186 456 1222 εὐκαταφρονήτους
468 1184 654 1220 τυγχανούσας
664 1193 670 1199 ·
684 1185 735 1220 χρὴ
749 1184 858 1217 εἰδέναι,

59 1234 106 1260 ὅτι
130 1232 202 1264 δόξει
227 1232 341 1264 ἐκείνοις
365 1233 449 1258 πᾶσιν
472 1231 658 1257 ἐναντιοῦσθαι
682 1232 712 1256 τὸ
737 1230 860 1264 ἐπιλέγε-

63 1280 129 1305 σθαι
142 1279 194 1305 οὐκ
215 1279 261 1305 ἐπὶ
278 1280 337 1310 ταῖς
353 1277 522 1313 παραϐολαῖς
544 1278 633 1313 μόνον,
651 1276 718 1303 ἀλλὰ
743 1277 790 1303 καὶ
807 1277 854 1302 ἐπὶ

63 1331 136 1356 ταῖς,
159 1324 197 1355 ὡς
209 1324 390 1360 ὲξεδώκαμεν,
414 1324 564 1359 ὁμοιότησι,
577 1325 617 1350 τό·
637 1334 646 1349 ‹
665 1324 719 1350 Καὶ
736 1323 856 1358 ἐγένετο,

63 1370 110 1396 ἁτε
124 1369 249 1396 ἐτέλεσεν
260 1370 274 1395 ὁ
293 1368 398 1404 Ἰησοῦς
413 1368 463 1400 τὰς
475 1368 632 1404 παραϐολὰς
643 1367 754 1400 ταύτας,
776 1375 860 1404 μετ-ιι·-

64 1424 115 1451 ρεν
135 1415 252 1442 ἐκεῖθεν.
271 1424 280 1441 ι
303 1415 443 1451 Ζητοῦμεν
460 1413 506 1441 οὖν
527 1415 640 1450 πότερον
663 1416 754 1442 ἐκεῖνα
769 1417 860 1443 πάντα

62 1461 223 1496 ἁθετητέον,
237 1461 256 1496 ἢ
277 1461 324 1487 δύο
338 1461 405 1495 γένη
427 1461 591 1497 παραϐολῶν
613 1460 733 1492 λεκτέον,
757 1461 810 1488 τῶν
830 1470 859 1488 τε

61 1508 123 1539 τοῖς
135 1507 226 1542 δχλοις
238 1506 421 1542 λαλουμένων,
437 1507 483 1533 καὶ
496 1506 549 1533 τῶν
561 1508 615 1538 τοῖς
632 1506 763 1542 μαθηταῖς
774 1508 859 1541 ἑπαγ-

62 1553 240 1588 γελλομένων
249 1561 256 1568 ·
275 1553 291 1589 ἢ
305 1553 352 1579 καὶ
361 1553 505 1588 ὁμώνυμον
517 1553 546 1579 τὸ
558 1553 608 1588 τῆς
624 1553 780 1589 παραϐολῆς
799 1553 858 1580 ὅνο-

65 1608 106 1634 μα
115 1598 266 1633 νομιστέον·
282 1597 347 1633 ἢτό·
360 1606 369 1622 ι
391 1598 524 1632 Ἐγένετο,
537 1598 581 1624 ὅτε
593 1598 715 1624 ἐτέλεσεν
727 1599 741 1624 ὁ
755 1598 858 1633 Ἰησοῦς

62 1644 116 1676 τὰς
126 1643 285 1679 παραϐολὰς
297 1643 408 1675 ταύτας,
423 1653 432 1668 ι
449 1644 494 1670 ἐπὶ
506 1643 555 1675 τὰς
566 1643 694 1679 ἀνωτέρω
702 1643 858 1679 παραϐολὰς

65 1689 152 1725 μόνας
161 1689 209 1720 τὰς
223 1689 276 1724 πρὸ
287 1687 341 1714 τῶν
349 1687 505 1723 όμοιὼσεων
513 1688 681 1716 ἀνενεκτέον.
695 1688 744 1714 Διὰ
754 1688 808 1724 γὰρ
816 1688 857 1714 τό·

67 1744 77 1760 ‹
101 1735 185 1769 Ἵ⁰μῖν
195 1734 297 1760 δέδοται
309 1733 410 1768 γνῶναι
418 1732 451 1760 τὰ
460 1734 596 1769 μυστήρια
603 1733 652 1768 τῆς
661 1733 798 1769 βασιλείας
806 1733 860 1760 τῶν

63 1779 201 1816 οὐρανῶν,
208 1781 264 1811 τοῖς
272 1779 300 1805 δὲ
308 1779 411 1811 λοιποῖς
421 1781 449 1806 ἐν
459 1779 634 1815 παραϐολαῖς,
648 1788 656 1804 ι
670 1776 776 1814 οὐχοῖόν
785 1788 814 1805 τε
822 1779 861 1805 λέ-

63 1834 126 1860 γειν
132 1826 190 1856 τοῖς
201 1825 344 1860 μαθηταῖς,
353 1825 401 1851 ἆτε
408 1825 457 1851 οὐκ
463 1823 492 1851 οὗ
498 1833 522 1851 σι
528 1825 582 1851 τῶν
590 1824 684 1857 ἔξω,ὲν
692 1824 860 1859 παραϐολαῖς

64 1871 183 1902 ἐκείνοις
191 1871 235 1897 τὸν
249 1871 364 1905 Σωτῆρα
374 1871 558 1906 λελαληκέναι.
570 1871 664 1905 Τούτῳ
674 1870 703 1896 δὲ
719 1870 861 1897 ἀκολουθεῖ

64 1915 126 1949 ἦτοι
132 1914 173 1940 τό·
180 1923 188 1939 ι
201 1914 334 1948 Ἐγένετο,
340 1915 383 1940 ὅτε
391 1915 512 1941 ἐτέλεσεν
518 1916 532 1941 ὁ
540 1914 642 1950 Ἰησοῦς
647 1914 697 1946 τὰς
703 1914 860 1950 παραϐολὰς

65 1961 181 1993 ταύτας,
197 1961 314 1996 μετῆρεν
327 1961 441 1993 ἐκεῖθεν,
456 1971 465 1986 ι
479 1960 662 1996 ἀναφέρεσθαι
675 1961 721 1988 ἐπὶ
736 1962 785 1993 τὰς
794 1962 862 1988 ἀνω-

65 2008 140 2034 τάτω
160 2006 311 2042 εἰρημένας
335 2006 502 2041 παραϐολὰς,
527 2007 543 2042 ἢ
562 2006 707 2042 ὁμώνυμον
730 2004 800 2033 εἶναι
830 2006 861 2032 τὸ

67 2054 119 2088 τῆς
138 2052 297 2088 παραϐολῆς
310 2052 404 2087 ὄνομα,
422 2053 439 2088 ἢ
456 2053 502 2080 δύο
517 2053 583 2088 γένη
602 2051 672 2080 εἶναι
687 2052 860 2088 παραϐολῶν,

67 2101 85 2136 ἢ
104 2100 165 2136 μηδ’
181 2100 249 2131 ὅλως
261 2096 331 2125 εἶναι
347 2099 515 2134 παραϐολὰς,
528 2101 546 2128 ἃ
559 2099 744 2135 ὠνομάσαμεν
760 2098 861 2135 ὁμοιώ-

70 2153 137 2177 σεις.
155 2145 278 2181 Πρόσχες
293 2145 330 2178 δὲ,
348 2146 388 2172 ὅτι
406 2145 458 2178 ἔξω
472 2146 522 2180 τῆς
537 2146 664 2181 πατρίδος
679 2146 775 2172 ἑαυτοῦ
786 2145 861 2180 λέγει

913 225 1080 258 parntioneni
1097 232 1193 259 nempe
1207 225 1341 252 dictorum
1360 233 1420 260 qna:
1436 233 1451 252 a
1464 226 1520 260 lege
1534 232 1560 253 ct
1580 228 1698 262 prophe—

913 271 947 298 tis
967 276 1163 303 assumuntur,
1179 279 1297 306 quorum
1312 272 1435 307 exempla
1452 273 1569 307 reperire
1584 274 1648 301 licet
1671 275 1698 301 in

912 315 1075 352 Evangeliis.
1087 317 1124 344 De
1136 317 1178 344 bis
1190 322 1279 344 autem
1292 318 1428 345 veteribus
1438 323 1464 345 et
1473 319 1551 346 novis
1564 319 1698 346 audienda

912 366 953 388 est
966 365 992 388 ει
1010 361 1160 395 spiritualis
1180 363 1222 389 lex
1235 362 1327 389 dicens
1342 363 1368 389 in
1382 362 1503 390 Levitico
1518 364 1540 380 ⁸⁸
1554 372 1561 390 :
1578 373 1587 390 ι
1602 363 1698 392 Corne-

912 407 981 434 detis
999 412 1105 440 vetera,
1129 413 1156 434 et
1178 413 1269 435 vetera
1285 412 1425 442 veterum;
1440 414 1467 436 et
1484 414 1574 436 vetera
1597 417 1612 437 a
1633 417 1699 438 con-

912 456 1005 486 spectu
1021 461 1152 480 novorum
1166 453 1319 488 cjicientur,
1337 458 1363 481 et
1378 461 1476 489 ponam
1491 456 1698 483 tabernaculum

913 505 1002 525 meum
1017 499 1044 525 in
1062 499 1150 526 vobis.
1167 508 1177 524 ι
1193 499 1369 527 Comedimus
1382 500 1454 527 enim
1469 500 1496 527 in
1511 501 1699 530 benedictione

912 549 1003 572 vetera
1015 566 1021 578 ,
1035 546 1208 580 propheticos
1229 546 1354 574 videlicet
1378 554 1529 580 sermones,
1554 551 1582 576 et
1599 548 1698 576 horutn

913 596 1034 618 veterum
1048 597 1147 624 vetera,
1160 591 1264 620 scilicet
1282 593 1349 628 legis
1373 601 1513 620 sermones
1530 603 1537 621 :
1557 599 1583 622 et
1600 602 1698 629 snper-

912 637 1084 665 venientibus
1097 639 1175 666 novis
1197 643 1223 666 et
1235 639 1409 673 evangelicis,
1422 639 1500 674 juxta
1522 639 1698 675 Evangelium

912 683 1044 716 viventes,
1062 687 1151 711 vetera
1167 684 1264 712 littera:
1285 693 1300 712 e
1319 693 1451 712 novorum
1468 686 1610 720 praesentia
1631 686 1698 714 εεε-

912 729 1010 762 rimns,
1028 734 1054 757 et
1071 731 1147 765 ponit
1161 730 1367 758 tabernaculum
1383 738 1463 758 suum
1483 731 1511 758 in
1525 732 1618 765 nobis;
1635 739 1699 766 pro—

913 777 1039 809 missum,
1055 777 1126 811 quod
1137 777 1216 810 dixit,
1232 776 1375 811 periiciens
1392 776 1415 792 ⁸⁷
1431 786 1438 804 :
1455 786 1464 802 ι
1485 776 1644 805 lnhabizabo
1670 779 1698 806 in

913 821 966 849 illis
983 826 1009 849 et
1021 821 1204 849 inambulabo.
1223 831 1232 848 ι

948 911 991 939 16.
1013 922 1021 938 ι
1041 912 1074 940 Ει
1091 911 1191 939 factum
1209 917 1261 946 est,
1277 921 1338 940 cum
1354 919 1574 941 consummasset
1586 913 1697 942 Iesus”

910 958 1056 993 parabolas
1070 958 1149 991 istas,
1165 958 1272 985 transiit
1289 958 1361 991 inde,
1376 963 1403 986 et
1415 959 1528 987 veniens
1542 960 1569 986 in
1582 961 1698 995 patriam

911 1012 989 1033 suam
1008 1005 1040 1032 ⁸⁸.
1058 1014 1068 1030 ι
1093 1004 1318 1039 Quandoquidem
1348 1005 1375 1031 in
1402 1005 1437 1032 iis
1460 1013 1521 1040 qua:
1544 1007 1700 1040 praecedunt

909 1051 1087 1086 qumsivimus
1103 1059 1136 1077 an
1151 1058 1182 1078 ea
1197 1058 1258 1085 qua:
1279 1051 1366 1077 turbis
1384 1051 1456 1078 dicta
1473 1056 1547 1085 sunt,
1564 1053 1699 1086 parabolae

910 1101 1002 1130 erant;
1018 1104 1079 1131 qua:
1095 1103 1159 1123 vero
1175 1097 1327 1131 discipulis,
1345 1097 1555 1132 similitudines;
1576 1099 1699 1127 inciden-

910 1145 1005 1175 tcsquc
1019 1141 1046 1168 in
1061 1141 1086 1168 id
1103 1142 1317 1174 observationes,
1337 1142 1558 1178 haudquaquam,
1583 1145 1696 1179 opinor,

910 1187 1095 1222 aspernandos
1117 1188 1327 1222 proposuimus;
1350 1188 1490 1215 sciendum
1510 1194 1552 1216 est
1574 1189 1697 1217 futurum

912 1237 941 1260 ut
957 1233 999 1260 his
1023 1233 1151 1260 omnibus
1171 1241 1322 1268 repugnare
1342 1234 1477 1266 videatur,
1497 1235 1569 1270 quod
1586 1243 1640 1263 non
1663 1237 1697 1264 ad

910 1278 1056 1314 parabolas
1081 1278 1184 1311 solum,
1209 1278 1255 1305 sed
1278 1283 1304 1305 et
1317 1278 1350 1304 ad
1367 1279 1450 1313 ipsas,
1468 1284 1497 1306 ut
1515 1279 1676 1308 tradidimus
1689 1301 1696 1312 ,

911 1325 1103 1352 similitudines
1118 1325 1253 1359 adjectum
1269 1329 1311 1352 est
1334 1325 1400 1352 illud
1414 1334 1421 1352 :
1441 1334 1450 1350 ι
1469 1325 1502 1352 Ει
1525 1325 1627 1353 factum
1642 1330 1696 1360 est,

911 1377 973 1397 cuin
995 1373 1211 1397 consummasset
1227 1368 1307 1397 Iesus
1328 1370 1473 1404 parabolas
1489 1371 1566 1404 istas,
1587 1372 1697 1398 transiit

911 1414 985 1442 inde.
1004 1424 1014 1440 ι
1041 1413 1195 1447 Quaerimus
1223 1414 1305 1448 igitur
1322 1419 1410 1441 utrum
1437 1415 1494 1441 haec
1517 1414 1609 1441 omnia
1633 1415 1698 1449 reji-

912 1460 1008 1489 cienda
1032 1460 1096 1493 sint,
1123 1468 1157 1487 an
1181 1460 1326 1488 dicendum
1349 1461 1404 1487 duo
1424 1467 1486 1487 esse
1505 1460 1697 1494 paz'abolarum

914 1513 1023 1541 genera,
1042 1513 1135 1532 earum
1151 1505 1255 1533 scilicet
1269 1513 1330 1540 qua:
1344 1505 1431 1532 turbis
1446 1505 1584 1538 dicuntur,
1607 1510 1634 1532 et
1652 1513 1699 1533 ea-

914 1560 974 1580 rum
989 1559 1050 1587 quae
1066 1552 1206 1586 discipulis
1220 1552 1449 1586 pronuntiantur;
1475 1551 1517 1578 vel
1543 1559 1577 1578 an
1602 1552 1699 1579 existi-

913 1598 1044 1625 mandum
1070 1598 1266 1632 homonymum
1288 1605 1348 1624 esse
1364 1597 1501 1632 parabolas
1516 1605 1633 1631 nomen;
1657 1599 1700 1626 vel

913 1648 1005 1671 utrum
1023 1643 1088 1670 illud
1111 1652 1117 1670 :
1140 1652 1149 1668 ι
1164 1643 1198 1670 Ει
1214 1642 1315 1670 factum
1329 1648 1381 1676 est,
1397 1651 1460 1670 cum
1482 1649 1701 1671 consummasset

913 1688 993 1717 Jesus
1008 1689 1152 1724 parabolas
1164 1689 1243 1721 istas,
1261 1698 1271 1715 ι
1286 1689 1457 1716 referendum
1473 1689 1508 1716 sit
1521 1689 1554 1716 ad
1570 1691 1643 1716 solas
1655 1698 1700 1716 su-

911 1736 1032 1769 periores
1055 1735 1201 1770 parabolas
1224 1742 1285 1769 qua:
1313 1735 1505 1762 similitudines
1531 1735 1698 1770 praecedunt.

913 1779 1026 1814 Propter
1048 1781 1113 1807 illud
1138 1780 1210 1808 enim
1231 1780 1275 1805 89:
1303 1790 1313 1806 ι
1338 1779 1421 1808 Vobis
1443 1780 1536 1808 datum
1554 1785 1596 1808 est
1618 1788 1700 1808 nosse

913 1824 1041 1859 mysteria
1059 1825 1135 1860 regni
1155 1825 1298 1858 coelorum,
1313 1825 1419 1851 caeteris
1435 1830 1524 1852 autem
1541 1825 1569 1852 in
1581 1826 1699 1859 parabo—

913 1869 963 1903 lis;
985 1879 994 1895 ι
1017 1870 1071 1897 dici
1084 1878 1137 1897 non
1153 1875 1243 1904 potest
1256 1870 1407 1904 discipulis,
1423 1874 1453 1897 ut
1465 1870 1512 1904 qui
1531 1870 1565 1897 de
1585 1878 1700 1897 numero

914 1920 1071 1943 extet-orum
1085 1923 1139 1942 non
1155 1920 1258 1949 essent,
1274 1924 1321 1950 per
1340 1916 1485 1950 parabolas
1501 1916 1554 1943 illis
1572 1916 1702 1944 Servato-

914 1969 972 1989 rem
996 1962 1082 1989 fuisse
1098 1962 1229 1989 locutum.
1250 1961 1298 1989 llis
1312 1967 1401 1989 autem
1423 1963 1623 1990 consectarium
1638 1967 1699 1996 est,

912 2009 955 2036 vel
969 2009 1034 2035 illud
1049 2018 1056 2035 :
1078 2018 1087 2034 ι
1103 2007 1217 2035 Factum
1234 2013 1286 2042 est,
1308 2016 1370 2035 cum
1390 2012 1608 2036 consummasset
1621 2007 1702 2035 Jesus

914 2055 1059 2090 parabolas
1078 2055 1155 2086 istas,
1172 2054 1283 2082 transiit
1298 2054 1370 2086 inde,
1388 2064 1397 2080 ι
1417 2054 1512 2081 referri
1524 2055 1558 2081 ad
1577 2054 1702 2088 supradi-

915 2105 973 2127 ctas
993 2099 1148 2134 parabolas,
1165 2099 1208 2126 vel
1229 2099 1398 2138 tequivocum
1418 2107 1479 2126 esse
1494 2099 1630 2133 parabolie
1650 2105 1701 2126 no-

915 2152 989 2178 men,
1006 2145 1048 2172 vel
1062 2145 1118 2172 duo
1134 2152 1195 2172 esse
1210 2145 1401 2180 parabolarum
1413 2151 1523 2179 genera,
1535 2144 1578 2171 vel
1589 2143 1702 2170 omnino

69 2192 119 2224 τὰς
136 2191 305 2227 παραϐολὰς,
323 2191 356 2223 ἃς
375 2202 385 2217 ί
401 2192 446 2218 ὅτε
472 2191 579 2218 ἐτέλεσε
595 2191 713 2227 μετῆρεν
737 2192 859 2223 ἐκεῖθεν,

948 2192 1061 2219 ιῐεὺοιιιε
1081 2199 1137 2218 non
1158 2199 1229 2225 esse,
1247 2199 1315 2226 quas
1339 2190 1533 2218 similitudines
1555 2190 1702 2225 appellavi-

69 2238 118 2263 καὶ
134 2236 222 2264 ἐλθὼν
238 2239 278 2269 είς
295 2238 344 2272 τὴν
358 2237 477 2273 πατρίδα
493 2237 587 2269 αὐτοῦ,
610 2237 748 2263 ἐδίδασκεν
765 2237 862 2268 αὐτοὺς

71 2284 99 2310 ἐν
112 2285 145 2319 τῇ
165 2285 310 2319 συναγωγῇ
332 2283 438 2311 αὐτῶν·
459 2293 467 2309 ι
491 2283 538 2310 καὶ
559 2284 573 2309 ὁ
594 2283 706 2319 Μάρκος
729 2283 758 2309 δέ
780 2291 862 2319 φησι.

75 2338 84 2354 ‹
99 2330 154 2356 Kal.
167 2327 249 2364 ἦλθεν
263 2330 302 2360 εἰς
313 2328 362 2365 τὴν
377 2329 495 2366 πατρίδα
509 2328 604 2362 αὑτοῦ,
613 2329 659 2355 καὶ
673 2328 864 2355 ἀκολουθοῦσιν

72 2375 146 2410 αὐτῷ
162 2376 186 2401 οἱ
201 2375 321 2410 μαθηταὶ
333 2376 427 2402 αὑτοῦ.
445 2385 454 2401 ι
467 2377 602 2411 Ζητητέον
612 2373 658 2402 οὖν
671 2375 718 2401 καὶ
733 2374 804 2401 κατὰ
816 2374 865 2410 τὴν

71 2422 152 2455 λέξιν,
167 2422 278 2458 πότερον
294 2421 409 2457 Νάζαρα
432 2421 505 2457 λέγει
527 2421 576 2458 τὴν
592 2421 708 2456 πατρίδα
730 2421 813 2448 αὐτοῦ
824 2442 831 2454 ,
846 2421 863 2457 ἢ

71 2467 195 2504 Βηθλεέμ.
205 2476 213 2482 '
225 2467 341 2502 Νάζαρα
356 2468 415 2503 μὲν,
431 2467 475 2494 διὰ
485 2468 531 2494 τό·
550 2477 558 2493 ι
582 2466 743 2503 Ναζωραῖος
761 2467 864 2503 κληθή-

73 2522 149 2540 σεται
161 2521 168 2528 ·
185 2522 195 2539 ι
210 2513 333 2549 Βηθλεὲμ
346 2513 384 2545 δὲ,
398 2513 459 2539 ἐπεὶ
470 2514 499 2540 ὲν
513 2513 581 2548 αὐτῇ
593 2512 748 2548 γεγένηται.
765 2513 825 2539 Ἔτι
838 2513 866 2539 δὲ

73 2561 203 2596 ἔφίστημι
221 2561 326 2596 μήποτε
341 2559 487 2595 δυνάμενοι
505 2560 529 2586 οἱ
555 2560 746 2594 εὑαγγελισταὶ
769 2560 864 2590 εἰπεῖν,

71 2606 168 2634 ἐλθὼν
175 2605 368 2640 ειςΒηΟλεὲμι,
381 2606 397 2642 ἢ
416 2604 511 2634 ἐλθὼν
525 2607 568 2638 είς
583 2605 708 2639 Νάζαρα,
724 2604 802 2631 τοῦτο
818 2605 865 2640 μὲν

69 2653 100 2679 οὐ
119 2652 297 2687 πεποιήκασι,
312 2651 426 2687 πατρίδα
439 2652 467 2678 δὲ
480 2652 640 2686 ὠνομάκασι
657 2651 702 2677 διά
719 2660 744 2677 τι
768 2659 864 2686 μυστι-

71 2699 126 2730 κῶς
139 2699 168 2724 ἐν
181 2697 220 2732 τῷ
237 2698 312 2734 τόπῳ
329 2698 393 2733 περὶ
416 2698 467 2732 τῆς
481 2698 609 2734 πατρίδος
631 2697 712 2725 αὑτοῦ
735 2697 865 2733 δηλούμε-

106 2755 129 2771 ⁸⁶
141 2755 228 2783 Levit.
241 2755 373 2785 xxvr,10.
412 2755 434 2771 ⁸⁷
460 2755 525 2782 ibid.
544 2754 594 2786 12;
610 2754 632 2781 ll
651 2754 715 2782 Cor.
739 2762 776 2786 vr,
795 2754 835 2781 l6.

948 2754 1002 2780 itth.
1027 2753 1145 2786 xnt,52‘>,
1169 2752 1213 2778 54.

70 2791 91 2807 ’³
111 2790 206 2818 Matth.
230 2799 264 2822 ιι,
282 2790 327 2817 25.

108 2836 163 2871 (l0)
185 2835 312 2862 Παλαιά.
329 2834 421 2862 Codex
439 2834 552 2871 Regius,
566 2843 753 2871 πνευματικὰ.

231 2885 367 2916 Parnm.
391 2885 450 2916 Gtt.
471 2885 568 2916 .Xlll.

917 2246 989 2266 mus.
1007 2238 1124 2266 Adverte
1138 2243 1230 2266 autem
1241 2243 1317 2265 extra
1327 2238 1442 2273 patriam
1451 2245 1529 2265 suam
1538 2237 1640 2264 dixisse
1652 2245 1702 2272 pa-

916 2284 1035 2315 rabolas,
1051 2292 1119 2318 quas
1138 2293 1148 2309 ι
1167 2291 1230 2311 cum
1248 2287 1477 2315 consummasset,
1497 2283 1607 2310 transiit
1621 2283 1702 2315 inde,

916 2334 943 2356 et
957 2330 1069 2355 veniens
1083 2329 1110 2355 in
1128 2329 1243 2363 patriam
1258 2335 1335 2355 suam
1353 2327 1469 2355 docebat
1483 2335 1530 2354 eos
1545 2327 1572 2354 in
1587 2335 1704 2362 synagoa

916 2374 957 2408 gis
970 2381 1081 2406 eorum;
1095 2384 1102 2398 l
1115 2372 1222 2400 Marcus
1236 2377 1326 2400 autem
1340 2372 1408 2399 ait”
1423 2381 1429 2398 :
1443 2381 1453 2397 ι
1468 2372 1541 2398 Abiit
1551 2372 1576 2398 in
1587 2372 1702 2406 patriam

917 2427 1005 2451 suam,
1030 2424 1057 2446 ct
1082 2419 1266 2454 sequebantur
1291 2425 1352 2445 eum
1375 2418 1499 2452 discipuli
1529 2418 1581 2444 sui.
1598 2426 1607 2443 ι
1624 2416 1704 2450 Qua»

915 2466 1029 2493 rendum
1052 2464 1133 2500 462
1164 2465 1247 2499 igitur
1271 2469 1298 2492 et
1324 2464 1401 2499 juxta
1427 2467 1571 2490 contextus
1597 2463 1678 2490 verba
1694 2484 1700 2494 ,

915 2516 1007 2539 utrum
1024 2510 1159 2539 Nazareth
1176 2511 1248 2538 dicat
1262 2511 1377 2546 patriam
1396 2517 1485 2538 suam.
1501 2517 1534 2535 an
1548 2509 1702 2536 Bethleem:

915 2557 1048 2585 Nazareth
1065 2556 1187 2592 quidem,
1209 2562 1319 2592 propter
1334 2556 1359 2583 id
1378 2556 1418 2582 “:
1439 2565 1448 2581 ι
1460 2554 1605 2582 Νιιωιιειιδ
1623 2561 1704 2581 \oca-

917 2605 1004 2637 bitur;
1023 2614 1031 2629 ι
1056 2603 1194 2630 Bethleem
1217 2607 1320 2635 autem,
1346 2602 1411 2637 quia
1436 2601 1463 2628 in
1491 2608 1522 2628 ea
1549 2607 1630 2627 natus
1649 2604 1701 2627 est.

918 2649 1052 2678 Praeterea
1075 2649 1197 2676 animum
1223 2649 1333 2676 adverto
1348 2656 1414 2675 num
1441 2647 1511 2674 forte
1533 2644 1705 2681 evangelista)

917 2700 1029 2732 possent
1043 2695 1143 2728 dicere,
1161 2695 1263 2722 veniens
1277 2695 1304 2721 in
1322 2694 1465 2727 Bethleem,
1487 2693 1528 2721 vel
1553 2692 1656 2720 veniens
1678 2691 1705 2717 in

1265 2751 1287 2768 "
1300 2751 1365 2778 ibid.
1385 2751 1428 2777 Η.
1476 2751 1499 2767 ³⁵
1517 2749 1601 2778 Mare.
1620 2755 1657 2780 vt,
1677 2747 1702 2774 Ι.
