1880 3045
77 108 126 135 877

552 103 727 133 (ἸΟΜῙᾸΕΝΤ.
749 104 781 132 IN
804 103 1012 132 ΜᾹῙΤΠΕΕΜ
1034 103 1152 132 ’1031115
1174 103 1206 130 Χ.

1648 105 1698 131 STB

78 167 174 199 χώεου,
199 167 273 199 υἱοὺς
303 166 401 202 Ἰωσὴφ
417 166 448 192 ἐκ
472 167 606 202 προτέρας
631 168 769 200 γυναικὸς,
798 176 858 193 συν-

940 167 985 192 ieti
1007 166 1151 193 traditione
1173 165 1310 201 livaugulii
1330 166 1401 200 quod
1427 166 1575 193 secundum
1590 166 1699 194 Petrum

77 213 213 249 ῳκηκυίας
226 212 301 248 αὐτῷ
314 212 366 248 πρὸ
380 212 427 247 τῆς
443 212 561 247 Μαρίας.
584 214 614 239 Οί
630 213 657 239 δὲ
671 213 756 239 ταῦτα
769 213 861 246 λέγον-

77 268 120 290 τες
132 259 162 285 τὸ
172 258 280 293 ἀξίωμα
293 258 343 292 τῆς
358 258 466 293 Μαρίας
482 258 510 284 ἐν
525 258 656 293 παρθενίᾳ
673 259 765 293 τηρεῖν
782 258 862 293 μέχρι

78 305 166 336 τέλους
181 304 329 340 βούλονται⁷
346 305 390 331 ἵνα
407 304 444 339 μὴ
463 303 495 330 τὸ
507 304 598 339 κριθὲν
611 306 698 330 ἐκεῖνο
712 304 791 339 σῶμα
808 304 862 330 δια-

79 349 238 385 κονήσασθαι
253 349 292 385 τῷ
309 350 412 376 εἰπόντι
428 349 521 384 Λόγῳ·
541 359 549 374 ι
566 350 677 385 Πνεῦμα
702 351 777 384 ἅγιον
798 351 863 377 ἐπε-

78 396 196 423 λεύσεται
216 396 262 422 ἐπὶ
276 395 317 428 σὲ,
338 395 385 422 καὶ
412 395 524 430 δύναμις
551 395 677 429 Ὑψίστου
708 396 862 422 ἐπισκιάσει

80 450 128 474 σοι,
141 452 150 468 ι
173 441 230 477 γνῷ
248 441 344 477 κοίτην
356 441 452 477 ἀνδρὸς
468 441 536 476 μετὰ
552 441 581 467 τὸ
599 441 722 468 ἐπελθεῖν
739 443 768 468 ἐν
792 443 860 478 αὐτῇ

79 487 187 522 Πνεῦμα
198 487 285 521 ἆγιον,
315 487 362 513 καὶ
378 487 427 522 τὴν
443 488 638 513 ὲπεσκιακυῐαν
659 487 728 522 αὐτῇ
749 486 862 522 δύναμιν

79 533 106 567 ἐξ
121 533 213 567 ὕψους.
230 532 285 559 Καὶ
302 530 378 568 οἶμαι
392 532 470 567 λόγον
493 532 574 567 ἔχειν,
592 532 696 568 ἀνδρῶν
714 533 763 567 μὲν
778 533 863 560 καθα-

81 578 186 614 ρότητος
198 577 250 612 τῆς
271 578 300 603 ὲν
322 577 419 612 ἁγνεία
435 576 562 612 ἀπαρχὴν
585 577 724 611 γεγονέναι
746 578 791 604 τὸν
811 578 863 613 ’1η-

78 623 149 655 σοῦν,
163 622 298 657 γυναικῶν
309 622 337 648 δὲ
351 622 400 657 τὴν
411 622 537 658 Μαριάμ.
551 622 587 648 Οὐ
600 622 654 658 γὰρ
666 621 799 658 εὔφημον,
815 623 862 649 ἄλ-

79 667 124 704 λην
140 668 194 704 (l5)
210 669 275 703 παρ’
294 668 402 703 ἐκείνην
428 667 476 703 τὴν
491 668 618 703 ἀπαρχὴν
636 668 686 703 τῆς
713 667 862 703 παρθενίας

80 715 288 751 ὲπιγράψασθαι.
322 714 450 746 Ἰάκωϐος
470 714 499 741 δέ
524 715 598 740 ἐστιν
617 712 704 746 οὗτος,
731 715 760 741 ὃν
787 714 862 749 λέγει

79 761 178 794 Παῦλος
195 763 259 789 ἰδεῖν
277 763 306 788 ὲν
324 763 356 797 τῇ
373 762 440 796 πρὸς
463 760 586 792 Γαλάτας
608 761 750 797 Ἐπιστολῇ
766 761 860 788 εἰπών·

82 817 91 833 ‹
105 808 213 843 Ἕτερον
226 807 254 834 δὲ
267 807 321 834 τῶν
334 807 489 834 ἀποστόλων
502 807 552 834 οὐκ
564 806 632 834 εἶδον
646 808 670 833 εἰ
682 807 718 843 μὴ
735 807 862 834 Ἰάκωϐον

79 852 121 879 τὸν
135 852 248 887 ἀδελφὺν
257 851 305 878 τοῦ
315 852 429 888 Κυρίου.
442 862 451 878 ι
470 853 530 879 Ἐπὶ
544 853 669 879 τοσοῦτον
677 853 705 880 δὲ
717 853 861 889 διέλαμψεν

77 895 151 930 οὗτος
165 899 178 925 ὁ
207 898 336 930 Ἰάκωϐος
365 899 394 925 ἐν
421 898 461 934 τῷ
485 898 542 934 λαῷ
562 899 609 926 ἐπὶ
633 899 801 935 δικαιοσύνῃ,
825 900 862 931 ὼς

79 944 186 971 Φλάϐιον
207 944 348 979 Ἰώσηπον,
374 944 570 980 ἀναγράψαντα
597 945 625 970 ὲν
652 945 739 971 εἴκοσι
752 945 863 980 βιϐλίοις

80 991 125 1025 τὴν
146 988 293 1024 Ἱουδαϊκὴν
305 988 506 1024 ἀρχαιολογίαν,
522 989 572 1024 τὴν
584 989 673 1016 αἰτίαν
689 991 863 1025 παραστῆσαι

82 1034 236 1070 βουλόμενον
255 1035 302 1061 τοῦ
315 1035 349 1060 τὸ.
359 1035 479 1062 τοσαῦτα
498 1035 659 1062 πεπονθέναι
676 1035 721 1062 τὸν
733 1036 806 1067 λαὸν,
826 1037 864 1068 ὡς

80 1081 124 1107 καὶ
142 1081 186 1107 τὸν
196 1081 260 1108 ναδν
285 1081 503 1117 κατασκαφῆναι,
525 1081 663 1117 εἰρηκέναι
686 1082 758 1108 κατὰ
784 1083 864 1117 μῆνιν

81 1126 143 1153 Θεοῦ
161 1127 249 1153 ταῦτα
263 1127 354 1158 αὐτοῖς
369 1127 567 1162 ἀπηντηκέναι,
588 1127 632 1154 διὰ
659 1128 693 1154 τὰ
708 1129 748 1159 εἰς
768 1128 862 1155 Ἰάκω-

81 1171 124 1198 ϐον
137 1172 190 1207 (16)
207 1173 253 1199 τὸν
265 1172 377 1207 ἀδελφὸν
402 1172 492 1208 Ἰησοῦ
514 1172 560 1199 τοῦ
574 1173 720 1208 λεγομένου
746 1174 862 1209 Χριστοῦ

82 1218 123 1244 ὑπ’
138 1218 225 1246 αὐτῶν
239 1218 434 1254 τετολμημένα.
456 1219 512 1246 Καὶ
536 1220 567 1246 τὸ
594 1219 749 1255 θαυμαστόν
773 1222 862 1253 ἐστιν,

80 1264 129 1295 ὅτι,
143 1264 186 1290 τὸν
207 1264 312 1298 Ἰησοῦν
324 1264 404 1299 ἡμῶν
424 1265 455 1290 οὐ
484 1265 701 1301 καταδεξάμενος
723 1266 777 1301 (17)
796 1264 864 1294 εἷναι

83 1309 203 1344 Χριστὸν,
219 1309 295 1336 οὐδὲν
312 1307 393 1345 ἦττον
418 1309 537 1346 Ἰακώϐῳ
561 1311 732 1347 δικαιοσύνην
746 1313 864 1348 ἐμαρτύ-

85 1364 147 1390 ρησε
160 1356 303 1391 τοσαύτην.
326 1356 407 1390 Λέγει
420 1356 458 1388 δὲ,
474 1356 515 1382 ὅτι
537 1357 584 1383 καὶ
608 1358 622 1383 ὁ
636 1357 699 1389 λαὸς
711 1358 796 1385 ταῦτα
808 1359 865 1385 ἐνό-

85 1400 142 1436 μιζε
158 1401 201 1428 διὰ
215 1401 260 1427 τὸν
284 1401 409 1428 Ἰάκωϐον
421 1402 593 1429 πεπονθέναι.
607 1403 662 1429 Καὶ
678 1403 779 1434 Ἰούδας
787 1403 866 1440 ἐγρα-

83 1447 128 1482 ψεν
150 1448 307 1483 Ἐπιστολὴν
320 1447 485 1483 ὀλιγόστιχον
509 1448 572 1483 μὲν,
596 1449 813 1486 πεπληρωμένην
837 1451 866 1478 δὲ

83 1492 132 1520 τῶν
143 1494 191 1529 τῆς
200 1494 325 1530 οὐρανίου
348 1495 458 1530 χάριτος
486 1495 649 1530 ἐρρωμένων
673 1495 769 1530 λόγων,
789 1497 862 1529 ὅστις
877 1511 898 1539 C

84 1540 110 1566 ἔν
124 1540 160 1575 τῷ
172 1540 307 1576 προοιμίῳ
325 1541 444 1575 εἴρηκενι
478 1550 487 1565 ι
512 1541 610 1573 Ἰούδας
642 1542 728 1577 Ἰησοῦ
745 1543 863 1578 Χριστοῦ

83 1583 178 1616 δοῦλος,
195 1585 309 1620 ἀδελφὸς
325 1585 353 1612 δὲ
376 1585 515 1613 Ἰακώϐου.
539 1597 548 1612 ι
568 1587 636 1622 Περὶ
655 1587 683 1614 δὲ
709 1588 806 1624 Ἰωσὴφ
818 1590 865 1616 καὶ

86 1628 195 1664 Σίμωνος
207 1631 284 1656 οὐδὲν
298 1632 488 1666 ἱστορήσαμεν·
501 1632 531 1658 τὸ
546 1631 589 1658 δέ’
607 1642 615 1657 ι
633 1633 688 1659 Καὶ
704 1634 731 1660 αἱ
752 1634 863 1669 ἀδελφαὶ

85 1675 162 1702 αὐτοῦ
176 1677 236 1711 οὐχὶ
254 1677 339 1704 πᾶσαι
356 1677 424 1713 πρὸς
437 1679 510 1713 ἡμᾶς
527 1679 578 1704 εἱσι
590 1686 597 1711 ;
611 1687 620 1704 )
635 1679 708 1706 δοκεῖ
724 1689 768 1714 μοι
781 1681 866 1707 τοιοῦ-

85 1721 127 1748 τῆν
141 1731 166 1748 τι
180 1723 331 1758 σημαίνειν·
349 1723 388 1750 Τὰ
406 1723 527 1760 ἡμέτερα
547 1725 690 1760 φρονοῦσιν
700 1745 707 1757 ,
726 1726 756 1752 οὐ
771 1726 804 1753 τὰ
819 1726 864 1753 τοῦ

91 1765 182 1800 Ἰησοῦ,
196 1768 242 1793 καὶ
256 1768 331 1794 οὐδὲν
347 1768 420 1800 ξένον
432 1768 540 1803 ἔχουσιν
558 1768 696 1804 ἐξαιρέτου
721 1769 863 1802 συνέσεως.

85 1812 142 1844 ὡςό
157 1814 268 1848 Ἰησοῦς.
279 1815 393 1849 Μήποτε
407 1814 435 1840 δὲ
452 1815 611 1850 ἐμφαίνεται
628 1815 671 1842 διὰ
685 1815 787 1842 τούτων
801 1816 866 1842 ἐπα-

87 1858 197 1893 πόρησις
218 1860 284 1896 περὶ
305 1860 353 1886 τοῦ
381 1860 449 1895 μηδὲ
478 1860 620 1895 ᾶνΟρωπον
649 1859 730 1895 εἶναι,
756 1861 823 1889 ἀλλά
838 1870 865 1888 τι

87 1903 214 1940 θειότερον
234 1905 282 1931 τὸν
302 1905 415 1941 Ἰησοῦν,
435 1905 491 1932 υἱὸν
508 1906 558 1941 μὲν
584 1906 658 1938 ὄντα,
685 1906 723 1938 ὠς
743 1907 865 1942 ὑπελάμ-

85 1949 170 1981 ϐανον,
189 1950 287 1986 Ἰωσὴφ
301 1951 348 1978 καὶ
359 1951 477 1987 Μαρίας,
488 1951 602 1986 ἀδελφὸν
615 1951 643 1978 δὲ
656 1952 806 1987 τεσσάρων,
822 1953 866 1979 οὐ-

84 1996 125 2022 δὲν
140 1997 160 2023 δ’
178 1996 260 2033 ἦττον
272 1997 319 2024 καὶ
331 1997 432 2033 ἐτέρων
444 1996 569 2031 Οηλειῶν,
588 1997 634 2023 καὶ
660 1997 742 2032 μηδὲν
772 1998 867 2033 ἔχοντά

86 2049 134 2068 τινι
146 2043 198 2069 τῶν
212 2044 245 2070 ἐκ
259 2043 354 2077 γένους
367 2042 566 2078 παραπλήσιον,
581 2043 642 2077 μηδ’
657 2043 688 2069 ὲκ
701 2043 867 2076 παιδεύσεως

87 2088 127 2114 καὶ
150 2088 332 2121 διδασκαλίας,
350 2089 396 2115 ἐπὶ
414 2088 539 2115 τοσοῦτον
554 2088 649 2123 σοφίας
661 2089 708 2115 καὶ
727 2089 866 2124 δυνάμεως

87 2132 239 2168 ὲληλακὸτα.
262 2134 317 2160 Καὶ
330 2133 383 2169 γὰρ
400 2133 516 2169 ἀλλαχοῦ
539 2134 657 2167 λέγουσι·
683 2143 692 2159 ί
711 2135 773 2166 Πῶς
791 2133 866 2167 οὗτος

915 213 1082 245 inscribitur,
1097 212 1139 239 vel
1166 212 1227 239 libri
1254 212 1357 239 Jacobi.
1386 212 1437 245 Qui
1455 220 1517 239 vero
1544 212 1569 239 id
1594 213 1700 246 dicunt,

914 259 1006 286 Marize
1020 255 1178 293 dignitatem
1194 259 1220 284 in
1236 258 1387 292 virginitate
1402 259 1434 285 ad
1453 258 1532 285 tinem
1550 266 1635 293 usque
1653 267 1700 286 ιο-

914 305 973 332 1ιιιιι
990 312 1162 336 conservare,
1178 312 1210 331 ne
1237 313 1337 339 corpus
1352 305 1416 331 illud
1439 305 1553 332 electrum
1571 304 1603 331 ad
1621 305 1702 331 mini-

916 352 1057 379 strandum
1075 351 1162 378 Verbo
1177 351 1275 378 dicenti
1290 352 1312 367 ³³
1330 360 1336 377 :
1360 360 1369 377 ς
1384 351 1502 386 Spiritus
1523 356 1634 379 sam-tus
1655 360 1702 378 su-

917 397 1053 431 perveniet
1064 397 1090 423 in
1103 401 1139 428 te,
1153 401 1180 423 et
1193 397 1277 423 virtus
1291 396 1421 424 Altissimi
1436 397 1609 424 obumbrabit
1624 397 1698 425 tibi.-

915 443 965 470 viri
987 442 1162 470 concubitum
1193 446 1378 476 cognosceret,
1411 447 1554 476 postquam
1582 442 1608 468 in
1628 442 1702 469 illam

914 493 1108 523 supervenerat
1124 487 1242 522 Spiritus
1266 491 1386 517 sanctus,
1401 491 1428 514 et
1456 488 1541 514 virtus
1568 487 1702 515 Altissimi

914 534 952 561 illi
967 534 1146 562 obumbrans.
1163 533 1202 561 Ac
1216 533 1343 560 existimo
1368 533 1465 560 rationi
1487 537 1702 561 consentaneum

913 589 984 614 esse,
1001 582 1123 608 virorum
1148 580 1257 615 quidem
1278 579 1417 606 munditiei
1442 587 1503 613 quze
1520 579 1546 606 in
1577 580 1702 607 castitate

913 632 964 660 cst,
979 627 1114 662 primitias
1127 625 1212 653 fuisse
1229 624 1337 658 Jesum;
1361 625 1504 651 mulierum
1517 630 1621 659 autem,
1639 626 1699 653 Ma-

914 673 992 700 riam.
1011 672 1125 706 lnipium
1144 671 1214 698 enim
1230 675 1272 698 est
1287 671 1332 697 alii
1355 678 1387 697 ac
1414 671 1450 697 illi
1467 671 1600 704 primitias
1615 672 1701 707 virgi-

915 719 1007 746 nitatis
1022 718 1178 745 attribuere.
1197 716 1314 744 Iacobus
1343 721 1432 743 autem
1458 717 1481 743 is
1503 721 1554 749 cst,
1579 726 1659 752 quem
1671 726 1702 745 se

914 764 1014 791 vidisse
1029 763 1130 790 Paulus
1144 762 1285 798 proﬁtetur
1300 762 1328 788 in
1354 761 1473 796 Epistula
1486 763 1519 789 ad
1534 763 1643 791 Galatas
1657 764 1682 791 di
1694 779 1702 785 -

914 818 977 838 cens
993 811 1018 836 1:
1039 820 1047 834 ι
1063 810 1152 836 Alium
1166 813 1255 836 autem
1270 809 1455 843 apostolorum
1485 809 1537 836 vidi
1552 810 1700 841 neminem.

914 855 966 881 nisi
981 853 1112 881 Jacobum
1127 853 1236 880 fratrem
1255 852 1389 879 Domini.)
1419 853 1509 888 Usque
1529 855 1595 881 adeo
1610 859 1701 882 autem

913 900 1032 927 Iacobus
1047 900 1091 927 hic
1105 900 1211 934 justitia
1227 907 1275 926 sua
1289 900 1359 934 apud
1376 900 1504 934 populum
1519 901 1624 927 celeber
1638 901 1701 934 fuit,
1734 899 1736 902 ’

915 953 944 974 ιιι
959 946 1069 973 Flavius
1083 946 1218 980 Josepbus
1232 947 1252 975 ².
1273 945 1318 980 qui
1341 945 1436 979 viginti
1461 945 1536 972 libris
1559 945 1701 974 Iudaicam

914 991 1103 1026 antiquitatem
1124 990 1298 1024 conscripsit,
1319 990 1448 1017 rationem
1466 989 1579 1017 reddere
1595 991 1701 1024 volens,

915 1045 999 1071 quare
1030 1036 1092 1063 talia
1117 1043 1262 1070 perpessus
1290 1035 1370 1064 fuerit
1384 1035 1510 1070 populus,
1530 1041 1560 1063 ut.
1573 1037 1701 1071 templum

914 1083 996 1109 etiam
1014 1081 1135 1108 dirutum
1149 1081 1240 1114 fuerit,
1256 1081 1328 1107 dicat
1356 1083 1412 1108 lucc
1439 1081 1491 1108 illis
1519 1081 1559 1109 ira
1575 1081 1622 1109 Dei
1637 1090 1703 1110 con-

915 1127 1018 1162 tigisse,
1035 1132 1145 1161 propter
1169 1134 1201 1154 ea
1216 1134 1278 1160 qum
1294 1126 1424 1154 adversus
1441 1126 1572 1154 Iacobum
1589 1127 1702 1156 fratrem

914 1173 988 1205 Jesu,
1008 1173 1053 1208 qui
1067 1173 1194 1200 Christus
1220 1172 1329 1203 dicitur.
1348 1176 1580 1206 perpetraverunt.
1596 1173 1635 1201 Ac
1651 1175 1702 1201 mi-

917 1220 1001 1247 rabile
1019 1219 1128 1254 quidem
1144 1219 1207 1245 illud
1219 1223 1270 1250 est,
1297 1226 1358 1246 cum
1383 1217 1475 1245 Jcsum
1502 1223 1624 1246 nostrum
1642 1228 1702 1248 esse

915 1265 1054 1292 Christum
1088 1272 1141 1291 non
1161 1263 1315 1296 crediderit,
1332 1271 1393 1290 eum
1423 1267 1511 1290 tainen
1542 1269 1642 1292 tantam
1657 1265 1703 1292 Ja-

917 1311 984 1338 cobo
996 1310 1128 1345 justitiam
1143 1309 1298 1336 testimonio
1309 1316 1359 1336 suo
1374 1309 1511 1336 tribuisse.
1529 1310 1597 1337 Dicit
1610 1317 1700 1338 autem

916 1356 1090 1384 existimasse
1117 1356 1197 1381 rtiam
1224 1355 1353 1389 populum
1373 1362 1402 1382 se
1427 1356 1482 1382 haec
1507 1355 1600 1383 Jacobi
1617 1365 1700 1384 causa

917 1403 1089 1430 sustinuisse.
1105 1402 1139 1428 Et
1152 1401 1235 1428 Judas
1247 1401 1394 1435 Epistulam
1420 1401 1528 1436 Scripsit
1552 1410 1701 1437 paucorum

917 1448 1026 1483 quidem
1042 1454 1181 1479 versuum,
1211 1446 1317 1481 plenam
1343 1454 1407 1473 vero
1438 1447 1591 1475 efﬁcacibus
1614 1449 1703 1476 verbis

916 1495 1009 1530 gratiae
1020 1494 1150 1526 caelestis,
1165 1494 1211 1528 qui
1226 1493 1294 1520 dixit
1308 1493 1404 1519 initio:
1421 1502 1429 1518 ι
1447 1492 1531 1520 Judas
1544 1493 1607 1521 Jesu
1623 1495 1702 1522 Chri-

917 1541 950 1568 sti
965 1549 1070 1573 servus,
1086 1540 1169 1566 frater
1193 1544 1282 1566 autem
1301 1538 1421 1566 Jacobi.)
1441 1538 1476 1566 De
1498 1539 1594 1574 Ioseph
1612 1546 1702 1568 autem

917 1591 944 1612 ct
958 1585 1070 1612 Simone
1087 1585 1154 1611 nihil
1170 1584 1300 1611 habemus
1317 1589 1499 1619 compertutm
1523 1584 1579 1613 11οε
1592 1594 1656 1613 vero
1672 1587 1681 1601 ³
1695 1596 1700 1613 :

921 1641 930 1656 ε
946 1631 978 1657 Ει
996 1638 1105 1658 sorores
1124 1631 1185 1665 ejus
1201 1638 1292 1657 nonne
1309 1637 1405 1657 omnes
1434 1631 1504 1665 apud
1531 1638 1580 1659 nos
1595 1633 1674 1659 stitit?
1691 1643 1700 1657 ι

917 1677 1023 1703 videtur
1040 1676 1106 1702 mihi
1121 1676 1174 1703 tale
1191 1675 1328 1710 quidpiam
1359 1677 1527 1710 significare:
1545 1677 1643 1705 Nostra
1658 1686 1703 1705 sa-

918 1723 1006 1757 piunt,
1023 1730 1078 1749 non
1090 1730 1121 1749 ea
1137 1730 1198 1756 qua:
1209 1726 1271 1749 sunt
1287 1721 1362 1754 Jcsu,
1376 1730 1463 1756 neque
1478 1724 1623 1758 quidquam
1639 1724 1702 1752 inu-

918 1769 1028 1795 sitatum
1041 1772 1068 1794 et
1078 1775 1177 1795 novum
1187 1768 1399 1794 habenteximize
1411 1769 1602 1803 intelligentire,
1612 1779 1704 1804 quem-

919 1814 1065 1841 admodum
1100 1814 1180 1840 habet
1209 1812 1298 1840 Jesus.
1334 1813 1485 1840 Videndum
1520 1819 1609 1842 autem
1637 1823 1702 1843 num

918 1859 989 1888 forte
1001 1860 1114 1887 dubium
1129 1859 1191 1886 inde
1202 1859 1311 1894 aliquod
1325 1859 1439 1892 oriatur,
1454 1859 1545 1887 Jesum
1564 1861 1702 1889 hominem

919 1913 972 1932 non
985 1905 1079 1937 fuisse,
1096 1905 1142 1932 sed
1161 1904 1262 1939 aliquid
1282 1905 1410 1935 divinius,
1435 1909 1464 1932 ut
1486 1905 1532 1940 qui
1559 1908 1704 1941 essetqui—

918 1951 980 1979 dem
1002 1951 1085 1983 illius,
1101 1951 1139 1977 uti
1156 1950 1360 1982 existimabant,
1379 1949 1478 1985 Joseph
1491 1955 1516 1977 et
1536 1950 1635 1982 Mariae,
1650 1953 1704 1978 tra-

920 2001 959 2023 ter
973 2003 1037 2023 vero
1049 2000 1177 2030 quatuor,
1204 1994 1375 2029 aliarumque
1398 1994 1489 2022 itidem
1518 1994 1680 2023 feminarum
1695 2005 1703 2030 ;

918 2043 985 2070 nihil
1005 2050 1069 2070 vero
1095 2043 1221 2077 cuiquam
1256 2046 1433 2076 cognatorum
1459 2041 1549 2069 simile
1578 2042 1702 2075 haberet,

919 2096 1008 2124 neque
1025 2089 1194 2116 institutione
1208 2092 1235 2115 et.
1250 2087 1403 2122 disciplina,
1429 2087 1462 2114 ad
1486 2088 1538 2115 tale
1564 2088 1705 2122 sapientia

917 2139 945 2162 et
955 2135 1064 2162 virtutis
1079 2134 1216 2169 fastigium
1227 2133 1368 2161 evasisset.
1380 2133 1484 2160 Etenim
1501 2134 1564 2160 alibi
1577 2134 1671 2161 dicunt
1682 2135 1703 2162 ιε

86 2179 230 2215 γράμματα
241 2177 296 2206 οἶδε
311 2180 348 2215 μὴ
361 2179 544 2215 μεμαθηκώςς
565 2189 574 2205 ι
603 2176 654 2206 Ὧν
676 2180 866 2216 παραπλήσιόν

945 2180 1087 2213 Quomodo
1103 2181 1147 2207 hic
1177 2180 1283 2207 litteras
1299 2179 1360 2212 scit,
1378 2187 1440 2206 cum
1459 2186 1513 2206 non
1530 2179 1675 2208 didicerit?
1691 2191 1700 2206 ι

86 2225 138 2251 ἐστι
154 2226 199 2252 καὶ
218 2226 248 2252 τὸ
274 2225 389 2252 ἐνταῦθα
415 2225 569 2260 λεγόμενον.
596 2225 668 2261 Πλὴν
691 2226 716 2252 οὶ
743 2226 867 2260 λέγοντες

85 2270 174 2303 ταῦτα,
190 2272 236 2298 καὶ
257 2272 303 2298 ἐπὶ
318 2271 443 2298 τοσοῦτον
461 2270 672 2307 ἐπαποροῦντες,
687 2272 735 2298 καὶ
748 2273 867 2308 ἔκπλησ-

88 2316 198 2352 σόμενοι,
216 2318 267 2344 οὐκ
284 2318 425 2344 ἐπίστευον
453 2317 511 2352 μὲν,
538 2326 547 2342 ι
558 2317 781 2349 ἐσκανδαλίζοντο
795 2318 824 2345 δὲ
838 2320 866 2347 ἐν

88 2362 179 2398 αὐτῴ,ι
196 2364 262 2391 ὡσεὶ
275 2364 338 2395 τοὺς
349 2363 502 2398 ὀφθαλμοὺς
516 2364 565 2399 τῆς
580 2363 697 2396 διανοίας
712 2366 865 2400 κρατούμε-

118 2423 138 2439 ⁹⁹
151 2423 215 2451 Luc.
232 2432 252 2455 ι,
266 2424 311 2452 35.

86 2458 96 2473 '
109 2456 200 2486 Matth.
218 2467 284 2491 xm,
309 2458 354 2486 57.

88 2510 126 2539 pta
140 2512 210 2538 sunt,
227 2512 292 2539 etc.,
310 2507 419 2534 noveris
431 2514 491 2534 esse
503 2507 667 2534 damnanda.
687 2517 696 2533 ι
721 2507 758 2535 De
776 2508 865 2535 Evan—

87 2540 149 2577 gelio
163 2541 232 2569 Petri
246 2542 346 2569 librum
364 2543 511 2576 scripserat
524 2542 665 2576 Serapion,
679 2543 712 2570 ad
730 2544 817 2577 ipsum
830 2544 864 2571 de

87 2576 185 2613 piorum
214 2577 341 2613 manibus
361 2578 564 2613 excutiendum.
591 2576 784 2613 Fragmentum
804 2579 864 2613 ejus

87 2610 194 2647 inseruit
215 2611 348 2638 Eusebius
378 2612 405 2647 in
431 2612 531 2638 Ilistor.
550 2610 657 2643 ear/es;
683 2613 730 2640 lib.
750 2621 785 2644 γι,
802 2610 862 2647 cap.

87 2644 126 2677 12,
143 2647 212 2682 unde
230 2647 362 2682 discimus
384 2646 468 2673 fetum
487 2647 572 2674 fuisse
583 2647 637 2673 τῶν
651 2648 776 2682 Δοκητῶν
792 2644 863 2675 istud

86 2687 160 2718 opus.
174 2680 244 2718 Vide
252 2682 315 2718 item
330 2681 521 2718 Hieronymum
538 2682 584 2718 lib:
603 2682 638 2708 De
652 2680 744 2717 script.
761 2683 864 2715 eules,

86 2715 111 2740 in
123 2715 215 2751 Petro,
231 2716 332 2744 Jacobo
347 2722 374 2743 et
389 2715 547 2751 Serapione.
564 2716 694 2744 Hunnus.

118 2749 171 2816 $15)
188 2752 316 2785 Ἀλλην.
330 2751 411 2778 Forte
428 2749 604 2779 scribendum
621 2752 698 2789 ἄλλῃ.

132 2785 170 2816 16)
183 2786 234 2812 Διὰ
252 2788 288 2814 τὰ
304 2787 347 2816 εί(-
368 2786 517 2816 Ἰάκωϐον,
534 2791 586 2814 etc.
613 2786 679 2814 Vide
697 2804 698 2807 η

132 2785 170 2819 16)
183 2786 234 2812 Διὰ
252 2788 288 2814 τὰ
304 2787 347 2819 είς
368 2786 517 2818 Ἰάκωϐον,
534 2791 586 2814 etc.
613 2785 757 2821 Vide‘quze
780 2787 864 2813 ad..o-

89 2821 199 2849 lavimus
213 2822 245 2848 ad
257 2822 302 2849 lib.
318 2830 326 2848 ι
343 2821 442 2849 Contra
454 2823 569 2856 Celsum,
583 2830 657 2850 nutu.
668 2823 710 2849 47.
725 2822 795 2849 Infra
810 2823 864 2849 Kal.

351 2425 359 2440 ’
376 2424 462 2451 Galat.
489 2432 509 2456 ι,
527 2424 570 2452 l9.
608 2426 618 2440 ¹
646 2425 663 2452 1.
690 2433 736 2458 xx,
753 2425 976 2461 Antiq.Judaic.,
1004 2434 1063 2460 cap.
1081 2425 1107 2452 8.

921 2226 1026 2259 Quibus
1039 2230 1171 2254 consonat
1184 2226 1256 2260 quod
1270 2226 1314 2252 hic
1326 2226 1434 2252 dicitur.
1452 2225 1645 2254 Verumtamen
1657 2229 1704 2261 qui

921 2279 953 2299 ea
970 2271 1106 2303 dicebant,
1132 2276 1159 2298 et
1186 2272 1253 2298 adeo
1282 2271 1378 2298 incerti
1409 2275 1436 2298 et
1461 2271 1543 2308 464
1560 2272 1704 2307 stupefacti

920 2322 1006 2348 erant.
1021 2325 1075 2344 non
1090 2317 1237 2344 credebant
1252 2317 1372 2352 quidem,
1396 2327 1404 2342 ε
1421 2317 1466 2344 sed
1480 2318 1705 2346 scandalizaban-

921 2369 964 2392 tur
977 2365 1004 2392 in
1019 2372 1052 2392 eo
1063 2365 1098 2397 “,z
1114 2368 1207 2399 utpote
1224 2372 1339 2399 quorum
1353 2364 1452 2391 mentis
1467 2364 1560 2392 oculos
1578 2369 1706 2400 urgerent

1147 2426 1156 2441 ³
1176 2425 1270 2452 Matth.
1292 2433 1354 2457 xui,
1378 2424 1422 2452 56.
1462 2425 1473 2439 δ
1489 2423 1567 2452 Joan.
1594 2433 1641 2456 vn,
1658 2426 1704 2454 15.

917 2510 948 2536 τὸ
962 2509 1133 2545 θαυμαστόν,
1144 2508 1227 2536 Forte
1244 2507 1417 2545 scribendum
1435 2507 1523 2535 καίτοι
1539 2509 1704 2544 θαυμαστόν,

918 2545 959 2572 vel
972 2546 1017 2571 καὶ
1031 2545 1109 2571 τοῦτο
1125 2544 1288 2578 θαυμαστόν.

955 2580 1011 2615 (t7)
1029 2580 1084 2606 Τὸν
1104 2577 1225 2612 Ἰησοῦν
1239 2578 1376 2615 ἡμῶνγοὺ
1393 2577 1641 2615 κατιιδεξᾴμενος,
1652 2583 1704 2615 etc.

918 2613 1018 2642 Eadem
1039 2615 1096 2641 lucc
1125 2614 1182 2648 ipse
1199 2614 1352 2648 repetitlib.
1371 2622 1378 2640 ι
1402 2613 1501 2640 Contra
1524 2613 1605 2648 (ἐειίθ.⁷
1635 2614 1706 2640 unde

918 2650 1077 2684 repudiandi
1098 2649 1195 2676 nobilis
1211 2649 1284 2675 illius
1302 2653 1328 2675 et
1343 2649 1475 2684 luculentir
1490 2648 1523 2674 de
1539 2647 1648 2675 Christo
1664 2653 1705 2675 te-

919 2683 1049 2716 stimonii,
1068 2684 1140 2718 quod
1171 2688 1259 2710 exstat
1292 2684 1362 2717 apud
1387 2683 1534 2717 Josrphum
1568 2683 1612 2710 lib.
1641 2690 1706 2710 xvut

918 2721 1021 2754 Antiq.,
1036 2727 1095 2752 cap.
1112 2718 1138 2749 4,
1151 2723 1342 2754 argumentum
1370 2723 1547 2754 sumpserunt
1569 2718 1703 2750 nomtulli,

918 2759 945 2781 cl
959 2752 1023 2781 illuc
1037 2754 1078 2787 pia
1096 2753 1203 2786 quidem
1222 2752 1325 2781 fraude.
1340 2754 1387 2779 sed
1402 2753 1497 2778 l'i‘a‘utie
1516 2758 1604 2780 tamen
1621 2753 1705 2781 fuisse

920 2789 1055 2816 intrusutn
1073 2787 1280 2815 contenderunt.
1299 2787 1336 2814 De
1353 2795 1385 2814 eo
1403 2795 1451 2814 nos
1470 2788 1546 2815 alias.
