1880 3045
192 98 246 124 Ῡῖῐ)

938 88 1097 117 ORIGEMS

1792 89 1840 114 επ»

202 159 399 190 :toecuparent
417 156 573 189 potestates,
602 150 635 178 de
662 150 762 185 quibus
780 153 899 183 tempore
925 153 985 181 pas-

1055 153 1079 171 οι
1094 144 1147 171 ὑπὸ
1161 143 1314 180 δυνάμεων,
1331 143 1363 176 ἃς
1375 143 1486 179 ἔμελλεν
1508 144 1536 170 ἐν
1551 143 1594 178 τῷ
1611 143 1706 179 καιρῷ
1719 143 1770 170 τοῦ
1792 146 1839 171 πά-

198 202 283 232 tionis
293 209 350 230 suze
362 201 388 228 in
406 201 479 234 ligno
492 203 550 226 erat
567 197 796 231 triumphaturus.

237 248 282 276 48.
303 257 313 273 ί
328 247 408 275 Iesus
422 250 511 273 autem
532 243 601 271 dixit
615 242 674 270 eis:
703 240 763 267 Non
789 244 830 267 est
855 241 985 274 propheta

197 297 258 324 sine
285 296 399 324 honore.
424 292 477 319 nisi
503 291 529 317 in
558 289 642 324 patria
668 295 717 314 sua
748 287 784 312 θ.)
805 285 985 318 Qua‘rcndum

199 348 290 371 utrum
308 342 333 369 id
347 340 419 374 quod
431 338 540 368 dicitur,
571 335 696 362 universe
712 334 738 359 in
762 331 911 367 quemlibet
923 337 986 364 pro-

197 390 306 423 phetam
321 387 435 413 relatum
465 381 587 410 eamdem
615 383 776 415 potestatem
795 385 827 404 ac
847 377 987 411 signiliea-

199 421 298 462 tionem
316 431 426 460 habeat.
443 427 522 463 quasi
536 425 725 460 unusquisque
740 423 870 458 propheta
887 421 913 448 in
936 427 984 447 sua

198 481 285 507 solum
303 477 388 512 patria
409 475 445 501 sit
475 473 667 506 inhonoratus,
679 478 740 497 cum
759 477 813 495 non
829 467 919 495 omnis
938 466 983 500 qui

196 531 237 554 cst
266 525 463 552 inhonoratus,
489 519 515 546 in
541 518 628 553 patria
657 516 837 543 inlioncratus
861 514 914 546 sit;
944 512 984 539 vel

197 577 287 600 utrum
302 570 334 596 de
352 575 406 594 uno
423 567 473 593 hoc
486 565 589 592 dictum
605 564 649 596 sit,
673 569 735 589 cum
750 560 926 596 singulariter
943 559 985 585 di-

195 622 282 643 catur.
301 614 329 641 Si
344 613 427 648 igitur
444 611 477 638 de
495 617 548 636 uno
564 609 620 636 hinc
638 608 785 643 .dieuutur,
803 605 940 633 sulliciunt
952 612 984 632 ea

195 670 255 697 quae
269 661 340 687 dicta
366 662 440 687 sunt.
459 665 521 683 eum
550 663 600 682 nos
616 654 650 682 ad
680 653 851 680 Servatorem
867 651 892 678 id
912 651 984 686 quod

194 696 328 741 scriptum
347 709 389 732 est
412 704 583 733 referamus;
607 701 649 728 sin
673 703 764 726 autem
790 698 915 725 universe
942 696 985 723 di-

190 760 267 785 ctum
280 757 332 785 est,
347 760 380 779 ex
398 750 514 778 historia
529 749 614 783 liquet
636 754 730 774 verum
762 753 816 772 non
835 752 913 777 esse;
929 750 983 770 non

194 799 267 825 enim
287 797 359 824 Elias
372 797 400 823 in
429 794 556 822 'l‘hesbon
584 791 687 820 Galaad
714 790 766 817 fuit
791 790 981 820 inhenoratus,

1044 190 1106 222 θους
1124 189 1301 225 θριαμϐεύειν
1317 191 1345 215 ἐν
1361 189 1400 224 τῷ
1415 189 1495 224 ξύλῳ.
1636 221 1642 223 _

1080 246 1088 261 ι
1111 237 1140 263 ’0
1154 236 1182 263 δὲ
1203 236 1307 272 Ἰησοῦς
1322 234 1397 262 εἶπεν
1412 237 1513 268 αὐτοῖς·
1535 236 1594 262 Οὐκ
1612 235 1672 262 ἔστι
1693 236 1839 272 προφήτης

1037 282 1132 318 ἄτιμος
1147 283 1170 308 εἰ
1202 282 1239 318 μὴ
1263 283 1291 308 ὲν
1308 283 1341 317 τῇ
1373 282 1483 317 πατρίδι
1502 281 1613 308 αὑτοῦ.»
1637 282 1782 317 Ζητητέον
1796 285 1838 309 πέ-

1037 335 1115 361 τερον
1134 326 1285 358 καθολικῶς
1309 326 1365 353 ἴσον
1385 326 1496 353 δύναται
1511 327 1557 353 ἐπὶ
1573 327 1666 354 πάντα
1693 329 1837 364 προφήτην

1037 372 1239 407 ἀναφερόμενον
1255 371 1286 397 τὸ
1302 371 1459 406 λεγόμενον,
1476 372 1513 404 ὡς
1528 373 1646 399 ἑκάστου
1663 373 1722 400 τῶν
1738 382 1838 409 προςη-

1036 416 1090 443 τῶν
1110 418 1139 443 ἐν
1154 419 1187 453 τῇ
1206 418 1257 453 [δίᾳ
1270 418 1378 453 πατρίδι
1393 419 1576 454 ἀτιμωθέντας
1595 421 1675 459 μόνῃ,
1693 422 1725 459 οὗ
1740 423 1837 452 πεντὰς

1035 466 1082 492 τοῦ
1104 466 1288 501 ἀτιμωθέντος
1304 467 1332 493 ἐν
1346 468 1379 502 τῇ
1404 468 1513 503 πατρίδι
1539 469 1741 504 ἁτιμωθέντος·
1764 470 1781 505 ἢ
1798 470 1838 495 διὰ.

1035 511 1066 538 τὸ
1079 512 1176 543 ἑνικῶς
1196 512 1333 547 εἰρῆσθαι,
1359 513 1423 548 περὶ
1443 514 1503 545 ἐνὸς
1528 514 1615 541 ταῦτα
1636 514 1780 542 λέλεκται.
1808 516 1837 542 ΕΞ

1037 559 1087 593 μὲν
1101 557 1147 585 οὖν
1171 559 1235 594 περὶ
1260 559 1318 590 ἐνὸς
1337 559 1424 586 ταῦτα
1449 559 1568 594 λέγεται,
1597 561 1681 597 ἀρκεῖ
1701 562 1739 588 τὰ
1764 563 1836 597 εἰρη-

1037 604 1115 639 μένα,
1146 604 1334 640 ἀναφερόντων
1364 605 1442 640 ἡμῶν
1469 606 1499 632 τὸ
1515 608 1715 642 γεγραμμένον
1731 609 1775 640 είς
1794 609 1836 635 τὸν

1035 650 1160 685 Σωτῆρα·
1175 652 1199 677 εἰ
1216 650 1244 676 δὲ
1265 650 1408 678 καθολικόν
1435 652 1518 684 ἐστιν,
1533 653 1588 680 ἀπὸ
1606 654 1659 688 μὲν
1681 654 1736 689 τῆς
1768 655 1836 680 ἱστο-

1038 696 1099 731 ρίας
1120 697 1170 722 οὐκ
1190 696 1298 731 ἀληθές·
1322 695 1384 722 οὔτε
1402 696 1456 733 γὰρ
1476 697 1570 729 Ἠλίας
1599 699 1628 724 ἐν
1656 698 1776 725 Geo-661v
1790 700 1836 734 τῆς

1035 742 1141 769 Γαλαὰδ
1152 742 1291 778 ἠτιμώθη,
1309 742 1371 769 οὔτε
1391 742 1544 775 Ἐλισσαῖος
1568 744 1598 771 ἐν
1628 744 1834 779 Ἔδειλμειουλᾶ⁷

1035 788 1097 816 οὕτε
1113 790 1126 815 ὁ
1143 789 1270 824 Σαμουὴλ
1298 789 1326 815 ἐν
1361 789 1529 824 ’Δρμαθαῒμ,
1558 789 1615 816 οὗθ’
1649 791 1791 826 Ἱερεμίας
1810 792 1835 817 ἑν

449 821 620 871 Ebalmaula,
639 844 728 872 neque
754 835 865 862 Samuel
888 835 914 861 in
932 833 983 860 Ar-

1052 835 1169 863 Αναθώθ·
1184 821 1449 871 ἰτροπολογούμενον
1475 821 1516 868 δέ,
1548 836 1596 862 καὶ
1619 821 1694 863 πάνύ
1723 821 1833 873 lutei;

195 889 340 920 mathaim,
361 894 449 922 neque
462 885 594 913 Jeremias
618 885 644 911 in
659 883 808 911 Anathoth.
828 882 880 909 Per
893 886 984 916 tropo-

196 933 296 968 logiam
311 936 401 958 autem
415 930 590 964 explicatum,
615 928 728 955 omnino
743 935 837 955 verum
853 931 895 954 est
909 935 915 954 :
932 925 983 953 Ju-

196 979 282 1011 daeum
299 976 370 1010 enim
389 982 484 1010 eorum
500 982 559 1001 esse
579 974 694 1008 patriam
709 973 859 1008 putandum
879 976 930 1004 est,
957 976 984 999 et

195 1026 326 1058 cognatos
342 1020 475 1048 .lsraelem
504 1019 586 1052 hunc,
608 1019 720 1046 domum
745 1023 836 1046 autem
868 1017 983 1045 fortasse

195 1075 312 1102 corpus;
338 1074 434 1094 omnes
458 1065 529 1093 enim
562 1065 588 1091 in
618 1064 712 1091 Judzea
732 1064 865 1092 dedecore
891 1063 981 1091 allecti

194 1114 303 1141 suntab
315 1113 412 1140 Israelc
424 1112 575 1139 secundum
600 1119 722 1143 carnem,
749 1119 811 1138 cum
829 1110 920 1138 adhuc
936 1118 982 1138 es-

195 1166 255 1188 sent
274 1159 300 1186 in
331 1166 463 1193 corpore:
493 1157 723 1192 quemadmodum
748 1157 880 1191 scriptum
897 1161 938 1184 est
954 1157 981 1184 in

194 1206 269 1233 Actis
296 1205 493 1240 apostolorum,
521 1203 546 1230 id
575 1203 649 1237 quod
680 1203 773 1238 populi
802 1202 982 1237 redarguendi

194 1258 277 1279 causa
305 1250 441 1277 dicitur":
474 1258 482 1274 ‹
499 1248 585 1281 Quem
612 1249 806 1282 prophetarum
836 1255 889 1275 non
919 1251 983 1275 sunt

195 1294 329 1330 persecuti
345 1293 540 1328 patresvestri.
564 1300 611 1319 eos
638 1292 686 1326 qui
711 1292 929 1327 przenuntiabant
950 1293 983 1320 de

195 1340 312 1367 adventu
341 1339 455 1366 Justi?»
483 1338 588 1365 Similia
619 1338 690 1365 dicta
722 1342 786 1364 sunt.
810 1346 826 1364 a
853 1337 937 1365 Paulo
954 1339 982 1366 in

194 1387 279 1421 prium
297 1386 328 1412 ad
341 1384 601 1412 'l‘bessalonieenses
617 1384 648 1411 δε
665 1393 674 1408 ι
694 1383 749 1411 Vos
775 1388 866 1411 autem
890 1385 982 1412 imita-

194 1437 267 1459 tores
287 1425 348 1457 l'aeti
360 1430 436 1461 estis,
452 1429 560 1461 fratres,
576 1429 759 1456 Ecclesiarum
774 1429 830 1462 Dei,
846 1437 906 1464 qua:
919 1435 983 1457 sunt.

194 1479 221 1504 in
239 1477 342 1508 Judaea,
360 1477 386 1502 in
401 1475 512 1502 Christo
526 1474 590 1502 Jesu
605 1484 610 1501 :
629 1474 692 1509 quia
710 1475 804 1502 eadem
822 1476 896 1510 passi
915 1476 982 1503 estis

192 1528 221 1550 et
237 1530 286 1550 vos
299 1530 314 1550 a
330 1521 529 1549 contribulibus
554 1520 662 1552 vestris,
679 1521 750 1548 sicut
774 1525 802 1548 et
830 1521 880 1556 ipsi
900 1529 915 1548 a
934 1520 983 1548 Ju—

193 1569 258 1597 daeis
272 1577 278 1595 ι
292 1568 338 1603 qui
350 1572 383 1596 ,ει
395 1566 710 1596 Dominumoceiderunt
721 1565 816 1601 Jesum
829 1571 856 1602 et
868 1567 983 1602 prophe-

200 1620 253 1647 tas,
270 1619 297 1641 et
321 1621 371 1641 nos
392 1613 527 1648 persecuti
541 1617 614 1644 sunt,
637 1617 663 1640 et
680 1612 734 1639 Deo
751 1620 803 1639 non
819 1613 935 1648 placent,
957 1617 984 1640 et

194 1660 322 1687 omnibus
333 1659 491 1687 hominibus
513 1659 720 1686 adversantur.»
747 1658 807 1685 Non
830 1661 873 1686 est
899 1659 984 1694 igitur

195 1706 325 1741 propheta
338 1706 521 1735 inhonoratus
543 1705 612 1731 inter
625 1709 735 1740 gentes;
762 1709 809 1731 aut
834 1704 905 1732 enim
921 1711 982 1732 om-

195 1753 260 1780 nino
273 1759 334 1779 eum
356 1759 411 1778 non
429 1755 541 1784 norunt,
565 1750 607 1778 vel
634 1756 780 1785 postquam
810 1754 983 1778 noveruntet

192 1803 370 1834 susceperunt
389 1798 560 1833 prophetam,
582 1798 683 1825 colunt.
699 1797 779 1825 Tales
795 1800 858 1825 sunt
878 1801 982 1830 autem,

193 1845 239 1880 qui
256 1849 320 1872 sunt
345 1851 378 1871 ex
408 1843 540 1871 Ecclesia.
571 1842 774 1870 Dedecorautur
806 1847 895 1870 autem
919 1849 983 1877 pro-

193 1890 289 1923 phetae.
307 1889 427 1924 primum
442 1887 551 1923 quidem
577 1895 651 1921 cum,
667 1887 745 1923 juxta
767 1888 921 1921 historiam,
935 1895 982 1915 eos

194 1938 342 1962 insectatur
357 1934 494 1969 populus;
521 1933 642 1960 secundo
658 1938 760 1964 autem,
779 1941 847 1964 eum
864 1933 982 1968 prophe-

194 1979 236 2005 tia:
246 1986 339 2006 eorum
349 1978 429 2005 lidem
442 1977 559 2012 populus
573 1985 628 2004 non
642 1977 762 2004 adhibet.
772 1976 800 2004 Si
811 1977 883 2004 enim
896 1977 981 2012 Moysi

192 2029 219 2051 et
232 2024 373 2059 prophetis
389 2024 603 2055 credidissent",
619 2024 797 2051 credidissent
825 2027 851 2050 et
871 2023 981 2050 Christo

192 2069 300 2096 docenti
326 2069 528 2096 consectarium
554 2076 614 2096 esse
646 2068 818 2096 credentibus
851 2068 935 2103 Moysi
955 2072 982 2095 et

193 2115 342 2149 prophetis,
354 2115 465 2141 credere
479 2119 505 2141 et
526 2114 648 2147 Christo;
677 2118 704 2141 et
728 2122 782 2141 non
807 2115 980 2142 credentibus

1025 1524 1252 1556 ἀποκτεινάντων
1283 1525 1387 1561 Ἰησοῦν
1417 1526 1463 1551 καὶ
1490 1526 1554 1557 τοὺς
1585 1527 1752 1562 προφήτας,

1033 881 1094 917 Χρὴ
1111 881 1165 916 γὰρ
1180 881 1298 917 πατρίδα
1314 881 1435 916 νομίζειν
1448 881 1538 908 αὐτῶν
1553 882 1603 917 τὴν
1626 882 1777 915 Ἰουδαίαν,
1792 885 1834 911 καὶ

1034 929 1177 961 συγγενεῖς
1198 927 1244 953 τὸν
1274 928 1384 963 Ἰσραὴλ
1410 929 1526 960 ἐκεῖνον,
1551 928 1642 955 οίκίαν
1669 929 1700 955 δὲ
1720 930 1834 965 τάχατὸ

1034 973 1124 1008 σῶμα
1141 972 1319 1008 ἡτιμώθησαν
1345 974 1400 1009 γὰρ
1417 973 1517 1005 πάντες
1541 974 1571 1000 ἐν
1586 975 1619 1010 τῇ
1649 975 1772 1012 Ἰουδαία
1785 976 1833 1003 ὑπὸ

1033 1019 1080 1046 τοῦ
1093 1019 1164 1046 κατὰ
1178 1019 1268 1055 σάρκα
1296 1019 1414 1056 Ἰσραὴλ,
1445 1019 1485 1047 ἔτι
1504 1020 1581 1051 ὄντες
1597 1022 1627 1047 ὲν
1642 1021 1683 1056 τῷ
1715 1022 1832 1057 σώματι,

1033 1066 1071 1097 ὡς
1087 1066 1116 1092 ὲν
1137 1066 1197 1097 ταῖς
1220 1065 1274 1093 τῶν
1296 1065 1453 1093 ἀποστόλων
1481 1066 1600 1102 Πράξεσι
1623 1067 1787 1104 γέγρατπιυ.
1806 1070 1833 1095 ὲν

1033 1111 1144 1147 ἐλεγμῷ
1157 1111 1302 1146 λεγόμενον
1321 1111 1389 1148 πρὸς
1414 1112 1460 1138 τὸν
1486 1112 1560 1139 λαόν·
1591 1122 1601 1139 ‹
1613 1113 1684 1140 Τίνα
1707 1114 1766 1150 γὰρ
1781 1115 1833 1141 τῶν

1034 1157 1182 1193 προφητῶν
1193 1158 1242 1184 οὐκ
1253 1157 1366 1190 ἐδίωξαν
1386 1158 1411 1184 οἱ
1428 1158 1544 1193 πατέρες
1561 1159 1651 1194 ὑμῶν,
1679 1161 1750 1192 τοὺς
1771 1169 1833 1196 προ-

1033 1203 1267 1238 καταγγείλαντας
1290 1203 1354 1239 περὶ
1379 1204 1427 1239 τῆς
1451 1204 1584 1236 ἐλεύσεως
1601 1205 1650 1231 τοῦ
1673 1206 1802 1238 Δικαίου;
1819 1215 1830 1232 ι

1034 1248 1115 1283 Παρὰ
1126 1248 1155 1274 δὲ
1169 1248 1208 1283 τῷ
1225 1247 1325 1283 Παύλῳ
1338 1249 1368 1275 ὲν
1388 1249 1421 1284 τῇ
1446 1249 1514 1284 πρὸς
1543 1249 1757 1282 Θεσσαλονικεῖς
1770 1259 1832 1287 προ-

1033 1294 1101 1330 τέρᾳ
1116 1294 1150 1321 τὰ.
1160 1295 1241 1330 ὃμοια
1255 1294 1388 1321 λέλεκται·
1408 1304 1417 1320 ι
1443 1295 1575 1330 ’Υμεῖςδὲ
1592 1297 1716 1332 μιμηταὶ
1740 1298 1833 1332 ἐγενή-

1034 1339 1108 1375 Θητε,
1122 1339 1240 1374 ἀδελφοὶ,
1255 1339 1312 1366 τῶν
1338 1339 1506 1376 Ἑκκλησιῶν
1523 1340 1569 1366 τοῦ
1589 1340 1658 1367 Θεοῦ
1674 1341 1731 1368 τῶν
1744 1342 1830 1369 οὐσῶν

1032 1387 1062 1412 ἐν
1078 1388 1111 1422 τῇ
1131 1387 1255 1422 Ἰουδαία,
1270 1387 1299 1413 ὲν
1310 1386 1422 1422 Χριστῷ
1449 1386 1546 1423 Ἰησοῦ·
1565 1388 1605 1414 ὅτι
1619 1387 1654 1414 τὰ
1669 1389 1742 1415 αὐτὰ
1766 1389 1831 1415 ἐπεὶ·

1033 1432 1094 1459 θετε
1106 1433 1154 1459 καὶ
1170 1433 1249 1468 ὑμεῖς
1278 1432 1330 1459 ὑπὸ
1355 1432 1408 1460 τῶν
1428 1432 1500 1460 ἰδίων
1531 1433 1723 1468 συμφυλετῶν,
1742 1434 1831 1465 καθὼς

1034 1478 1081 1505 καὶ
1094 1479 1172 1505 αὐτοὶ
1189 1479 1241 1505 ὑπὸ
1255 1478 1316 1517 τῶν
1333 1479 1478 1510 Ἰουδαίων,
1511 1480 1565 1506 τῶν
1586 1480 1634 1506 καὶ
1655 1480 1702 1506 τὸν
1728 1481 1830 1516 Κύριον

1785 1527 1830 1554 καὶ

1034 1572 1106 1606 ἡμᾶς
1136 1571 1334 1604 ἐκδιωξάντων,
1360 1571 1408 1598 καὶ⁹
1431 1572 1490 1607 Θεῷ
1516 1572 1553 1608 μὴ
1581 1573 1768 1608 ἀρεσκόντων,
1784 1574 1831 1600 καὶ

1034 1618 1117 1644 πᾶσιν
1134 1617 1287 1653 ἀνθρώποις
1310 1618 1466 1645 ἐναντίων.)
1485 1619 1541 1645 Οὐκ
1558 1618 1632 1645 ἐστιν
1659 1617 1706 1646 οὖν
1723 1621 1830 1655 προφή-

1032 1673 1082 1699 της
1095 1664 1192 1699 ἄτιμος
1206 1665 1234 1690 ὲν
1255 1665 1312 1696 τοῖς
1330 1664 1447 1691 ἔθνεσιν·
1462 1665 1479 1699 ἢ
1497 1664 1552 1700 γὰρ
1567 1664 1622 1691 οὐδ’
1638 1663 1708 1697 ὅλως
1723 1665 1829 1692 οἴδασιν

1034 1710 1125 1741 αὺτὺν,
1139 1710 1155 1746 ἢ
1173 1710 1305 1745 μαθόντες
1319 1710 1366 1737 καὶ
1380 1710 1595 1746 παραδεξάμενοι
1623 1711 1705 1737 αὑτὸν
1719 1712 1829 1746 προφή-

1033 1763 1092 1789 την,
1109 1754 1220 1790 τιμῶσι.
1241 1754 1363 1782 Τοιοῦτοι
1379 1755 1407 1781 δὲ
1428 1755 1453 1782 οἱ
1479 1755 1533 1782 ἀπὸ
1552 1755 1727 1791 Ἐκκλησίας.
1756 1757 1828 1782 Ἀτι-

1038 1801 1168 1836 μάζονται
1189 1800 1219 1827 δὲ
1231 1801 1255 1827 ot
1280 1801 1427 1836 προφῆται,
1453 1800 1561 1836 πρῶτον
1589 1802 1640 1836 μὲν
1665 1801 1829 1836 διωχθέντες

1033 1848 1103 1874 κατὰ
1120 1847 1239 1883 ἱστορίαν
1256 1847 1308 1874 ὑπὸ
1318 1847 1363 1874 τοῦ
1376 1847 1450 1874 λαοῦ·
1463 1847 1587 1882 δεύτερον
1599 1847 1637 1879 δὲ,
1648 1848 1685 1882 μὴ
1699 1856 1829 1874 πιστεύοι

1036 1894 1121 1929 μένης
1138 1894 1228 1920 αὐτῶν
1240 1893 1291 1928 τῆς
1308 1893 1477 1929 προφητείας
1493 1893 1545 1919 ὑπὸ
1563 1893 1610 1919 τοῦ
1631 1893 1707 1919 λαοῦ.
1725 1894 1759 1920 El
1774 1894 1828 1929 γὰρ

1032 1939 1172 1965 ἐπίστευον
1188 1939 1299 1966 Μωῦσεί
1309 1939 1356 1965 καὶ
1370 1939 1534 1974 προφήταις,
1555 1939 1696 1966 ἐπίστευον
1711 1939 1746 1966 ἂν
1760 1941 1829 1976 Χρι-

1034 1983 1099 2019 στῷ,
1115 1983 1154 2019 τῷ
1167 1985 1434 2019 παραστήσαντι,ὃτι
1446 1983 1588 2010 ἀκολουθεῖ
1599 1985 1657 2016 τοῖς
1667 1984 1828 2012 πιστεύουσι

1032 2030 1136 2065 Μωῡσῇ
1155 2031 1202 2056 καὶ
1217 2030 1374 2066 προφήταις
1399 2029 1538 2056 πιστεύειν
1551 2030 1678 2065 Χριστῷ,
1707 2031 1757 2057 καὶ
1773 2032 1827 2062 τοῖς

1034 2076 1070 2111 μὴ
1088 2075 1245 2103 πιστεύωσι
1259 2076 1368 2112 Χριστῷ
1380 2076 1409 2102 τὸ
1422 2076 1458 2112 μὴ
1472 2076 1609 2103 πιστεύειν
1621 2077 1746 2103 Μωῡσεῖ.
1767 2077 1827 2102 Ἕτι

1031 2121 1059 2147 δὲ
1071 2120 1166 2156 ὥσπερ
1190 2121 1234 2148 διὰ
1259 2121 1310 2156 τῆς
1329 2121 1511 2156 παραϐάσεως
1526 2121 1573 2148 τοῦ
1591 2121 1674 2156 νόμου
1697 2121 1743 2147 τὸν
1761 2121 1827 2147 Θεὸν

193 2159 315 2190 Christo,
331 2158 415 2194 Moysi
428 2166 480 2185 non
493 2159 613 2186 credere.
628 2158 759 2186 Pratterea
776 2163 877 2190 autem,
887 2165 982 2194 quem-

1053 2167 1178 2202 τιμάζειν
1193 2168 1207 2194 ὸ
1222 2167 1386 2202 ἁμαρτάνων
1409 2166 1529 2201 λέγεται,
1555 2166 1627 2194 οὓτω
1649 2166 1702 2193 διὰ-
1720 2166 1770 2192 τοῦ
1791 2167 1826 2201 μὴ

193 2205 338 2231 admodum
370 2212 416 2239 per
441 2205 686 2239 transgressionem
710 2205 777 2240 legis
799 2206 845 2241 qui
870 2212 980 2241 peccat,

195 2254 249 2280 Deo
267 2254 367 2280 dicitur
379 2253 498 2281 dedecus
511 2253 627 2286 inferre;
649 2254 685 2280 ita
708 2261 760 2280 non
782 2254 918 2282 credendo
947 2255 981 2282 iis

193 2308 252 2335 qua!
267 2300 463 2335 prmdicuntur,
497 2299 647 2334 ignominia
662 2299 778 2326 allicitur
800 2301 931 2334 propheta
947 2301 981 2328 ab

191 2354 224 2373 eo
243 2346 290 2382 qui
305 2346 454 2381 prophetiis
483 2346 563 2372 (idem
584 2353 637 2372 non
655 2345 774 2372 adhibet.
800 2345 871 2373 Utile
887 2350 978 2373 autem

190 2390 359 2424 lueritjuxta
371 2389 512 2416 historiam
528 2388 630 2416 referre
646 2397 707 2424 qua:
721 2390 746 2416 in
763 2390 863 2425 populo
882 2398 980 2425 passus

191 2440 233 2463 est
246 2435 392 2467 .leremias.
409 2435 442 2462 de
458 2435 558 2469 quibus
574 2435 643 2462 dixit
659 2435 680 2451 ¹⁰
700 2444 706 2461 :
731 2444 739 2460 ι
756 2435 788 2462 Ει
817 2435 882 2468 dixi,
897 2431 978 2471 λεδ

192 2481 250 2508 Non
277 2481 384 2515 loquar,
403 2488 492 2515 neque
518 2481 668 2507 nominabo
695 2488 794 2508 nomen
823 2481 946 2514 Domini;
967 2491 976 2507 )

191 2533 216 2554 et
229 2534 326 2554 rursus
348 2526 411 2553 alibi
430 2535 436 2552 :
460 2525 615 2560 «Perpetuo
636 2526 822 2554 subsannalus
846 2534 905 2554 sum
926 2527 974 2553 “.n

190 2570 365 2605 Qumennque
376 2570 560 2605 verojubente
574 2578 636 2604 rege
651 2570 759 2598 lsraelis
772 2576 835 2598 tunc
848 2573 978 2606 temporis

193 2621 320 2652 regnante
335 2624 432 2651 passus
443 2621 494 2649 est,
510 2616 537 2642 in
552 2616 611 2650 ejus
625 2617 764 2651 prophetia
783 2618 885 2651 scripta
902 2623 976 2644 sunt.

193 2661 342 2690 Nonnullos
369 2663 450 2690 etiam
478 2669 492 2689 e
512 2662 613 2697 populo
637 2661 670 2689 ad
696 2662 817 2698 Moysem
845 2663 979 2697 lapidibus

192 2708 359 2736 obruendum
378 2717 449 2743 saepe
463 2709 622 2741 accessisse,
636 2709 662 2736 id
677 2709 758 2736 etiam
775 2709 907 2744 scriptum
925 2714 978 2741 est;

227 2799 236 2813 '
251 2797 343 2826 Matth.
364 2800 472 2834 xm,l7.
509 2801 519 2817 '
535 2801 595 2828 Act.
624 2808 671 2833 vn,
689 2801 735 2828 52.
764 2801 775 2817 "
789 2801 799 2828 Ι
814 2800 938 2829 Thcssal.
956 2810 986 2833 ιι,
1003 2803 1043 2836 Η,
1065 2803 1107 2829 lii.
1146 2804 1156 2819 '
1170 2803 1249 2831 Joan.
1270 2812 1297 2837 ν,
1309 2804 1354 2832 46.
1393 2804 1416 2820 ’⁸
1431 2803 1531 2832 Jerem.
1549 2813 1596 2838 xx,
1611 2805 1639 2833 9.

1035 2213 1173 2240 πιστεύειν
1202 2213 1241 2248 τῷ
1265 2212 1495 2248 προφητευομένῳ
1517 2212 1678 2248 ὰτιμάζεται
1703 2212 1759 2239 ὑπὸ
1781 2212 1826 2238 τοῦ

1035 2258 1213 2290 ἀπιστοῦντος
1229 2260 1288 2290 ταῖς
1309 2259 1489 2294 προφητείαις
1502 2260 1517 2285 ὁ
1527 2260 1680 2294 προφήτης.
1695 2259 1827 2294 Χρήσιμα

1009 2319 1012 2323 ι
1034 2304 1062 2330 δὲ
1079 2304 1117 2336 ὡς
1139 2305 1207 2340 πρὸς
1226 2305 1275 2339 τὴν
1300 2305 1422 2340 ἱστορίαν
1446 2305 1627 2338 ἀναλέξασθαι
1651 2305 1669 2331 ἃ
1690 2304 1826 2331 πέπονθεν

1040 2350 1174 2386 Ἱερεμίας
1200 2351 1229 2377 ἐν
1252 2351 1290 2386 τῷ
1315 2351 1381 2386 λαῷ,
1398 2351 1441 2385 ἐφ’
1453 2348 1494 2382 οἷς
1514 2349 1583 2377 εἶπε·
1603 2359 1613 2376 ε
1626 2351 1681 2377 Καὶ
1695 2348 1772 2377 εἶπα·
1789 2351 1826 2376 Ού

1035 2396 1072 2432 μὴ
1084 2396 1205 2431 λαλήσω,
1233 2396 1294 2422 οὐδὲ
1315 2396 1351 2432 μὴ
1368 2396 1493 2431 ὀνομάσω
1515 2396 1545 2422 τὺ
1572 2396 1658 2431 ὄνομα
1683 2396 1800 2431 Κυρίου·
1814 2404 1824 2422 ι

1033 2439 1080 2465 καὶ
1100 2439 1181 2465 πάλιν
1205 2439 1332 2474 ἀλλαχοῦ·
1360 2439 1525 2467 «Διετέλεσα
1559 2440 1823 2475 μυκτηριζόμενος.»

1034 2484 1104 2511 Ὅσα
1120 2483 1149 2510 δὲ
1163 2485 1209 2510 καὶ
1221 2485 1273 2511 ὑπὸ
1286 2483 1332 2511 τοῦ
1345 2485 1406 2511 τότε
1421 2485 1553 2520 βασιλέως
1571 2485 1619 2512 τοῦ
1648 2486 1759 2522 Ἰσραὴλ
1774 2487 1824 2513 πέ-

1033 2529 1140 2561 πονθεν,
1161 2531 1190 2556 ἑν
1204 2531 1236 2565 τῇ
1260 2530 1413 2566 προφητείᾳ
1428 2531 1510 2557 αὑτοῦ
1529 2532 1748 2567 ἀναγέγραπται.
1771 2532 1824 2559 Καὶ

1032 2576 1152 2603 Μωῡσέα
1167 2576 1195 2602 δὲ
1207 2576 1246 2602 ὅτι
1269 2575 1349 2612 ἦλθον
1371 2576 1500 2609 πολλάκις
1516 2577 1691 2605 λιθόλευστον
1711 2577 1823 2613 ποιῆσαι

1032 2622 1056 2647 οἱ
1074 2621 1128 2648 ἀπὸ
1141 2621 1187 2648 τοῦ
1202 2621 1278 2653 λαοῦ,
1295 2623 1343 2649 καὶ
1355 2623 1434 2660 τούτο
1452 2623 1608 2659 γέγραπται
1617 2632 1624 2639 '
1638 2625 1688 2651 καὶ
1702 2622 1737 2660 ἦν
1751 2625 1823 2658 αὐτῷ

1034 2668 1134 2702 πατρὶς
1149 2667 1198 2702 οὐχ
1215 2668 1239 2694 οἱ
1260 2668 1328 2695 λίθοι
1349 2669 1423 2701 τινος
1443 2669 1536 2701 τόπου,
1561 2669 1617 2696 ἀλλ’
1634 2670 1659 2696 οἱ
1675 2669 1824 2707 ἀκολουθήτ

1035 2721 1129 2744 σαντες
1142 2713 1217 2749 αὐτῷ
1230 2714 1243 2740 ὁ
1256 2713 1330 2746 λαδς,
1364 2715 1429 2750 παρ’
1446 2711 1487 2747 οἷς
1510 2715 1556 2742 καὶ
1584 2715 1667 2748 αὐτὸς
1686 2715 1821 2752 ἠτιμώθη.

1680 2807 1701 2822 ¹¹
1718 2805 1787 2833 ibid.
1799 2803 1822 2832 7.
