1880 3045
213 154 263 179 ἓ(δῖ

947 154 1106 183 ΟΠΙΟΕΝΚΞ

1789 160 1837 187 856

214 215 271 237 tore
287 209 309 225 ’θ
322 218 328 236 2
354 218 363 234 ε
378 208 532 236 Sccttttlnm
548 209 604 235 lucc
617 209 688 235 enim
709 208 844 236 faciebant
857 211 966 245 prophel

1087 213 1161 244 ῖοῖτο,
1179 215 1225 239 καὶ
1241 213 1448 245 ἐπιϐουλεύοιτο,
1465 215 1500 245 ὡς
1515 214 1693 249 διωκόμενος,
1711 215 1760 242 καὶ
1772 216 1837 242 ὀνει-

213 262 305 291 patres
316 263 437 283 eorum.»
456 255 505 287 Qui
519 260 607 282 autem
623 255 655 281 ad
677 255 734 282 ltzec
747 255 888 290 diligenter
906 260 995 283 atten-

213 303 269 335 dct,
286 302 308 329 si
322 306 462 336 propterea
478 301 550 335 quod
565 301 719 335 t'igidioren‘.
734 302 817 328 vitam
831 301 915 334 ducit,
931 309 995 336 pec—

213 352 361 382 eantesque
376 347 505 381 increpat,
523 346 548 372 in
568 346 660 372 odium
679 346 804 378 inettrrit,
836 346 997 381 insidiisque

213 394 323 428 patitur,
343 397 435 426 utpote
466 392 511 426 qui
542 391 757 425 persecutionem
785 395 895 425 propter
915 391 997 426 justi-

214 439 279 467 tiam
294 439 407 474 patitur,
433 437 594 473 probrisque
618 437 781 468 lacessitur,
810 444 863 463 non
884 437 995 469 dolebit,

213 485 278 519 quin
294 484 384 519 potius
409 483 546 518 gaudebit,
574 487 602 508 et
629 482 785 513 exsultabit,
809 482 848 509 sic
874 482 995 509 animum

212 530 353 563 inducens,
370 535 480 564 propter
493 527 550 555 hazc
567 527 718 555 mercedem
735 534 765 554 se
782 526 894 554 multatn
907 527 933 553 in
945 534 997 554 coe-

211 575 245 603 h's
257 574 291 602 ab
302 582 334 601 eo
352 579 537 608 recepturum,
566 580 581 599 a
599 580 654 606 quo
671 571 811 606 prophetis
825 571 876 598 fuit
888 572 996 599 assimi-

1049 256 1187 292 διζόμενος
1199 259 1289 285 ἕνεκεν
1305 259 1484 295 δικαιοσύνης,
1503 261 1532 286 οὐ
1559 260 1639 295 μόνον
1660 260 1692 287 οὐ
1720 260 1836 297 λυπηθῆ-

1051 311 1136 337 σεται,
1154 304 1221 330 ἀλλὰ
1237 306 1284 331 καὶ
1299 306 1456 341 χαρήσεται,
1471 306 1516 332 καὶ
1530 305 1736 339 ἀγαλλιάσεται,
1752 307 1837 334 πιθό-

1052 357 1131 383 μενος
1149 349 1192 376 διὰ
1205 351 1290 377 ταῦτα
1306 351 1400 386 μισθὸν
1411 351 1480 386 ἔχειν
1498 351 1579 378 πολὺν
1590 353 1619 378 ἐν
1640 353 1697 384 τοῖς
1713 353 1836 388 οὐρανοῖς

1050 394 1103 420 ἀπὸ
1117 395 1164 422 τοῦ
1176 396 1355 431 ὁμοιιῦσαντος
1374 397 1454 423 αὑτὸν
1475 398 1530 428 τοῖς
1552 399 1719 433 προερήταις,
1745 400 1779 424 ὲκ
1793 398 1835 424 τοῦ

1049 439 1135 465 ταῦτα
1150 441 1320 468 πεπονθέναι.
1341 442 1532 477 Ἀτιμάζεσθαι
1546 443 1635 469 τοίνυν
1646 444 1676 470 ἐν
1689 443 1730 478 τῷ
1742 445 1836 479 κόσμῳ

1050 485 1096 511 καὶ
1111 486 1185 521 παρὰ
1196 489 1252 518 τοῖς
1260 488 1445 522 ἁμαρτάνουσι
1468 487 1644 524 βαρουμένοις
1661 489 1702 523 τῷ
1718 489 1770 525 βίῳ
1792 490 1835 516 τοῦ

1049 530 1154 557 δικαίου
1168 533 1220 566 χρὴ
1232 533 1278 560 τὸν
1295 533 1427 569 ζηλοῦντα
1449 534 1505 569 βίον
1522 535 1702 570 προφητικὸν,
1716 535 1765 562 καὶ
1787 544 1836 571 χω-

1051 576 1207 610 ρήσαντατδ
1221 577 1251 603 ἐν
1263 579 1377 610 ὲκείνοις
1392 579 1513 614 Πνεῦμα.

209 623 293 654 latus,
307 619 378 654 quod
393 619 450 644 haec
477 625 574 651 passus
604 616 693 643 fuerit.
718 615 878 643 Dedecorari
904 616 987 650 igitur
1016 624 1122 652 oportet
1145 621 1172 648 in
1202 623 1320 656 mundo,
1349 627 1376 650 ct
1397 631 1412 650 a
1437 625 1625 658 peccatoribus
1657 626 1741 653 vitam
1765 626 1830 660 justi

210 665 326 700 graviter
351 663 519 694 ferentibus,
545 669 607 689 etnn
641 661 686 695 qui
713 661 795 688 vitam
825 661 1010 695 propheticum
1038 663 1173 700 imitatur,
1204 672 1230 694 et
1254 667 1382 702 Spiritum
1411 669 1457 704 qui
1485 670 1511 696 in
1539 671 1679 706 prophetis
1704 676 1767 705 cst,
1794 680 1834 699 ae-

211 711 289 739 tcnit.

303 755 406 783 Deinde
423 755 515 782 videre
544 753 606 780 licet
620 752 684 780 illud
698 753 739 779 ἰε
765 761 773 778 ι
789 751 848 779 Non
879 751 943 780 fecit
955 752 991 780 ibi

209 804 323 830 virtutes
342 801 443 828 multas
468 804 576 835 propter
606 799 823 826 incredulitatem
848 799 990 826 illorum.»

211 851 262 878 Per
277 850 323 877 illa
338 853 427 876 autem
441 847 571 875 docemur
586 846 701 873 virtutes
717 846 743 872 in
761 846 933 873 credentibus
954 845 995 872 fa—
1011 837 1032 864 Β

210 901 269 923 etas
283 895 376 927 hiissc,
393 892 612 929 quandoquidem
632 901 640 917 ‹
657 893 730 919 omni
746 892 793 926 qui
810 892 902 924 habet,
917 891 996 919 dabi-

212 949 267 975 tur,
285 946 312 968 et
328 939 477 967 abundabit
500 939 541 971 ”;
558 947 567 964 »
596 938 623 964 in
649 938 796 965 incredulis
824 941 916 965 autem
942 944 996 964 non

211 986 292 1014 modo
304 993 359 1013 non
375 985 464 1021 egisse
473 984 588 1011 virtutes
598 1005 605 1016 ,
620 983 666 1010 sed
683 983 914 1018 quemadmodum
928 983 996 1010 scri-

210 1032 265 1066 psit
280 1030 398 1064 Marcus,
416 1037 466 1057 nec
493 1029 616 1064 potuisse
645 1036 734 1063 agere.
764 1028 893 1056 Animum
923 1029 996 1055 enim

210 1077 322 1105 adverte
337 1077 370 1104 ad
383 1076 448 1104 illud
466 1076 508 1102 '3:
541 1084 550 1100 ι
571 1074 605 1101 Et
617 1082 670 1102 non
687 1078 794 1109 poterat
809 1075 846 1101 ibi
870 1075 996 1101 virtutem

210 1125 293 1152 ullam
307 1123 441 1157 facere;»
469 1131 524 1151 non
553 1123 624 1150 enim
651 1122 730 1153 dixit,
757 1132 766 1147 ι
784 1122 916 1155 nolebat,»
938 1122 995 1155 sed,

211 1181 222 1197 ε
235 1179 288 1199 non
301 1174 433 1205 poterat,»
449 1174 578 1204 tanquam
608 1169 635 1195 in
657 1168 783 1195 virtutem
808 1174 931 1202 agentem
945 1167 995 1195 ad-

209 1217 314 1244 veniret
336 1216 523 1251 adjumentum
541 1223 574 1242 ex
605 1214 680 1241 illius
697 1214 748 1240 [ide
768 1213 794 1240 in
818 1221 898 1248 quem
911 1214 996 1241 virtus

208 1263 324 1298 agebat;
346 1261 523 1296 impediretur
549 1265 638 1287 autem
667 1259 700 1286 ab
717 1259 915 1292 incredulitate,
932 1267 997 1293 quo-

208 1310 300 1336 minus
323 1312 423 1342 ageret.
445 1306 514 1334 Nota
540 1311 630 1333 autem
658 1305 861 1340 quaerentibus:
883 1315 891 1330 ι
908 1305 996 1338 Quare

209 1361 262 1382 non
281 1352 419 1388 potuimus
436 1353 534 1387 ejicere
549 1351 657 1378 illud?»
671 1351 773 1378 dixisse
790 1351 866 1378 illum
884 1360 891 1377 :
907 1360 915 1376 (
930 1350 997 1378 Pro-

210 1403 270 1434 pter
288 1399 506 1426 incredulitatem
520 1403 638 1425 vestram
649 1397 690 1430 “;
707 1407 716 1422 »
734 1402 761 1425 et
787 1397 867 1425 Petro
880 1397 993 1432 jamjam

209 1443 295 1477 mergi
313 1448 402 1478 empto
427 1443 529 1470 dictum
554 1450 634 1469 esse:
667 1441 800 1469 «Modica:
815 1442 887 1474 ﬁdei,
910 1450 995 1477 quare

210 1490 339 1518 dubitasti
349 1490 403 1516 ’5?»
415 1489 466 1516 Sed
481 1494 507 1516 ct
518 1496 579 1523 quae
593 1488 733 1523 sanguinis
743 1488 875 1522 profluvio
885 1489 993 1515 labora-

213 1536 269 1567 bat,
286 1543 339 1562 non
355 1535 445 1562 sanari
465 1534 614 1568 postulans,
636 1533 682 1560 sed
700 1539 804 1560 tanttnn
823 1535 955 1568 cogitans,
971 1535 993 1562 si

212 1585 333 1614 tangeret
350 1579 483 1606 ﬁmbriam
499 1579 653 1605 vestimenti
666 1578 748 1611 illius,
774 1578 893 1606 futurum
908 1584 937 1607 ut
951 1588 996 1607 sa-

211 1631 337 1658 ltaretur;
368 1625 459 1652 statim
487 1628 582 1652 sanata
611 1629 661 1656 est,
695 1629 721 1651 et
744 1625 894 1652 sanationis
926 1625 995 1652 hanc

210 1672 295 1699 fuisse
310 1672 442 1698 rationem
474 1671 532 1706 ipse
554 1670 681 1698 Servatur
697 1671 820 1706 agnoscit
836 1671 929 1699 dicens
949 1673 971 1687 π’
987 1682 992 1698 :

212 1727 221 1742 ι
236 1717 304 1750 Quis
319 1725 361 1744 me
379 1717 484 1751 tetigit?
514 1724 575 1743 nam
602 1723 652 1751 ego
680 1716 743 1742 novi
759 1716 885 1743 virtutem
905 1717 938 1744 de
952 1725 995 1744 me

209 1763 374 1791 exi'sse.»Et
391 1762 503 1790 forsitan
520 1761 750 1797 quemadmodum
779 1762 806 1789 in
833 1763 995 1797 corporibus

209 1810 455 1845 incstquibusdam
487 1809 520 1836 ad
542 1809 664 1843 quaedam
695 1809 825 1836 naturalis
853 1809 992 1842 aurae-lit»,

207 1855 437 1892 quemadmodum
446 1855 528 1890 lapidi
539 1855 678 1889 magnesio
686 1855 719 1882 ad
729 1854 841 1888 ferrum,
852 1860 879 1882 ct
887 1855 909 1881 ei
920 1856 993 1890 quod

209 1902 326 1937 naphtha
344 1902 494 1937 appellatur
514 1902 546 1928 ad
558 1901 658 1937 ignem,
673 1901 709 1928 ita
728 1902 773 1928 tali
787 1902 847 1928 ﬁdei
867 1901 899 1928 ad
920 1902 992 1929 divi-

207 1956 270 1976 nam
280 1949 404 1976 virtutem
417 1957 424 1975 :
435 1949 511 1983 juxta
521 1947 591 1983 qttod
599 1953 625 1974 et
633 1947 699 1975 illud
715 1947 816 1975 dictutn
826 1949 897 1975 est"
913 1957 918 1974 :
935 1957 943 1974 t
965 1949 992 1975 Si

207 1994 358 2021 habueritis
370 1994 450 2021 tidetn
465 1994 537 2021 sicut
547 2001 661 2028 granum
675 1993 788 2028 sinapis,
801 1993 896 2022 dicetis
908 1994 990 2021 monti

209 2040 272 2067 huic
289 2049 296 2066 :
317 2040 415 2066 Transi
430 2040 493 2066 ltinc
509 2039 583 2071 illuc,
597 2044 623 2066 et
640 2040 792 2067 transibit.»
807 2039 914 2074 Optime
927 2048 992 2068 vero

208 2085 332 2112 videntur
348 2085 413 2112 mihi
423 2085 567 2112 Matthteus
576 2091 602 2113 et
614 2085 732 2119 Marcus,
748 2086 935 2112 excellentiam
950 2087 987 2113 di-

208 2132 277 2158 vina:
291 2132 398 2159 virtutis
413 2139 548 2166 exponere
558 2132 688 2165 volentes,
699 2140 759 2166 qua:
769 2136 795 2159 et
807 2132 832 2158 in
845 2133 991 2159 increduli-

210 2182 266 2206 tate
276 2177 385 2211 quidem
397 2178 479 2211 valet,
489 2178 534 2205 sed
546 2185 601 2205 non
619 2183 721 2205 tantum
733 2179 803 2206 valet
813 2183 944 2213 quantum
963 2178 989 2205 in
1007 2185 1028 2212 D

209 2224 261 2252 (ide
274 2231 367 2251 eorum
387 2223 434 2258 qui
451 2223 591 2251 beneﬁciis
622 2223 786 2256 adiciuntur,
806 2224 918 2256 dixisse,
937 2232 991 2251 non

208 2269 281 2295 hunc
298 2268 413 2295 virtutes
426 2275 480 2295 non
498 2268 606 2299 fecisse,
623 2273 734 2303 propter
749 2275 844 2295 eorum
862 2269 990 2297 incredu-

207 2315 319 2346 litatem,
328 2313 375 2341 sed
385 2321 438 2341 non
452 2313 548 2341 fecisse
558 2313 593 2340 ibi
604 2314 717 2340 virtutes
725 2314 833 2342 multas.
844 2314 989 2343 EtMarcus

205 2369 261 2387 non
277 2360 345 2387 dixit
357 2367 411 2386 non
424 2359 544 2394 potuisse
557 2359 594 2386 ibi
614 2360 696 2386 ullam
711 2359 800 2388 facere
810 2360 948 2393 virtutem,
962 2366 990 2389 et

205 2405 286 2440 467
309 2405 345 2432 ibi
369 2405 502 2438 substitit,
522 2405 568 2433 sed
592 2405 691 2440 adjecit
708 2405 749 2431 ’3:
777 2415 787 2432 ‹
807 2405 864 2433 Nisi
890 2415 991 2441 paucos

205 2451 329 2479 inﬁrmos
344 2451 478 2487 impositis
495 2452 622 2479 manibus
643 2453 758 2484 curavit,
773 2462 783 2478 »
800 2453 907 2486 virtute,
930 2462 991 2489 quae

204 2498 232 2525 in
249 2497 296 2525 illo
310 2502 379 2531 erat,
397 2498 615 2525 incredulitatem
631 2502 786 2532 superante.
811 2497 924 2526 Videtur
938 2507 988 2526 att-

205 2548 258 2568 tem
275 2542 340 2569 mibi
354 2542 428 2577 quod
441 2543 512 2570 sicut
530 2542 557 2569 in
577 2541 660 2569 rebus
676 2541 815 2576 corporeis
832 2550 918 2577 neque
934 2542 990 2570 suf-

204 2587 260 2614 ticit
277 2588 442 2622 agricultura
457 2587 490 2615 ad
505 2587 641 2615 fructuum
655 2587 850 2619 collectionem,
865 2589 916 2615 nisi
935 2588 988 2615 cir-

204 2633 417 2660 cumfusus-aer
439 2633 473 2660 ad
496 2633 524 2660 id
549 2632 685 2664 conferat,
711 2632 753 2658 vel
780 2633 869 2667 potius
892 2634 916 2661 is
943 2634 987 2669 qui

205 2687 294 2705 aerem
311 2685 386 2706 certa
402 2679 532 2713 qualitate
547 2679 668 2711 instruit,
685 2685 799 2713 eamque
809 2680 914 2713 qualem
932 2681 988 2706 vult

1087 755 1164 791 Ἑξῆς
1180 755 1254 784 ἐστιν
1272 757 1335 784 ἰδεῖν
1354 758 1393 784 τό·
1422 768 1431 784 ‹
1446 759 1501 785 Οὐκ
1518 759 1644 794 ἐποίησεν
1667 761 1728 786 ἐκεῖ
1755 760 1834 787 δυνά-

1048 810 1108 836 μεις
1122 802 1221 834 πολλὰς
1235 803 1278 830 διὰ
1293 804 1341 839 τὴν
1366 804 1492 831 ἀπιστίαν
1517 805 1633 832 αὐτῶν.»
1663 805 1715 832 Διὰ
1732 806 1833 832 τούτων

1047 845 1075 871 δὲ
1091 845 1280 882 διδασκόμεθα,
1297 848 1337 874 ὅτι
1351 849 1377 875 al
1394 849 1522 885 δυνάμεις
1534 850 1562 875 ἐν
1581 852 1638 882 τοῖς
1657 851 1833 878 πιστεύουσιν

1048 891 1175 925 ἐγίνοντο,
1202 893 1262 919 ἐπεὶ
1289 903 1298 919 ι
1320 895 1399 921 παντὶ
1424 895 1463 930 τῷ
1485 895 1572 930 ἔχοντι
1599 895 1763 931 δοθήσεται,
1791 898 1833 924 καὶ

1047 938 1314 973 περισσευθήσεταιη
1330 940 1358 966 ὲν
1374 940 1496 972 ἀπίστοις
1510 941 1538 967 δὲ
1552 941 1582 967 οὐ
1601 941 1682 976 μόνον
1693 943 1747 968 οὐκ
1761 944 1833 978 ἐνήρ-

1047 988 1112 1014 γουν
1125 982 1152 1008 αί
1163 981 1300 1018 δυνάμεις,
1313 983 1369 1010 ἀλλ’
1385 984 1422 1016 ὠς
1436 985 1450 1010 6
1465 985 1576 1020 Μάρκος
1597 985 1766 1021 ἀνέγραψεν,
1777 987 1834 1014 οὐέ

1047 1025 1173 1053 ἐδύναντο
1188 1028 1317 1063 ἐνεργεῖν.
1336 1029 1456 1064 Πρόσχες
1485 1030 1538 1066 γὰρ
1554 1030 1604 1065 τῷ·
1625 1041 1633 1056 ι
1648 1032 1708 1058 Οὐκ
1722 1033 1835 1067 ἠδύνατο

1047 1073 1105 1098 ἐκεῖ
1119 1073 1246 1108 οὐδεμίαν
1263 1074 1372 1109 ποιῆσαι
1384 1075 1523 1110 δύναμινη
1539 1076 1569 1102 οὐ
1585 1076 1640 1112 γὰρ
1652 1075 1743 1107 εἶπεν,
1765 1088 1774 1103 ε
1790 1079 1835 1105 οὐκ

1047 1117 1168 1152 ἦθελεν,›
1188 1119 1255 1152 ἀλλ’,
1286 1129 1294 1145 ι
1312 1121 1361 1147 οὐκ
1390 1120 1509 1154 ἐδύνατο,
1531 1131 1540 1147 »
1559 1122 1596 1154 ὡς
1617 1123 1774 1159 ἐρχομένης
1790 1125 1834 1159 μὲν

1048 1163 1093 1190 ἐπὶ
1118 1165 1168 1200 τὴν
1187 1165 1350 1201 ἐνεργοῦσαν
1376 1166 1488 1202 δύναμιν
1516 1169 1702 1204 συμπράξεως
1720 1171 1775 1196 ὑπῦ
1796 1171 1835 1197 πί-

1048 1218 1132 1242 στεως
1145 1211 1248 1238 ἐκείνου
1264 1213 1303 1244 εἰς
1317 1212 1345 1238 ὃν
1357 1213 1465 1248 ἐνήργει
1483 1215 1499 1249 ἡ
1513 1214 1638 1249 δύναμις,
1659 1215 1835 1251 κωλυομένης

1046 1257 1074 1283 δὲ
1097 1258 1215 1293 ἐνεργεῖν
1237 1258 1288 1285 ὑπὸ
1310 1259 1358 1294 τῆς
1380 1259 1518 1291 ἀπιστίας.
1546 1261 1616 1296 Ὅρα
1637 1259 1696 1292 οὖν,
1712 1263 1835 1298 51mg,-

1046 1304 1107 1335 τοὺς
1119 1304 1251 1336 είπόντας·
1272 1314 1280 1330 t
1294 1305 1342 1331 Διά
1353 1305 1378 1332 τί
1391 1305 1440 1332 οὐκ
1457 1306 1629 1341 ἠδυνήθημεν
1641 1307 1773 1334 ἐκϐαλεῖν
1788 1309 1834 1335 αὖ·

1045 1347 1306 1386 τό;ιεῖπε·ιΔιὰτὴν
1326 1351 1510 1386 ὀλιγοπιστίαν
1526 1352 1629 1386 ὑμῶν’»
1644 1353 1694 1379 καὶ
1707 1354 1779 1388 πρὸς
1794 1354 1834 1379 τὴν

1046 1395 1196 1432 ἀρξάμενον
1206 1397 1449 1429 καταποντίζεσθαι
1466 1397 1568 1433 Πέτρον
1585 1398 1726 1425 λέλεκται·
1740 1409 1750 1424 ι
1770 1399 1836 1425 Ὀλι-

1044 1442 1166 1476 γόπιστε,
1178 1443 1217 1474 είς
1231 1442 1254 1468 τί
1268 1442 1410 1474 ἐδίστασας
1420 1452 1426 1476 ;
1437 1453 1446 1470 ι
1457 1443 1535 1469 Ἀλλὰ
1547 1444 1592 1470 καὶ
1601 1444 1618 1479 ἡ
1635 1445 1835 1479 αἱμορροοῦσα,

1047 1487 1083 1524 μὴ
1097 1487 1235 1521 ἀξιώσασα
1253 1488 1317 1523 περὶ
1337 1489 1388 1522 τῆς
1403 1488 1558 1524 θεραπείας,
1574 1489 1641 1515 ἀλλὰ
1663 1489 1747 1524 μόνον
1764 1491 1836 1523 λογι-

1048 1533 1151 1569 σαμένη
1164 1534 1187 1559 εἰ
1209 1532 1305 1568 ἅψαιτο
1316 1533 1362 1560 τοῦ
1377 1533 1528 1569 κρασπέδου
1545 1534 1591 1560 τοῦ
1613 1534 1724 1569 ἱματίου
1743 1535 1835 1566 αὐτοῦ,

1046 1579 1086 1605 ὅτι
1101 1578 1250 1614 ἰαθήσεται,
1274 1579 1335 1614 ίάθη
1368 1580 1547 1616 παραχρῆμα,
1574 1580 1621 1606 καὶ
1649 1580 1781 1615 ὁμολογεῖ

1045 1623 1138 1658 τρόπῳ
1155 1623 1204 1658 τῆς
1218 1623 1315 1655 ἰάσεως
1326 1624 1340 1650 6
1355 1624 1450 1659 Σωτὴρ
1464 1624 1560 1658 λέγων’
1575 1634 1583 1649 ε
1599 1625 1647 1656 Τίς
1665 1633 1717 1660 μου
1732 1626 1836 1660 ﬁdam:

1046 1667 1101 1702 ἐγὼ
1117 1667 1171 1703 γὰρ
1188 1668 1273 1702 ἔγνων
1286 1668 1399 1704 δύναμιν
1415 1668 1574 1701 ἐξελθοῦσαν
1598 1669 1645 1695 ἀπ’
1665 1669 1764 1704 ἐμοῦ.»
1784 1670 1837 1695 Καὶ

1045 1713 1115 1748 τάχα
1129 1712 1223 1748 ὥσπερ
1236 1714 1281 1740 ἐπὶ
1301 1714 1354 1741 τῶν
1371 1713 1505 1749 σωμάτων
1522 1714 1580 1740 ὲστί
1591 1722 1646 1740 τισι
1676 1715 1748 1749 πρὸς
1777 1723 1837 1740 τινα

1046 1759 1146 1794 φυσικὴ
1162 1759 1238 1795 ὁλκὴ,
1253 1760 1291 1791 ὡς
1301 1761 1332 1795 τῇ
1348 1760 1483 1795 μαγνησίᾳ
1493 1759 1557 1794 λίθῳ
1568 1760 1637 1795 πρὸς
1655 1760 1779 1795 σίδηρον,
1792 1760 1838 1786 xz‘.

1044 1804 1082 1840 τῷ
1097 1804 1255 1840 καλουμένῳ
1275 1805 1364 1840 νάφθα
1394 1806 1462 1841 πρὸς
1486 1806 1552 1842 πῦρ,
1575 1806 1663 1838 οὓτως
1687 1809 1721 1842 τῇ
1747 1806 1837 1841 τοιᾲίε

1046 1850 1134 1877 πίστει
1164 1850 1231 1886 πρὸς
1255 1851 1330 1878 θείαν
1353 1850 1475 1886 δύναμιν·
1500 1851 1567 1878 καθὸ
1594 1850 1700 1887 εἴρηται
1721 1852 1771 1878 καὶ
1796 1852 1835 1878 τό·

1047 1906 1056 1921 ‹
1075 1896 1137 1923 Ἐὰν
1157 1896 1236 1932 ἔχητε
1252 1897 1342 1924 πίστιν
1353 1897 1390 1928 ὠς
1404 1897 1503 1924 κόκκον
1524 1897 1669 1928 σινάπεως,
1688 1898 1779 1933 ἐρεῖτε
1798 1898 1837 1932 τῷ

1043 1942 1100 1977 ὄρει
1111 1941 1206 1977 ’τούτῳ⁵
1222 1941 1362 1977 Μετάϐηθι
1377 1941 1450 1969 ἔνθεν
1463 1943 1529 1974 ἐκεῖ,
1545 1943 1591 1969 καὶ
1609 1943 1808 1978 μεταϐήσεται.
1826 1952 1835 1967 »

1050 1987 1182 2022 Ἀκριϐὦς
1193 1988 1221 2014 δὲ
1231 1987 1338 2014 δοκοῦσί
1352 1997 1396 2023 μοι
1409 1989 1423 2014 6
1446 1987 1584 2019 Ματθαῖος
1601 1989 1648 2015 καὶ
1669 1990 1684 2015 ὁ
1707 1989 1835 2024 Μάρκος,

1042 2033 1073 2059 τὸ
1088 2033 1220 2068 ὑπερέχον
1231 2034 1281 2069 τῆς
1296 2034 1368 2066 θείας
1391 2034 1530 2069 δυνάμεως
1551 2034 1730 2069 παραστῆσαι
1745 2035 1839 2070 βουλό-

1045 2087 1129 2113 μενοι,
1141 2079 1181 2105 ὅτι
1196 2079 1242 2106 καὶ
1255 2080 1283 2105 ὲν
1299 2079 1410 2115 ἀπιστίᾳ
1422 2081 1541 2110 δύναται,
1552 2080 1608 2106 ἀλλ’
1621 2081 1672 2106 οὐκ
1684 2081 1730 2107 ἐπὶ
1745 2081 1838 2107 πλεῖον

1042 2123 1163 2156 δύναται,
1178 2125 1238 2151 ὅσον
1249 2124 1358 2151 δύναται
1370 2126 1398 2151 ὲν
1416 2126 1505 2152 πίστει
1521 2126 1553 2160 τῇ
1570 2125 1625 2151 τῶν
1638 2126 1838 2161 εὐεργετουμέ-

1043 2177 1105 2202 νων,
1122 2169 1272 2205 εἰρηκέναι,
1285 2171 1333 2206 οὐχ
1346 2171 1386 2197 ὅτι
1398 2171 1447 2197 οὐκ
1461 2171 1571 2206 ἐποίησε
1585 2171 1716 2206 δυνάμεις
1729 2172 1774 2198 διὰ
1786 2173 1838 2207 τὴν

1043 2215 1170 2242 ἀπιστίαν
1182 2215 1281 2247 αὐτῶν,
1301 2216 1357 2242 ἀλλ’
1383 2217 1433 2243 οὐκ
1462 2217 1588 2252 ἐποίησεν
1619 2218 1676 2244 ἐκεῖ
1707 2217 1837 2253 δυνάμεῑς

1042 2260 1153 2292 πολλάς.
1168 2261 1223 2287 Καὶ
1236 2262 1250 2287 6
1265 2261 1377 2296 Μάρκος
1393 2261 1421 2288 δὲ
1434 2261 1484 2288 οὐκ
1501 2260 1587 2294 εἶπεν,
1604 2263 1645 2288 ὅτι
1657 2263 1708 2288 οὐκ
1724 2263 1838 2289 ἐδύνατο

1043 2307 1100 2333 ἐκεῖ
1111 2306 1238 2342 οὐδεμίαν
1249 2307 1360 2342 ποιῆσαι
1385 2307 1509 2342 δύναμιν,
1523 2307 1569 2334 καὶ
1595 2307 1661 2342 ἔστη
1676 2308 1724 2333 ἐπὶ
1736 2308 1837 2342 τούτῳ,

1042 2351 1110 2378 ἀλλὰ
1124 2351 1301 2387 προσέθηκεν·
1318 2362 1327 2378 ι
1338 2353 1369 2379 Εἰ
1384 2353 1421 2388 μὴ
1436 2353 1536 2387 ὀλίγοις
1560 2353 1716 2388 ἀρρώστοις
1730 2354 1838 2385 ἐπιθεὶς

1043 2398 1092 2430 τὰς
1108 2399 1202 2433 χεῖρας
1216 2397 1410 2434 ἐθεράπευσε,ι
1423 2398 1541 2434 νικώσης
1560 2399 1609 2433 τῆς
1624 2400 1652 2425 ὲν
1667 2400 1744 2434 αὐτῷ
1757 2400 1841 2426 δυνά-

1045 2451 1117 2477 μεως
1143 2444 1190 2469 καὶ
1210 2442 1296 2475 οὕτως
1321 2443 1370 2478 τὴν
1393 2444 1532 2470 ἀπιστίαν.
1556 2445 1638 2470 Δοκεῖ
1662 2444 1692 2471 δὲ
1719 2454 1774 2480 μοι,
1796 2446 1839 2471 ὁτι

1043 2488 1138 2524 ὥσπερ
1149 2489 1194 2515 ἐπὶ
1206 2489 1260 2515 τῶν
1273 2489 1444 2524 σωματικῶν,
1468 2489 1529 2515 οὔτε
1558 2490 1702 2526 αὐτάρκης
1714 2492 1839 2526 γεωργία

1043 2541 1111 2576 πρὸς
1128 2542 1294 2577 συγκομιδὴν
1317 2542 1447 2578 καρπῶν,
1475 2542 1523 2569 ἐὰν
1553 2543 1589 2578 μὴ
1612 2542 1644 2568 τὸ
1670 2545 1839 2579 περιεχόμε-

1042 2601 1086 2619 νον
1099 2593 1154 2628 (22)
1178 2594 1217 2625 εἰς
1237 2593 1315 2620 τοῦτο
1330 2595 1457 2630 συνεργῇ,
1486 2594 1584 2628 μᾶλλον
1601 2594 1629 2620 δὲ
1647 2595 1679 2621 τὸ
1707 2596 1840 2631 περιέχον

1042 2638 1163 2674 ποιότητι
1175 2639 1253 2674 ὁποίᾳ
1271 2640 1394 2674 βούλεται
1411 2641 1424 2666 6
1450 2640 1570 2675 κοσμῶν.
1594 2641 1643 2666 καὶ
1661 2641 1749 2667 ποιῶν
1768 2641 1839 2669 αὐτο

1041 2684 1132 2711 ὁποῖον
1144 2684 1224 2711 θέλει’
1243 2685 1304 2711 οὔτε
1318 2685 1348 2711 τὸ
1360 2686 1484 2721 περιέχον
1497 2686 1582 2721 χωρὶς
1599 2687 1750 2722 γεωργίας,
1763 2687 1839 2721 μᾶλ-

239 2739 263 2773 λο
277 2757 342 2803 bpr'.
360 2766 397 2790 vt,
411 2758 457 2785 25.
480 2757 753 2803 "'§Iattlt.xttt,l§8:_l
775 2759 796 2773 "
811 2758 940 2803 ibid-1:2.
968 2761 1101 2803 .:’_lllarc.
1119 2763 1206 2803 γιηβ.
1246 2764 1268 2780 ’³
1280 2763 1373 2791 Matth.
1386 2772 1450 2798 xvu,
1479 2764 1522 2798 18,
1541 2764 1583 2791 l9.
1624 2766 1647 2781 ³⁵
1663 2765 1759 2793 Matth.
1776 2774 1838 2798 ιη,

207 2793 250 2818 31.
288 2794 310 2808 ’⁸
333 2793 397 2819 Luc.
422 2801 477 2825 vm,
496 2793 541 2825 1.5,
559 2793 603 2819 46.
643 2793 665 2807 ³⁷
682 2791 775 2819 Matth.
797 2801 860 2825 xvn,
879 2794 922 2820 19.

245 2847 298 2883 (“32)
341 2848 564 2882 Περίεχόμενίν.
590 2846 767 2875 Scribendum
796 2847 874 2882 forte,
907 2849 1038 2884 περιέχον.

968 2795 990 2810 ⁸⁸
1005 2794 1087 2824 Mare.
1105 2806 1129 2824 vr
1141 2819 1147 2830 ,
1164 2798 1190 2825 5.
