1880 3045
207 114 261 142 907

939 122 1100 152 OIUGENIS
1791 130 1831 158 9οῐ

208 176 309 210 quibus
331 177 472 204 hominum
499 178 620 214 quinque
643 180 725 207 millia
744 181 779 208 ali
796 183 948 217 debebant,

1050 187 1160 222 τρέφειν
1177 187 1240 219 τοὺς
1258 189 1501 224 πεντακισχιλίους,
1519 191 1566 218 καὶ
1583 191 1653 227 μετὰ
1672 192 1753 219 τοῦτο
1767 193 1831 228 ηὐλό-

208 227 302 256 postca
318 223 456 251 benedixit
471 226 593 259 quinque
603 227 719 260 panibus
745 231 771 253 et
791 227 898 256 duobus
917 230 1000 264 pisci-

210 269 273 301 bus,
286 276 412 298 sermone
423 274 450 297 et
465 271 651 298 benedictione
663 279 766 307 augens
777 277 804 300 et
815 274 999 309 multiplicans

209 314 283 348 illos,
300 321 327 342 et
345 317 424 342 tertio
440 316 565 343 dividens
578 321 605 343 et
614 315 743 352 frangens
757 318 831 345 dedit
846 319 998 354 discipulis,

209 364 239 386 ut
255 360 305 394 ipsi
319 360 405 388 turbis
416 365 596 396 apponerent;
613 365 679 388 tunc
701 362 868 390 suffecerunt
877 372 962 399 panes
973 370 1000 392 et

208 403 345 437 pisces,ut
355 405 527 432 comedercnt
541 412 636 432 onmes
647 411 674 432 et
689 407 864 441 satiarentur,
881 412 999 443 etquos-

207 447 270 476 dam
292 457 307 476 e
327 450 443 484 panibus
460 450 609 478 benedictis
625 451 705 478 edere
725 459 779 478 non
803 458 925 487 possent.
943 455 998 481 Su-

206 499 335 528 pererant
350 495 422 522 enim
439 496 528 523 turbis
547 501 604 523 tam
623 497 719 530 multa,
736 506 797 532 quae
812 499 882 533 apud
903 500 997 528 turbas

206 540 316 574 quidem
330 548 383 568 non
398 545 487 574 erant,
500 541 546 569 sed
561 542 632 577 apud
646 542 807 578 discipulos,
829 544 924 572 tollere
948 553 997 572 va-

205 587 292 614 lentes
310 587 450 614 residuum
467 587 696 623 fragmentorum,
717 594 745 617 et
761 591 788 617 in
802 591 935 626 cophinos
951 592 998 619 dc-

205 639 306 666 ponere
328 633 506 668 reliquiarum
535 634 632 669 plenos
647 656 654 667 ,
678 636 725 671 qui
742 637 853 664 totidem
883 645 996 665 numero

204 681 294 709 erant,
311 681 379 712 quot
403 678 492 706 tribus
509 679 606 706 lsrael.
620 679 658 707 De
672 680 773 715 Joseph
798 682 907 716 quidem
928 684 997 710 scri-

203 728 279 757 ptum
297 723 514 752 est-iansaimis
526 725 549 741 ⁷³
566 735 572 752 :
598 735 607 751 ‹
636 726 733 754 Manus
756 727 816 762 ejus
830 728 856 755 in
877 729 995 763 cophino

203 769 377 803 servierunt;
400 779 409 796 ι
427 771 460 798 de
472 771 614 806 discipulis
631 780 695 799 vero
711 772 786 805 Jesu,
804 776 949 803 sustulisse
964 777 996 803 il-

203 817 244 843 los
260 816 403 844 residuum
412 816 624 852 fragmentorum
634 827 641 851 ;
651 819 804 852 duodecim,
816 822 922 855 opinor,
932 823 996 850 duo-

202 862 291 889 decim
318 863 462 898 cophinos,
480 871 534 890 non
564 864 728 899 semiplenos
743 886 749 897 ,
771 866 817 893 sed
832 867 928 901 plenos
946 877 952 895 :
968 874 994 896 et

203 913 278 939 sunt,
295 913 371 942 puto,
389 909 489 941 adhuc,
520 914 547 936 et
565 909 600 937 ad
621 911 888 940 consummationem
905 921 994 948 usque

202 953 306 985 saeculi,
319 953 391 988 apud
409 954 560 989 discipulos
573 955 637 984 Jesu
665 957 753 985 turbis
767 958 905 991 meliores,
921 959 993 993 pleni

201 999 348 1027 duodecim
365 1001 477 1035 cophini
496 1001 656 1037 fragmentis
669 1004 749 1038 panis
763 1004 881 1032 viventis
893 1026 900 1037 ,
923 1013 993 1040 quos

201 1046 289 1074 turbae
305 1047 448 1075 comedere
463 1056 517 1075 non
536 1054 662 1084 possunt.
676 1050 728 1084 Qui
746 1051 927 1079 comedebant
943 1060 993 1079 au-

200 1097 255 1119 tem
267 1092 302 1120 de
312 1093 433 1128 quinque
449 1094 576 1128 panibus,
590 1096 636 1130 qui
649 1097 725 1131 prius
734 1096 842 1124 fuerant
853 1105 936 1132 quam
948 1106 992 1125 re-

199 1139 354 1166 dundarent
363 1139 506 1168 duodecim
524 1142 645 1176 eophini,
663 1143 771 1179 cognati
783 1149 862 1172 erant
876 1152 992 1172 numero

200 1186 344 1217 quinario:
360 1186 393 1214 ad
405 1187 521 1215 sensilia
538 1195 624 1222 usque
636 1194 818 1224 pervenerant
834 1190 881 1225 qui
899 1198 992 1218 come-

199 1231 306 1264 derant,
321 1233 542 1268 quandoquidem
558 1237 585 1261 et
597 1234 631 1261 ab
647 1242 681 1262 eo
696 1236 742 1269 qui
757 1237 882 1271 suspexit
895 1237 922 1263 in
936 1244 992 1264 coe—

200 1278 268 1309 lum,
281 1278 430 1311 benedixit,
444 1283 470 1306 et
486 1279 566 1314 fregit
586 1280 659 1312 illos.
671 1280 767 1308 hialiti
784 1286 858 1314 sunt,
880 1286 907 1309 et
936 1290 990 1310 non

199 1324 287 1357 pueri,
301 1331 351 1351 nec
367 1323 486 1357 feminm,
503 1325 550 1352 sed
565 1325 628 1354 viri.
644 1326 714 1353 Sunt
728 1327 812 1360 enim,
828 1328 926 1362 opinor
938 1349 946 1362 ,
965 1332 991 1356 et

200 1369 228 1396 in
244 1369 393 1397 sensilibus
408 1370 477 1398 cibis
492 1371 668 1405 differentiae;
685 1373 722 1400 ita
738 1378 766 1400 ut
782 1374 891 1409 quidam
908 1383 941 1402 ex
957 1375 991 1403 iis

198 1415 255 1442 sint
268 1422 362 1442 eorum
372 1416 418 1451 qui
428 1426 436 1442 ε
448 1422 650 1445 evacuaverunt
661 1426 721 1453 quze
732 1421 921 1455 erantparvuli
933 1421 965 1454 ⁸⁸,
979 1430 989 1448 ι

197 1459 312 1494 quidam
325 1468 390 1487 vero
406 1469 500 1488 eorum
518 1462 564 1496 qui
583 1462 732 1490 etiamnum
757 1468 821 1491 sunt
834 1466 941 1500 parvuli
965 1470 992 1494 ct

196 1505 324 1532 carnales
341 1506 367 1532 in
379 1505 497 1532 Christo.

233 1617 262 1643 3.
279 1616 312 1643 Et
330 1617 388 1644 haec
399 1616 508 1651 quidem
519 1623 536 1643 ιι
554 1616 632 1643 nobis
649 1616 720 1644 dicta
734 1621 798 1644 sunt
809 1621 921 1652 propter
932 1617 990 1645 haec

195 1663 280 1691 verba
296 1663 319 1679 ⁸¹
339 1671 345 1690 :
366 1672 375 1688 ι
393 1662 615 1690 Manducantium
630 1662 681 1690 fuit
705 1670 837 1691 numerus
865 1663 988 1699 quinque

198 1708 283 1736 millia
300 1709 433 1741 virorum,
457 1707 577 1743 exceptis
593 1707 755 1735 mulieribus
770 1712 798 1736 et
819 1708 950 1743 parvulis,
975 1718 985 1735 ι

194 1754 270 1789 quod
285 1753 443 1789 ambiguum
460 1759 517 1786 est;
529 1753 572 1780 vel
586 1753 658 1780 enim
666 1753 713 1788 qui
722 1754 897 1781 comederant
910 1758 989 1782 erant

196 1801 248 1828 viri
263 1800 411 1836 quinquies
428 1800 511 1834 mille,
525 1806 552 1828 et
568 1800 660 1828 nullus
682 1800 751 1827 inter
780 1799 891 1828 edentes
920 1807 988 1835 puer

195 1851 263 1878 erat.
281 1853 328 1874 aut
349 1845 470 1880 femina;
496 1846 539 1873 vel
562 1850 703 1881 propterea
725 1846 799 1881 quod
826 1846 876 1873 viri
897 1847 987 1873 solum

195 1893 342 1928 quinquies
361 1893 434 1921 mille
451 1892 561 1924 fuerint,
574 1901 628 1919 non
641 1892 793 1920 numeratis
807 1893 901 1927 pueris
913 1892 989 1920 ctfe-

195 1940 287 1968 mittis.
303 1939 418 1973 Quidam
429 1939 522 1974 igitur,
542 1938 635 1974 utjam
648 1938 778 1970 diximus,
795 1937 834 1965 sic
848 1937 989 1965 intellexe-

195 1993 268 2021 runt,
287 1995 342 2015 non
353 1986 474 2015 adfuisse
485 1994 585 2021 pueros
601 1986 641 2013 vel
659 1985 775 2013 feminas
789 2004 796 2017 ,
817 1984 852 2012 iis
868 1992 930 2020 qua;
954 1992 988 2011 ex

193 2034 316 2069 quinque
329 2033 445 2068 panibus
457 2037 484 2060 et
497 2032 604 2059 duobus
619 2031 740 2066 piscibus
753 2035 834 2058 aucta
852 2036 878 2058 et
892 2031 986 2058 multi—

159 2106 164 2108 ,
195 2079 294 2112 plicata
319 2082 393 2106 sunt.
415 2077 492 2104 Dicat
518 2080 610 2103 autem
638 2076 747 2110 aliquis,
763 2083 824 2103 cum
843 2076 921 2103 multi
937 2084 987 2111 pro

195 2124 293 2150 merito
312 2127 340 2150 et
367 2122 470 2150 viribus
495 2121 684 2153 comederint,
709 2125 735 2148 et
758 2121 903 2156 participes
923 2121 986 2149 facti

193 2169 297 2197 fuerint
308 2176 412 2203 panum
429 2167 636 2200 benedictionis,
654 2175 701 2195 eos
716 2167 764 2202 qui
781 2175 895 2195 numero
911 2168 986 2203 digni

1053 243 1120 269 γησε
1138 235 1200 266 τοὺς
1225 235 1305 262 πέντε
1327 236 1435 272 ἄρτους,
1461 236 1507 263 καὶ
1530 239 1591 269 τοὺς
1606 238 1654 264 δύο
1678 239 1781 273 ἰχθύας,
1800 239 1831 274 τῷ

1051 278 1123 315 λόγῳ
1139 279 1186 307 καὶ
1257 280 1367 317 εὐλογίᾳ
1382 281 1482 314 αὔξων,
1503 283 1550 309 καὶ
1565 283 1713 319 πληθύνων
1735 285 1828 316 αὖτοὺς,

1052 325 1098 352 καὶ
1113 325 1205 361 τρίτον
1221 327 1351 362 μερίζων,
1367 328 1414 354 καὶ
1431 328 1502 354 κλῶν
1516 328 1601 356 ἔδωκε
1617 331 1675 361 τοῖς
1695 330 1829 366 μαθηταῖς.

1052 370 1084 396 ἵν’
1102 371 1199 397 ἐκεῖνοι
1214 373 1271 402 τοῖς
1286 371 1373 406 ᾰχλοις
1395 372 1539 407 παραθῶσι
1549 381 1555 387 ·
1572 373 1632 400 τότε
1649 374 1796 409 διήρκεσαν
1811 375 1830 401 οἱ

1050 416 1127 452 ἄρτοι
1148 416 1202 452 (64)
1225 417 1272 443 καὶ
1289 417 1313 443 οἱ
1337 417 1438 452 ἰχθύες,
1471 419 1508 450 ὡς
1535 420 1632 453 (pa-{er
1655 420 1773 452 πάντας,
1794 422 1829 446 καὶ

1050 460 1224 496 κορεσθῆναι,
1242 461 1288 488 καί
1305 470 1380 494 τινας
1398 462 1452 489 τῶν
1468 463 1670 499 εὐλογηθέντων
1695 465 1784 500 ἄρτων
1803 466 1829 500 μὴ

1049 507 1173 542 χωρῆσαι
1195 509 1300 542 φαγεῖν.
1322 508 1514 544 Ἐπερίσσευσε
1530 510 1582 546 γὰρ
1601 512 1660 542 τοῖς
1674 511 1766 546 δχλοις
1783 520 1831 537 τοτ-

1049 553 1128 586 αὖτα,
1145 553 1163 581 ἃ
1178 554 1249 582 κατὰ
1262 555 1311 590 μὲν
1334 556 1397 587 τοὺς
1416 555 1510 590 ὖχλους
1525 557 1575 583 οὐκ
1591 554 1635 593 ἦν,
1651 558 1727 584 κατὰ
1742 558 1769 584 δὲ
1781 558 1830 588 τοῦς

1048 599 1214 636 δυναμένους
1237 600 1360 636 μαθητὰς
1379 600 1444 637 ἆραι
1463 602 1493 628 τὸ
1513 603 1675 638 περισσεῦον
1699 604 1756 631 τῶν
1776 605 1828 630 κὶα-

1049 647 1170 681 σμάτων,
1195 647 1241 673 καὶ
1256 647 1407 674 ἀποθέσθαι
1423 649 1462 680 εἰς
1484 642 1610 683 κᾶρίνους
1633 650 1830 685 πληρουμένονς

1047 693 1102 720 τῶν
1126 693 1365 729 περισσευμάτων,
1390 694 1470 726 ὄντας
1492 695 1538 721 τὸν
1560 695 1677 731 ἀριθμὸν
1695 697 1830 727 τοσούτοις

1047 739 1107 766 ὅσαι
1121 741 1148 766 αἰ
1161 739 1243 774 φυλαὶ
1257 739 1304 766 τοῦ
1327 740 1444 776 Ἰσραήλ.
1463 741 1530 777 Περὶ
1544 742 1592 777 μὲν
1605 740 1652 769 οὖν
1668 742 1718 769 τοῦ
1744 745 1829 778 Ίωσῆςο

1048 787 1077 812 ὲν
1088 786 1212 821 Ψαλμοῖς
1226 785 1391 821 γέγραπται·
1409 795 1418 812 ι
1432 787 1464 813 Αἱ
1484 789 1573 823 χεῖρες
1592 788 1674 814 αὐτοῦ
1693 790 1726 815 ὲν
1743 789 1780 824 τῷ
1795 798 1830 815 κο-

1047 832 1116 867 φίνῳ
1131 832 1300 859 ἐδούλωσαν
1324 842 1332 858 ›
1351 833 1415 868 περὶ
1427 833 1454 859 δὲ
1466 832 1520 859 τῶν
1540 834 1626 868 Ἰησοῦ
1643 835 1785 870 μαθητῶν,
1797 837 1829 860 Ξῖι

1045 875 1116 912 ἦραν
1132 878 1162 904 τὸ
1176 877 1337 913 περισσεῦον
1353 878 1406 905 τῶν
1426 878 1601 914 κλασμάτων,
1625 881 1650 906 οἰ
1667 880 1782 909 δώδεκα.
1798 880 1829 907 οἷ-

1047 931 1106 958 μαι,
1120 921 1223 949 δώδεκα
1236 923 1374 956 κοφίνους,
1396 922 1445 957 οὺχ
1464 923 1612 957 ἡμιτελεῖς,
1628 923 1698 950 ἀλλὰ
1713 925 1828 961 πλήρεις

1045 968 1092 994 καί
1104 969 1182 999 εἰσιν,
1199 966 1286 1003 οἶμαι,
1306 969 1386 1004 μέχρι
1400 969 1448 995 τοῦ
1464 968 1553 1005 δεῦρο,
1569 970 1616 997 καὶ
1638 971 1692 1002 ἕως
1709 971 1762 1006 τῆς
1775 980 1829 997 συν-

1045 1013 1151 1045 τελείας
1165 1013 1213 1040 τοῦ
1230 1014 1337 1046 αἰῶνος,
1355 1015 1379 1041 οἱ
1398 1014 1513 1050 πλήρεις
1530 1015 1635 1050 κόφινοι
1654 1016 1763 1043 δώδεκα
1784 1016 1830 1042 τῶν

1045 1059 1208 1094 κλασμάτων
1224 1059 1307 1095 ἄρτου
1329 1059 1438 1091 ζῶντος.
1461 1061 1507 1092 οὓς
1525 1062 1562 1097 μὴ
1578 1061 1710 1089 δύνανται
1725 1064 1750 1089 οἰ
1766 1063 1830 1097 817m

1044 1105 1154 1138 ἐσθίειν,
1179 1106 1254 1142 παρὰ
1276 1107 1332 1137 τοῖς
1356 1106 1409 1133 τῶν
1432 1107 1517 1142 ὄχλων
1541 1109 1680 1144 κρείττοσι
1702 1109 1829 1144 μαθηταζ

1044 1151 1091 1178 τοῦ
1113 1152 1211 1188 Ἰησοῦ.
1236 1150 1325 1179 Ἦσαν
1349 1151 1378 1178 δὲ
1400 1154 1425 1179 οἰ
1445 1153 1581 1186 ἐσθίοντες
1601 1154 1656 1181 ἀπὸ
1677 1155 1735 1181 τῶν
1759 1156 1830 1181 πέντε

1044 1198 1143 1233 ἄρτων,
1164 1199 1216 1225 τῶν
1239 1199 1292 1234 πρὸ
1313 1199 1367 1226 τῶν
1386 1200 1622 1235 περισσευσάντων
1644 1201 1766 1235 κοφίνων
1788 1200 1830 1226 δὼ-

1043 1244 1118 1277 δεκα,
1135 1246 1274 1279 συγγενεῖς
1289 1245 1328 1280 τῷ
1341 1246 1422 1272 πέντε
1435 1246 1555 1282 ἀριθμῷο
1573 1247 1654 1282 μέχρι
1670 1247 1727 1274 τῶν
1745 1247 1818 1282 atatis;

1043 1292 1097 1319 τῶν
1119 1291 1239 1327 ἔφθασαν
1258 1293 1283 1319 οἱ
1304 1293 1446 1328 φαγόντες,
1470 1292 1531 1319 ἐπεὶ
1547 1293 1594 1319 καὶ
1617 1290 1692 1320 οὗτοι
1713 1293 1769 1320 ἀπὸ
1790 1292 1830 1318 τοῦ

1044 1338 1243 1374 ἀναϐλέψαντος
1262 1340 1302 1370 εἰς
1321 1338 1435 1375 οὐρανὸν
1457 1338 1624 1375 ἐτράφησαν,
1648 1340 1697 1365 καὶ
1724 1339 1831 1374 εὐλογή-

1045 1392 1149 1417 σαντος,
1168 1385 1214 1411 καὶ
1229 1385 1378 1417 κλάσαντος
1402 1385 1509 1418 αὐτοὺς,
1525 1385 1572 1412 καὶ
1592 1385 1623 1411 οὐ
1647 1386 1756 1419 παῖδες,
1778 1385 1829 1412 01‘,st

1043 1432 1182 1465 γυναῖκες,
1202 1430 1269 1457 ἀλλὰ
1292 1431 1398 1466 ἄνδρες.
1420 1430 1481 1457 Εἰσὶ
1496 1430 1550 1466 γὰρ
1568 1431 1615 1458 καὶ
1631 1432 1660 1457 ὲν
1681 1431 1830 1467 αἰσθηταῖς,

1043 1473 1130 1511 οἶμαι,
1148 1478 1261 1511 τροφαῖς
1277 1477 1414 1512 διαφοραὶ,
1431 1477 1470 1509 ὡς
1491 1477 1567 1508 τινας
1588 1477 1637 1512 μὲν
1654 1478 1748 1505 αὐτῶν
1767 1475 1831 1504 εἶναι

1004 1533 1028 1564 C
1047 1531 1055 1547 ι
1067 1522 1299 1557 καταργησάντων
1306 1522 1341 1549 τὰ
1348 1522 1395 1549 τοῦ
1406 1523 1514 1558 νηπίου,
1526 1533 1535 1548 ι
1545 1523 1620 1555 τινὰς
1630 1523 1659 1549 δὲ
1673 1523 1713 1550 ἔτι
1726 1523 1781 1551 τῶν
1790 1532 1832 1559 νη·

1043 1569 1113 1595 πίων
1131 1569 1177 1595 καὶ
1195 1569 1331 1604 σαρκίνων
1348 1569 1376 1595 ὲν
1393 1569 1513 1605 Χριστῷ.

1078 1616 1132 1642 Καὶ
1148 1616 1234 1642 ταῦτα
1249 1616 1278 1642 δὲ
1294 1617 1358 1651 ἡμῖν
1376 1616 1499 1643 λέλεκται
1515 1616 1558 1643 διὰ
1575 1616 1605 1642 τό
1616 1626 1622 1631 ·
1648 1626 1658 1641 ι
1685 1617 1832 1649 Ἐσθίοντες

1040 1659 1111 1696 ἦσαν
1124 1661 1218 1697 ἄνδρες
1236 1661 1458 1696 πεντακισχίλιοι,
1476 1662 1560 1697 χωρὶς
1581 1662 1698 1688 παιδίων
1721 1663 1770 1689 καὶ
1788 1671 1832 1696 γυ-

1040 1707 1152 1739 ναικῶν,
1170 1717 1179 1733 ›
1195 1707 1263 1743 ὅπερ
1287 1707 1435 1743 ἀμφίϐολόν
1450 1709 1533 1734 ἐστιν’
1550 1708 1566 1743 ἢ
1583 1707 1638 1743 γὰρ
1653 1709 1679 1734 οἱ
1703 1709 1832 1743 φαγόντες

1039 1751 1108 1790 ἦσαν
1131 1754 1226 1789 ἄνδρες
1249 1754 1472 1789 πεντακισχίλιοι,
1499 1753 1546 1781 καὶ
1565 1755 1654 1787 οὐδεὶς
1673 1753 1708 1791 ἦν
1730 1756 1759 1782 ἐν
1783 1756 1833 1785 τοῖς

1040 1800 1159 1827 ἐσθίουσι
1178 1800 1282 1827 παιδίον
1300 1801 1317 1836 ἦ
1333 1800 1441 1836 γυνή-ἢ
1459 1801 1499 1827 ὅτι
1517 1800 1597 1836 μόνον
1613 1801 1713 1836 ἄνδρες
1738 1809 1834 1829 arata-

1039 1847 1168 1883 κισχίλιοι
1180 1845 1260 1883 ἦσαν,
1277 1847 1314 1883 μὴ
1328 1847 1536 1884 ἀριθμουμένων
1554 1849 1624 1883 μήτε
1642 1849 1749 1876 παίδων
1769 1850 1833 1884 μήτε

1039 1893 1187 1927 γυναικῶν.
1207 1893 1285 1924 Τινὲς
1303 1893 1352 1928 μὲν
1369 1891 1424 1926 οὖν,
1442 1893 1480 1925 ὡς
1500 1893 1653 1927 φθάσαντες
1671 1894 1833 1930 εἰρήκαμεν,

1039 1938 1125 1970 οὕτως
1138 1937 1323 1974 ὲξειλήφασιν,
1344 1939 1386 1964 ὅτι
1407 1937 1469 1964 οὔτε
1490 1938 1594 1969 παιδία,
1620 1938 1684 1965 οὔτε
1706 1941 1834 1974 γυναῖκες

1039 1984 1168 2019 παρῆσαν
1184 1985 1240 2015 τοῖς
1254 1983 1386 2019 ηὑξηκόσι
1402 1984 1448 2010 καὶ
1462 1983 1700 2018 πεπληουσμένοις
1716 1985 1772 2012 ἀπὸ
1783 1984 1832 2010 τῶν

1039 2030 1119 2056 πέντε
1134 2030 1224 2064 ἄρτων
1239 2029 1286 2056 καί¹
1300 2029 1354 2056 τῶν
1367 2029 1413 2056 δύο
1435 2029 1542 2064 ἰχθύων.
1558 2030 1636 2056 Εἴποι
1651 2030 1674 2056 δ’
1689 2031 1722 2057 ἄν
1733 2039 1778 2062 τις
1785 2031 1833 2062 ὅτι,

1039 2075 1142 2101 πολλῶν
1156 2075 1308 2109 φαγόντων,
1323 2075 1371 2102 καὶ
1384 2075 1444 2102 κατ’
1457 2074 1534 2107 ἀξίαν
1548 2076 1595 2101 καὶ
1607 2075 1726 2111 δύναμιν
1744 2085 1832 2112 μετες-

1038 2119 1163 2155 ληφότων
1185 2121 1239 2147 ἀπὸ
1259 2119 1313 2146 τῶν
1334 2120 1384 2156 τῆς
1403 2120 1527 2154 εὐλογίας
1543 2121 1645 2156 ἄρτων,
1663 2123 1689 2148 οἱ
1706 2122 1759 2157 μὲν
1778 2123 1834 2157 ἀρι-

1039 2164 1115 2201 θμῶν
1137 2165 1207 2198 ἄξιοι
1231 2166 1298 2202 (65),
1322 2166 1452 2201 ἀνάλογον
1478 2168 1536 2198 τοῖς
1562 2168 1592 2194 ὲν
1613 2169 1646 2204 τῇ
1672 2169 1760 2204 βίϐλῳ
1784 2170 1833 2194 τῶν

194 2219 282 2246 erant,
294 2213 524 2249 quemadmodum
536 2213 555 2240 ii
567 2213 614 2248 qui
636 2213 729 2247 viginti
742 2221 829 2240 annos
841 2214 895 2240 nati
913 2214 939 2240 in
952 2214 966 2240 li

1050 2212 1184 2247 Αριθμῶν
1213 2213 1402 2249 ἀριθμηθεῑσιν
1433 2215 1628 2246 εἰκοσαέτεσιν,
1666 2216 1834 2252 Ἰσραηλῖται

194 2261 243 2289 bro
259 2260 441 2288 Numerorum
463 2259 569 2287 recensi
587 2264 652 2287 sunt
676 2259 698 2275 ⁸³
711 2280 718 2292 ,
747 2259 884 2288 israelitas
912 2261 985 2288 viros

195 2307 280 2335 fuisse
302 2316 308 2333 :
331 2306 378 2342 qui
403 2314 468 2334 vero
486 2305 570 2342 479
586 2305 661 2340 digni
682 2313 736 2332 non
763 2310 841 2333 erant
868 2314 984 2340 quorum

196 2357 270 2381 tanta
287 2353 356 2380 ratio
373 2356 400 2379 et
413 2360 543 2380 numerus
560 2351 715 2385 haberetur,
741 2359 841 2386 pueros
860 2351 945 2379 fuisse
961 2357 987 2379 et

184 2445 186 2447 τ
230 2435 336 2462 "Psal.
353 2443 433 2467 LXXX,
448 2434 472 2461 7.
511 2434 533 2450 ⁸ο
546 2433 555 2460 l
568 2433 630 2461 Cor.
648 2442 707 2465 xm.
726 2434 768 2460 Η.

227 2507 283 2543 (σι)
303 2507 371 2543 Τότε
387 2506 551 2540 διήρκεσαν
563 2508 590 2533 οι
607 2505 699 2543 ἄρτοι.
713 2505 750 2533 Ita
769 2505 937 2543 eoilrailolm.
954 2511 981 2533 ct

189 2541 292 2571 Catena
312 2543 338 2568 in
355 2541 421 2568 Luc.
443 2549 481 2572 ix,
497 2549 558 2576 qum
576 2549 627 2568 ms.
644 2542 758 2569 habetur
776 2542 802 2568 in
818 2542 981 2568 bibliotheca

192 2577 386 2605 Mazariuiana.
402 2576 514 2604 Videtur
527 2577 605 2603 aliter
618 2576 746 2604 habuisse
758 2576 864 2603 Erasmi
878 2577 979 2607 codex;

191 2613 231 2640 sic
240 2614 312 2640 enim
330 2612 388 2647 ipse
403 2613 500 2639 vertit:
518 2622 526 2636 ι
537 2617 603 2639 tunc
616 2612 803 2646 suscipiebant
814 2611 851 2638 illi
863 2619 976 2646 mnes.»

192 2647 323 2675 "UETIUS.

227 2682 283 2717 (65)
301 2683 401 2717 οἱμὲν
420 2681 550 2717 ἀριθμῶν
560 2682 648 2714 ἄξιοι.
675 2680 737 2708 Haec
757 2681 871 2708 fideliter
888 2680 981 2707 retulit

195 2718 388 2755 literonyinus._
401 2717 448 2755 11)..
491 2752 501 2755 η
509 2752 521 2755 ιγ
632 2753 638 2755 Δ
702 2752 707 2755 ι
882 2750 901 2755 ν

228 2751 333 2786 (66)οι
358 2752 392 2777 δὲ
415 2752 457 2786 μὴ
484 2752 561 2784 ἄξιοι
583 2752 780 2785 τηλικούτου,
801 2756 854 2779 etc.
882 2751 980 2778 Notum

192 2786 296 2821 Pythiae
311 2794 472 2820 responsum
486 2786 693 2820 Megarensibus
706 2787 799 2813 datum
815 2795 820 2813 :

199 2842 290 2876 Ὺμεις
298 2841 335 2873 (θ’,
346 2839 525 2877 ὧιυεγαρεῖς,
534 2842 594 2868 οὔτ’
605 2842 639 2867 ὲ)-
651 2843 738 2876 Mys),
749 2842 809 2868 οὔτ’
818 2841 850 2868 ἐν
867 2841 986 2876 ἱραί-μεῖν

808 2434 829 2449 ³¹
846 2433 939 2461 Matth.
956 2443 1011 2468 xw,
1024 2435 1069 2461 2|.

1039 2258 1134 2293 ἄνδρες
1154 2256 1233 2293 ἦσαν·
1250 2260 1275 2286 οἱ
1291 2259 1319 2285 δὲ
1342 2259 1379 2295 μὴ
1401 2259 1470 2292 ἄξιοι
1494 2260 1655 2296 τηλικούτου
1673 2261 1731 2298 (66)
1756 2262 1833 2295 λόγου

1039 2303 1086 2330 καὶ
1102 2303 1231 2340 ἀριθμοῦ,
1248 2305 1342 2337 παῖδες
1357 2303 1428 2341 ἦσαν
1446 2306 1492 2332 καὶ
1507 2308 1646 2340 γυναῖκες.
1665 2307 1836 2342 Τροπολογεί

1039 2349 1067 2375 δέ
1080 2358 1124 2384 μοι
1139 2350 1184 2376 καὶ
1207 2350 1270 2382 τοὺς
1293 2351 1400 2383 παῖδας,
1420 2350 1490 2377 κατὰ
1511 2351 1554 2378 τό·
1581 2361 1589 2376 α
1617 2352 1676 2379 Οὐκ
1698 2353 1836 2389 ἠδυνήθη]

1108 2434 1131 2450 ³³
1144 2433 1223 2460 Num.
1242 2440 1260 2464 ι,
1279 2433 1305 2458 5.

1034 2506 1106 2554 qugd
1120 2506 1213 2533 retulit
1221 2504 1314 2532 Dinias
1325 2513 1331 2530 2
1341 2503 1386 2532 cui
1395 2503 1488 2530 allusit
1498 2503 1599 2530 Theon
1607 2504 1675 2534 itus,
1685 2504 1761 2539 idyll.
1774 2511 1815 2531 xit
1827 2512 1834 2530 :

1036 2565 1142 2601 Ἄμμες
1155 2563 1182 2588 δ’
1198 2562 1268 2601 opta
1280 2561 1359 2601 ,λέγω
1376 2559 1459 2593 τινὸς
1469 2559 1559 2592 ἄξιοι,
1576 2560 1611 2587 οὗ
1618 2561 1642 2586 τ’
1658 2559 1834 2594 ἀριθματοί.

1033 2600 1181 2625 Adamn-0L
1195 2599 1348 2632 Μεγαρῆες
1359 2603 1367 2612 ⁶

1033 2661 1060 2683 et
1076 2655 1270 2686 Callimachus,
1282 2654 1443 2689 epigramm.
1455 2653 1488 2680 dc
1500 2652 1655 2687 (Iallignoto
1669 2662 1678 2680 :

1093 2733 1100 2740 .
1114 2733 1120 2740 .
1137 2732 1143 2738 .
1157 2731 1164 2738 .
1176 2732 1182 2738 .
1197 2732 1203 2738 .
1218 2732 1225 2738 .
1237 2731 1243 2738 .
1263 2711 1320 2744 Τῆς
1335 2709 1368 2736 δὲ
1382 2710 1527 2742 ταλαίνης

1039 2760 1175 2793 Νύμφης,
1189 2757 1230 2790 ὡς
1246 2755 1413 2790 Μεγαρέων,
1427 2756 1462 2781 οὺ
1479 2755 1582 2789 λόγος,
1600 2754 1664 2781 οὔτ’
1675 2754 1816 2791 ἀριθμός.

1039 2805 1101 2832 ll.ce
1115 2804 1235 2839 respexit
1248 2802 1342 2838 procul
1354 2801 1437 2829 dubio
1448 2799 1591 2835 Origenes.
1607 2799 1744 2830 llus-rius.
