1880 3045
176 131 225 157 5H

177 199 239 219 nem
252 190 390 223 continet,
404 190 481 225 juxta
507 193 666 227 mysterium
683 191 799 221 .Iuhilati.
815 191 860 224 qui
881 193 910 218 tit
937 193 963 219 in
980 198 1000 224 Λ

175 237 257 264 annis
282 237 480 272 quinquaginta
500 257 507 269 ,
528 238 568 264 vel
595 237 657 264 l'csti
678 238 750 272 quod
766 237 919 264 celebratur
936 239 962 264 in

177 282 347 310 Pentecoste.
375 282 508 310 Existimo
531 287 621 310 autem
654 283 798 310 duodecim
831 283 964 318 cophinos

176 328 259 356 fuisse
272 327 343 363 apud
353 328 502 363 discipulos
518 328 618 362 quibus
643 327 746 355 dictum
767 332 809 355 est
821 328 843 343 ’ί
858 336 866 355 :
886 337 896 353 ι
915 327 963 355 Se-

176 373 273 401 dcbitis
287 381 369 409 super
383 374 462 401 sedes
477 373 630 406 duodecim,
639 372 882 409 ﬁsojudicantes
894 373 964 400 d-uo-

176 420 262 448 decim
278 421 365 449 tribus
381 420 475 448 lsrael.
495 429 504 445 ι
521 419 555 447 Et
567 419 797 455 quemadmodum
812 419 865 447 diei
878 420 964 454 possit

176 467 253 495 sedes
266 466 414 501 judicantis
426 466 524 493 tribum
537 465 644 499 Ruben,
661 473 723 493 esse
739 465 902 504 mysterium
915 474 922 499 ;
936 471 964 494 et

173 512 412 546 sedcsjudicantis
442 511 542 538 tribum
573 511 710 547 Symeon,
738 516 767 538 et
795 511 847 539 alia
861 511 962 539 tribum

172 557 252 590 Juda,
269 562 296 586 et
313 558 349 585 ita
366 557 511 592 deinceps;
529 557 568 585 sic
583 558 667 585 etiam
687 558 723 585 sit
735 557 870 592 cophinus
887 557 963 585 ciba-

172 605 276 631 riorum
292 603 397 635 Ruben,
413 608 440 630 et
450 604 520 631 alius
535 603 652 639 Symeon
665 625 672 639 ,
690 608 716 631 et
727 604 798 632 alius
813 603 889 631 Levi.
907 603 961 631 Sed

172 658 226 679 non
243 654 285 678 est
298 650 438 686 praesentis
451 654 584 677 tractatus
598 657 686 684 usque
696 650 765 677 adeo
779 658 853 677 nunc
869 658 884 677 a
897 657 961 685 pro-

170 695 259 730 posito
270 695 415 726 divertere,
434 697 464 721 ut
480 701 512 722 ea
531 698 715 729 congerantur
727 702 788 731 quae
804 694 838 722 de
856 694 960 721 duode-

917 132 1078 160 OllIGENIS

1764 135 1815 162 9i!

1016 193 1086 220 κατὰ
1099 193 1147 228 τὴν
1171 193 1361 229 Πεντηκοστὴν
1376 195 1471 230 ἑορτῆς
1488 194 1552 228 (75).
1576 193 1663 228 Οἶμαι
1674 193 1715 225 δὲ,
1730 194 1775 219 ὅτι
1791 194 1814 220 οἱ

1017 238 1121 265 δώδεκα
1135 239 1240 273 κόφινοι
1260 237 1332 274 ἦσαν
1345 239 1421 276 παρὰ
1437 242 1493 271 τοῖς
1511 240 1657 275 μαθηταῖς,
1679 239 1753 274 πρὸς
1768 239 1814 270 οὓς

1016 284 1133 320 εῖρηται-
1153 293 1161 309 ι
1178 284 1336 320 Καθήσεσθε
1352 286 1399 313 ἐπὶ
1416 285 1519 313 δώδεκα
1532 286 1654 322 θρόνους,
1671 287 1814 322 κρίνοντες

1016 329 1065 361 τὰς
1083 329 1116 355 ιϐ’
1140 330 1226 364 φυλὰς
1240 331 1288 357 τοῦ
1309 331 1426 367 Ἰσραήλ.
1445 341 1456 357 ι
1473 332 1528 359 Καὶ
1548 331 1644 368 ὥσπερ
1656 332 1769 366 λέγοιτο
1784 333 1814 359 ἂν

1019 375 1167 411 μυστήριον
1189 373 1259 403 εἶναι
1278 376 1373 412 θρόνος
1393 377 1533 413 κρίνοντος
1556 377 1644 413 φυλὴν
1670 378 1813 413 Ῥουδεὶμ.

1017 420 1064 445 καὶ
1077 419 1171 455 θρόνος
1185 420 1324 456 κρίνοντος
1335 421 1424 457 φυλὴν
1432 423 1553 457 Συμεὼν,
1567 423 1615 452 κα)⁴
1626 423 1708 455 ἄλλος
1724 424 1813 459 φυλὴν

1023 465 1118 497 Ἰούδα,
1131 467 1178 494 καὶ
1194 467 1266 494 οὕτω
1281 468 1400 503 καθεξῆς
1409 477 1416 484 ·
1434 468 1521 501 οὕτως
1531 470 1573 505 εἵη
1586 470 1622 497 ἂν
1637 470 1686 496 καὶ
1699 471 1813 504 κόφινος

1016 512 1120 548 τροφῆς
1155 513 1295 550 Ῥουϐεὶμ,
1322 515 1372 541 καὶ
1399 515 1478 547 ἄλλος
1505 516 1632 552 Συμεὼν,
1656 518 1704 544 καὶ
1731 517 1814 548 ᾶλλθς

1017 558 1093 585 Aeci.
1113 559 1151 586 Οὐ
1167 560 1236 586 κατὰ
1253 560 1301 587 τὸν
1314 561 1435 597 παρόντα
1451 561 1480 588 δέ
1490 562 1548 589 ὲστι
1561 562 1643 596 λόγον
1651 562 1701 589 νῦν
1717 563 1814 589 τοσοῦ-

1014 611 1060 631 τον
1074 604 1187 640 ὲκὸῆναι
1199 605 1246 632 τοῦ
1260 607 1452 642 προκειμένου,
1465 608 1503 640 ὡς
1518 610 1681 643 συναγαγεῖν
1691 608 1728 637 τὰ
1740 610 1808 644 περὶ

1015 650 1071 677 τῶν
1087 651 1120 677 ιε’
1137 651 1238 686 φυλῶν,
1253 653 1301 679 καὶ
1317 653 1370 689 ἰδίᾳ
1381 653 1417 680 τὰ
1433 654 1499 689 περὶ
1512 655 1631 690 ἑκάστης
1647 655 1749 687 αὐτῶν,
1767 657 1813 682 καὶ

1013 695 1100 722 εἰπεῖν
1118 695 1161 728 τίς
1177 697 1278 734 ἑκάστη
1293 698 1340 725 τοῦ
1353 699 1462 734 Ἰσραὴλ
1476 699 1557 735 φυλή.

171 742 361 772 cimtrihubus
372 741 425 769 dici
441 745 568 776 possunt,
585 745 612 768 et
633 748 758 768 seorsum
774 741 808 768 de
829 741 943 777 singulis
957 763 965 774 ,
992 745 1020 769 et
1046 750 1173 777 quaenam
1197 743 1278 772 fuerit
1304 752 1476 780 unaquaeque
1507 746 1595 774 tribus
1619 747 1704 773 lsracl
1727 754 1813 781 expo-

171 796 247 817 nere.

207 835 234 862 ι.
253 843 263 859 ι
284 833 315 860 Et
331 834 423 862 statim
439 834 571 869 compulit
588 834 738 870 discipulos
763 834 911 862 ascendere
933 835 960 861 in
977 839 997 866 ῃ

170 880 324 908 naviculam
335 901 343 913 ,
375 885 402 908 et
417 880 569 917 praecedere
591 888 655 907 eum
685 885 760 908 trans
776 880 875 908 fretum
888 901 895 913 ,
913 881 962 908 do-

169 934 222 954 nec
235 926 382 954 dimitteret
395 926 489 954 turbas
500 927 533 952 ".
546 936 554 952 I
566 926 771 955 Observandum
784 931 836 959 est,
854 926 961 962 quoties

169 973 199 1000 in
213 972 309 1000 iisdem
325 972 394 1000 locis
408 972 511 1000 dictum
526 977 568 1000 est
581 973 755 1005 vocabulum,
775 982 784 998 ι
806 973 901 1005 turbae,
918 977 962 1000 iet

170 1017 245 1046 aliud
261 1018 434 1051 vocabulum,
452 1027 461 1044 ι
472 1019 614 1053 discipuli;
637 1028 647 1045 ι
667 1023 696 1046 ut
709 1026 743 1046 ex
759 1019 960 1050 observatione.

171 1067 198 1090 et
224 1069 319 1090 eorum
349 1063 546 1090 vocabulorum
570 1064 730 1091 collectione
759 1065 960 1099 perspiciatur,

170 1108 260 1137 fuisse
276 1109 451 1144 evangelistis
469 1109 639 1144 propositum
655 1117 704 1144 per
720 1110 905 1145 evangelicam
919 1111 961 1137 hi-

169 1155 282 1183 storiam
298 1155 464 1183 differentias
476 1163 570 1183 eorum
596 1155 643 1192 qui
659 1155 693 1183 ad
707 1155 802 1184 Jesum
827 1156 962 1185 accedunt

169 1202 327 1234 declarare;
343 1209 461 1237 quorum
477 1201 496 1229 il
516 1201 626 1237 quidem
640 1206 704 1230 sunt
719 1202 816 1235 turbae,
835 1206 862 1230 et
877 1202 960 1230 disci-

169 1247 225 1282 puli
242 1254 296 1275 non
308 1247 496 1282 appellantur;
511 1248 558 1275 alii
568 1254 633 1275 vero
651 1247 790 1282 discipuli,
801 1247 889 1275 turbis
901 1255 960 1274 me-

168 1294 261 1322 liores.
274 1292 379 1321 Suﬂicit
395 1297 486 1320 autem
498 1293 526 1320 in
541 1293 687 1328 praesentia
704 1300 791 1327 pauca
804 1293 887 1321 verba
909 1300 960 1321 nos

169 1339 304 1374 proferre,
316 1343 347 1367 ut
361 1339 395 1366 ab
411 1339 445 1366 iis
461 1339 597 1366 excitatus
613 1338 749 1373 quispiam
769 1339 858 1366 simile
879 1339 961 1367 faciat

169 1386 196 1413 in
211 1385 340 1413 omnibus
353 1384 516 1420 Evangeliis.
532 1383 616 1417 Quasi
633 1383 720 1411 turbis
733 1384 817 1420 igitur
829 1384 960 1413 inferiore

168 1432 230 1459 loco
243 1430 428 1462 manentibus,
443 1437 506 1457 cum
518 1428 644 1463 discipuli
659 1428 691 1455 ad
707 1428 812 1463 Iesum,
825 1430 872 1465 qui
880 1438 958 1458 mon-

168 1481 223 1504 tem
238 1475 446 1507 conscenderat,
463 1475 538 1502 adire
551 1478 673 1509 possent,
689 1481 746 1508 quo
763 1475 850 1503 turbae
859 1483 959 1510 perve-

169 1521 228 1549 nire
240 1529 295 1549 non
311 1524 434 1556 poterant
449 1540 458 1553 ,
481 1520 541 1547 haec
566 1519 667 1555 scripta
683 1523 748 1547 sunt
763 1520 787 1536 "
803 1529 811 1547 :
827 1529 836 1546 ι
856 1520 960 1549 Videris

170 1572 262 1595 autem
275 1566 356 1594 Jcsus
370 1566 477 1598 turbas,
492 1565 616 1593 ascendit
641 1565 669 1592 in
684 1570 804 1597 montem
821 1574 829 1600 ;
846 1571 874 1595 et
897 1574 960 1595 cum

170 1612 297 1645 sedisset,
317 1614 494 1639 accesserunt
505 1610 539 1638 ad
551 1618 614 1638 cum
628 1611 755 1647 discipuli
770 1611 842 1646 ejus,
855 1616 882 1640 et
896 1619 960 1647 ape-

170 1660 245 1687 riens
259 1665 292 1687 os
307 1665 386 1685 suum
401 1657 518 1685 docebat
527 1663 585 1688 eos,
598 1656 693 1686 dicens
712 1666 717 1684 :
735 1656 809 1687 Beati
826 1665 960 1694 pauperes

169 1705 280 1741 spiritu,
300 1713 309 1730 ι
328 1708 356 1731 et
380 1711 441 1738 quae
465 1707 626 1737 sequuntur.
641 1703 675 1730 Et
699 1711 795 1732 rursus
810 1704 864 1732 alio
878 1704 938 1732 loco
951 1726 958 1738 ,

168 1759 233 1781 cum
248 1749 416 1780 multitudini
430 1749 537 1779 sanatio
552 1756 622 1785 opus
634 1749 724 1784 foret,
739 1749 845 1781 dictum
859 1755 901 1782 est
915 1750 957 1778 “z

171 1807 182 1823 ι
200 1796 292 1825 Secuti
308 1801 371 1824 sunt
388 1803 451 1823 eum
466 1796 555 1830 multi,
571 1801 597 1824 et
616 1796 722 1824 curavit
740 1803 846 1824 omnes.
871 1806 882 1822 ι
898 1795 957 1825 Non

168 1843 321 1879 reperimus
333 1846 424 1869 autem
437 1842 571 1877 scriptum
584 1842 617 1870 de
629 1841 772 1877 discipulis
787 1847 899 1869 sanatos
907 1842 957 1870 hos

166 1889 265 1921 fuisse,
280 1889 343 1924 quia
361 1888 384 1916 si
399 1888 461 1924 quis
470 1888 528 1923 jam
548 1893 590 1915 est
603 1887 755 1922 discipulus
770 1886 834 1915 Jesu
848 1907 856 1919 ,
886 1888 958 1916 valet

166 1935 223 1968 illo,
240 1939 267 1963 et
281 1939 354 1963 recte
367 1942 397 1962 se
413 1933 518 1961 habens
531 1941 600 1968 opus
613 1933 696 1960 habet
709 1932 845 1965 .lesu,nou
858 1937 888 1960 ut
901 1941 958 1960 me-

167 1975 247 2014 dico,~
261 1980 309 2009 sed
339 1984 451 2015 propter
474 1979 542 2006 alias
555 1978 615 2014 ejus
637 1979 762 2006 virtutes.
779 1978 886 2006 Rursus
903 1979 957 2006 alio

166 2028 228 2056 loco
242 2027 266 2043 "
280 2035 287 2054 :
309 2036 318 2053 ι
337 2026 478 2061 Loquente
490 2032 524 2053 eo
537 2025 571 2053 ad
581 2024 688 2058 turbas,
697 2030 783 2052 mater
793 2024 853 2059 ejus
862 2029 889 2052 et
906 2023 959 2051 ira-

167 2078 224 2101 tres
236 2073 345 2101 stabant
363 2071 429 2098 l'oris
458 2074 612 2105 quaerentes
629 2069 703 2104 loqui
725 2070 771 2103 ei;
791 2079 800 2095 ι
819 2069 892 2105 quod
918 2069 956 2096 illi

164 2119 351 2154 signiﬁcatum
363 2121 405 2144 est
418 2117 452 2144 ab
466 2116 569 2151 aliquo,
581 2115 626 2143 cui
635 2115 775 2150 respondit
786 2124 795 2141 ι
808 2115 958 2143 extendens

166 2171 291 2196 manum,
308 2173 318 2189 ι
333 2169 387 2189 non
405 2162 432 2189 in
448 2160 554 2194 turbas,
567 2161 614 2188 sed
630 2170 638 2186 ι
660 2161 686 2187 in
702 2159 862 2195 discipulos,
872 2160 956 2188 dixit-

166 2218 222 2246 quo
233 2219 240 2237 :
252 2209 323 2237 Ecce
337 2211 424 2235 mater
439 2214 500 2237 mea
514 2213 541 2234 et
555 2206 654 2234 fratres
667 2206 720 2233 mei
733 2214 740 2238 ;
761 2215 771 2231 ι
792 2210 819 2233 et
832 2205 955 2234 testimo-

166 2257 242 2284 nium
260 2253 406 2290 perhibens
420 2253 454 2280 de
470 2252 613 2287 discipulis
626 2272 633 2284 ,
651 2251 736 2286 utqui
757 2260 766 2277 ι
786 2251 953 2279 voluntatem

166 2301 256 2330 Patris
277 2310 286 2327 ι
304 2299 426 2327 facerent
442 2308 451 2325 ι
470 2299 517 2334 qui
542 2298 570 2325 in
586 2297 663 2326 cmlis
678 2302 720 2324 est
734 2306 740 2324 :
759 2298 819 2333 ipse
835 2305 912 2325 meus
929 2303 956 2325 et

165 2348 260 2380 frater,
277 2351 305 2374 et
320 2353 410 2377 soror,
426 2349 454 2372 et
464 2349 551 2372 mater
565 2348 616 2372 est.
629 2353 638 2369 ›
648 2343 682 2370 Ει
694 2351 791 2372 rursus
804 2343 869 2371 alibi
884 2344 953 2372 scri-

164 2396 241 2426 ptum
251 2394 295 2418 est
304 2390 327 2405 °°
341 2398 348 2416 :
367 2398 376 2415 ι
390 2388 505 2416 Omnem
521 2388 628 2416 turbam
644 2388 752 2415 stetisse
765 2388 911 2422 itLlittore,
928 2393 955 2416 et

164 2437 286 2464 locutum
311 2434 397 2462 fuisse
419 2434 504 2461 multa
519 2434 548 2461 in
564 2432 702 2469 parabolis
717 2442 724 2467 ;
747 2443 756 2458 ι
775 2433 875 2461 deinde
890 2439 953 2468 post

164 2481 322 2518 parabolam
334 2480 459 2513 sationis,
471 2480 631 2508 accedentes
644 2488 698 2507 non
711 2479 768 2512 jam
784 2479 889 2512 turbas,
906 2480 953 2508 scd

163 2527 325 2563 discipulos,
339 2526 442 2554 dixisse
452 2525 488 2558 ei,
502 2532 555 2552 non
574 2534 580 2552 :
597 2524 679 2560 48],
695 2534 704 2549 ι
721 2524 812 2557 Quare
827 2525 854 2552 iu
872 2533 952 2560 para-

164 2575 234 2603 bolis
260 2574 381 2610 loqueris
403 2573 503 2600 nobis?
523 2582 531 2598 ι
548 2572 594 2600 sed
609 2581 616 2599 ε
633 2582 642 2597 ε
661 2571 752 2605 Quare
772 2573 798 2599 iu
816 2573 953 2608 parabolis

162 2620 333 2656 loquertscis
343 2618 385 2645 ’τί
404 2628 413 2644 ι
430 2617 491 2651 Quo
503 2622 624 2652 tempore
638 2617 808 2652 respondens
816 2617 885 2645 dixit
897 2626 951 2646 non

973 2193 995 2221 D

196 2689 216 2704 ἰ
236 2688 330 2716 Matth.
347 2696 403 2720 xIx,
421 2687 473 2720 28;
489 2687 555 2716 Luc.
573 2696 641 2720 χιιι,
655 2689 699 2715 50.
739 2689 761 2705 "
778 2688 873 2717 Matth.
889 2697 943 2721 xw,
960 2689 1004 2716 ‘22.

162 2722 209 2756 46,
220 2723 265 2755 47,
278 2723 322 2749 49.
360 2723 383 2739 ’⁸
396 2723 488 2750 Matth.
504 2730 565 2757 xm,
578 2724 605 2749 '2.
644 2723 666 2739 "’
680 2723 773 2751 Matth.
791 2731 851 2756 xm,
868 2724 912 2752 ill.

202 2801 260 2838 (ἶὸ)
276 2801 332 2838 Τῆς
351 2802 425 2838 κατὰ
445 2803 502 2838 τῂν
523 2803 739 2837 Πεντηιίοστὴν
751 2803 866 2838 ἑορτῆς.
882 2802 948 2830 illud

166 2840 208 2862 est
221 2835 449 2862 hebdomadarum
463 2837 573 2870 festum,
585 2835 619 2864 de
633 2847 687 2872 quo
703 2835 789 2865 Levit:
808 2835 886 2872 xii",
902 2839 947 2870 15,

1054 843 1064 858 ι
1085 834 1140 860 Καὶ
1154 833 1255 865 εὐθέως
1269 833 1410 868 ἠνάγκασε
1422 834 1485 866 τοὺς
1500 833 1624 870 μαθητὰς
1635 834 1756 869 ἐμϐῆναι
1773 834 1812 865 είς

1014 881 1044 907 τὸ
1060 880 1161 912 πλοῖον,
1177 880 1224 907 καὶ
1243 880 1376 916 προάγειν
1390 881 1471 907 αὑτὸν
1487 881 1527 912 εις
1545 880 1576 906 τὸ
1595 880 1694 916 πέραν,
1712 880 1770 912 ἓως
1783 878 1811 906 οὗ

1013 926 1135 962 ἀπολύσῃ
1149 927 1212 958 τοὺς
1222 926 1326 961 ὄχλους.
1341 935 1352 954 ι
1369 926 1579 962 Παρατηρητὲον
1596 926 1715 957 ποσάκις
1733 926 1810 962 εἴρη-

1011 980 1058 999 ται
1074 971 1146 998 κατὰ
1157 972 1221 1003 τοὺς
1236 971 1336 1003 αὐτοὺς
1346 972 1447 1003 τόπους
1457 971 1486 998 τὸ
1499 972 1595 1007 ὄνομα,
1621 981 1631 998 ι
1645 972 1670 998 οἱ
1691 971 1780 1006 ὄχλοι,
1798 981 1806 994 ι

1018 1017 1066 1044 καὶ
1085 1017 1149 1044 ἄλλο
1177 1017 1272 1053 ὄνομα,
1290 1027 1302 1043 ο
1316 1018 1341 1044 οἱ
1368 1017 1497 1053 μαθηταί,
1516 1027 1529 1044 ι
1554 1018 1589 1044 i'v‘
1601 1018 1634 1044 ὲκ
1647 1017 1698 1051 τῆς
1720 1026 1810 1053 παρα-

1014 1063 1158 1098 τηρήσεως
1177 1063 1225 1089 καὶ
1240 1062 1290 1098 τῆς
1302 1063 1366 1099 περὶ
1379 1062 1476 1093 τούτου
1490 1063 1652 1098 συναγωγῆς
1667 1063 1809 1099 θεωρηθῇ,

1012 1109 1053 1135 ὅτι
1073 1109 1106 1135 τὺ
1130 1109 1309 1144 προκείμενον
1326 1110 1384 1141 τοις
1405 1109 1610 1144 εὐαγγελιστάς
1631 1108 1667 1145 ἦν
1690 1109 1737 1137 διὰ
1758 1110 1810 1145 τῆς

1011 1153 1192 1189 εὐαγγελικῆς
1222 1153 1343 1190 ίστορίας
1381 1154 1555 1190 παραστῆσαι
1591 1154 1728 1189 διαφορὰς
1753 1154 1810 1180 τῶν

1012 1200 1240 1236 προσερχομένων
1254 1200 1293 1236 τῷ
1309 1199 1408 1235 Ἰησοῦ·
1420 1197 1458 1227 ὧν
1470 1201 1494 1227 οι
1510 1201 1559 1236 μιν
1573 1201 1643 1227 εἰσιν
1659 1201 1746 1236 ὄχλοι,
1761 1201 1809 1227 καὶ

1010 1245 1042 1272 οὐ
1051 1243 1248 1281 χρηματίζουσι
1260 1244 1387 1280 μαθηταὶ,
1398 1245 1523 1281 ἕτεροιδὲ
1532 1246 1557 1272 οἱ
1565 1245 1701 1281 μαθηταὶ,
1719 1246 1810 1281 κρείτ-

1010 1299 1073 1323 τους
1100 1291 1280 1326 τυγχάνοντες
1302 1291 1356 1318 τῶν
1380 1291 1477 1327 ὄχλων.
1508 1293 1600 1328 ’Δρκεϊ
1624 1292 1654 1318 δὲ
1681 1293 1731 1318 ἐπὶ
1759 1292 1807 1320 τοῦ

1011 1337 1147 1372 παρόντος
1159 1337 1236 1372 ὀλίγα
1252 1338 1322 1373 ῥητὰ
1333 1337 1407 1373 ἡμᾶς
1422 1337 1602 1374 παραθέσθαι,
1619 1339 1664 1365 ἴνα
1676 1338 1733 1365 ἀπὸ
1746 1338 1808 1367 τού-

1010 1391 1065 1409 των
1090 1382 1210 1419 κινηθείς
1236 1391 1278 1415 τις
1297 1383 1326 1410 τὸ
1344 1383 1436 1419 ὅμοιον
1461 1385 1564 1421 ποιήσῃ
1583 1385 1633 1411 ἐπὶ
1655 1384 1727 1412 ὅλων
1752 1385 1807 1411 τῶν

1010 1427 1194 1462 Εὐαγγελίων.
1212 1427 1370 1463 Γέγραπται
1385 1428 1486 1462 τοίνυν,
1505 1429 1543 1461 ὡς
1560 1429 1637 1456 κάτω
1647 1429 1705 1456 τῶν
1718 1430 1805 1465 ὄχλων

1009 1473 1209 1509 τυγχανόντων,
1226 1473 1279 1499 τῶν
1294 1473 1323 1499 δὲ
1339 1473 1468 1509 μαθητῶν
1490 1474 1621 1502 ἀναδάντι
1640 1475 1683 1506 εἰς
1697 1475 1731 1501 τὸ
1746 1475 1807 1510 ὄρος

1011 1519 1051 1555 τῷ
1077 1518 1166 1555 Ἰησοῦ
1190 1519 1348 1554 δυναμένων
1367 1519 1537 1555 προσελθεῖν,
1553 1520 1617 1547 ἔνθα
1639 1521 1691 1556 οὐχ
1710 1518 1807 1548 οἷοίτε

1011 1562 1082 1602 ἦσαν
1106 1565 1133 1593 οι
1155 1564 1228 1600 ὄχλοι
1246 1565 1384 1599 γενέσθαι.
1398 1566 1527 1593 τοιαῦται
1557 1576 1567 1592 ι
1597 1566 1672 1593 Ἰδὼν
1692 1567 1723 1593 δὲ
1742 1568 1806 1599 τοὺς

1010 1611 1116 1647 ὄχλους,
1141 1611 1224 1647 ἀνέϐη
1248 1613 1288 1644 εἰς
1304 1612 1335 1639 τὸ
1354 1613 1427 1648 ὄρος·
1452 1613 1500 1640 καὶ
1525 1613 1689 1645 καθίσαντος
1710 1614 1805 1645 αὑτοῦ,

1011 1658 1162 1694 προσῆλθον
1178 1658 1252 1693 αὐτῷ
1276 1658 1300 1684 οἱ
1317 1658 1435 1694 μαθηταὶ
1461 1659 1555 1693 αὑτοῦ,
1578 1661 1626 1688 καὶ
1647 1661 1760 1695 ἀνοίξας
1776 1663 1807 1689 τὸ

1012 1703 1099 1739 στόμα
1113 1703 1195 1730 αὐτοῦ
1218 1704 1358 1731 ἐδίδασκεν
1371 1705 1469 1737 αὐτοὺς
1489 1705 1577 1741 λέγων
1589 1715 1595 1721 ·
1620 1707 1763 1744 Μακάριοι
1780 1708 1806 1735 oi

1010 1749 1113 1787 πτωχοὶ
1125 1749 1165 1785 τῷ
1181 1749 1335 1786 πνεύματι,
1353 1760 1362 1776 ι
1387 1750 1433 1778 καὶ
1449 1752 1484 1778 τὰ
1506 1752 1581 1787 ἑξῆς.
1596 1752 1654 1779 Καὶ
1678 1753 1762 1780 πάλιν
1775 1753 1807 1779 ἐν

1008 1795 1081 1831 ἄλλῳ
1094 1796 1180 1831 τόπῳ,
1196 1796 1234 1827 ὼς
1251 1796 1305 1823 τῶν
1320 1796 1407 1832 ὄχλων
1421 1797 1558 1832 δεομένων
1577 1797 1742 1834 θεραπείας,
1758 1799 1803 1825 λέ-

1008 1840 1112 1868 λεκται·
1131 1850 1140 1866 ι
1166 1841 1365 1877 Ἢκολούθησαν
1382 1843 1456 1878 αὐτῷ
1472 1843 1545 1878 ὄχλοι
1559 1843 1662 1875 πολλοὶ,
1682 1845 1731 1870 καὶ
1745 1844 1804 1871 ἐθε-

1010 1887 1145 1922 ράπευσεν
1167 1887 1275 1919 αὐτούς.
1299 1897 1308 1913 ›
1329 1889 1386 1924 Οὐχ
1410 1888 1527 1925 εὕρομεν
1540 1889 1569 1916 δὲ
1586 1890 1650 1925 περὶ
1673 1890 1806 1925 μαθητῶν

1007 1933 1256 1968 ἀναγεγραμμένην
1277 1933 1436 1969 θεραπείανο
1458 1934 1532 1965 ἐπεὶ,
1551 1935 1578 1961 εἴ
1597 1935 1640 1966 τίς
1656 1935 1733 1961 ἐστιν
1752 1935 1803 1971 ήδη

1010 1978 1134 2014 μαθητὴς
1156 1977 1203 2004 τοῦ
1231 1977 1329 2014 Ἰησοῦ,
1354 1979 1472 2013 ὑγιαίνει
1496 1980 1610 2011 ἐκεῖνος,
1635 1981 1683 2007 καὶ
1710 1980 1803 2011 καλῶς

1008 2023 1077 2059 ἔχων
1096 2023 1181 2050 δεῖται
1198 2023 1245 2051 τοῦ
1274 2023 1373 2059 Ἰησοῦ,
1388 2024 1448 2059 οὐχὶ
1464 2024 1567 2059 ἰατροῦ,
1585 2024 1654 2051 ἀλλὰ
1669 2026 1741 2054 κατὰ
1754 2025 1804 2057 τὰς

1007 2069 1090 2101 ἄλλας
1107 2068 1189 2096 αὑτοῦ
1205 2068 1344 2104 δυνάμεις.
1361 2069 1444 2096 Πάλιν
1460 2070 1489 2096 ἐν
1509 2069 1580 2104 ἄλλῳ
1602 2069 1689 2105 τόπῳ·
1714 2080 1723 2096 ι
1745 2072 1803 2097 Δα-

1008 2115 1117 2147 λοῦντος
1136 2115 1221 2142 αὑτοῦ
1241 2116 1298 2147 τοῖς
1315 2115 1413 2150 ὄχλοις,
1433 2116 1455 2150 νὴ
1482 2116 1576 2151 μήτηρ
1597 2116 1683 2143 αὐτοῦ
1705 2117 1754 2143 καὶ
1778 2117 1803 2143 οἱ

1009 2162 1118 2196 ἀδελφοὶ
1132 2162 1307 2197 εἱστήκεισαν
1322 2161 1374 2193 ἔξω
1394 2161 1537 2197 ζητοῦντες
1551 2162 1668 2198 λαλῆσαι
1683 2162 1770 2198 αὐτῷ·
1790 2173 1800 2188 ι

1007 2208 1076 2244 ὅπερ
1092 2207 1166 2243 αὐτῷ
1187 2206 1319 2243 ἐδηλώθη,
1338 2207 1406 2243 πρὸς
1418 2207 1447 2234 ὃν
1462 2207 1629 2244 ἀπεκρίνατο
1647 2218 1657 2234 ι
1676 2209 1803 2241 ἐκτείνας

1006 2254 1056 2289 τὴν
1068 2255 1157 2289 χεῖρα,
1171 2263 1180 2280 ι
1195 2254 1246 2280 οὐκ
1255 2254 1303 2280 ἐπὶ
1314 2254 1377 2286 τοὺς
1391 2254 1496 2289 ὄχλους,
1513 2253 1569 2280 ἀλλ’
1584 2263 1593 2279 ι
1606 2255 1654 2281 ἐπὶ
1666 2254 1729 2285 τοὺς
1746 2263 1801 2290 μα.-

1006 2298 1101 2334 θητὰς,
1117 2298 1165 2325 καὶ
1181 2296 1257 2325 εἶπεν
1266 2307 1272 2314 ·
1285 2308 1294 2324 ι
1311 2298 1377 2325 Ἰδοὺ
1391 2298 1406 2333 ή
1422 2298 1513 2334 μήτηρ
1527 2306 1577 2333 μου
1588 2299 1636 2325 καὶ
1650 2299 1676 2325 οἱ
1691 2299 1803 2334 ἀδελφοί

1007 2353 1058 2380 μου
1070 2353 1076 2359 ·
1096 2354 1105 2370 ι
1125 2345 1172 2371 καὶ
1190 2344 1336 2381 μαρτυρῶν
1350 2345 1406 2376 τοῖς
1427 2344 1570 2380 μαθηταῖς,
1591 2344 1629 2376 ὡς
1647 2345 1755 2372 ποιοῦσι
1770 2347 1803 2372 τὸ

1006 2390 1112 2426 θέλημα
1122 2390 1170 2417 τοῦ
1186 2390 1292 2426 Πατρὸς
1301 2390 1349 2417 τοῦ
1363 2391 1391 2417 ὲν
1403 2391 1459 2422 τοῖς
1474 2391 1607 2426 οὐρανοῖς·
1622 2400 1631 2417 ι
1644 2391 1730 2424 Αὐτός
1748 2400 1802 2428 μου

1005 2436 1052 2462 καὶ
1068 2435 1192 2470 ἁδελφὸς,
1208 2435 1256 2462 καὶ
1266 2435 1376 2471 ἀδελφὴ,
1393 2436 1442 2462 καὶ
1455 2436 1547 2472 μήτηρ
1559 2437 1627 2462 ἐστί.
1649 2447 1658 2463 ι
1675 2437 1732 2464 Καὶ
1748 2438 1801 2464 πά-

1005 2481 1046 2507 λιν
1059 2481 1088 2508 ὲν
1105 2480 1178 2516 ἄλλῳ
1190 2481 1266 2516 τόπῳ
1280 2481 1446 2516 γέγραπται,
1462 2481 1512 2514 ὅτι,
1535 2491 1543 2506 ι
1560 2482 1619 2514 Πᾶς
1631 2483 1646 2509 ὁ
1660 2482 1737 2518 ὄχλος
1753 2483 1800 2510 ἐπὶ

1004 2528 1049 2555 τὸν
1067 2527 1189 2562 αἰγιαλὸν
1209 2528 1342 2563 εἱστήκει,
1365 2528 1412 2554 καὶ
1430 2527 1560 2564 ἐλάλησεν
1582 2529 1610 2555 ἐν
1627 2529 1800 2565 παραϐολαῖς

1004 2574 1095 2605 αὑτοῖς
1113 2574 1214 2601 πολλά·
1234 2584 1244 2599 ι
1258 2572 1318 2600 εῐτα
1339 2573 1408 2609 μετὰ
1424 2573 1475 2610 τὴν
1494 2573 1541 2600 τοῦ
1556 2575 1658 2610 σπόρου
1676 2575 1799 2612 παραδο-

1004 2620 1053 2655 λὴν
1071 2619 1265 2656 προσελθόντες
1285 2619 1375 2646 οὐκέτι
1396 2619 1422 2646 οἱ
1443 2619 1527 2655 ὄχλοι,
1550 2619 1608 2647 ἀλλ’
1622 2621 1647 2648 οἱ
1666 2620 1797 2657 μαθηταὶ,

1055 2690 1077 2705 ⁸³
1090 2689 1182 2717 Matth.
1199 2698 1224 2723 v,
1244 2690 1268 2723 l,
1286 2690 1314 2723 Ξ,
1329 2690 1356 2717 3.
1394 2690 1416 2705 ’⁸
1429 2689 1524 2718 Matth.
1537 2698 1586 2724 xtl,
1603 2691 1647 2718 15.
1685 2690 1710 2707 ’⁸
1723 2690 1793 2719 ibid.

1003 2808 1030 2831 ct
1043 2804 1119 2832 Deut.
1130 2812 1188 2841 va,
1203 2805 1230 2838 9,
1241 2805 1399 2833 Pentecoste
1409 2805 1573 2841 appellatum
1583 2805 1602 2833 ll
1613 2805 1681 2834 Mac.
1695 2807 1795 2838 xu.52.

1008 2845 1034 2866 et
1046 2840 1115 2874 apud
1126 2838 1236 2876 Just-ph.
1253 2841 1300 2869 lib.
1316 2849 1334 2867 ιι
1353 2841 1389 2868 Dc
1408 2838 1473 2868 béllo
1489 2840 1569 2873 hut,
1581 2849 1606 2868 c.
1621 2842 1648 2869 2.
1668 2843 1805 2870 Hunnus.
