1880 3045
39 137 102 163 9‘25

536 136 714 164 COMMENT.
736 136 768 163 IN
791 137 998 165 ΜΑΤῚΊΙᾸΞΕΜ
1019 137 1136 165 TO.\ILTS
1158 137 1199 164 ΧΙ.

1627 139 1680 167 9‘16

42 194 124 228 Περὶ
140 194 200 232 τῷν
210 195 438 232 προσελθόντων
446 194 500 232 {92)
511 195 742 232 Φαρισαίων-καὶ
756 204 847 230 πραμ-

929 196 981 230 87
999 198 1035 223 tle
1050 195 1194 223 Phariswis
1205 201 1232 232 ret
1248 194 1349 232 Scribis
1362 195 1406 230 qui
1422 201 1583 232 accesserunt
1595 197 1685 222 dicen-

84 229 206 264 ματέρων
221 229 270 256 καί
286 229 544 263 ἐπερωτησάντων·
569 240 578 255 t
597 230 649 256 Διὰ
661 230 689 256 τί
703 232 730 256 oi
747 229 844 264 μαθή-

86 265 140 291 ται
156 273 214 291 σου
230 264 446 298 παραϐαίνουσι
458 265 515 298 τὴν
528 264 695 298 παράδοσιν
706 264 766 292 τῶν
779 273 848 299 πρε-

87 299 246 333 σϐυτέρων
254 307 263 330 ;
284 308 294 324 ι

91 379 101 395 ι
125 369 193 395 Τότε
209 369 402 404 προσέρχονται
420 368 493 403 αὐτῷ
509 369 563 395 ἀπὸ
585 368 779 404 Ἰεροσολύμων
795 369 849 395 Φα-

43 415 158 450 ρισαῖοι
178 415 225 441 καὶ
241 415 416 450 γραμματεῖς
428 413 568 448 λέγοντες·
587 414 635 440 Διὰ
649 414 675 440 τί
686 415 710 440 οί
728 413 848 449 μαθηταί

43 469 102 487 σου
123 461 323 496 παραϐαίνουσι
338 461 388 496 τὴν
405 461 553 497 παράδοσιν
566 461 619 487 τῶν
636 461 847 497 πρεσϐυτέρων;

41 507 80 533 οὐ
97 506 156 542 γὰρ
172 507 308 533 νίπτονται
327 506 376 538 τὰς
397 508 500 542 χεῖρας,
515 507 580 533 ὅταν
600 507 681 542 ἄρτον
697 506 816 532 ὲσθίωσι.
837 515 846 531 ι

42 553 259 588 Παρατηρήσας
268 553 337 580 κατὰ
347 556 421 579 ποῖον
433 553 528 588 καιρὸν
541 552 693 588 προσῆλθον
705 552 743 587 τῷ
761 551 848 587 Ἰησοῦ

43 598 109 624 ἀπὸ
132 598 326 634 Ἰεροσολύμων
349 600 488 634 Φαρισαῖοι
508 599 556 625 καὶ
571 601 744 635 γραμματεῖς
762 598 850 633 λέγον-

41 654 99 676 τες
108 654 115 659 ·
132 655 142 671 t
160 645 210 671 Διὰ
222 645 246 672 τί
258 646 281 671 οἱ
296 645 415 681 μαθηταί
430 654 475 672 σου
489 645 688 681 παραϐαίνουσι
700 645 749 680 τὴν
761 645 850 681 παρά-

42 691 128 717 δοσιν
142 690 198 717 τῶν
214 691 424 727 πρεσϐυτέρων;
444 702 452 717 ι
473 693 519 718 καὶ
540 692 575 719 τὰ
592 692 665 726 ἑξῆς,
681 692 793 724 εἴσεται,
808 692 850 718 ὅτι

42 735 215 770 ἀναγκαίως
236 736 251 762 ὁ
271 736 407 769 Ματθαῖος
425 737 474 773 οὐχ
489 737 581 769 ἁπλῶς
605 737 741 772 ἀνέγραψε
763 745 849 772 προσ-

42 781 216 817 εληλυθέναι
245 783 307 813 τοὺς
338 783 392 809 ἀπὸ
416 783 608 818 Ἱεροσολύμων
621 783 781 818 Φαρισαίους
804 784 851 810 καὶ

43 829 233 863 γραμματεῖς
246 827 285 862 τῷ
298 828 404 864 Σωτῆρι
421 828 640 864 πυνθανομένους
653 828 733 854 αὐτοῦ
751 829 786 855 τὰ
803 830 848 855 ὲκ-

934 236 971 257 tes
985 239 994 258 :
1009 241 1018 256 ι
1033 231 1121 263 Quare
1142 231 1267 266 discipuli
1288 231 1328 257 tui
1355 231 1584 265 transgrediuntur
1602 232 1686 258 tradi-

934 266 1030 293 tionem
1048 267 1180 293 seniorum
1191 266 1204 293 .’
1218 275 1227 291 ι

934 378 961 405 8.
982 387 990 403 ε
1007 377 1084 405 Tunc
1108 382 1284 406 accesserunt
1307 379 1339 406 ad
1365 386 1428 406 eum
1454 380 1488 406 ab
1511 377 1686 414 Jcrosolymis

898 423 1028 452 Pharisaei
1050 428 1077 451 et
1102 423 1205 451 Scriba:
1225 425 1347 452 dicentes
1365 433 1372 451 :
1394 424 1484 457 Quare
1503 424 1628 458 discipuli
1646 423 1686 450 tui

898 470 1140 504 transgrediuntur
1164 470 1336 497 traditioan
1365 470 1523 497 seniorum?
1540 477 1593 496 non
1614 468 1686 495 enim

898 515 991 542 lavant
1006 523 1104 542 manus
1119 524 1183 543 suas
1195 523 1256 543 cum
1271 523 1366 550 panem
1383 515 1548 542 manducant
1558 515 1591 540 ".
1608 525 1617 540 ι
1633 513 1686 547 Qui

899 561 1083 588 observaverit
1097 569 1151 594 quo
1173 565 1294 595 tempore
1310 564 1486 587 accesserunt
1504 560 1538 586 ab
1552 559 1689 594 Jerosoly-

900 604 952 631 mis
964 603 1093 632 Pharisaei
1108 610 1134 631 et
1149 604 1252 632 Scribte
1270 605 1389 632 dicentes
1404 614 1410 631 :
1430 615 1438 630 ‹
1454 605 1544 637 Quare
1560 604 1686 638 discipuli

900 649 938 675 tui
953 649 1190 684 trausgrediuntnr
1206 649 1378 676 traditionem
1392 649 1552 676 seniorum?
1566 658 1574 675 ι
1588 654 1617 676 et
1626 655 1688 682 qua

901 699 1072 728 sequuntur,
1102 695 1169 722 sciet
1201 694 1245 722 ille
1270 695 1426 721 necessario
1452 694 1608 721 Matth-acum
1632 701 1688 721 nott

901 739 1059 774 simpliciter
1072 740 1214 775 scripsisse
1225 739 1379 767 Pharisatos
1390 745 1417 767 et
1428 739 1472 767 Sci
1480 740 1538 767 ibas
1546 747 1578 767 ea
1591 739 1687 766 scisci-

901 789 989 812 tantes
1011 786 1046 812 ab
1069 794 1102 812 eo
1129 794 1189 821 qua:
1211 786 1312 820 scripta
1336 790 1457 819 exstant,
1475 786 1522 813 sed
1544 786 1687 820 posuisse:

905 839 913 854 ε
931 829 1007 856 Tunc
1021 834 1197 857 accesserunt
1206 830 1238 857 ad
1254 838 1316 858 eum
1329 831 1363 858 ab
1375 830 1563 866 Jerosolymis.
1576 840 1585 856 ι
1596 830 1689 863 Quan-

42 874 185 909 κείμενα,
210 873 277 900 ἀλλὰ
303 874 453 909 πεποίηκε·
483 884 493 900 ι
513 875 581 901 Τότε
605 875 770 910 ἀπέρχονται
794 875 849 910 (95)

929 875 1033 909 >igitur
1056 875 1133 908 illud,
1158 885 1167 901 ‹
1183 880 1259 907 tunc,
1284 885 1293 901 ι
1317 865 1521 910 intelligendum
1544 875 1601 902 est?
1620 874 1688 901 Cum

42 919 130 954 αὐτῷ
147 919 202 946 ἀπὸ
227 919 430 955 Ἱεροσολύμων.
456 929 465 946 ι
482 921 551 947 Πότε
569 918 626 952 οὖν,
647 930 656 946 ε
673 921 746 952 τότε,
766 931 775 946 ι
799 929 849 947 κα-

42 965 218 1000 τανοητέον;
239 965 334 992 Ἦνίκα
347 965 563 1001 διαπεράσαντες
578 965 659 1002 ἦλθον
675 968 714 998 είς
731 967 779 1002 τὴν
799 967 850 1001 γῆν

43 1012 213 1047 Γενησαρὲτ
231 1011 270 1046 τῷ
293 1011 375 1047 πλοίῳ
400 1013 414 1038 ὸ
434 1012 546 1048 Ἰησοῦς,
563 1013 610 1040 καὶ
623 1013 648 1039 οί
665 1011 784 1048 μαθηταὶ
799 1013 849 1039 αὺ-

42 1057 109 1090 τοῦ,
134 1057 306 1089 κοπάσαντος
327 1058 373 1084 τοῦ
397 1058 511 1093 ἀνέμου,
534 1060 581 1093 ἀφ’
603 1057 633 1086 οὗ
652 1059 814 1094 ἐπιϐέϐηκεν
836 1060 850 1085 ό

50 1103 168 1138 Ἰησοῦς
193 1103 233 1138 τῷ
257 1103 358 1138 πλοίῳ·
383 1104 429 1131 καὶ
445 1105 499 1136 ὅτε,
525 1114 534 1130 ‹
555 1105 710 1139 ἐπιγνόντες
726 1105 806 1131 αὑτὸν
826 1106 848 1131 οί

41 1149 152 1184 ἄνδρες
175 1149 223 1175 τοῦ
243 1149 326 1176 τόπου
349 1150 465 1182 ἐκείνου,
479 1150 641 1177 ἀπέστειλαν
666 1151 707 1182 είς
721 1150 785 1186 ὅλην
800 1150 849 1186 τὴν

43 1196 214 1231 περίχωρον
238 1196 356 1231 ἐκείνην,
377 1196 424 1222 καὶ
441 1197 630 1232 προσήνεγκαν
650 1196 724 1231 αὐτῷ
746 1197 850 1228 πάντας

40 1241 115 1273 τοὺς
129 1241 227 1273 κακῶς
247 1241 366 1276 ἔχοντας,
383 1243 428 1268 καὶ
449 1243 619 1278 παρεκάλουν
636 1243 679 1270 ἵνα
695 1243 746 1269 κᾶν
770 1242 849 1278 μόνον

43 1290 180 1324 ἅψωνται
200 1289 246 1314 τοῦ
262 1289 414 1324 κρασπέδου
432 1289 478 1315 τοῦ
495 1290 604 1324 ἱματίου
619 1289 716 1316 αὑτοῦ·
731 1290 777 1316 καὶ⁴
793 1290 849 1316 ὅσοι

41 1335 161 1370 ἥψαντο
174 1333 351 1369 διεσώθησαν.
366 1334 468 1370 Τηνίκα
481 1335 632 1371 προσῆλθον
644 1335 718 1371 αὐτῷ
732 1336 784 1363 ἀπὸ
801 1335 850 1362 Ἰε-

44 1381 216 1417 ροσολύμων
236 1381 375 1416 Φαρισαῖοι
406 1381 453 1407 καὶ
474 1383 665 1417 γραμματεῖς,
691 1382 727 1417 μὴ
761 1391 849 1409 κατα-

44 1427 209 1460 πλαγέντες
223 1426 271 1461 τὴν
286 1427 314 1452 ἐν
326 1426 363 1461 τῷ
384 1426 470 1461 Ἰησοῦ
487 1427 610 1462 δύναμιν,
624 1427 774 1463 ζασαμένην
786 1418 849 1460 τοῦς

45 1473 104 1500 κᾶν
121 1472 206 1508 μόνον
223 1472 270 1498 τοῦ
283 1472 437 1508 κρασπέδου
452 1472 497 1499 τοῦ
518 1472 626 1508 ἱματίου
641 1473 724 1500 αὑτοῦ
742 1473 850 1510 ἁψαμέ-

44 1526 127 1550 νους,
156 1516 299 1552 φιλαιτίως
321 1517 349 1543 δὲ
375 1517 555 1551 ἐγκαλοῦντες
583 1518 629 1544 ἐπὶ
656 1517 702 1544 τοῦ
726 1519 850 1545 διδασκά-

45 1563 98 1589 λου
121 1562 191 1597 (94),
213 1562 242 1588 οὐ
268 1562 331 1597 περὶ
354 1562 535 1598 παραϐάσεως
553 1563 661 1599 ἐντολῆς
682 1564 760 1595 Θεοῦ,
783 1563 850 1590 ἀλλά

47 1608 236 1645 παραδόσεως
249 1609 313 1644 μιᾶς
332 1608 484 1635 Ἰουδαϊκῶν
495 1609 696 1644 πρεσϐυτέρων.
713 1610 767 1636 Καὶ
778 1611 851 1642 εἰκὸς

45 1656 92 1682 ὅτι
110 1655 183 1681 αὐτὸ
202 1653 233 1680 τὺ
253 1654 307 1681 τῶν
327 1654 468 1689 φιλαιτίων
484 1654 608 1690 ἔγκλημα
631 1655 777 1692 παρίστησι
801 1657 850 1692 τὴν

46 1701 108 1727 τῶν
132 1699 264 1735 μαθητῶν
294 1700 380 1736 Ἰησοῦ
395 1701 548 1734 εὐλάϐειαν,
568 1702 701 1737 μηδεμίαν
725 1703 851 1738 ἀφορμὴν

47 1745 186 1772 διδόντων
208 1745 370 1781 ἐπιλήψεως,
389 1746 426 1778 ὡς
449 1746 512 1781 περὶ
535 1746 718 1781 παραϐάσεως
738 1747 851 1774 ἐντολῶν

47 1790 124 1818 Θεοῦ
138 1792 198 1821 τοῖς
218 1791 374 1826 Φαρισαίοις
389 1792 436 1818 καὶ
452 1792 670 1827 γραμματεῦσιν,
692 1793 789 1825 οἵτινες
802 1794 852 1821 οὐκ

48 1837 86 1864 ἂν
110 1836 338 1872 προσηνέγκαντο
359 1837 423 1872 περὶ
445 1836 627 1872 παραϐάσεως
649 1839 702 1869 τοῖς
720 1839 852 1874 μαθηταῖς

48 1882 198 1918 ἔγκλημα,
214 1882 252 1914 ὼς
268 1882 463 1917 παραϐαίνουσι
481 1882 530 1918 τὴν
546 1883 654 1918 ἐντολὴν
669 1883 722 1910 τῶν
735 1884 852 1919 πρεσϐυ-

47 1930 158 1965 τέρων,
177 1929 256 1964 εἰπερ
278 1926 348 1963 εἶχον
369 1928 599 1964 ἐπιλαμϐάνεσθαι
616 1930 670 1956 τῶν
684 1930 854 1966 ἐγκαλουμέ-

48 1985 120 2006 νων,
138 1975 188 2001 καὶ
200 1974 390 2001 ἀπώεικνύναι
401 1975 498 2006 αὐτοὺς
511 1975 730 2011 παραϐαίνοντας
742 1976 852 2011 ἐντολὴν

48 2021 136 2047 Θεοῦ.
163 2020 210 2055 Μὴ
229 2020 343 2055 νομίσῃς
365 2020 394 2046 δὲ
415 2020 502 2047 ταῦτα
526 2022 763 2048 κατασκευαστικὰ
783 2020 852 2049 εἶναι

49 2066 101 2093 τοῦ
125 2066 185 2092 δεῖν
206 2065 348 2099 τηρεῖσθαι
369 2065 414 2091 τὸν
436 2065 506 2091 κατὰ
528 2066 558 2092 τὸ
574 2066 691 2101 γράμμα
714 2067 853 2100 Μωῦσέως

49 2113 154 2147 νόμον,
174 2110 236 2136 ἐπεὶ
260 2110 285 2136 οἱ
299 2110 345 2137 τοῦ
368 2109 455 2146 Ἰησοῦ
475 2111 594 2146 μαθηταὶ
612 2111 664 2144 ἕως
686 2113 746 2138 τότε
771 2113 852 2140 αὑτὸν

50 2157 229 2192 ἐερύλαττον·
251 2156 281 2181 οὐ
308 2156 363 2192 γὰρ
387 2157 441 2193 πρὸ
463 2156 508 2182 τοῦ
534 2157 629 2185 παθεῖν
652 2167 661 2183 ι
687 2157 851 2193 ἐξηγόρασεν

901 919 1004 947 scilicet
1022 920 1135 954 trajeeto
1146 921 1226 953 mari,
1240 920 1302 947 navi
1323 924 1457 947 venerunt
1476 920 1503 946 in
1523 924 1622 946 terram
1637 919 1690 946 Ge-

900 964 1027 992 nesaretb
1052 964 1143 996 Jesus,
1165 965 1304 1000 ipsiusque
1325 965 1463 999 discipuli,
1481 965 1575 992 sedato
1597 969 1688 996 vento,

899 1017 932 1036 ex
949 1018 1004 1045 quo
1017 1018 1113 1038 navem
1128 1011 1287 1038 conscendit
1307 1010 1404 1042 Jesus;
1422 1015 1449 1037 et
1466 1010 1587 1045 quando,
1601 1020 1610 1036 ι
1626 1019 1689 1037 cum

900 1057 1091 1091 cognovissent
1106 1064 1167 1084 eum
1189 1057 1238 1084 viri
1253 1057 1304 1084 loci
1322 1057 1405 1089 illius,
1421 1057 1554 1084 miserunt
1578 1057 1605 1083 in
1629 1057 1690 1083 uni-

899 1111 1006 1130 versam
1017 1105 1152 1138 regionem
1165 1104 1249 1136 illam,
1264 1107 1290 1130 et
1306 1103 1463 1131 obtulerunt
1476 1104 1501 1130 ei
1513 1110 1608 1130 onmes
1620 1102 1690 1130 male

901 1149 1041 1183 habentes,
1054 1155 1081 1177 et
1109 1150 1239 1186 rogabant
1263 1155 1292 1178 ut
1313 1150 1355 1177 τοι
1376 1150 1509 1176 ﬁmbriam
1536 1150 1689 1176 vestimenti

900 1195 959 1229 ejus
975 1200 1132 1230 tangerent;
1147 1201 1173 1223 et
1191 1196 1348 1231 quicunque
1364 1195 1525 1230 tetigerunt,
1543 1195 1610 1222 salvi
1625 1194 1689 1221 iacti

900 1245 965 1268 sunt
975 1242 1008 1267 ’⁷.
1026 1240 1103 1269 Tunc
1116 1246 1290 1269 accesserunt
1316 1242 1349 1268 ad
1375 1249 1438 1268 eum
1463 1241 1497 1268 ab
1512 1240 1689 1276 Jcrosolymis

901 1285 1003 1314 Scriba:
1031 1291 1057 1314 et
1078 1287 1206 1314 Pharisazi
1230 1288 1262 1320 ’⁸,
1284 1295 1337 1315 ιιοιι
1370 1288 1536 1315 admirantes
1560 1287 1688 1315 virtutem

901 1341 962 1366 qua:
985 1337 1044 1360 erat
1067 1333 1093 1359 in
1123 1332 1199 1364 Jesu,
1226 1341 1287 1367 qua:
1319 1340 1367 1360 eos
1399 1338 1543 1361 sanaverat
1569 1333 1616 1368 qui
1647 1333 1689 1360 vel

900 1379 1037 1406 ﬁmbriam
1064 1382 1167 1406 tantum
1192 1379 1346 1406 vestimenti
1373 1379 1432 1414 ejus
1454 1379 1616 1414 tetigissent,
1642 1379 1689 1406 sed

900 1424 991 1451 animo
1016 1424 1122 1451 rixandi
1145 1424 1234 1456 avido,
1263 1424 1411 1459 discipulos
1431 1426 1502 1460 apud
1528 1425 1688 1460 magistrum

901 1475 1081 1503 accusantes,
1115 1478 1168 1497 non
1203 1471 1428 1505 transgressionis
1457 1471 1584 1506 praecepti
1620 1471 1689 1504 Dei,

902 1517 948 1543 sed
985 1517 1064 1544 unius
1098 1516 1250 1544 traditionis
1289 1515 1444 1544 Judteorutn
1470 1517 1618 1544 seniorum.
1656 1516 1691 1544 Et

903 1562 1050 1589 verisimile
1080 1567 1122 1590 est
1162 1563 1233 1589 hanc
1275 1563 1429 1590 rixosorum
1469 1563 1689 1595 accusationem,

902 1607 967 1636 Jesu
990 1609 1186 1643 discipulorum
1209 1609 1334 1644 pietatem
1352 1610 1485 1644 probare,
1501 1609 1601 1636 nullam
1620 1609 1690 1636 danv

904 1655 969 1681 tium
987 1654 1208 1688 reprehensionis
1221 1661 1327 1686 ansam,
1344 1654 1417 1681 velut
1430 1654 1463 1681 de
1475 1655 1692 1689 transgressione

904 1700 1096 1727 mandatorum
1113 1700 1171 1733 Dei,
1186 1699 1332 1728 Pbaristeis
1341 1705 1368 1727 et
1383 1700 1503 1732 Scribis;
1518 1699 1565 1735 qui
1580 1699 1690 1734 quidem

904 1746 937 1773 de
952 1746 1168 1780 transgressione
1181 1745 1330 1780 discipulos
1345 1753 1399 1773 non
1413 1751 1599 1778 accusassent,
1612 1745 1691 1781 quasi

904 1792 1134 1827 transgredientes
1149 1796 1315 1826 praeceptum
1331 1792 1482 1824 seniorum,
1494 1792 1516 1818 si
1532 1791 1690 1819 facultatem

904 1837 1065 1865 habuissent
1095 1837 1261 1872 corripiendi
1285 1845 1332 1864 eos
1358 1838 1403 1872 qui
1430 1837 1644 1867 accusabantur,
1664 1841 1692 1863 et

904 1883 1061 1911 ostendendi
1080 1884 1232 1918 transgredi
1247 1883 1308 1910 illos
1323 1883 1482 1910 mandatum
1493 1881 1599 1909 Dei.Ne
1613 1887 1691 1916 putes

904 1934 994 1956 autem
1019 1929 1062 1956 his
1089 1929 1199 1964 probari
1230 1929 1391 1957 servandam
1408 1936 1468 1956 esse
1486 1929 1571 1963 legem
1590 1928 1691 1963 Moysis

901 1974 979 2009 juxta
995 1974 1126 2005 litteram,
1140 1973 1204 2008 quia
1219 1974 1345 2001 videlicet
1365 1973 1491 2007 discipuli
1513 1972 1578 2000 Jesu
1589 1973 1622 2000 ad
1639 1973 1692 2000 hoc

905 2027 994 2055 usque
1007 2025 1115 2055 tempus
1131 2027 1190 2047 eam
1207 2019 1369 2053 servabant;
1389 2026 1440 2046 nec
1455 2019 1528 2046 enim
1545 2023 1690 2054 antequam

904 2070 1053 2102 pateretur,
1070 2076 1080 2092 ί
1096 2073 1146 2094 nos
1169 2066 1286 2094 redemit
1304 2065 1337 2093 de
1366 2065 1511 2092 maledicto
1540 2064 1624 2099 legis,
1641 2074 1650 2090 ι
1668 2065 1692 2092 is

903 2111 961 2146 qui,
981 2112 1109 2146 patiendo
1123 2120 1173 2147 pro
1190 2111 1357 2144 hominibus,
1371 2120 1380 2136 ι
1392 2110 1482 2138 factus
1495 2115 1538 2138 est
1554 2118 1603 2145 pro
1613 2110 1691 2138 nobis

904 2158 1078 2185 maledictum
1096 2158 1130 2185 ”.
1149 2167 1158 2184 ι
1175 2157 1228 2185 Sed
1252 2157 1482 2193 quemadmodum
1501 2156 1692 2184 convenienter

51 2204 132 2239 ἡμᾶς
157 2203 191 2228 ὲκ
212 2202 261 2237 τῆς
277 2201 397 2238 κατάρας
420 2202 466 2229 τοῦ
487 2203 570 2238 νόμου
590 2212 599 2228 ι
624 2204 639 2229 ό
655 2204 683 2229 ἐν
699 2203 737 2238 τῷ
759 2204 849 2230 παθεῖν

929 2204 1006 2232 auius
1022 2204 1123 2232 Iudaeis
1141 2204 1229 2232 factus
1247 2210 1288 2232 est
1315 2213 1323 2230 ι
1338 2203 1463 2236 Judaeus,
1483 2207 1512 2229 ut
1530 2201 1638 2230 Iudaeos
1651 2203 1693 2229 lu-

51 2249 130 2283 ὑπὲρ
151 2246 305 2283 ἀνθρώπων
321 2256 330 2272 t
353 2247 498 2283 γενόμενος
522 2249 590 2283 ὑπὲρ
607 2248 684 2283 ἡμῶν
698 2249 814 2284 κατάρα.
839 2258 848 2275 ι

57 2293 146 2321 Ἀλλὰ
170 2293 292 2329 ὡσπερεὶ
315 2293 489 2329 καθηκόντως
506 2293 554 2320 καὶ
579 2293 685 2325 Παῦλος
705 2297 762 2326 τοῖς
787 2295 853 2322 Ἰου-

50 2340 144 2370 ﬁniat;
162 2347 172 2364 ‹
199 2338 325 2370 Ἰουδαῖος
342 2339 461 2373 ἐγένετο,
474 2339 517 2365 ῐνα
539 2339 683 2371 Ἰουδαίους
693 2340 823 2376 κερδήσῃ,
839 2350 849 2367 ι

50 2387 77 2412 τί
94 2387 202 2413 ἄτοπον
220 2385 284 2416 τοὺς
300 2385 464 2418 ἀποστόλους
481 2387 509 2412 ὲν
526 2385 663 2418 Ἰουδαίοις
677 2386 852 2421 ποιουμένους

50 2434 102 2464 tit;
123 2431 281 2468 διατριϐὰς,
297 2432 348 2458 κᾶν
363 2432 396 2459 τὰ
413 2432 585 2467 πνευματικὰ
599 2432 680 2459 νοῶσι
699 2432 744 2458 τοῦ
757 2433 850 2468 νόμου,

51 2477 176 2512 χρῆσθαι
199 2478 232 2512 τῇ
256 2477 458 2512 συμπεριφορᾷ,
475 2477 513 2508 ὡς
528 2477 576 2504 καὶ
592 2476 697 2509 Παῦλος
721 2478 851 2513 Τιμόθεον

92 2575 231 2616 ".flattlt.
246 2584 283 2609 Ix,
298 2575 342 2603 22.
377 2577 400 2592 ²⁶
412 2575 506 2603 Matth.
525 2583 570 2609 xv,
586 2575 612 2608 1,
628 2574 655 2602 2.
693 2575 716 2591 ’⁷
727 2575 820 2603 Matth.
836 2585 849 2604 ι(

929 2579 956 2613 5,
973 2580 1017 2608 56.
1050 2582 1073 2598 ’⁸
1088 2581 1184 2609 Matth.
1199 2583 1265 2616 xv,i

53 2621 91 2641 Ix,
107 2612 155 2638 ευ.

91 2713 152 2747 (9‘2)
175 2713 245 2747 Περὶ
263 2713 323 2740 τῶν
343 2713 590 2747 προσελθόντων,
608 2717 661 2740 etc.
685 2711 734 2740 llic
757 2713 852 2741 titulus

54 2750 81 2776 in
99 2749 225 2775 editione
240 2747 329 2775 lluetii
353 2756 408 2775 non
426 2753 583 2782 comparet,
602 2748 650 2775 sed
665 2748 805 2783 suppletur
818 2756 850 2776 ex

53 2783 218 2818 apograpbo
236 2782 395 2810 Tariuiano.

91 2820 151 2879 (οἱ)
179 2818 386 2853 Ἀπέρχονται.
406 2817 562 2854 Legendum
587 2818 693 2846 videtur
711 2823 740 2845 ut
758 2825 852 2853 supra,

98 2862 128 2879 3-3
149 2862 268 2879 ονονται.

56 2862 91 2888 1;,
98 2862 268 2888 ισεργονται.

903 2254 1026 2276 craretur
1038 2249 1072 2283 ³⁰;
1095 2259 1104 2275 ι
1125 2250 1189 2284 quid
1215 2249 1362 2277 absurdum
1386 2253 1428 2277 est
1447 2248 1584 2283 apostolos
1609 2247 1693 2283 488

904 2294 974 2322 inter
991 2294 1099 2323 Judaaos
1112 2301 1326 2327 commorantes,
1345 2295 1397 2322 etsi
1414 2295 1544 2330 mysticos
1556 2294 1622 2328 legis
1633 2301 1693 2320 seu.

905 2347 952 2367 sus
973 2340 1111 2373 callerent,
1130 2348 1190 2369 sese
1214 2345 1303 2368 tamen
1330 2340 1363 2367 ad
1386 2340 1501 2367 alienam
1525 2339 1691 2365 voluntatem

905 2387 1138 2421 accommodasse,
1155 2387 1384 2422 quemadmodum
1402 2390 1429 2413 et
1445 2385 1545 2413 Paulus
1559 2392 1621 2412 cum
1643 2384 1691 2411 Ti-

906 2431 1045 2458 motheum
1070 2432 1251 2464 circumcidit,
1269 2437 1295 2459 ct
1318 2432 1482 2459 sacriﬁcium
1504 2431 1579 2466 juxta
1598 2434 1690 2457 votum

904 2477 1040 2512 quoddam
1070 2479 1154 2514 legale
1178 2479 1285 2513 obtulit,
1311 2483 1340 2507 ut
1359 2479 1385 2505 in
1411 2479 1484 2506 Actis
1507 2477 1690 2513 apostolorum

1319 2582 1340 2597 ³⁸
1359 2580 1417 2608 Gal.
1434 2587 1474 2610 ιιι,
1493 2578 1536 2604 15.
1574 2578 1689 2606 ³Ἰ(ἶοι·.

943 2721 1000 2757 (94)
1027 2722 1089 2748 Ἐπὶ
1105 2722 1157 2748 τοῦ
1175 2722 1372 2757 διδασκάλου.
1390 2721 1502 2757 Hnrtius
1517 2718 1689 2757 scribendum

905 2753 1028 2792 putabat,
1039 2759 1101 2788 τοὺς
1118 2756 1239 2791 μαθητὰς
1252 2757 1297 2783 ἐπὶ
1312 2756 1359 2782 τοῦ
1375 2755 1545 2792 διδασκάλῳ.
1556 2753 1690 2792 δαὶ-τοῦς

906 2787 1029 2827 μαθητάς
1051 2793 1077 2819 in
1092 2787 1171 2819 nullo
1184 2787 1280 2827 'rogliee
1301 2791 1487 2827 Insarcpt‘frio:
1506 2790 1598 2827 Codex
1610 2787 1690 2815 Tari-

905 2824 1003 2855 itianus
1022 2828 1102 2855 habet
1117 2826 1295 2861 ἐγκαλοῦντες
1310 2826 1373 2861 περὶ
1388 2825 1434 2852 τοῦ
1449 2824 1618 2851 διδασκάλου.
