1880 3045
73 105 137 134 957

567 109 742 140 COMMENT.
762 112 794 140 IN
814 108 1021 141 ΜΔΤΤΗᾹΞΌΜ
1043 113 1160 142 ΤΟΜῐΞ
1180 113 1223 141 XI.

1655 121 1706 152 953

73 165 185 201 βιϐλίου
195 166 240 194 τοῦ
253 167 471 204 ἐσφραγισμένου
481 169 547 205 (22),
556 171 569 197 ὃ
585 172 633 198 ἐὰν
647 172 726 199 δῶσιν
738 173 803 200 αὐτὸ
821 174 847 200 ἀι

922 174 1002 209 gnati,
1015 182 1095 209 quetn
1109 174 1131 202 si
1145 174 1268 202 dederint
1277 175 1380 203 homini
1392 177 1486 204 scienti
1494 177 1607 213 litteras,
1616 180 1706 210 diem.

73 210 183 247 Θρὼπῳ
194 213 368 248 ἐπισταμένῳ
380 214 542 250 γράμματα,
557 215 680 251 λέγοντες
691 226 697 231 ·
722 218 869 253 Ἀνάγνωϐι

70 257 184 285 ταῦτα·
201 259 247 285 καὶ
263 260 334 295 ἐρεῖ·
353 260 389 286 Οὐ
405 260 520 296 δύναμαι
551 262 719 297 ἀναγνῶναι·
735 265 868 301 ἐσφράγι-

72 311 140 329 σται
156 304 219 340 γάρ.
235 305 289 331 Καὶ
307 305 448 340 δοθήσεται
464 307 494 333 τὸ
509 307 610 342 βιϐλίον
622 309 700 337 τοῦτο
719 311 758 342 εἰς
774 313 867 348 χεῖρας

71 348 224 384 ἀνθρώπου
238 350 274 385 μὴ
289 351 469 387 ἐπισταμένου
482 354 644 390 γράμματα,
658 356 703 381 καὶ
715 356 771 392 ἐρεῖ
783 356 866 391 αὐτῷ·

79 395 234 429 mox,»th
250 396 344 423 τοῦτο·
369 397 417 423 καὶ
435 398 509 434 ἐρεῖθ
529 400 585 426 Οὐκ
603 401 751 436 ἐπίσταμαι
776 402 867 438 γράμ-

73 449 162 476 ματα.
181 443 235 469 Καὶ
247 440 307 469 εἷπε
323 443 424 479 Κύριος
436 453 442 460 ’
465 445 582 480 Ἐγγίζει
596 455 640 482 μοι
652 447 665 473 ὁ
678 447 741 480 λαὸς
755 444 842 481 οὗτος,
855 458 863 474 ι

71 487 125 514 καὶ
140 488 173 515 τὰ
190 487 252 523 ἐξῆς
267 489 318 522 ἕως
333 489 378 516 τοῦ
391 498 397 504 ·
413 501 421 515 1
439 491 507 517 Οὐαὶ
519 492 543 518 οἳ.
556 493 584 519 ὲν
597 494 685 528 χρυσῇ
701 493 798 529 βουλὴν
813 503 868 521 ποι-

68 533 181 565 οῦντες,
197 534 242 560 καὶ
256 534 331 561 ἔσται
348 536 377 562 ἐν
394 536 482 563 σκότει
496 537 530 563 τὰ
546 537 613 572 ἔργα
630 539 729 566 αὐτῶν.
752 549 760 565 ι
780 540 868 576 Προσ-

69 579 167 606 λαὸὼν
182 581 270 607 τοίνυν
289 582 338 618 τὴν
352 583 534 619 προκειμένην
552 586 581 611 ὲν
598 585 636 620 τῷ
653 585 810 622 Εὑαγγελίῳ
824 587 867 614 λέ-

72 625 128 658 ξιν,
149 625 249 662 ἐθέμην
263 628 322 654 τινὰ
342 628 395 654 τῶν
414 629 467 664 πρὸ
483 630 576 665 αὐτῆς,
594 630 639 657 καί
657 640 717 658 τινα
731 632 783 658 τῶν
804 632 866 668 ἑξῆς

71 671 173 706 αὐτῆς,
189 673 232 700 ἵνα
246 674 463 710 παραστήσωμεν
476 675 537 702 τίνα
551 676 649 712 τρόπον
670 677 778 704 ἀπειλεῖ
794 687 865 714 καμ-

72 717 175 752 μύσειν
194 719 257 750 τοὺς
273 719 427 755 ὀφθαλμοὺς
443 721 496 748 τῶν
517 721 571 748 ἀπὸ
586 722 633 752 τοῦ
653 723 717 750 λαοῦ
740 723 754 750 ὁ
776 723 864 758 λόγος,

70 763 240 797 ὲκστάντων,
258 766 305 791 καὶ
320 767 575 802 κραιπαλησάντων,
594 768 639 795 καὶ
656 769 864 804 πεποτισμὲνων

70 810 212 846 πνεύματι
241 812 433 845 κατανύξεως·
463 814 569 842 ἀπειλεί
592 814 620 841 δὲ
646 815 791 851 καμμύσαι
818 817 866 843 καὶ

922 223 977 247 tes:
991 219 1059 255 Lege
1072 220 1142 253 hzcc;
1160 226 1186 248 et
1203 220 1358 248 dicetzNon
1374 230 1484 257 possum
1500 223 1598 260 legere,
1615 226 1706 261 signa-

920 268 963 292 tus
974 265 1047 292 enim
1059 270 1110 293 cst.
1123 265 1155 293 Et
1167 266 1276 294 dabitur
1289 267 1358 294 liber
1375 268 1419 296 ille
1430 268 1457 295 in
1474 277 1571 298 manus
1587 272 1706 301 hominis

918 309 999 346 493
1014 309 1158 337 nescientis
1170 310 1285 344 litteras,
1300 316 1326 338 et
1339 313 1410 340 dicet
1425 313 1448 340 ei
1467 323 1473 340 ε
1487 314 1557 350 Lege
1574 315 1665 350 hunc;
1679 323 1706 344 et

919 354 991 382 dicet
1008 363 1014 381 :
1032 353 1130 382 Nescio
1148 354 1260 382 litteras.
1279 355 1311 383 Et
1327 357 1365 384 ait
1377 356 1508 387 Dominus
1523 368 1530 386 :
1550 360 1706 396 Appropin-

919 404 985 434 quat
998 400 1062 427 mihi
1078 400 1196 435 populus
1211 400 1265 433 ille,
1285 411 1294 427 ι
1313 406 1340 429 et
1363 408 1469 437 cetera,
1496 413 1582 441 usque
1606 407 1639 434 ad
1656 407 1705 436 id:

923 455 932 470 ι
951 444 997 472 Vae
1017 445 1063 481 qui
1086 445 1113 472 in
1134 446 1241 473 occulto
1254 447 1397 475 consilium
1415 449 1527 483 faciunt,
1543 455 1569 478 et
1585 456 1666 479 erunt
1678 452 1705 480 in

919 491 1037 518 tenebris
1050 499 1132 526 opera
1148 499 1254 519 eorum.
1270 503 1277 518 ι
1296 487 1444 522 Assumens
1459 495 1539 530 igitur
1551 505 1705 526 sermonem

918 537 965 571 qui
983 541 1071 565 exstat
1085 537 1112 564 in
1128 536 1283 573 Evangelio,
1311 540 1424 574 apposui
1451 542 1580 570 nonnulla
1610 551 1705 571 eorum

918 589 979 616 qum
995 582 1150 617 prreeetluut
1168 583 1254 616 illum,
1271 588 1296 610 et
1321 585 1450 612 nonnulla
1468 594 1562 614 eorum
1580 597 1640 625 qum
1661 597 1705 617 sc-

918 633 1049 662 quuntur,
1076 633 1105 656 ut
1133 629 1280 657 doceam-Is
1297 638 1350 665 quo
1365 635 1444 666 pacto
1470 632 1590 660 minetur
1614 642 1705 662 sermo

919 673 1044 701 claudere
1060 674 1154 701 oculos
1170 675 1278 702 illorum
1295 675 1328 702 de
1344 677 1453 711 populo,
1483 679 1529 713 qui
1556 679 1704 714 obstupue-

918 725 991 753 runt,
1019 725 1046 747 ct
1063 720 1187 748 inebriati
1203 725 1278 754 sunt,
1299 725 1325 748 et
1345 723 1401 756 poti
1418 727 1481 750 sunt
1505 725 1601 760 spiritu
1626 734 1703 753 com-

917 765 1087 801 punctionis;
1101 766 1220 793 minatur
1230 770 1256 794 et
1268 766 1393 795 claudere
1403 769 1496 797 oculos
1512 771 1704 806 prophetarum

918 817 1024 842 corum.
1046 816 1073 838 et
1092 811 1244 847 principum
1266 819 1360 839 eorum
1376 814 1423 848 qui
1440 814 1601 848 profitentur
1617 824 1646 844 se
1661 818 1704 843 vi-

69 856 139 888 τοὺς
164 858 304 893 προσῄτεις
328 858 428 890 αὐτῶν,
452 859 499 887 καὶ
522 861 586 893 τοὺς
612 861 847 897 ἐπαγγελλομένου

922 856 981 883 dere
1001 857 1126 890 occulta;
1154 865 1225 893 qua),
1241 860 1348 894 opinor,
1366 863 1548 895 contigerunt,
1564 867 1624 897 post
1639 862 1704 890 Ser-

68 902 139 937 ὁρᾷν
150 903 186 929 τὰ
202 903 309 938 κρυπτὰ
321 904 454 941 ἄρχοντας
466 906 556 934 αὐτῶν
565 915 572 923 ·
587 908 669 943 ἅπερ,
686 906 773 944 οἶμαι,
787 909 865 943 γεγέ-

68 957 152 984 νηται
179 949 246 984 μετὰ
263 949 311 985 τὴν
331 951 378 977 τοῦ
403 951 527 988 Σωτῆρος
540 953 685 989 ἐπιδημίαν
699 956 728 982 ἐν
746 954 785 990 τῷ
809 955 865 990 λαῷ

69 995 188 1031 ἐκείνῳ·
207 997 301 1031 γέγονε
320 998 373 1034 γὰρ
394 998 485 1031 αὐτοῖς
505 999 593 1026 πάντα
615 1000 649 1027 τὰ
671 1001 781 1036 ῥήματα
797 1001 864 1027 ὅλων

71 1041 121 1076 μὲν
136 1041 193 1068 τῶν
210 1043 335 1078 Γραφῶν,
347 1044 394 1071 καὶ
407 1044 454 1071 τοῦ
474 1043 584 1072 Ἡσαΐου
601 1046 640 1077 δὲ,
660 1056 668 1071 ι
688 1046 726 1078 ὡς
737 1046 811 1080 λόγοι
825 1046 865 1081 βι-

69 1086 146 1112 ϐλίου
169 1088 399 1123 ἐσφραγισμένοι).
419 1099 429 1115 ι
449 1090 484 1116 Τὸ
501 1090 539 1122 δὲ,
565 1100 574 1115 α
599 1091 829 1126 ἐσφραγισμένου,
852 1102 860 1117 ι

67 1132 189 1168 εῑρηται,
200 1134 282 1160 οἱονεὶ
294 1134 487 1170 χεκλεισμένου
499 1137 531 1171 τῇ
544 1137 672 1172 ἀσαφείᾳ,
684 1138 731 1164 καὶ
746 1137 783 1173 μὴ
795 1138 864 1173 ὴνοι-

67 1177 172 1212 γμένου
189 1180 221 1214 τῇ
239 1180 372 1216 σαφηνείᾳ.
382 1189 389 1195 ⁸
407 1181 475 1217 ὅπερ
490 1182 587 1217 ἐπίσης
601 1184 657 1214 τοῖς
675 1183 741 1218 μηδὲ
754 1183 802 1220 τὴν
815 1185 864 1220 ἀρ-

68 1222 130 1259 χὴν,
151 1223 196 1250 διὰ
214 1224 245 1250 τὸ
268 1225 305 1260 μὴ
324 1225 423 1252 εἰδέναι
436 1228 596 1263 γράμματα,
618 1229 772 1264 ἀναγνῶναι
796 1231 862 1259 αὐτὸ

67 1267 240 1304 δυναμένοις,
256 1271 302 1296 καὶ
316 1272 370 1303 τοῖς
392 1272 636 1309 ἐπαγγελλομένοις
656 1275 753 1303 εἰδέναι
770 1277 862 1313 γράμ-

70 1321 155 1348 ματα,
179 1315 253 1342 ἐστὶν
271 1316 384 1351 ἀσαφὲς,
405 1317 434 1343 οὐ
451 1318 614 1353 γινώσκουσι
630 1320 676 1347 τὸν
697 1322 725 1348 ἐν
741 1324 798 1354 τοῖς
818 1332 863 1358 γε-

68 1361 241 1396 γραμμένοις
253 1363 324 1390 νοῦν.
339 1363 435 1396 Καλῶς
448 1363 494 1392 οὖν
507 1367 632 1402 ἐπιφέρει
648 1369 714 1400 τοῖς,
728 1369 780 1401 ὅτι,
793 1370 862 1397 ἐπὰν

69 1405 195 1438 Exit-.3021;
211 1407 265 1434 ἀπὸ
281 1408 334 1434 τῶν
349 1409 555 1445 ἁμαρτημάτων
575 1413 589 1439 ό
605 1412 678 1444 λαὸς,
695 1414 742 1440 καὶ
763 1414 863 1447 ἐκστὰς

71 1452 143 1486 μανῇ
170 1452 230 1478 κατ’
254 1452 346 1486 αὑτοῦ,
367 1451 407 1485 οἷς
427 1456 474 1481 καὶ
496 1456 676 1493 κραιπαλήσει
696 1458 756 1485 κατ’
779 1459 862 1487 αὑτοῦ

70 1497 206 1533 πνεύματι
227 1499 411 1533 κατανύξεως,
425 1501 439 1526 ὃ
455 1502 647 1538 ποτισθήσεται
666 1503 719 1531 ὑπὸ
738 1504 785 1532 τοῦ
806 1506 862 1533 Κν-

72 1543 139 1578 ρῐου,
163 1545 338 1580 καμμύοντος
353 1547 442 1575 αὐτῶν
460 1549 523 1580 τοὺς
545 1549 711 1585 ὀφθαλμοὺς.
734 1551 773 1583 ὡς
794 1552 860 1580 ἀνα-

71 1590 141 1622 ξίους
152 1591 201 1617 τοῦ
216 1591 333 1626 βλέπειν,
347 1594 394 1619 καὶ
408 1594 462 1620 τῶν
475 1596 622 1632 προφητῶν
636 1597 736 1629 αὐτῶν,
747 1598 795 1625 καὶ
808 1598 861 1626 τῶν

71 1636 209 1672 ἀρχόντων
232 1638 331 1670 αὐτῶν,
355 1639 408 1666 τῶν
432 1641 674 1677 ἐπαγγελλομένων
697 1642 804 1678 βλέπειν
827 1644 863 1672 τὰ

71 1684 178 1717 κρυπτὰ
194 1683 248 1710 τῶν
262 1685 292 1711 ὲν
307 1687 367 1717 ταῖς
382 1686 468 1718 θείαις
479 1688 601 1723 Γραφατς
621 1690 779 1725 μυστηρίων
791 1698 798 1705 ⁸
814 1691 862 1718 καὶ

70 1728 137 1754 ἐπὰν
157 1729 339 1764 καμμύσωσιν
362 1731 452 1758 αὐτῶν
473 1733 498 1759 οὶ
519 1733 662 1769 ὀφθαλμοὶ,
685 1734 746 1761 τότε
769 1735 861 1768 αὐτοῖς

70 1774 144 1801 ἔσται
160 1775 197 1802 τὰ
211 1776 367 1812 προφητικὰ
381 1778 491 1813 ῥήματα
505 1779 720 1815 ἐσφραγισμένα,
734 1780 780 1807 καὶ
799 1782 861 1809 ἐπι-

71 1819 250 1855 κεκρυμμένα
263 1829 270 1836 ·
283 1822 352 1857 ὅπερ
366 1822 534 1850 πεπόνθασιν
549 1825 563 1850 ό
577 1824 642 1857 λαὸς
658 1826 671 1852 6
685 1826 740 1854 τῶν
761 1828 799 1863 μὴ
816 1837 862 1855 πι-

71 1866 219 1893 στευόντων
233 1868 273 1898 εἰς
287 1867 332 1893 τὸν
349 1867 451 1903 Ἰησοῦν
468 1868 506 1900 ὡς
521 1869 646 1904 Χριστόν.
673 1871 756 1900 Ἐπὰν
770 1872 798 1900 δὲ
814 1873 862 1908 γέ-

70 1920 145 1947 νηται
158 1913 196 1939 τὰ
209 1913 363 1948 προφητικὰ
377 1914 468 1945 αὐτοῖς
484 1924 492 1939 ε
508 1914 545 1947 ὡς
559 1915 632 1950 λόγοι
644 1915 745 1951 βιϐλίου
758 1919 861 1954 ἐσφραη

70 1957 212 1992 γισμένου,
232 1968 241 1983 ι
259 1958 290 1984 οὺ
309 1958 388 1994 μόνον
401 1960 458 1991 τοῖς
477 1960 514 1995 μὴ
530 1960 639 1994 εἰδόσιν,
658 1962 725 1990 ἀλλὰ
742 1963 859 1996 καὶτοῖς

70 2002 185 2036 ὲπαγγε)
192 2002 313 2038 λομένοι;
327 2003 426 2030 εἰδέναι
437 2005 598 2040 γράμματα,
614 2006 674 2033 τότε
688 2005 764 2035 εἶπεν
778 2009 792 2035 ὁ
804 2008 860 2035 Κύ-

71 2055 126 2081 pta;
145 2048 219 2082 μόνῳ
242 2048 280 2083 τῷ
300 2049 414 2084 στόματι
438 2050 557 2084 ἐγγίζειν
574 2051 619 2078 τὸν
642 2051 705 2079 λαὸν
721 2053 777 2088 (25)
804 2054 859 2081 τῶν

76 2095 210 2122 Ἰουδαίων
233 2096 271 2132 τῷ
296 2096 370 2131 Θεῷι
390 2098 436 2124 καὶ
462 2099 518 2129 τοῖς
540 2098 641 2133 χείλεσι
665 2100 748 2135 τιμᾷν
777 2100 859 2128 αὐτόν

71 2149 144 2175 φησι,
161 2141 228 2168 διότι
245 2142 261 2176 ἡ
277 2141 376 2176 καρδία
391 2142 479 2170 αὐτῶν
494 2143 538 2170 διὰ
557 2143 606 2179 τὴν
630 2145 670 2175 εἰς
691 2144 736 2172 τὸν
756 2145 859 2181 Ἰησοῦν

71 2187 196 2214 ἀπιστίαν
210 2188 303 2223 πόρρω
314 2189 388 2216 ἐστὶν
401 2189 456 2215 ἀπὸ
468 2189 582 2225 Κυρίου.
595 2190 650 2216 Καὶ
663 2189 710 2216 νῦν
730 2191 857 2226 μάλιστα,

917 902 1018 930 vatoris
1031 902 1190 935 adventum,
1207 905 1233 931 in
1245 904 1319 933 illum
1329 906 1470 941 populum,
1483 915 1545 934 nam
1558 906 1627 935 facta
1641 913 1703 936 sunt

917 947 970 975 illis
986 949 1066 976 verba
1082 950 1174 977 omnia
1190 951 1312 978 omnium
1338 951 1552 986 Scriptor-arum,
1576 959 1602 980 et
1617 953 1704 987 Isaize,

919 1003 928 1020 ‹
944 994 1015 1022 sicut
1029 995 1110 1023 verba
1121 995 1182 1024 libri
1194 996 1301 1031 signati.
1317 1007 1326 1022 ι
1343 996 1448 1025 Dictum
1462 1003 1503 1026 est
1521 1004 1610 1026 autem
1625 999 1703 1032 illud,

919 1040 1044 1075 (signati,
1064 1050 1073 1068 ι
1091 1041 1170 1076 quasi
1184 1041 1270 1074 dicas.
1297 1042 1462 1071 obscuritate
1480 1053 1528 1072 sua
1544 1045 1640 1078 clausi,
1657 1054 1704 1073 ne-

915 1093 968 1120 que
983 1087 1175 1121 perspicuitate
1190 1088 1293 1123 aperti;
1311 1089 1356 1123 qui
1377 1089 1485 1124 quidem
1504 1091 1642 1126 aequaliter
1654 1092 1704 1118 ob-

914 1139 1013 1159 scurus
1029 1137 1080 1166 est,
1103 1138 1128 1160 et
1155 1133 1188 1161 iis
1208 1134 1255 1168 qui
1280 1134 1353 1170 quod
1380 1135 1483 1163 litteras
1506 1137 1701 1172 ignoraverint,

914 1177 1003 1212 legere
1015 1177 1090 1206 illum
1106 1179 1218 1207 omnino
1234 1187 1287 1207 non
1304 1185 1428 1215 possunt,
1446 1186 1473 1208 et
1488 1182 1522 1209 iis
1536 1183 1582 1218 qui
1597 1183 1701 1211 litteras

914 1224 1023 1258 quidem
1039 1225 1109 1252 seire
1131 1233 1160 1252 se
1185 1227 1356 1260 proﬁtentur,
1382 1234 1492 1255 sensum
1517 1236 1581 1255 vero
1603 1229 1649 1264 qui
1673 1231 1701 1257 in

915 1269 1023 1304 scriptis
1049 1270 1205 1299 reconditus
1227 1276 1285 1305 est,
1311 1280 1364 1299 non
1388 1278 1581 1308 assequuntur.
1594 1273 1701 1309 Optime

915 1315 997 1350 igitur
1014 1316 1048 1343 iis
1067 1317 1152 1348 addit,
1169 1317 1240 1352 quod
1260 1322 1400 1354 postquam
1418 1319 1567 1348 dissolutus
1584 1322 1702 1356 populus

914 1369 929 1388 ιι
945 1363 1074 1397 peccatis.
1091 1367 1118 1390 et
1138 1364 1238 1391 mentis
1256 1364 1343 1399 impos
1356 1364 1449 1394 furore
1463 1371 1539 1395 actus
1554 1367 1633 1396 fuerit
1650 1369 1700 1396 ad.

914 1415 1009 1435 versus
1025 1407 1124 1442 ipsum,
1141 1409 1240 1444 quibus
1252 1411 1370 1444 peccatis
1381 1412 1462 1439 etiam
1476 1412 1592 1440 insaniet
1605 1419 1699 1442 contra

915 1454 990 1482 illum
1009 1454 1159 1483 inebriatus
1184 1456 1280 1490 spiritu
1303 1458 1533 1492 compunctionis,
1552 1467 1632 1494 quem
1648 1467 1698 1495 pu-

914 1503 1025 1531 tandum
1042 1503 1093 1539 ipsi
1117 1504 1245 1538 prtebebit
1272 1504 1414 1539 Dominus,
1436 1506 1565 1534 claudens
1589 1507 1697 1534 illorum

915 1551 1020 1582 oculos,
1035 1549 1114 1585 quasi
1131 1550 1233 1586 indigni
1250 1551 1305 1579 sint
1321 1552 1453 1587 aspicere,
1467 1557 1492 1580 et
1506 1552 1699 1588 prophetarum

913 1603 1020 1627 eorum,
1035 1601 1062 1623 et
1078 1596 1230 1631 principum
1252 1604 1347 1624 eorum
1367 1598 1414 1632 qui
1431 1599 1534 1625 occulta
1555 1598 1698 1634 mysterio-

913 1649 974 1668 rum
989 1649 1049 1677 qua:
1065 1641 1239 1670 continentur
1251 1642 1277 1669 in
1290 1642 1389 1670 divinis
1404 1642 1551 1678 Scripturis
1565 1643 1655 1671 videre
1670 1651 1699 1671 se

913 1687 1074 1722 prolitentur
1085 1697 1092 1721 ;
1105 1692 1132 1715 et
1143 1693 1286 1724 postquam
1303 1689 1388 1716 clausi
1399 1688 1499 1716 iuerint
1508 1697 1601 1716 eorum
1615 1689 1697 1721 oculi,

913 1738 978 1761 tunc
1000 1733 1156 1769 prophetica
1174 1734 1256 1762 verba
1279 1739 1359 1762 erunt
1376 1735 1430 1763 illis
1442 1735 1583 1770 obsignata
1596 1740 1623 1763 et
1636 1735 1699 1764 abs-

913 1778 1037 1811 condita;
1051 1778 1123 1813 quod
1138 1778 1246 1814 quidem
1263 1786 1361 1814 passus
1376 1785 1417 1807 est
1433 1781 1549 1815 populus
1567 1789 1620 1808 non
1640 1789 1699 1808 cre-

912 1824 1033 1851 dentium
1050 1824 1077 1850 in
1094 1823 1204 1858 Iesum,
1222 1828 1352 1859 tanquam
1377 1826 1526 1853 Christum.
1549 1825 1696 1861 Postquam

912 1875 1002 1898 autem
1026 1869 1183 1906 prophetica
1206 1870 1287 1897 verba
1309 1870 1380 1897 facta
1399 1870 1500 1898 fuerint
1515 1871 1578 1903 illis,
1599 1882 1607 1897 ι
1627 1873 1699 1901 sicut

911 1916 993 1944 verba
1009 1915 1070 1943 libri
1083 1915 1194 1951 signati,
1211 1925 1220 1941 ι
1235 1923 1288 1943 non
1304 1915 1338 1943 iis
1350 1915 1432 1943 modo
1444 1916 1489 1951 qui
1501 1917 1635 1949 nesciunt,
1650 1919 1696 1946 sed

912 1965 939 1988 et
954 1961 987 1989 iis
1007 1960 1053 1996 qui
1067 1960 1171 1988 litteras
1187 1960 1258 1988 scire
1272 1967 1300 1987 se
1312 1959 1483 1995 profitentur,
1500 1965 1565 1988 tunc
1582 1961 1696 1996 subjun-
1722 1972 1727 2005 ἰ

911 2006 951 2033 xit
965 2005 1096 2033 Dominus
1113 2005 1170 2033 solo
1184 2012 1231 2032 ore
1247 2005 1464 2040 appropinquare
1479 2004 1634 2034 Judazorum
1651 2015 1696 2042 po-
1721 2023 1723 2027 ν

910 2050 1004 2086 pulum
1018 2050 1089 2083 Deo;
1103 2054 1130 2077 et
1146 2050 1225 2078 labiis
1241 2050 1314 2078 hunc
1328 2050 1463 2078 honorare
1475 2051 1551 2084 dicit,
1565 2052 1636 2085 quod
1648 2061 1696 2079 eor
1715 2048 1722 2088 ξ’

911 2103 1006 2124 eorum
1022 2100 1130 2131 propter
1148 2095 1362 2124 incredulitatem
1378 2103 1441 2132 erga
1457 2095 1549 2124 Jcsum
1567 2097 1646 2132 longe
1661 2098 1697 2125 sit

911 2151 925 2170 a
943 2143 1066 2170 Domino.
1077 2141 1111 2170 Et
1125 2150 1197 2170 nunc
1213 2142 1342 2175 maxime,
1358 2150 1390 2169 ex
1402 2150 1456 2178 quo
1468 2142 1636 2171 Servatorem
1648 2152 1696 2171 no-

911 2193 998 2218 strum
1010 2189 1163 2224 ejurarunt,
1182 2188 1236 2216 diei
1250 2188 1338 2224 possit
1353 2188 1418 2216 illud
1436 2197 1450 2215 a
1468 2188 1523 2216 Deo
1539 2189 1572 2217 de
1587 2189 1639 2218 illis
1650 2190 1672 2206 "’
1686 2199 1694 2219 ι

71 2233 98 2265 ἐξ
109 2231 139 2260 οὗ
155 2234 202 2260 τὸν
219 2234 332 2269 Σωτῆρα
347 2233 423 2269 ἡμῶν
440 2235 603 2270 ἠρνήσαντο,
624 2235 731 2271 λεχθείη
753 2235 786 2263 ἂν
805 2237 847 2264 ὗπε

922 2245 923 2261 :
942 2235 1007 2263 Sine
1016 2242 1100 2262 causa
1114 2238 1204 2261 autem
1217 2234 1310 2262 colunt.
1324 2242 1383 2268 me;
1400 2244 1409 2260 ι
1424 2242 1477 2262 non
1490 2235 1562 2263 enim
1578 2237 1695 2271 amplius

71 2279 113 2305 τοῦ
127 2279 195 2306 Θεοῦ
212 2281 275 2316 περὶ
288 2280 376 2306 αὐτῶν
392 2279 422 2306 τό
433 2289 439 2295 ⁸
461 2290 469 2305 ι
486 2281 582 2316 Μάτην
595 2281 624 2307 δὲ
638 2281 762 2308 σέϐονταί
776 2290 823 2317 με·
844 2292 853 2309 ι

72 2325 156 2352 οὐκέτι
179 2325 234 2361 γὰρ
249 2326 419 2353 διδάσκουσιν
438 2326 493 2363 (24)
511 2327 666 2362 ἐντάλματα
686 2327 764 2360 Θεοῦ,
787 2327 857 2355 ἀλλὰ

105 2386 125 2402 ⁸⁷
141 2385 237 2413 Matth.
251 2394 295 2419 xv,
311 2386 339 2413 9.

104 2434 157 2470 (22)
172 2435 293 2462 Βιϐλιου
313 2434 366 2461 τοῦ
384 2434 635 2470 ἐσφραγισμένου.
659 2434 697 2461 lta
721 2433 853 2470 llebraica

71 2474 96 2496 et
120 2469 245 2504 Vulgata,
271 2475 298 2497 et
322 2470 433 2504 reliquie
456 2469 704 2503 interpretationes.
729 2469 799 2496 LXX
827 2474 854 2496 et

72 2503 233 2539 Epiphanius
242 2506 306 2532 ilR‘l‘.
320 2503 392 2536 Lxrv,
404 2504 504 2539 βιϐλίου
512 2503 559 2540 τοῦ
570 2505 786 2540 ἐσφραγισμένου
795 2504 854 2532 τού-

72 2546 124 2570 του,
135 2541 210 2574 quasi
219 2541 252 2567 de
263 2548 313 2567 suo
323 2540 392 2567 libro
404 2538 510 2566 locutus
523 2539 576 2566 luet
584 2539 604 2565 it
615 2538 851 2568 l'sai'aitJHut-rrtus.

105 2575 158 2609 (‘23)
178 2576 265 2608 Μόνῳ
283 2575 324 2607 τῷ
346 2576 470 2609 στόματι
485 2574 608 2608 ἐγγίζειν
627 2574 682 2601 τὸν
694 2575 780 2606 λαόν,
797 2579 850 2602 etc.

73 2608 190 2644 lmpuias
212 2616 238 2637 et
258 2610 348 2638 illotas
368 2608 466 2637 manus
487 2611 527 2636 ori
548 2610 692 2637 admovere
711 2610 848 2644 piaculum

72 2650 125 2680 erat
143 2645 297 2678 Pharisaeis,
324 2654 358 2673 ne
379 2646 482 2673 scilicet
504 2644 574 2671 labia
594 2649 668 2680 etus
685 2645 847 2680 polluerent.

72 2677 301 2720 institutumuillud
315 2681 454 2720 exagitans
466 2679 602 2720 Christus,
619 2677 694 2706 lsaiaE
705 2680 786 2720 verba
799 2687 849 2720 ap-

72 2714 152 2755 posite
166 2716 192 2742 in
210 2716 271 2744 illos
288 2714 419 2743 contui-sit
437 2724 475 2755 :_u
490 2714 580 2755 Purus
600 2719 643 2741 est
665 2714 849 2755 populus-iste

72 2748 146 2777 labiis
165 2756 190 2777 et
211 2759 258 2778 ore
277 2756 373 2783 tenus;
400 2749 481 2777 corde
505 2753 595 2776 autem
617 2748 848 2778 contain-inmissi-

74 2785 214 2826 mulsztlsa.
229 2785 461 2826 {XIX,13.)A)_IID.
679 2819 718 2826 Μ
753 2821 778 2826 Α,
817 2819 833 2826 __

104 2818 157 2854 (24)
173 2821 277 2848 Οὐκέτι
298 2821 353 2856 γὰρ
366 2818 579 2853 διδάσκουσιν,
603 2824 656 2848 etc.
679 2819 738 2846 Τῶν
751 2821 778 2845 Ο¹
792 2819 849 2846 edi-

224 2872 359 2901 l‘nnOL.
384 2871 441 2900 Gn.
460 2871 548 2901 Xlll.

910 2279 1009 2308 docent
1024 2278 1070 2306 Dei
1087 2278 1225 2310 mandata,
1252 2279 1298 2305 sed
1320 2279 1480 2313 hominum;
1508 2283 1534 2307 et
1557 2279 1694 2310 doctrinas

910 2334 965 2355 non
986 2325 1102 2362 amplius
1119 2333 1165 2353 eas
1178 2333 1239 2362 qua:
1249 2330 1314 2354 sunt
1328 2334 1344 2354 a
1362 2328 1493 2362 sapientia
1507 2329 1630 2364 spiritus,
1646 2331 1693 2358 sed

907 2435 973 2462 tioni
988 2433 1164 2462 consentiunt
1183 2433 1325 2461 Matthmus
1340 2438 1367 2461 et
1380 2433 1505 2467 Marcus;
1525 2438 1552 2461 et
1567 2435 1619 2463 illis
1631 2435 1693 2463 Ori-

923 2477 987 2496 enes
999 2478 1006 2496 :
1019 2469 1116 2504 Μάτην
1123 2469 1152 2495 δὲ
1166 2468 1289 2495 σέϐονταί
1301 2477 1344 2504 με,
1353 2469 1524 2504 διδάσκοντες
1539 2470 1694 2504 ἐντάλματα

923 2477 987 2496 enes
999 2478 1006 2496 :
1019 2477 1116 2504 Ματην
1123 2477 1152 2495 oe
1166 2477 1289 2495 σεοονται
1301 2477 1524 2504 gemmeum“;
1539 2477 1618 2497 εντα).
1660 2479 1693 2500 τα

904 2477 1056 2540 ἕνθρώπων
1070 2504 1117 2531 καὶ
1135 2504 1317 2540 διδασκαλίας.
1332 2504 1416 2540 Aliter
1431 2503 1544 2540 Vulgata
1559 2514 1565 2531 :
1585 2516 1594 2531 ι
1616 2479 1693 2533 ἔξιιὶ-

905 2539 1034 2567 muerunt
1055 2547 1097 2566 me
1114 2539 1243 2566 mandato
1266 2539 1407 2566 hominum
1432 2544 1460 2566 et
1477 2539 1618 2571 doctrinis.
1637 2550 1646 2566 ι
1665 2545 1693 2568 et

903 2578 1039 2609 quotquot
1048 2573 1181 2601 Hebraico
1193 2574 1332 2601 contextui
1346 2573 1486 2606 insistunt,
1499 2573 1577 2609 cujus
1588 2575 1690 2603 variam

902 2609 988 2649 fuisse
1005 2611 1056 2636 hoc
1072 2609 1303 2649 locolectionetn,
1319 2609 1418 2649 exﬁhac
1435 2609 1692 2649 ititerpretationum

903 2645 1034 2672 varietate
1050 2644 1200 2678 conjiciunt
1212 2644 1333 2678 quidam.
1350 2643 1405 2679 Ego
1418 2643 1495 2670 aliter
1508 2643 1612 2678 judico,
1626 2652 1691 2673 nam

922 2685 1082 2714 mterquam
1097 2679 1169 2713 quod
1181 2679 1255 2706 nulla
1268 2678 1402 2713 ejusmodi
1415 2683 1526 2706 notatur
1537 2680 1650 2708 variatio
1663 2681 1691 2710 in

922 2687 1082 2714 rmterquam
1097 2687 1169 2713 quou
1181 2687 1255 2706 nuua
1268 2687 1402 2713 ejusmout
1415 2687 1526 2706 notatur
1537 2687 1650 2708 vat-ratio
1663 2688 1691 2710 in

902 2687 965 2742 ﬁeri
981 2719 1008 2742 el
1021 2714 1109 2745 Ketib,
1133 2721 1220 2747 neque
1241 2714 1267 2740 in
1291 2714 1373 2741 variis
1389 2713 1549 2742 lectionibus
1564 2714 1692 2743 Orienta-

902 2750 1006 2788 liumgt
1021 2748 1248 2788 Occidentalium,
1264 2756 1351 2788 neque
1361 2749 1388 2776 in
1404 2749 1456 2776 illis
1471 2749 1524 2788 Ben
1537 2750 1691 2788 Ascher,»ct

903 2784 958 2811 Ben
969 2783 1112 2818 Nephthali
1123 2792 1129 2815 ;
1140 2783 1162 2810 si
1172 2791 1227 2810 rem
1241 2783 1350 2817 propius
1362 2789 1478 2818 spectes,
1490 2786 1598 2813 etiamsi
1609 2786 1691 2814 verba

903 2819 1029 2847 recedant
1054 2819 1201 2853 paulisper,
1225 2819 1366 2845 sententiae
1381 2824 1468 2846 tamen
1490 2820 1516 2846 in
1531 2821 1600 2848 idem
1621 2821 1690 2849 reci-

1513 2869 1551 2898 30
