1880 3045
182 81 234 113 9'59

917 80 1076 111 URlGENIS

1751 88 1800 115 94')

182 147 325 173 humanas.
354 145 431 172 Unle
460 143 543 180 494
567 151 629 171 cum
655 144 710 171 haec
736 143 788 171 illis
805 143 947 171 acciderim

1039 143 1175 180 νθρώπων,
1195 145 1241 171 καὶ
1261 144 1435 177 διδασκαλίας
1452 145 1543 172 οὐκέτι
1558 145 1606 177 τὰς
1623 145 1678 172 ἀπὸ
1693 146 1741 182 τῆς
1758 146 1802 172 τοῦ

182 191 320 219 transtulit
336 190 407 219 Deus
424 191 551 226 populum
568 190 733 222 Judzeormn,
748 196 774 216 et
790 190 906 224 perdidit
917 197 962 216 sa~

181 232 309 272 pientiam
333 235 440 263 il'loruin
459 237 505 271 qui
526 236 596 271 apud
617 243 664 263 eos
682 239 760 262 erant
783 235 934 269 sapientum
954 244 960 262 :

180 290 230 309 nec
242 282 313 309 enim
330 282 446 316 amplius
461 281 530 316 apud
547 281 606 308 illos
618 284 659 307 est
671 280 814 314 sapientia,
829 285 859 312 ut
877 287 963 315 neque

179 329 329 364 prophetia,
347 328 393 355 sed
409 333 436 355 et
457 326 661 362 intelligentiam
686 325 890 360 intelligentium
911 333 961 360 po--

180 374 235 409 puli
257 373 368 406 defodit,
390 378 417 400 et
432 373 549 400 occuluit
566 372 646 403 Deus.
665 379 715 398 nec
736 372 852 406 amplius
871 372 962 406 splen-

180 420 241 447 dida
263 424 305 447 est
327 424 353 446 et
377 419 506 451 illustris;
524 423 676 453 propterea,
694 418 802 445 etiamsi
819 418 961 445 videantur

180 465 323 492 consilium
339 463 447 499 aliquod
466 463 600 498 profunde
618 463 721 498 agitare
734 463 766 495 ⁸³,
781 470 842 490 cum
858 462 884 489 id
896 469 959 496 pro-

179 515 236 545 pter
253 509 396 536 Dominum
414 515 467 535 non
485 508 596 540 faciant,
621 508 714 535 miseri
730 507 872 541 dicuntur;
895 512 922 534 et
936 507 958 535 si

175 556 280 583 occulta
300 555 389 589 aliqua
410 554 494 581 divini
509 554 616 581 consilii
630 553 820 580 cnuntiaturos
833 560 862 580 se
876 552 959 588 proli-

175 605 293 632 tcantur,
310 600 491 631 mentiuntur,
516 600 645 634 quoniam
672 606 752 634 opera
777 598 881 626 illorum
904 606 957 625 non

174 646 241 672 lucis
256 651 330 678 sunt,
346 646 392 673 sed
405 645 578 672 tenebrarum
591 649 617 671 et
630 645 728 671 noctis.
749 643 841 670 Visum
851 642 897 670 'est
909 650 958 670 au-

173 697 227 718 tem
243 691 322 718 nobis
337 690 431 726 paucis
443 691 534 717 verbis
547 690 727 725 prophetiam,
741 693 768 716 et
782 689 854 716 illius
867 689 956 723 aliqua

171 746 203 765 ex
221 743 296 773 parte
315 737 522 772 explicationem
547 736 662 771 aperire,
681 736 810 771 quoniam
834 735 957 762 meminit

172 784 245 810 illius
267 782 419 815 Matthaaus,
447 782 570 809 meminit
594 786 621 809 et
644 782 765 814 Marcus;
790 781 861 808 unde
883 781 953 808 circa

172 828 416 864 transgressionem
434 828 571 859 seniorum
589 828 765 864 statuentium
784 832 813 854 ut
829 835 890 854 eum
904 834 953 861 ρει*

172 882 233 901 nem
249 873 391 901 comedent
407 872 503 906 Judaei,
516 873 605 900 lavent
617 880 724 905 manus,
738 872 838 900 utiliter
853 872 952 907 produ-

171 927 264 947 cemus
276 927 308 946 ea
324 927 384 954 quae
400 919 452 946 hoc
471 919 531 946 loco
550 919 590 946 sic
608 926 637 946 se
653 918 784 945 habent“
803 927 810 945 :
828 927 837 944 ι
856 917 953 945 Phari-

171 966 216 993 saei
231 965 316 998 enim,
332 970 358 992 et
371 973 466 992 omnes
479 964 574 999 Judaei,
589 964 641 992 nisi
654 965 750 992 crebro
765 964 879 992 laverint
891 972 950 992 ma-

173 1019 234 1043 nus,
253 1018 307 1038 non
325 1010 501 1043 manducanl,
525 1014 646 1037 tenentes
667 1010 838 1037 traditionem
859 1010 950 1038 senio.

173 1065 241 1084 rum.
255 1055 288 1083 Et
307 1064 322 1083 a
340 1056 399 1083 foro
415 1056 467 1083 nisi
483 1055 664 1090 baptizentur,
678 1064 730 1084 non
746 1056 908 1090 comedunt;
925 1061 951 1084 et

171 1104 222 1130 alia
237 1103 320 1130 multa
332 1107 394 1129 sunt
407 1110 466 1137 quze
481 1102 576 1129 tradita
588 1107 652 1130 sunt
665 1103 718 1130 illis
731 1110 849 1136 servare,
863 1103 950 1138 bapti-

170 1154 258 1176 smata
274 1149 399 1182 calicum,
422 1153 448 1176 et
471 1156 627 1182 urceorum,
646 1153 672 1176 et
687 1153 907 1182 aeramentorum,
923 1154 950 1177 et

170 1195 311 1222 lectorum.
324 1205 336 1221 r

203 1287 245 1314 1‘2.
270 1296 279 1312 ι
299 1285 331 1314 Et
353 1287 512 1314 convocatis
528 1286 560 1314 ad
577 1294 605 1314 se
622 1286 709 1314 turbis
727 1286 795 1313 dixit
810 1286 849 1314 eis
866 1296 873 1313 :
891 1286 946 1313 Au-

167 1333 221 1360 dite
242 1337 268 1360 et
291 1331 430 1368 intelligite
445 1333 478 1366 5°,
495 1342 504 1358 ι
523 1337 549 1360 et
563 1340 622 1367 qua
643 1336 803 1367 sequuntur.
824 1331 947 1359 Dilucide

166 1378 208 1405 his
224 1378 312 1405 verbis
329 1386 343 1405 ιι
361 1376 503 1406 Servatore
524 1378 664 1408 docemur,
687 1385 749 1405 cum
772 1377 799 1404 in
816 1377 945 1410 Levitico,

165 1425 206 1452 vel
223 1425 250 1452 in
270 1424 480 1452 Deuterouomio
493 1424 608 1458 legimus
625 1430 655 1450 ea
676 1430 736 1457 qua‘.
750 1422 783 1450 de
799 1423 909 1450 mundis
920 1427 947 1450 et

165 1471 313 1499 immundis
335 1471 402 1498 cibis
417 1470 514 1498 tradita
539 1473 613 1501 sunt,
637 1472 748 1503 propter
768 1476 828 1503 qua:
845 1476 893 1495 nos
917 1473 946 1495 ut

164 1518 309 1545 violatores
325 1520 455 1544 accusant
468 1515 553 1542 Judaei
570 1516 735 1548 corporales,
751 1519 777 1542 et
798 1522 892 1549 parum
912 1514 946 1542 ab

165 1565 208 1591 liis
227 1563 411 1597 discrepantes
435 1561 564 1593 Ebionaai,
587 1567 640 1587 non
663 1559 812 1595 Scriptura:
834 1568 946 1595 scopum

163 1619 225 1639 esse
247 1610 382 1642 arbitrari,
401 1617 465 1637 eum
488 1609 533 1644 qui
554 1608 650 1635 obvius
669 1612 710 1635 est
725 1615 806 1642 super
821 1607 946 1635 iisrebus

165 1663 284 1684 sensum.
303 1654 369 1681 Nam
386 1655 409 1681 si
426 1663 435 1679 ε
452 1661 504 1681 non
522 1653 594 1687 quod
607 1653 689 1680 intrat
701 1653 727 1680 in
744 1660 774 1680 os
788 1652 947 1687 coinquinat

164 1701 311 1734 hominemI
328 1700 374 1728 sed
391 1700 462 1735 quod
477 1698 597 1734 procedit
611 1706 642 1725 ex
658 1699 745 1731 ore",
765 1708 774 1724 ι
789 1703 816 1725 et
829 1698 946 1725 maxime

163 1747 305 1783 quoniam,
317 1747 393 1781 juxta
410 1745 541 1778 Marcum,
558 1745 615 1772 haec
631 1745 698 1772 dixit
713 1743 841 1772 Servator
854 1753 864 1770 ‹
881 1751 946 1779 pur-

163 1801 230 1829 gans
249 1801 343 1821 omnes
363 1793 480 1824 escas",
499 1801 508 1818 ›
538 1791 711 1818 manifestum
728 1795 768 1818 est
784 1798 838 1817 non
853 1789 944 1824 inqui-

162 1839 222 1866 nari
237 1847 286 1866 nos
299 1847 329 1866 ea
343 1839 516 1866 coniedentes
531 1845 591 1873 qua:
600 1837 685 1864 Judaei
697 1837 794 1863 littera:
806 1836 872 1871 legis
888 1843 947 1863 ser~

164 1885 219 1912 t'ire
247 1885 368 1912 volentes
398 1884 537 1910 immunda
568 1890 628 1910 esse
654 1881 850 1917 pronuntiant;
879 1885 944 1908 tunc

163 1935 251 1958 autem
272 1929 420 1965 inquinari.
433 1929 542 1964 quando
555 1935 616 1956 cum
631 1932 755 1962 oporteat
767 1926 837 1953 labia
851 1930 943 1954 nostra

162 1975 265 2003 ratione
280 1975 368 2001 vineta
396 1982 466 2007 esse,
490 1980 594 2008 nosque
609 1973 643 2000 iis
657 1980 717 2007 qua:
733 1971 848 1999 dicimus
862 1976 946 2000 state-

162 2028 218 2047 ram
234 2025 260 2047 et
273 2020 368 2047 libram
382 2019 519 2052 adhibere,
532 2019 610 2045 obvia
619 2025 732 2052 quaeque
740 2017 877 2052 loquimur
886 2017 946 2051 qui-

161 2065 234 2097 dem,
257 2066 409 2100 cogitamus
426 2068 516 2091 autem
541 2071 594 2091 non
620 2063 783 2096 necessaria,
799 2063 869 2092 unde
882 2062 943 2090 fons

162 2111 240 2139 nobis
259 2111 373 2138 scaturit
385 2115 568 2146 peccatorum.
581 2110 619 2136 Ac
634 2110 710 2136 decet
723 2109 831 2144 quidem
844 2108 890 2136 Dei
903 2109 942 2135 le-

1014 190 1166 226 πνεύματος
1184 191 1289 226 σοφίας,
1303 191 1370 218 ἀλλὰ
1382 191 1429 223 τὰς
1447 192 1629 227 ἀνθρωπίνας.
1645 191 1728 218 Ὅθεν
1742 192 1798 218 τού-

1012 245 1066 263 των
1078 238 1168 269 αὐτοῖς
1184 239 1393 273 συμϐαινόντων,
1409 238 1557 274 μετέθηκεν
1573 240 1586 265 ό
1607 239 1674 271 Θεὸς
1686 240 1731 266 τὸν
1750 240 1800 266 τῶν

1019 282 1151 310 Ἰουδαίων
1168 284 1240 316 λαὸν,
1262 285 1309 311 καὶ
1322 283 1445 311 ἀπώλεσε
1461 285 1510 320 τὴν
1527 285 1622 319 σοφίαν
1638 286 1730 312 αὐτῶν
1749 286 1801 312 τῶν

1013 328 1076 364 παρ’
1093 330 1184 361 αὐτοῖς
1203 330 1291 365 σοφῶν
1302 338 1310 345 ·
1327 330 1418 356 οὐκέτι.
1433 331 1487 366 γάρ
1500 331 1557 357 ἐστι
1579 331 1659 366 σοφία
1678 333 1743 367 παρ’
1755 333 1800 358 αὖ-

1011 373 1076 404 τοίς,
1092 372 1129 404 ὡς
1146 373 1207 400 οὔτε
1225 375 1386 410 προφητεία,
1404 376 1471 403 am
1490 376 1537 402 καὶ
1559 376 1607 411 τὴν
1625 376 1733 403 σύνεσιν
1747 376 1799 402 τῶν

1013 418 1128 445 συνετῶν
1150 419 1195 445 τοῦ
1212 418 1277 446 λαοῦ
1300 421 1475 457 κατορώρυχέ
1491 431 1552 454 που,
1578 423 1624 448 καὶ
1649 422 1768 458 ἔκρυψεν
1785 425 1799 450 ὀ

1010 465 1085 497 Θεὸς,
1107 466 1153 492 καί
1175 466 1265 492 οὐκέτι
1287 467 1345 493 ἐστὶ
1368 467 1480 503 λαμπρὰ
1506 468 1552 494 καὶ
1576 469 1731 504 ἐπιφανής·
1748 469 1797 501 διὸ,

1010 509 1060 536 κᾶν
1081 510 1178 536 δοκῶσι
1196 510 1294 547 βουλήν
1314 520 1374 538 τινα
1394 512 1498 547 βαθέως
1522 513 1619 544 ποιεῖν,
1636 513 1668 539 οὑ
1691 513 1736 540 διὰ
1752 513 1796 540 τοῦ

1009 555 1111 591 Κυρίου
1132 556 1215 591 αὐτὴν
1238 557 1377 588 ποιοῦντες
1398 557 1599 589 ταλανίζονται·
1618 558 1671 584 κᾶν
1691 560 1797 593 κρυπτά

1008 609 1067 627 τινα
1081 601 1299 635 ἐπαγγέλλων-ται
1316 601 1414 636 βουλῆς
1426 602 1507 634 Θείας,
1521 603 1674 638 ψεύδονται,
1687 604 1749 629 ἐπεὶ
1763 603 1796 629 τὰ

1007 646 1075 682 ἔργα
1087 646 1175 673 αὐτῶν
1187 647 1216 672 οὐ
1233 648 1319 681 φωτός
1332 648 1414 679 ἐστιν,
1425 647 1492 674 ἀλλὰ
1506 648 1616 680 σκότους
1628 648 1676 674 καὶ
1690 649 1794 679 νυκτός.

1007 691 1057 717 Διὰ
1081 691 1202 727 βραχέων
1223 691 1251 718 δὲ
1272 691 1359 724 ἔδοξεν
1377 693 1441 727 ἡμῖν
1465 692 1592 719 ἐκθέσθαι
1614 693 1664 728 τὴν
1689 701 1795 729 προφη-

1006 738 1091 770 τείαν,
1111 739 1158 764 καὶ
1176 738 1224 773 τὴν
1237 738 1283 764 ἐπὶ
1305 738 1386 764 ποσὸν
1404 739 1551 773 σαφήνειαν
1571 739 1665 774 αὐτῆς,
1681 739 1796 774 ἐπείπερ

1007 783 1128 818 ἐμνήσθη
1142 783 1227 818 αὐτῆς
1239 784 1253 809 ὁ
1268 783 1415 816 Ματθαῖος,
1435 783 1558 820 ἐμνήσθη
1574 784 1601 810 δὲ
1622 784 1670 810 καὶ
1689 784 1704 809 ὁ
1718 784 1794 819 Μάρ-

1005 838 1062 861 κος,
1080 829 1125 864 ἀφ’
1141 825 1171 855 οὗ
1188 829 1329 865 χρησίμως
1346 829 1575 866 παραστησόμεθα
1591 830 1656 864 περὶ
1670 830 1723 865 τῆς
1742 839 1794 856 πα·

1006 875 1145 911 ραϐάσεως
1167 874 1219 901 τῶν
1246 875 1437 911 πρεσϐυτέρων
1458 875 1589 908 δοξάντων
1612 876 1719 902 νίπτειν
1746 876 1794 907 τὰς

1004 921 1108 955 χεῖρας,
1125 921 1187 946 ὅταν
1204 921 1284 953 ἄρτον
1307 921 1432 947 ἐσθίωσιν
1454 921 1584 952 Ἰουδαῖοι,
1599 921 1634 947 τὰ
1656 922 1728 948 κατὰ
1748 921 1792 947 τὸν

1003 966 1084 992 τόπον
1100 965 1184 998 οὕτως
1201 965 1310 1001 ἔχοντα·
1333 976 1342 991 ι
1358 967 1382 992 oi
1397 966 1451 1002 γὰρ
1464 967 1614 1002 Φαρισαῖοι,
1629 968 1677 994 καὶ
1692 968 1791 1000 πάντες

1003 1013 1027 1038 οἱ
1050 1012 1180 1044 Ἰουδαῖοι,
1194 1012 1240 1038 ἐὰν
1255 1012 1291 1048 μὴ
1307 1013 1402 1048 πυγμῇ
1415 1012 1546 1046 νίψωνται
1559 1013 1608 1045 τὰς
1623 1016 1732 1050 χεῖρας,
1745 1015 1793 1041 οὐκ

1002 1058 1131 1091 ἐσθίουσι,
1150 1058 1312 1094 κρατοῦντες
1328 1059 1376 1093 τὴν
1400 1058 1547 1094 παράδοσιν
1565 1059 1619 1086 τῶν
1637 1060 1791 1095 πρεσὸυτέο

1004 1111 1076 1138 ρων·
1103 1103 1150 1129 καὶ
1176 1103 1223 1129 ἀπ’
1246 1103 1359 1138 ἀγορᾶς,
1385 1103 1431 1129 ἐὰν
1459 1102 1495 1138 μὴ
1520 1102 1718 1138 βαπτίσωνται,
1743 1105 1792 1131 οὐκ

1002 1147 1129 1176 ἐσθίουσι.
1147 1149 1201 1175 Καὶ
1214 1147 1280 1175 ἄλλα
1297 1148 1358 1175 τινά
1372 1149 1445 1174 ἐστιν
1461 1148 1478 1175 ἃ.
1494 1149 1647 1184 παρέλαϐον
1664 1152 1789 1185 κρατεῖν,

1003 1193 1172 1229 βαπτισμοὺς
1194 1194 1340 1230 ποτηρίων,
1365 1193 1410 1220 καὶ
1435 1193 1545 1226 ξεστῶν,
1571 1196 1619 1222 καὶ
1643 1196 1790 1230 χαλκείων,

1001 1240 1048 1267 καὶ
1064 1236 1173 1268 κλινῶν.
1193 1250 1202 1266 ι

1039 1295 1048 1311 ‹
1072 1286 1126 1312 Καὶ
1143 1286 1397 1322 προσκαλεσάμενος
1417 1286 1462 1312 τὸν
1479 1286 1567 1322 ὄχλον,
1586 1285 1663 1314 εἶπεν
1675 1289 1768 1320 αὐτοῖς
1779 1295 1788 1304 ·

1006 1331 1130 1358 Ἀκούετε
1144 1332 1190 1358 καὶ
1204 1332 1317 1365 συνίετε,
1337 1342 1346 1358 ι
1363 1333 1409 1359 καὶ
1424 1332 1457 1359 τὰ
1469 1333 1539 1369 ἑξῆς.
1561 1332 1659 1368 Σαφῶς
1674 1333 1720 1360 διὰ
1732 1333 1790 1360 τοὺ-

999 1386 1053 1404 των
1071 1377 1124 1404 ὑπὸ
1139 1377 1185 1404 τοῦ
1208 1378 1331 1413 Σωτῆρος
1347 1378 1537 1414 διδασκόμεθα,
1553 1379 1787 1413 ἀναγινώσκοντες

999 1423 1027 1449 ἐν
1047 1423 1085 1458 τῷ
1101 1423 1244 1459 Λευῖτικῷ,
1269 1424 1316 1450 καὶ
1333 1425 1361 1450 ἐν
1384 1424 1422 1459 τῷ
1442 1425 1643 1460 Δευτερονομίῳ
1665 1425 1700 1452 τὰ
1723 1425 1788 1460 περὶ

999 1468 1124 1504 καθαρῶν
1141 1469 1186 1495 καὶ
1202 1469 1362 1505 ἀκαθάρτων
1380 1470 1542 1505 βρωμάτων,
1561 1471 1603 1505 ἐφ’
1619 1468 1660 1502 οἷς
1676 1471 1715 1502 ὡς
1732 1479 1786 1497 πα-

998 1514 1160 1550 ρανομοῦσιν
1175 1515 1333 1548 ἐγκαλοῦσιν
1349 1517 1414 1551 ἡμῖν
1430 1517 1455 1542 οἱ
1473 1517 1626 1551 amputato).
1651 1517 1785 1550 Ἰουδαῖοι,

997 1561 1044 1587 καὶ
1058 1561 1082 1587 οί
1100 1561 1181 1596 ὀλίγῳ
1193 1561 1364 1597 διαφέροντες
1384 1562 1472 1588 αὐτῶν
1493 1563 1644 1590 Ἐὗιωναῖοι
1662 1564 1730 1600 (25),
1746 1565 1785 1600 μὴ

997 1607 1116 1642 νομίζειν
1132 1608 1176 1634 τὸν
1199 1608 1297 1634 σκοπὸν
1314 1606 1382 1635 εἶναι
1396 1610 1428 1643 τῇ
1444 1609 1537 1645 Γραφῇ
1554 1611 1698 1646 πρόχειρον
1721 1612 1787 1647 περὶ

995 1652 1098 1679 τούτων
1121 1653 1194 1680 νοῦν.
1223 1663 1231 1678 ι
1252 1653 1346 1689 Είγὰρ
1366 1654 1395 1680 οὐ
1418 1654 1447 1681 τὸ
1472 1655 1660 1690 εἰσερχόμενον
1688 1657 1728 1688 εἰς
1755 1656 1786 1684 τδ

997 1699 1083 1734 στόμα
1097 1701 1181 1726 κοινοῖ
1198 1699 1243 1727 τὸν
1263 1699 1414 1735 ἄνθρωπον,
1433 1700 1500 1727 ἀλλὰ
1513 1701 1542 1727 το
1558 1701 1736 1737 ὲξερχόμενον
1753 1703 1786 1730 ἐκ

995 1745 1042 1771 τοῦ
1061 1745 1202 1780 στόματος,
1228 1754 1237 1771 ι
1254 1745 1300 1772 καὶ¹
1319 1745 1434 1780 μάλιστα
1447 1747 1507 1772 ἐπεὶ
1524 1747 1594 1773 κατὰ
1608 1747 1654 1774 τὸν
1669 1747 1785 1783 Μάρκον

996 1790 1073 1825 ἔλεγε
1090 1791 1175 1818 ταῦτα
1195 1792 1209 1817 ὁ
1225 1790 1328 1825 Σωτὴρ,
1350 1801 1359 1816 ι
1379 1791 1533 1826 καθαρίζων
1551 1792 1638 1819 πάντα
1660 1793 1694 1824 τᾲ
1709 1793 1784 1829 βρώ-

998 1845 1080 1871 ματα,
1094 1846 1102 1861 ι
1113 1836 1200 1871 δῆλον,
1211 1836 1251 1862 ὃτι
1261 1837 1291 1862 οὺ
1305 1836 1464 1872 κοινούμεθα
1474 1837 1521 1872 μὲν
1531 1837 1666 1868 ἐσθίοντες
1677 1837 1696 1864 ἃ.
1715 1839 1783 1865 Ἰου-

995 1881 1065 1908 δαῖοί
1083 1890 1158 1916 φασι,
1181 1881 1218 1916 τῷ
1239 1881 1381 1917 γράμματι
1401 1882 1448 1908 τοῦ
1469 1882 1551 1917 νόμου
1573 1882 1709 1910 δουλεύειν
1724 1883 1785 1910 ἔθευ

995 1927 1094 1958 λοντες,
1119 1924 1187 1953 εἶναι
1208 1926 1349 1962 ἀκάθαρτα
1363 1936 1371 1942 ν
1396 1927 1455 1954 τότε
1478 1927 1506 1954 δὲ
1528 1927 1701 1963 κοινούμεθα,
1724 1930 1781 1961 ὅτε,

994 1973 1052 1999 δέον
1072 1972 1108 1999 τὰ
1129 1973 1204 2008 χείλη
1228 1972 1305 2008 ἡμῶν
1325 1973 1445 2000 δεδέσθαι
1470 1973 1603 2010 αίσθήσει,
1620 1975 1668 2001 καὶ
1695 1977 1782 2002 ποιεῖν

994 2020 1068 2054 ἡμᾶς
1081 2016 1121 2050 οἷς
1133 2019 1247 2054 λέγομεν
1259 2018 1340 2053 ζυγὸν
1356 2019 1402 2045 καὶ
1414 2019 1541 2054 σταθμὸν,
1555 2019 1672 2055 λέγομεν
1686 2020 1736 2055 μὲν
1747 2021 1782 2048 τὰ

995 2065 1194 2100 παρατυχόντα,
1218 2064 1423 2100 διαλογιζόμεθα
1444 2065 1472 2091 δὲ
1492 2065 1526 2091 τὰ
1550 2065 1586 2100 μὴ
1603 2066 1710 2098 δέοντα,
1733 2066 1782 2101 ἀφ’

995 2107 1032 2137 ὧν
1053 2111 1069 2145 ὴ
1095 2109 1170 2145 πηγὴ
1190 2110 1256 2145 ἡμῖν
1276 2109 1383 2145 ἔρχεται
1406 2110 1460 2137 τῶν
1483 2111 1701 2146 ἁμαρτημάτων.
1726 2112 1782 2139 Καὶ

160 2164 220 2191 gem
237 2163 268 2182 ea
283 2164 343 2191 qua‘
357 2163 372 2183 e
387 2155 507 2190 nequitia
522 2154 668 2189 proﬂuunt,
686 2159 792 2187 vetare;
809 2161 869 2188 quze
879 2161 942 2181 vero

1039 2153 1098 2180 ίπον
1114 2153 1144 2188 γέ
1158 2154 1215 2180 ἐστι
1232 2153 1299 2180 Θεοῦ
1320 2155 1394 2189 νόμῳ
1411 2155 1592 2190 ἀπαγορεύειν
1608 2156 1643 2183 τὰ
1657 2157 1712 2183 ἀπὸ
1731 2165 1782 2183 κα-

161 2203 194 2229 ad
213 2201 339 2229 virtutem
352 2201 496 2236 pertinent,
512 2201 670 2236 praecipere;
685 2207 746 2234 qua
760 2207 824 2226 vero
837 2207 870 2226 ex
883 2206 942 2226 sese

160 2252 224 2275 sunt
238 2247 428 2280 indiﬂ'erentia,
449 2254 498 2274 suo
514 2247 575 2274 loco
591 2246 752 2281 relinquere,
773 2253 805 2273 ea
820 2245 943 2272 videlicet

159 2302 219 2329 quae
235 2294 304 2321 male
315 2293 371 2321 fieri
383 2299 507 2328 possunt,
525 2293 547 2320 si
559 2300 590 2320 ex
609 2292 741 2322 instituto.
757 2296 784 2318 et
798 2299 831 2318 ex
841 2298 871 2317 ea
883 2297 943 2325 qua:

158 2340 185 2368 in
195 2339 273 2367 nobis
284 2343 326 2367 est
337 2339 476 2366 rationein
486 2339 519 2366 iis
529 2346 685 2374 peccemus;
696 2341 767 2365 recte
774 2341 863 2364 autem
873 2336 941 2368 fieri,

193 2419 216 2436 "
227 2419 278 2446 lsa.
294 2427 369 2452 xxtx,
387 2419 431 2446 15.
468 2418 490 2435 δ’
512 2417 594 2446 Marc.
613 2425 662 2449 vn.
690 2417 716 2449 5,
730 2417 756 2443 4.
788 2415 809 2432 ⁵ο
824 2414 918 2442 Matth.
934 2423 947 2442 x

1074 2414 1095 2430 ⁵¹
1114 2413 1180 2441 ibid.
1196 2414 1239 2442 ll.

158 2501 236 2534 dunt.
252 2508 314 2528 cum
331 2501 491 2536 praesertim?
510 2500 692 2536 διδάσκουσιν,
709 2500 753 2526 hic
766 2498 942 2536 signiﬁcatio-

158 2544 219 2564 nem
237 2543 290 2562 non
306 2534 432 2568 docendi,
447 2535 494 2562 sed
507 2534 627 2561 discendi
639 2534 760 2561 obtinere
771 2534 902 2565 videatur,
913 2538 942 2560 ut

159 2570 228 2598 infra
243 2578 351 2605 quoque
367 2570 532 2605 notabimus.
546 2568 677 2605 Hunnus.

193 2603 259 2640 (25f
268 2603 322 2632 Κᾱὶ
330 2606 357 2632 οἱ
368 2603 656 2640 ὀλίγῳ-διαφέροντες
663 2603 940 2640 αὺτῶηᾲᾙϐιωναῖοι.

159 2638 245 2673 Quam
264 2640 386 2674 proxime
406 2640 438 2666 ad
452 2638 560 2666 Judzeos
577 2640 736 2672 accederent
755 2638 875 2674 Ebiongei
893 2639 942 2674 do-

158 2679 220 2702 cent
241 2673 368 2706 lrcuzeus,
394 2673 559 2708 Epiphanius
578 2678 604 2700 et
619 2673 814 2701 Theodorctns.
829 2673 887 2700 Non
903 2673 937 2700 ab

131 2714 138 2721 '
159 2709 273 2743 impuris
287 2713 376 2736 autem
389 2709 457 2736 cibis
470 2709 649 2741 solummodo,
662 2709 708 2736 sed
723 2713 749 2735 et
763 2709 797 2734 ab
810 2708 936 2735 animatis

159 2743 287 2770 omnibus
300 2751 347 2770 eos
363 2743 538 2776 abstinuisse,
554 2751 586 2770 ac
603 2751 652 2777 pro
668 2744 782 2777 impuris
796 2743 935 2774 habuisse,

156 2778 336 2812 eumdemtu
347 2786 465 2805 errorem
478 2777 556 2805 Petro
572 2778 707 2806 aliinxisse
724 2778 800 2805 testis
813 2782 853 2805 est
865 2778 935 2804 idem

995 2200 1066 2232 κίας,
1081 2200 1138 2226 ,καὶ
1162 2201 1396 2236 προστάσσειν’τὰ
1416 2202 1476 2228 κατ’
1493 2202 1592 2237 ἀρετήν
1605 2211 1611 2216 ·
1631 2203 1667 2229 τὰ
1689 2203 1719 2229 δὲ
1740 2203 1780 2238 τῷ

994 2243 1050 2279 ἰδίῳ
1065 2244 1136 2279 λόγῳ
1151 2245 1292 2280 ἀδιάφορα,
1308 2245 1393 2272 ταῦτα
1409 2246 1455 2280 ὲᾷν
1467 2247 1512 2272 ἐπὶ
1526 2246 1626 2283 χώρας,
1641 2248 1779 2284 δυνάμενα

992 2289 1035 2316 διὰ
1051 2289 1101 2325 τὴν
1115 2290 1271 2325 προαίρεσιν
1286 2291 1332 2317 καὶ
1347 2291 1392 2317 τὸν
1405 2292 1433 2317 ὲν
1447 2292 1511 2327 ἡμῖν
1524 2292 1611 2326 λόγον,
1625 2293 1781 2329 ἁμαρτανό-

995 2342 1062 2368 μενα
1089 2334 1138 2369 μὲν
1158 2334 1250 2366 κακῶς
1272 2332 1449 2369 πράττεσθαι,
1470 2336 1674 2372 κατορθούμενα
1690 2338 1719 2365 δὲ
1737 2338 1781 2373 γί-

1280 2415 1302 2431 "
1315 2415 1398 2443 Marc.
1411 2424 1458 2450 vn,
1471 2416 1515 2444 l9.

990 2497 1170 2532 Epiphanius,
1183 2496 1279 2524 hares.
1294 2505 1358 2524 xxx.
1375 2497 1429 2525 Nec
1442 2497 1632 2527 Ebionmorum
1647 2501 1780 2531 duntaxat

991 2541 1067 2560 error
1084 2533 1127 2569 ille
1139 2532 1199 2569 l‘ui_t_,
1211 2540 1270 2566 qua:
1281 2533 1399 2559 animata
1416 2533 1531 2569 fuissent
1545 2537 1699 2569 respuenda
1711 2545 1760 2564 ceu
1769 2553 1776 2559 -

990 2576 1060 2600 sere,
1075 2568 1121 2595 sed
1137 2572 1164 2594 et
1175 2566 1375 2599 Nazaraaorum,
1389 2573 1415 2594 et
1429 2566 1669 2600 Dositheanorum.
1686 2576 1713 2598 et
1726 2571 1778 2600 Va-

990 2603 1130 2633 lcsiorum,
1144 2607 1171 2629 et
1183 2602 1363 2636 quorumdam
1379 2611 1393 2629 e
1406 2602 1607 2631 Snturnilianis.
1624 2610 1651 2631 et
1663 2606 1778 2634 Marcio-

991 2638 1080 2669 nistis,
1093 2642 1130 2669 et,
1147 2637 1170 2665 si
1182 2636 1328 2671 Philostrio
1339 2637 1406 2665 ﬁdes
1417 2643 1468 2671 est,
1481 2638 1674 2671 Aerianomm.
1688 2646 1716 2668 et
1727 2642 1777 2669 En-

991 2673 1169 2708 eratitarum,
1183 2677 1211 2708 et
1233 2669 1466 2708 Manichaeorum,"
1479 2677 1506 2699 et
1525 2674 1571 2708 qui
1593 2682 1627 2701 ex
1648 2669 1703 2703 illis
1724 2677 1774 2703 orti

990 2712 1062 2746 sunt,
1077 2700 1357 2746 Priscillianistarurn,
1369 2700 1638 2746 et_ApotaetiEOruin,
1647 2700 1776 2746 seu—Apr;

991 2742 1158 2780 shtolieorum.
1194 2741 1282 2780 Quam
1318 2741 1450 2780 insaniam
1482 2741 1774 2780 damnmft'synodus

990 2774 1090 2812 Gangr.
1104 2785 1163 2804 can.
1184 2785 1214 2810 ιι,
1232 2777 1338 2811 aliaque
1352 2777 1466 2805 subinde
1480 2777 1577 2806 concil.
1596 2777 1633 2805 lo.
