1880 3045
114 126 167 155 9H

612 127 786 156 COMMENT.
809 127 841 155 IN
861 127 1068 158 MATTILEUM
1088 131 1208 160 TOMUS
1229 131 1272 158 XI.

1687 134 1741 162 9η

116 184 230 220 γνεσθαι
257 186 356 218 καλῶς.
376 185 467 212 Ταῦτα
484 186 511 212 δέ
522 195 561 218 τις
574 186 710 221 ἐπιμελῶς
722 188 831 222 νοήσας,
844 187 896 222 ὄψει

956 187 1037 224 495
1051 189 1073 216 si
1086 189 1120 216 ad
1136 189 1235 217 bonum
1253 190 1332 218 tinem
1345 190 1537 226 perducantur.
1547 190 1586 218 Ad
1603 191 1661 218 base
1676 199 1740 219 vero

117 237 173 262 ται,
188 231 228 257 ὅτι
243 232 334 259 καὶτὰ
345 232 506 267 νομιζόμενα
520 231 609 266 ἀγαθὰ
623 230 678 259 οἶόν
694 230 726 260 τέ
734 234 801 264 ἐστι,
815 233 906 264 κακῶς

117 276 166 303 καὶ
185 277 238 303 ἀπὸ
258 277 360 310 πάθους
379 278 504 309 λαϐόντα,
527 279 703 314 ἁμαρτάνειν,
718 279 764 304 καὶ
780 278 814 304 τὰ
828 278 905 312 λεγό-

119 330 189 358 μενα
205 323 358 359 ἀκάθαρτα,
376 324 487 351 δυνατὸν
501 324 571 350 κατὰ
586 324 664 358 λόγον
680 325 708 350 ὲν
725 325 820 360 χρήσει
840 325 906 360 ἡμῖν

118 368 259 403 γινόμενα,
276 368 425 402 λογίζεσθαι
438 369 553 405 καθαρά.
567 370 671 405 Ὥσπερ
684 369 738 405 γὰρ
753 370 799 396 τοῦ
817 370 906 405 ἁμαρ-

117 414 245 446 τάνοντος
267 415 392 441 Ἰουδαίου
413 415 430 450 ἡ
452 415 586 451 περιτομὴ
607 416 647 447 εἰς
662 415 844 451 άκροὸυστίαν
866 417 906 443 λο-

117 459 288 495 γισθήσεται,
307 460 353 487 τοῦ
375 461 403 487 δὲ
424 461 617 496 κατορθοῦντος
637 461 691 488 ἀπὸ
712 462 766 488 τῶν
789 462 872 489 ὲθνῶν

117 505 286 539 ἀκροϐυστία
299 505 339 536 εἰς
350 505 510 540 περιτομὴν,
526 505 611 537 οὕτως
623 506 657 533 τὰ
678 507 726 542 μὲν
741 506 905 542 νομιζόμενα

118 550 229 587 καθαρὰ
246 551 435 588 λογισθήσεται
453 553 493 584 εἰς
514 552 656 588 ἀκάθαρτα
674 553 712 588 τῷ
735 553 771 588 μὴ
793 553 905 586 δεόντως

117 598 220 629 αὐτοῖς,
235 598 302 634 μηδὲ
319 599 363 625 ὅτε
385 599 434 630 δεῖ,
459 599 526 634 μηδὲ
541 599 601 626 ὅσον
619 599 659 626 δεῖ
675 599 742 635 (26),
761 600 827 635 μηδὲ
844 600 905 628 ὅθεν

117 644 159 671 δεῖ
174 644 323 680 χρωμένῳ·
336 644 369 671 τὰ
389 644 416 670 δὲ
431 644 562 680 λεγόμενα
575 645 716 681 ἀκάθαρτα
735 655 744 672 t
765 647 853 673 πάντα
863 647 905 681 γί-

117 698 193 716 νεται
206 690 313 725 καθαρὰ
328 691 383 722 τοῖς
399 690 544 725 καθαροῖς·
563 692 619 722 τοῖς
638 691 691 727 γὰρ
710 692 906 727 μεμιασμένοις

117 736 166 761 καὶ
189 735 313 767 ἀπίστοις
333 735 408 762 οὐδὲν
429 735 557 772 καθαρὸν,
579 736 639 763 ἐπεὶ
657 737 802 772 μεμίανται
816 738 904 764 αὐτῶν

117 780 166 808 καὶ
183 782 197 806 ὁ
219 780 292 813 νοῦς,
308 781 354 807 καὶ
374 782 390 816 ἡ
408 781 557 817 συνείδησις
570 790 576 796 ·
600 791 609 806 ι
629 782 675 809 καὶ
690 782 784 814 ταῦτα,
804 791 904 818 μεμια-

118 825 216 861 σμένα,
235 825 342 852 ἅπαντα
359 828 430 853 ποιεῖ
447 826 533 862 μιαρὰ
555 823 593 853 ὧν
607 826 640 853 ἂν
663 827 779 863 ἅψηται·
796 828 834 859 ὡς
852 828 904 855 πά-

117 870 158 896 λιν
180 871 212 897 ὲκ
235 870 280 896 τοῦ
306 871 428 897 ἐναντίου
447 871 461 897 ὁ
476 870 593 905 καθαρὸς
615 870 678 902 νοῦς
695 871 740 897 καὶ
759 872 775 906 ἠ
796 870 903 907 καθαρά

117 915 270 950 συνείδησις
290 915 377 942 πάντα
391 916 463 942 ποιεῖ
483 915 600 952 καθαρὰ,
619 916 670 943 κᾶν
682 916 746 952 δοκῇ
763 917 904 953 ἀκάθαρτα

116 962 261 998 τυγχάνειν
272 971 278 977 ·
294 961 324 988 οὐ
340 961 394 998 γὰρ
409 962 463 989 ἀπὸ
480 962 637 995 ἀκολασίας,
652 963 712 989 οὐδὲ
723 963 777 990 ἀπὸ
796 963 904 1000 φιληδο-

116 1007 189 1040 νίας,
210 1008 270 1034 οὐδὲ
292 1007 361 1043 μετὰ
381 1008 543 1044 διακρίσεως
563 1008 759 1045 περιελκούσης
778 1010 818 1041 εἰς
840 1010 904 1036 ἐκά-

117 1062 186 1089 τερα
210 1055 234 1080 οί
255 1054 354 1081 δίκαιοι
376 1054 494 1090 χρῶνται
519 1056 574 1087 τοῖς
595 1055 766 1091 βρώμασινῆ
788 1056 902 1091 πόμασι,

119 1099 350 1135 μεμνημένοιτοῦ
364 1109 370 1115 ·
399 1110 408 1125 ι
432 1100 493 1127 Εἴτε
514 1100 628 1132 ἐσθίετε,
649 1101 704 1127 εἴτε
728 1101 831 1132 πίνετε,
849 1101 903 1128 εἴτε

116 1145 183 1171 ἄλλο
197 1138 306 1176 ποιεῖτε,
318 1147 358 1177 εἰς
372 1146 448 1178 δόξαν
459 1145 525 1172 Θεοῦ
538 1147 649 1173 ποιεῖτε.
668 1157 677 1172 ι
691 1147 722 1174 Et
735 1147 762 1174 δὲ
773 1147 824 1184 χρὴ
839 1148 904 1174 ὐπο-

117 1191 223 1225 γράψαι
241 1191 275 1218 τὰ
294 1191 363 1218 κατὰ
379 1192 409 1218 τὺ
423 1191 588 1226 Εὑαγγέλιον
603 1192 744 1228 ἀκάθαρτα
760 1192 901 1229 βρώματα,

117 1235 251 1270 φήσομεν,
266 1236 305 1262 ὅτι
319 1235 430 1263 τοιαῦτά
447 1237 505 1263 ὲστι
523 1236 556 1263 τά
572 1236 626 1263 ἀπὸ
647 1237 802 1270 πλεονεξίας
818 1246 902 1264 πεπο-

119 1280 246 1316 ρισμένα,
271 1283 316 1308 καὶ
341 1282 394 1309 ἀπὸ
414 1282 636 1318 αἰσχροκερδείας
658 1284 902 1320 περιγεγενημένα,

119 1326 168 1352 καὶ
184 1327 237 1353 ἀπὸ
253 1327 406 1363 φιληδονίας
425 1327 628 1363 λαμϐανόμενα,
644 1328 690 1355 καὶ
710 1328 764 1356 ἀπὸ
779 1329 826 1356 τοῦ
845 1328 903 1356 θεο-

117 1372 253 1399 ποιεῖσθαι
270 1374 427 1409 τιμωμένην
449 1374 499 1410 τὴν
519 1375 649 1410 γαστέρα,
670 1374 734 1402 ὃταν
756 1375 835 1411 αὐτὴ,
857 1375 903 1403 καὶ

117 1418 146 1444 αἱ
164 1419 223 1444 κατ’
239 1419 321 1455 αὐτὴν
335 1420 447 1455 ὀρέξεις,
462 1421 509 1447 καὶ
525 1421 562 1457 μὴ
577 1422 591 1448 ὁ
605 1421 692 1456 λόγος,
710 1422 781 1458 ἄρχῃ
792 1422 841 1458 τῆς
853 1422 903 1457 ψυ-

117 1462 170 1498 χῆς
184 1463 270 1499 ἡμῶν.
293 1464 371 1491 Ἀλλὰ
385 1466 431 1492 καὶ
445 1466 622 1500 γινώσκοντες
638 1467 786 1502 δαιμονίοις
803 1468 903 1504 κεχρῆ-

958 234 1003 268 qui
1021 234 1163 269 diligenter
1183 236 1312 266 attendet,
1332 236 1433 263 ridebit
1443 236 1469 263 in
1482 236 1515 264 iis
1526 244 1586 271 qua:
1597 236 1666 263 bona
1680 244 1741 264 esse

958 277 1115 312 creduntur,
1127 286 1205 313 posse
1219 287 1280 306 eum
1297 287 1419 314 peccare,
1435 281 1480 315 qui
1493 281 1563 307 male
1575 284 1601 308 et
1611 288 1643 308 ex
1656 289 1741 315 pravo

957 322 1053 350 atl'ectu
1078 331 1108 351 ca
1133 325 1301 359 susceperit;
1320 327 1346 351 et
1362 332 1422 358 qua:
1445 324 1584 351 immunda
1601 324 1740 357 dicuntur,

957 375 1036 402 posse
1049 376 1097 403 pro
1112 369 1220 396 mundis
1238 369 1368 404 reputari,
1389 369 1411 396 si
1426 377 1489 396 eum
1505 370 1611 396 ratione
1629 370 1662 397 iis
1678 373 1722 397 uta
1733 383 1740 389 -

957 421 1027 440 mur.
1049 413 1282 447 Quemadmodum
1296 414 1367 441 enim
1383 414 1564 450 delinquentis
1583 414 1667 442 Judaei
1687 415 1741 442 cir-

958 459 1088 486 cumcisio
1104 459 1130 486 in
1144 460 1305 494 praeputium
1318 459 1497 494 reputabitur,
1512 464 1539 487 et
1549 460 1649 488 ethnici
1667 463 1740 487 recte

957 503 1082 531 facientis
1108 505 1268 539 prteputium
1291 505 1317 531 in
1341 505 1577 532 circumcisionem
1590 505 1632 538 “;
1657 505 1696 532 sic
1712 509 1740 533 et

956 555 1016 582 qua:
1036 555 1103 582 pura
1120 549 1322 582 existimantur,
1338 556 1387 583 pro
1402 549 1517 584 impuris
1534 549 1740 584 imputabuntur

955 592 991 626 ei,
1005 593 1050 627 qui
1068 600 1117 620 nec
1132 593 1257 620 decenter
1271 593 1314 625 iis,
1330 601 1418 629 neque
1433 594 1541 629 quando
1559 599 1675 629 oportet,
1691 603 1739 623 nc-

955 645 1008 672 que
1023 638 1094 665 unde
1112 642 1227 673 oportet,
1250 639 1347 671 utitur;
1367 647 1428 674 qua:
1451 645 1540 667 autem
1567 639 1674 676 impura
1694 641 1738 668 di-

955 688 1065 716 cuntur,
1083 694 1092 710 ι
1108 685 1198 713 omnia
1215 686 1283 713 tiunt
1298 686 1398 713 munda
1412 686 1540 714 mundis:
1553 686 1740 722 coinquinatis
1754 689 1757 693 ’

954 730 1026 757 enim
1044 735 1071 757 et
1088 730 1242 759 infidelibus
1258 731 1325 758 nihil
1340 736 1380 759 est
1396 732 1538 765 mundum,
1555 732 1683 768 quoniam
1697 733 1737 760 in-

955 776 1073 811 quinataa
1087 781 1151 804 sunt
1164 785 1258 804 eorum
1276 782 1302 805 et
1313 784 1390 804 mens
1413 782 1440 805 et
1454 778 1618 805 conscientia
1628 778 1669 812 l";
1688 788 1697 804 ι
1712 784 1739 807 et

956 822 1013 849 hzee
1026 822 1128 857 polluta
1147 830 1210 850 cum
1223 827 1298 856 sunt,
1311 822 1402 850 omnia
1415 823 1520 857 impura
1532 823 1650 850 cilicium.
1664 831 1738 858 qua:-

955 875 1062 903 cunque
1075 869 1212 904 attigerint
1226 878 1233 895 ι
1246 868 1472 904 quemadmodum
1490 877 1586 896 rursus
1599 877 1614 896 e
1629 874 1739 896 eontra-

955 913 996 940 rio
1011 921 1080 948 pura
1097 921 1174 942 mens
1195 919 1222 941 et
1244 922 1311 949 pura
1325 913 1490 942 conscientia
1506 922 1575 950 pura
1589 915 1680 942 omnia
1697 913 1738 941 fa-

954 960 1038 993 ciunt,
1054 960 1161 989 etiamsi
1174 960 1280 996 impura
1293 968 1353 989 esse
1366 961 1522 994 videantur;
1536 968 1585 988 nec
1599 961 1669 988 enim
1683 969 1739 996 pra:

954 1005 1065 1034 lascivia
1087 1007 1128 1034 vel
1150 1007 1239 1035 studio
1262 1006 1419 1042 voluptatis,
1434 1013 1523 1042 neque
1541 1014 1603 1033 cum
1627 1007 1737 1034 dubita-

954 1053 1028 1080 tione
1044 1053 1071 1079 in
1092 1057 1237 1088 utramque
1253 1057 1357 1095 partem
1378 1053 1514 1085 trahente.
1538 1057 1652 1080 utuntur
1669 1053 1736 1088 justi

954 1098 1014 1125 cibo
1034 1102 1061 1126 et
1075 1103 1152 1133 potu,
1167 1106 1302 1126 memores
1322 1099 1385 1127 dicti
1408 1099 1479 1128 illius
1493 1099 1515 1115 ⁵⁸
1530 1109 1536 1126 :
1554 1108 1564 1125 Ι
1584 1098 1646 1126 Sive
1659 1107 1737 1126 man-

953 1145 1069 1177 ducatis,
1083 1145 1139 1172 sive
1151 1144 1254 1177 bibitis,
1269 1145 1326 1172 sive
1342 1144 1406 1179 quid
1421 1143 1521 1177 facitis,
1534 1144 1625 1172 omnia
1641 1145 1667 1172 in
1680 1145 1737 1181 glo-

954 1191 1021 1218 riam
1043 1190 1088 1218 Dei
1106 1189 1196 1218 facite.
1217 1200 1227 1217 »
1252 1190 1329 1224 Quod
1344 1191 1367 1218 si
1382 1191 1540 1226 designandi
1562 1195 1625 1219 sunt
1648 1191 1667 1218 ii
1688 1192 1736 1227 qui

951 1237 1028 1271 juxta
1047 1236 1225 1272 Evangelium
1241 1237 1340 1271 impuri
1357 1241 1421 1264 sunt
1437 1237 1503 1271 cibi,
1521 1237 1644 1266 dicemus
1668 1239 1737 1266 tales

953 1290 1014 1310 esse
1032 1277 1094 1310 illos
1110 1283 1156 1318 qui
1169 1283 1203 1310 ab
1215 1283 1328 1310 avaritia
1343 1282 1595 1318 subministrantur,
1610 1288 1637 1311 et
1650 1285 1736 1320 turpis

953 1328 1020 1355 lucri
1036 1329 1126 1356 studio
1145 1333 1347 1363 comparantur,
1359 1333 1385 1356 et
1398 1337 1452 1364 prie
1465 1330 1604 1365 voluptate
1619 1338 1736 1359 sumun-

953 1379 1008 1408 tur,
1034 1378 1061 1402 et
1079 1375 1178 1402 idcirco
1203 1375 1275 1409 quod
1291 1375 1453 1403 honoratum
1476 1381 1597 1404 ventrem
1614 1384 1663 1412 pro
1680 1376 1736 1405 Deo

952 1421 1118 1454 habeamus;
1132 1421 1240 1456 quando
1254 1421 1377 1448 videlicet
1389 1422 1457 1457 ipse,
1466 1422 1579 1458 ejusque
1590 1423 1736 1458 appetitus,

954 1474 1007 1494 non
1022 1467 1101 1500 ratio,
1116 1467 1213 1494 animae
1229 1471 1329 1494 nostra:
1345 1467 1529 1497 dominantur.
1546 1468 1599 1496 Sed
1614 1473 1641 1496 et
1652 1469 1738 1497 scien-

118 1509 182 1537 σθαι
193 1518 262 1543 τινα,
277 1510 292 1546 ἢ
307 1511 342 1546 μὴ
355 1510 534 1545 γινώσκοντες
546 1512 606 1548 μὲν,
621 1513 795 1545 ὑπονοοῦντες
805 1513 843 1546 δὲ,
857 1514 896 1540 κατ

956 1518 994 1541 les
1006 1512 1149 1540 daemoniis
1167 1520 1246 1540 usum
1262 1512 1381 1548 aliquem
1393 1512 1487 1547 fuisse,
1504 1514 1546 1542 vel
1562 1522 1617 1542 non
1635 1523 1737 1551 cogno-

116 1557 315 1592 διακρινόμενοι
331 1559 394 1593 περὶ
408 1559 513 1591 τούτου,
527 1560 550 1586 εί
564 1559 737 1595 χρησαίμεθα
749 1561 805 1592 τοῖς
818 1561 904 1587 τοιού-

116 1611 185 1635 τοις,
204 1603 254 1630 οὐκ
271 1604 310 1635 εἰς
329 1603 406 1637 δόξαν
422 1604 489 1631 Θεοῦ
510 1605 600 1637 αὐτοῖς
617 1605 783 1642 κεχρήμεθα,
799 1606 859 1632 οὐδὲ
875 1606 902 1632 ὲν

117 1648 230 1684 ὀνόματι
245 1649 374 1684 Χριστοῦ,
392 1650 422 1676 οὑ
441 1651 520 1686 μόνον
535 1650 585 1685 τῆς
603 1651 666 1686 περ)¹
686 1653 732 1679 τοῦ
743 1652 904 1680 εἰδωλόθυτα

117 1692 190 1721 εἶναι
210 1695 368 1731 ὑπολήψεως
388 1696 603 1732 κατακρινούσης
621 1697 666 1724 τὸν
685 1697 818 1730 ἐσθίοντα,
834 1699 902 1726 ἀλλὰ

117 1740 167 1767 καὶ
183 1741 233 1776 τῆς
250 1742 312 1777 περὶ
325 1741 417 1767 τούτου
431 1741 608 1776 διακρίσεως·
626 1752 635 1767 ι
657 1742 687 1769 '0
702 1742 756 1780 γὰρ
768 1744 903 1780 διακρινό-

119 1782 211 1823 μενος,
231 1787 301 1814 κατὰ
314 1787 359 1815 τὸν
382 1787 551 1820 Ἀπόστολον,
571 1788 617 1815 ἐὰν
638 1788 721 1825 φάγῃ,
736 1791 901 1827 κατακέκρι-

116 1841 174 1865 ται,
188 1832 229 1859 ὅτι
246 1833 296 1860 οὐκ
313 1833 346 1859 ἐκ
365 1833 496 1865 πίστεως·
516 1833 569 1860 πᾶν
590 1834 618 1860 δὲ
635 1834 649 1860 δ
663 1834 712 1860 οὐκ
726 1835 758 1861 ἐκ
775 1835 900 1869 πίστεως,

116 1879 240 1915 ἁμαρτία
253 1879 336 1907 ἐστίν.
355 1889 364 1905 ι
384 1879 431 1906 Ἐκ
446 1879 561 1912 πίστεως
577 1880 626 1916 μὲν
638 1879 684 1908 οὖν
696 1881 780 1908 ἐσθίει
793 1883 807 1909 ό
823 1891 902 1909 πεπι-

118 1925 239 1958 στευκὼς
254 1926 290 1962 μὴ
310 1927 338 1952 ἐν
352 1926 495 1958 εἰδωλείοις
508 1926 562 1962 (27)
582 1927 709 1954 τεθύσθαι
724 1928 755 1955 τὸ
776 1928 902 1965 ἐσθιόμε-

116 1980 173 2003 νον,
187 1971 253 2008 μηδὲ
264 1972 373 1999 πνικτὸν
383 1972 448 1999 αὐτὸ
458 1970 536 2004 εἶναι,
549 1973 565 2009 ἢ
579 1971 649 2008 αἷμα
660 1982 667 1989 ’
679 1973 728 2000 οὐκ
742 1975 773 2000 ἐκ
786 1975 902 2007 πίστεως

115 2018 145 2045 δὲ
160 2019 175 2044 ό
189 2018 252 2054 περὶ
264 2019 365 2045 τούτων
380 2019 451 2051 τινὸς
466 2019 669 2055 διακρινόμενος
679 2028 685 2035 ·
709 2020 756 2047 καὶ
775 2021 901 2053 κοινωνὸς

114 2064 144 2090 δὲ
160 2063 215 2090 τῶν
232 2064 376 2100 δαιμονίων
398 2064 500 2099 γίνεται
520 2065 534 2091 ό
553 2065 599 2092 καὶ¹
614 2065 683 2092 αὐτὰ
707 2065 786 2098 εἰδὼς
806 2065 901 2102 δαιμο-

115 2112 185 2143 νίοις
202 2111 340 2145 τεθύσθαι,
354 2112 401 2139 καὶ
420 2112 495 2139 οὐδὲν
512 2110 592 2148 ἦττον
610 2113 750 2149 χρώμενος
766 2113 834 2149 μετὰ
855 2123 902 2149 με-

117 2157 290 2193 μολυσμένης
305 2157 354 2193 τῆς
369 2158 432 2194 περὶ
449 2157 501 2184 τῶν
523 2157 666 2193 δαιμονίων
682 2159 901 2194 κοινωνησάντων

113 2203 154 2239 τῷ
167 2204 266 2239 θύματι
279 2204 438 2238 φαντασίας.
453 2203 507 2230 Καὶ
522 2205 536 2230 ὁ
557 2203 714 2235 Ἀπόστολος
731 2204 823 2239 μέντοι
840 2207 900 2233 ὲπι-

116 2250 249 2284 στάμενος
266 2250 302 2285 μὴ
319 2249 367 2285 τὴν
385 2249 463 2283 φύσιν
477 2248 530 2276 τῶν
554 2248 703 2286 βρωμάτων
723 2249 812 2277 αἰτίαν
832 2249 901 2278 εἶναι
927 2281 932 2286 _

115 2295 220 2330 βλάϐης
244 2294 282 2330 τῷ
302 2295 450 2330 χρωμένῳ,
473 2295 490 2330 ἣ
513 2295 645 2329 ὠφελείας
667 2296 706 2331 τῷ
728 2296 900 2333 άπεχομένῳ,

115 2341 185 2369 ἀλλὰ
203 2341 237 2367 τὰ
256 2341 376 2376 δόγματα
394 2341 442 2368 καὶ
456 2341 500 2368 τὸν
519 2342 704 2378 ἐνυπάρχοντα
718 2342 806 2377 λόγον,
823 2342 899 2371 εἷπε·

116 2397 127 2413 ε
148 2386 252 2422 Βρῶμα
271 2387 299 2413 δὲ
313 2387 387 2422 ἡμᾶς
403 2386 433 2413 οὖ
451 2387 599 2422 παρίστησι
617 2387 656 2422 τῷ
673 2387 731 2422 Θεῷ
743 2396 750 2403 ο
766 2388 828 2415 οὔτε
846 2389 900 2425 γὰρ

110 2433 162 2460 ἐὰν
173 2432 314 2467 φάγωμεν,
330 2432 556 2468 περισσευόμεθα,
570 2431 632 2458 οὔτε
645 2432 692 2459 ἐὰν
707 2433 743 2469 μὴ
758 2435 899 2470 φάγωμεν,

111 2477 308 2514 ὑστερούμεθα.
326 2487 334 2503 ι
354 2478 409 2505 Καὶ
426 2477 540 2512 ἐπείπερ
558 2477 692 2512 ἠπίστατο
708 2479 770 2511 τοὺς
783 2481 899 2515 μεγαλο-

110 2523 262 2559 φυέστερον
277 2523 403 2555 νοοῦντας
415 2523 485 2550 κατὰ
499 2523 544 2549 τὴν
561 2523 643 2558 νόμον
657 2523 717 2550 τίνα
731 2524 765 2551 τὰ
781 2526 899 2562 καθαρά,

109 2569 161 2596 καὶ
183 2569 244 2594 τίνα
267 2568 301 2594 τὰ
325 2568 476 2603 ἀκάθαρτα,
494 2567 663 2599 ἀποστάντας
687 2568 737 2603 τῆς
760 2570 824 2605 περὶ
851 2571 898 2598 τοῦ

108 2613 232 2651 χρῆσθαι
252 2613 288 2645 ὡς
301 2613 440 2649 καθαροῖς,
457 2612 504 2639 καὶ
521 2612 685 2648 ἀκαθάρτοις
698 2613 838 2650 διαφορᾶς,
853 2618 899 2645 καὶ

955 1566 1061 1586 scentes
1083 1558 1204 1594 quidem,
1231 1559 1401 1594 suspicantes
1423 1564 1524 1593 autem,
1553 1564 1580 1588 et
1605 1568 1637 1589 ea
1657 1561 1690 1589 de
1706 1568 1737 1589 re

954 1604 1119 1637 dubitantes,
1138 1605 1160 1632 si
1178 1604 1277 1632 talibus
1294 1608 1413 1637 utamur,
1435 1612 1489 1632 non
1502 1605 1541 1633 ad
1562 1605 1609 1633 Dei
1623 1605 1736 1642 gloriam

954 1650 1006 1678 illis
1020 1650 1062 1677 usi
1077 1658 1184 1684 sumus,
1198 1657 1284 1685 neque
1302 1650 1329 1677 in
1348 1650 1458 1678 nomine
1471 1650 1584 1684 Christi,
1598 1659 1660 1678 cum
1681 1658 1736 1681 non

953 1696 1012 1731 ipsa
1037 1697 1124 1724 solum
1150 1698 1270 1732 suspicio
1288 1698 1364 1725 cibos
1389 1697 1469 1725 idolis
1493 1697 1646 1731 immolatos
1663 1706 1735 1729 esse.

953 1742 1139 1770 comedentem
1156 1743 1328 1776 condemnet,
1341 1742 1387 1771 sed
1407 1747 1433 1770 et
1447 1743 1480 1770 de
1494 1751 1525 1770 ea
1542 1743 1735 1775 redubitalio;

956 1797 965 1814 ι
983 1788 1028 1823 qui
1045 1788 1117 1821 enim
1134 1787 1250 1821 dubitat,
1265 1788 1343 1824 juxta
1359 1789 1516 1824 Apostolum
1529 1789 1563 1823 ⁸⁸,
1578 1790 1602 1817 si
1620 1789 1735 1817 mandu-

952 1833 1065 1866 caverit,
1079 1833 1224 1860 damnatus
1239 1839 1290 1866 est,
1306 1834 1370 1869 quia
1385 1842 1439 1861 non
1454 1841 1486 1861 ex
1510 1834 1578 1868 ﬁde;
1594 1842 1674 1862 omne
1687 1842 1736 1861 att-

952 1885 1005 1907 tem
1020 1878 1092 1914 quod
1109 1886 1162 1906 non
1185 1887 1218 1906 ex
1240 1879 1301 1912 title,
1314 1884 1455 1914 peccatum
1472 1884 1522 1907 est.
1543 1889 1552 1905 ›
1565 1879 1605 1907 Ex
1623 1880 1674 1908 [ide
1686 1888 1735 1907 au-

952 1930 1006 1953 tem
1023 1925 1170 1953 manducat
1193 1925 1216 1952 is
1239 1925 1285 1960 qui
1304 1925 1389 1953 credit
1413 1926 1440 1952 in
1466 1925 1600 1953 idolorum
1630 1926 1737 1962 templis

952 1972 1121 1999 immolatum
1136 1979 1190 1999 non
1202 1979 1261 1999 esse
1277 1971 1302 1998 id
1318 1971 1390 2006 quod
1405 1972 1566 2006 comeditur,
1583 1980 1634 2001 nec
1650 1973 1736 2002 ευπο-

952 2021 1043 2045 catum
1061 2016 1127 2044 illud
1139 2023 1210 2048 esse,
1225 2023 1274 2043 nec
1286 2015 1444 2051 sanguinem
1456 2025 1464 2048 ;
1476 2024 1528 2044 non
1546 2024 1577 2044 ex
1593 2017 1644 2046 tide
1658 2025 1734 2051 vero.

951 2063 998 2098 qui
1017 2063 1050 2090 de
1064 2063 1156 2098 aliquo
1175 2069 1270 2090 eorum
1290 2062 1406 2095 dubitat,
1427 2067 1454 2089 et
1472 2063 1607 2101 particeps
1625 2063 1736 2099 quidem

952 2110 1149 2137 daemoniorum
1171 2109 1210 2141 tit,
1227 2108 1275 2144 qui
1298 2108 1343 2136 illa
1359 2107 1501 2136 daemoniis
1521 2108 1660 2138 immolata
1675 2117 1737 2138 esse

953 2156 1038 2188 novit,
1061 2155 1148 2190 iisque
1165 2155 1342 2182 nihilominus
1363 2159 1453 2182 tamen
1472 2155 1567 2188 utitur,
1592 2163 1655 2183 cum
1676 2155 1737 2191 pol-

953 2202 1008 2229 luta
1024 2201 1217 2236 imaginatione
1227 2201 1260 2228 de
1272 2200 1441 2228 daemonibus
1453 2200 1616 2229 sacriﬁcium
1630 2201 1739 2236 panici-

952 2247 1091 2282 pantibus.
1112 2245 1145 2273 Et
1160 2246 1306 2281 Apostolus
1320 2245 1430 2280 quidem
1453 2246 1542 2274 sciens
1555 2252 1680 2275 naturam
1697 2247 1738 2275 ci-

953 2295 1050 2321 borum
1065 2292 1167 2320 nullius
1177 2290 1332 2319 detrimenti
1345 2298 1456 2319 causam
1471 2299 1531 2319 esse
1543 2291 1567 2321 ei
1580 2292 1626 2326 qui
1640 2291 1734 2325 utitur,

953 2347 1002 2367 nec
1021 2336 1198 2366 emolumenti
1215 2337 1240 2364 ei
1256 2336 1302 2372 qui
1324 2336 1451 2368 abstinet,
1475 2335 1522 2363 sed
1538 2335 1691 2370 opiniones,
1709 2341 1737 2364 et

952 2393 1012 2413 eam
1027 2392 1088 2420 qua:
1102 2384 1158 2411 illis
1171 2383 1241 2413 inest
1255 2382 1398 2416 rationem,
1413 2382 1482 2409 dixit
1494 2382 1515 2398 ⁸⁷
1527 2390 1534 2408 :
1546 2391 1555 2407 ι
1566 2381 1632 2409 Esca
1644 2386 1736 2410 autem

956 2440 1005 2460 nos
1019 2438 1070 2458 non
1088 2429 1262 2458 commendat
1277 2429 1341 2460 Deo,
1354 2436 1443 2463 neque
1458 2428 1529 2455 enim
1547 2428 1570 2455 si
1585 2427 1736 2456 manduca-

954 2478 1085 2509 verimus,
1106 2476 1323 2509 abundahimus;
1346 2483 1434 2510 neque
1452 2474 1476 2502 si
1493 2474 1575 2512 496
1589 2481 1643 2504 non
1659 2482 1738 2504 mau-

953 2522 1154 2554 ducaverimus,
1171 2521 1338 2548 deﬁciemus.
1358 2529 1368 2546 ι
1385 2519 1417 2547 Et
1427 2520 1557 2554 quoniam
1574 2520 1677 2547 sciebat
1689 2527 1736 2550 eos

953 2569 1000 2604 qui
1017 2568 1161 2596 sublimius
1179 2566 1419 2602 intelliguntjuxta
1430 2566 1515 2602 legem
1531 2572 1654 2600 quamam
1666 2573 1735 2600 pura

953 2615 1007 2643 sint
1022 2618 1050 2641 et
1067 2619 1191 2648 quamam
1214 2611 1330 2649 impura,
1351 2611 1527 2640 abhorrentes
1548 2618 1562 2639 a
1579 2610 1737 2641 discrimine

143 2692 168 2708 "
181 2691 261 2719 Rom.
275 2699 304 2724 ιι,
320 2690 347 2718 6.
374 2691 396 2707 ³’δ
411 2690 463 2718 Tit.
480 2699 500 2724 ι,
516 2691 559 2718 l5.
586 2690 608 2706 ⁵⁵
622 2689 705 2717 lCor.
723 2699 750 2724 π,
764 2692 807 2721 51.
847 2694 869 2709 ια
887 2694 896 2721 1

959 2717 965 2724 .
983 2704 1038 2729 xtv,
1052 2694 1098 2722 ‘25.
1137 2693 1159 2708 ⁸⁷
1172 2692 1182 2719 Ι
1197 2692 1260 2719 Cor.
1278 2699 1338 2723 vni,
1356 2691 1383 2718 8.

146 2763 206 2799 (26)
226 2762 308 2799 Μηδὲ
323 2762 399 2788 ὅσον
412 2761 465 2788 δεῖ.
488 2759 549 2788 Haec
568 2758 757 2787 desiderantur
771 2760 797 2789 in
811 2762 897 2790 unico

106 2799 208 2826 codice
225 2798 313 2825 Holm.

146 2834 205 2869 (‘27)
225 2831 400 2863 Εὶδωλείοις.
427 2830 471 2860 Sic
493 2829 593 2865 optime
610 2828 686 2855 codd.
708 2828 854 2858 Vaticanus
869 2836 895 2862 et

952 2763 1125 2791 Tariniamts.
1151 2760 1250 2796 Reg-ius
1270 2750 1341 2796 vero
1355 2763 1382 2786 ct
1397 2758 1572 2796 Holmigtisis,
1594 2757 1733 2790 εἰδωλίοις,

951 2800 1083 2826 (Indorum
1102 2797 1161 2824 vile
1174 2793 1233 2823 Act.
1252 2802 1297 2828 xv,
1310 2794 1354 2828 ‘20,
1371 2797 1398 2821 et
1414 2801 1470 2825 xxi,
1487 2793 1532 2821 25.
