1880 3045
91 109 148 138 957

582 113 756 144 COMMENT.
776 115 809 144 IN
828 111 1035 144 ΜΑΤΤΗᾸΞΠΜ
1057 116 1174 145 'I'OMES
1194 116 1238 144 XI.

1668 123 1720 151 938

91 169 198 205 βιϐλίου
209 171 254 198 τοῦ
267 172 485 208 ἐσφραγισμένου
495 173 583 209 (22),6
600 175 647 202 ἐὰν
661 175 740 203 δῶσιν
752 177 818 204 αὐτὸ
835 178 861 204 ἀι

939 177 1017 212 gnati,
1029 185 1109 212 quem
1123 177 1146 205 si
1159 177 1282 205 dederint
1291 178 1394 206 homini
1406 179 1621 216 scientilittcras,
1630 182 1720 212 dicem

92 214 197 251 θρώπῳ
208 217 382 252 ἐπισταμένῳ
393 218 557 253 γράμματα,
572 219 695 255 λέγοντες
705 229 712 235 ⁸
737 221 883 256 Ἀνάγνωοι

89 261 181 289 ταῦτα
192 271 198 277 ⁸
215 263 261 289 καὶ
277 265 348 298 ἐρεῖ⁸
367 264 404 290 Οὐ
419 264 535 300 δύναμαι
566 266 734 301 ἀναγνῶναι’
749 269 882 305 ἐσφράγι-

90 315 154 334 σται
170 308 233 344 γὰρ.
249 309 303 335 Καὶ
321 308 462 344 δοθήσεται
478 311 508 337 τὸ
523 311 624 346 βιϐλίον
637 313 715 340 τοῦτο
734 315 772 346 είς
789 316 882 351 χεῖρας

89 352 238 388 ἀνθρώπου
252 353 288 389 μὴ
303 355 484 391 ἐπισταμένου
497 358 658 394 γράμματα,
672 359 718 385 καὶ
729 360 786 396 ὲρεϊ
798 359 880 395 αὐτῷ·

97 399 248 433 Ἀνάγνωοι
264 400 359 427 τοῦτο·
383 401 431 428 καὶ
449 402 523 438 ἐρεῖ·
544 404 600 430 Οὐκ
617 404 765 440 ἐπίσταμαι
791 406 882 442 γράμ-

91 454 177 480 ματα,
195 446 249 473 Καὶ
262 444 321 473 εἷπε
337 447 439 483 Κύριος
450 457 456 463 ·
480 449 597 484 Ἐγγίζει
611 459 655 486 μοι
666 452 680 477 6
693 451 756 484 λαὸς
769 448 857 484 οὗτος,
869 461 878 478 ›

88 492 141 518 καὶ
154 493 188 519 τὰ
204 492 267 527 ἑξῆς
281 493 332 525 ἕως
347 493 393 520 τοῦ
405 502 412 508 ·
427 504 436 520 ‹
453 495 521 521 οὐαὶ
533 496 558 521 οἱ
571 497 599 522 ὲν
611 497 700 532 κρυφῇ
716 497 813 533 βουλὴν
828 506 883 524 ποι-

86 537 196 569 οῦντες,
211 538 256 564 καὶ
271 538 346 565 ἔσται
363 540 391 566 ἐν
408 540 497 567 σκότει
511 541 545 567 τὰ
561 541 628 576 ἔργα
645 542 743 570 αὐτῶν.
767 553 775 569 t
795 544 882 579 Προσ-

87 583 181 611 λαὸὼν
197 585 284 611 τοίνυν
304 586 352 622 τὴν
366 587 549 623 προκειμένην
567 590 595 615 ὲν
613 589 650 624 τῷ
668 589 824 626 Εὑαγγελίῳ
839 591 882 617 λέ-

89 629 143 662 ξιν,
163 629 264 666 ἐθέμην
277 631 337 658 τινὰ
356 632 410 659 τῶν
429 632 481 668 πρὸ
497 634 590 669 αὐτῆς,
609 634 654 660 καί
672 644 731 661 τινα
746 635 798 662 τῶν
818 635 881 671 ἑξῆς

88 675 188 710 αὐτῆς,
203 676 246 704 ῖνα
261 678 478 714 παραστήσωμεν
491 679 551 706 τίνα
565 680 664 716 τρόπον
684 681 792 708 ἀπειλεῖ
809 691 880 718 καμ-

89 721 190 756 μύσειν
208 723 271 754 τοὺς
288 723 442 758 ὀφθαλμοὺς
458 724 511 751 τῶν
532 725 586 752 ἀπὸ
602 726 648 756 τοῦ
668 726 732 753 λαοῦ
755 727 769 753 ὁ
791 727 879 762 λόγος,

86 768 254 800 ὲκστάντων,
273 769 319 796 καὶ
335 770 590 806 κραιπαλησάντων,
609 772 654 799 καὶ
671 773 878 809 πεποτισμὲνων

86 814 227 850 πνεύματι
256 816 448 850 κατανύξεως·
478 818 584 845 ἀπειλεῖ
607 818 635 845 δὲ
660 819 806 854 καμμύσαι
833 821 881 847 καὶ

936 227 991 250 tes:
1005 222 1074 258 Lege
1086 223 1156 257 haec;
1174 228 1200 251 ct
1217 224 1287 250 dicet
1298 233 1303 251 :
1314 223 1372 251 Non
1388 233 1498 259 possum
1514 225 1612 262 lcgcre,
1629 228 1720 263 signa-

935 272 978 295 tus
989 269 1061 296 etiim
1073 273 1124 296 cst.
1137 268 1169 296 Et
1181 269 1290 296 dabitur
1303 269 1372 297 liber
1389 271 1433 298 ille
1445 271 1471 298 in
1488 280 1585 300 manus
1601 274 1720 303 hominis

933 312 1014 348 5.93
1028 313 1172 340 nescientis
1185 313 1299 347 litteras,
1313 319 1340 341 et
1353 315 1424 342 dicet
1439 316 1462 342 ei
1481 325 1487 343 ε
1501 316 1571 353 Lege
1588 318 1679 352 hunc;
1693 325 1721 347 et

934 358 1005 385 dicct
1023 367 1029 385 :
1046 356 1144 384 Nescio
1162 358 1274 385 litteras.
1293 358 1325 385 Et
1342 359 1379 386 ait
1391 359 1544 389 Dominus:
1565 362 1720 398 Appi-epin-

934 407 999 438 quat
1012 403 1077 430 milii
1093 403 1210 438 populus
1225 404 1279 436 ille,
1299 413 1308 430 ι
1328 409 1354 431 ct
1377 410 1483 439 uetera,
1511 415 1596 444 usque
1620 409 1654 436 ad
1670 409 1719 438 id:

937 458 946 474 (
966 448 1011 476 Vm
1031 448 1078 484 qui
1101 448 1127 475 in
1148 449 1256 476 occulto
1268 450 1411 477 consilium
1429 451 1541 485 faciunt,
1557 457 1583 480 et
1599 458 1680 481 erunt
1692 454 1720 482 iu

934 495 1052 522 tenebris
1065 502 1146 530 opera
1162 502 1268 522 eorum.
1284 506 1292 521 l
1310 490 1458 524 Assumens
1473 498 1554 532 igitur
1565 507 1720 528 sermonem

933 540 980 574 qui
997 544 1086 568 cxstat
1100 541 1126 568 in
1142 539 1298 576 Evangelio,
1325 543 1438 576 apposui
1466 545 1595 573 nonnulla
1624 553 1719 573 corum

933 593 994 620 qum
1011 586 1165 620 prtecedunt
1183 586 1269 619 illum,
1285 591 1311 613 et
1335 588 1464 615 nonnulla
1483 597 1577 617 eorum
1595 599 1655 627 qua:
1675 599 1719 619 se-

933 636 1064 666 quuntur,
1090 636 1119 659 ut
1148 632 1295 659 doceam-Is
1311 640 1365 668 quo
1379 637 1459 668 pacto
1484 635 1604 663 minetur
1629 644 1720 664 sermo

934 677 1059 704 claudere
1075 677 1169 705 oculos
1185 677 1293 705 illorum
1310 678 1343 705 de
1359 679 1468 714 populo,
1498 681 1543 715 qui
1571 681 1719 716 obstupue-

933 728 1006 756 ruut,
1034 728 1061 750 ct
1078 723 1202 751 incbriati
1218 729 1292 757 sunt,
1314 728 1340 751 et
1360 725 1415 759 poti
1432 730 1496 753 sunt
1520 727 1616 762 spiritu
1641 737 1718 755 corii-

932 769 1102 804 punctionis;
1116 770 1235 796 minatur
1245 773 1271 796 et
1283 769 1408 798 claudere
1418 772 1511 800 oculos
1526 773 1719 808 prophetarum

933 821 1039 845 eorum.
1061 819 1089 842 et
1107 815 1259 851 principum
1281 822 1375 842 eorum
1391 817 1437 852 qui
1454 817 1616 852 profitentur
1631 827 1661 846 se
1676 821 1719 846 vi-

85 860 155 892 τοίις
179 862 319 897 προφήτας
343 862 442 894 αὐτῶν,
467 863 514 891 καὶ
537 865 601 897 τοὺς
627 865 878 901 ἐπαγγελλομένους
897 864 918 893 Β
932 859 996 886 dere
1017 860 1141 893 occuuni
1169 869 1240 896 qua}:
1255 863 1363 898 θΡῘηοΓν
1381 866 1562 898 εοιηίίζθνυηῑν
1579 869 1639 900 p0“-
1653 864 1718 892 se“

85 906 156 942 δρᾷν
166 907 199 933 τὰ
217 907 324 942 κρυπτὰ
336 908 468 944 ἄρχοντας
481 910 571 938 αὐτῶν
580 919 587 927 °
602 912 683 947 ᾶπερ,
701 910 788 947 οἶμαι,
802 912 880 946 γεγέ-

85 961 168 988 νηται
193 954 261 988 μετὰ
278 953 326 989 τὴν
346 955 394 981 τοῦ
418 955 542 992 Σωτῆρος
555 957 700 993 ἐπιδημίαν
714 960 744 986 ὲν
761 958 800 994 τῷ
823 958 880 994 λαῷ

85 999 202 1035 ἐκείνῳ·
221 1001 315 1035 γέγονε
335 1002 388 1038 γὰρ
409 1002 499 1036 αὐτοῖς
520 1003 608 1030 πάντα
630 1004 663 1031 τὰ
686 1005 796 1040 ῥήματα
812 1004 879 1031 ὅλων

86 1045 139 1080 μὲν
154 1046 208 1073 τῶν
225 1047 350 1083 Γραιρῶν,
362 1048 409 1075 καὶ
422 1048 469 1075 τοῦ
489 1048 599 1076 Ἡσαΐου
616 1049 655 1081 δὲ,
675 1060 683 1075 ι
703 1050 740 1082 ὡς
752 1050 826 1084 λόγοι
840 1050 880 1085 βιυ

85 1090 162 1117 ϐλίου
185 1092 414 1128 ἐσφραγισμένοι).
434 1103 443 1119 ι
464 1093 499 1120 Τὺ
516 1093 554 1126 δὲ,
580 1104 588 1119 ι
614 1095 844 1130 ἐσφραγισμένου,
867 1105 876 1121 ι

83 1136 203 1172 εἴρηται,
215 1138 296 1164 οἱονεὶ
310 1138 502 1174 κεκλεισμένον
514 1141 546 1175 τῇ
559 1141 686 1176 ἀσαφείᾳ,
699 1142 746 1168 καὶ
761 1141 798 1177 μὴ
810 1142 879 1176 ἠνοι-

83 1181 188 1216 γμένου
203 1184 236 1218 τῇ
254 1184 386 1220 σαφηνείᾳ
397 1193 404 1199 ·
422 1185 490 1221 ὅπερ
505 1186 601 1222 ἐπίσης
616 1188 671 1218 τοῖς
690 1187 757 1222 μηδὲ
769 1187 817 1224 τὴν
830 1189 879 1224 ἀρ-

83 1227 147 1263 χὴν,
166 1227 210 1254 διὰ
229 1228 259 1255 τὸ
283 1229 320 1264 μὴ
339 1230 438 1257 εἰδέναι
451 1232 611 1267 γράμματα,
633 1233 788 1268 ἀναγνῶναι
811 1235 877 1263 αὐτὸ

82 1272 255 1308 δυναμένοις,
271 1275 317 1301 καὶ
331 1277 385 1307 τοῖς
407 1276 652 1313 ἐπαγγελλομένοις
671 1279 768 1307 εἰδέναι
785 1281 877 1317 γράμ-

85 1326 171 1353 ματα,
194 1319 268 1346 ἐστὶν
286 1320 399 1355 ἀσαφὲς,
420 1322 449 1348 οὐ
466 1322 630 1356 γινώσκουσι
645 1325 691 1351 τὸν
712 1326 740 1352 ἐν
757 1328 813 1358 τοῖς
833 1336 878 1361 γε-

82 1366 256 1400 γραμμένοις
268 1367 339 1394 νοῦν.
354 1368 450 1400 Καλῶς
463 1367 510 1396 οὖν
522 1371 647 1406 ἐπιφέρει
663 1373 729 1404 τοῖς,
743 1373 795 1405 ὃτι,
808 1374 877 1401 ἐπὰν

83 1410 209 1443 ὲκλυθεὶς
226 1412 279 1439 ἀπὸ
296 1412 349 1438 τῶν
364 1414 571 1449 ἁμαρτημάτων
590 1417 604 1443 ὁ
620 1416 693 1448 λαὸς,
711 1418 758 1444 καὶ
778 1419 878 1451 ἐκστὰς

85 1457 160 1491 μανῇ
186 1457 245 1483 κατ’
269 1457 361 1490 αὑτοῦ,
382 1456 422 1490 οἷς
442 1460 489 1485 καὶ
511 1460 692 1497 κραιπαλήσει
712 1462 771 1490 κατ’
794 1463 877 1491 αὑτοῦ

83 1502 221 1538 πνεύματι
242 1503 425 1537 κατανύξεως,
440 1505 454 1531 ὂ
470 1506 662 1542 ποτισοήσεται
682 1508 734 1536 ὑπὸ
754 1508 800 1536 τοῦ
821 1510 877 1537 Κυ-

85 1548 155 1583 ρίου,
179 1549 353 1584 καμμύοντος
368 1551 457 1578 αὐτῶν
475 1553 538 1585 τοὺς
561 1553 726 1589 ὀφθαλμοὺς,
750 1555 788 1587 ὡς
809 1556 875 1583 ἀνα-

84 1595 158 1628 ξίους
168 1595 216 1622 τοῦ
230 1595 348 1631 βλέπειν,
362 1598 409 1624 καὶ
423 1598 477 1625 τῶν
491 1600 637 1635 προφητῶν
652 1601 751 1633 αὐτῶν,
763 1602 810 1629 καὶ
823 1602 877 1630 τῶν

83 1641 224 1676 ἀρχόντων
247 1642 346 1674 αὐτῶν,
370 1643 424 1670 τῶν
448 1645 689 1681 ἐπαγγελλομένων
712 1647 820 1682 βλέπειν
842 1648 878 1676 τὰ

83 1688 194 1723 κρυπτὰ
208 1688 263 1714 τῶν
277 1690 307 1715 ὲν
322 1691 382 1722 ταῖς
397 1691 482 1723 θείαις
495 1692 616 1727 Γραφαῖς
637 1694 794 1729 μυστηρίων
807 1702 813 1709 ”
829 1695 877 1722 καὶ

82 1733 153 1759 ὲπὰν
173 1734 354 1769 καμμύσωσιν
378 1736 467 1763 αὐτῶν
489 1738 513 1763 οί
535 1737 677 1773 ὀφθαλμοὶ,
701 1738 761 1765 τότε
784 1739 877 1772 αὐτοῖς

82 1779 161 1805 ἔσται
177 1779 211 1806 τὰ
225 1781 382 1816 προφητικὰ
396 1782 506 1817 ῥήματα
520 1784 735 1819 ἐσφραγισμὲνα,
750 1784 795 1811 καὶ
815 1786 876 1813 ἐπι-

81 1824 266 1860 κεκρυμμένα
278 1834 285 1841 ·
299 1826 367 1862 ὅπερ
381 1827 549 1854 πεπόνθασιν
564 1829 579 1854 ὸ
593 1828 657 1861 λαὸς
673 1830 687 1856 6
701 1830 756 1858 τῶν
777 1832 814 1867 μὴ
832 1841 877 1859 πι-

82 1871 234 1897 στευόντων
248 1872 288 1902 εἰς
302 1871 347 1897 τὸν
364 1871 466 1907 Ἰησοῦν
483 1873 521 1904 ὡς
537 1873 662 1908 Χριστόν.
689 1876 772 1903 Ἐπὰν
785 1877 813 1904 δὲ
830 1877 877 1912 γέ-

81 1925 161 1952 νηται
174 1917 210 1944 τὰ
224 1917 378 1953 προφητικὰ
393 1918 483 1949 αὐτοῖς
499 1928 508 1943 ί
523 1918 560 1951 ὡς
575 1919 648 1954 λόγοι
659 1920 761 1955 βιϐλίου
773 1923 876 1958 ἐσφρα-

81 1962 227 1997 γισμένου,
247 1972 256 1987 ι
275 1963 305 1988 οὑ
325 1963 402 1998 μόνον
417 1964 473 1995 τοῖς
492 1964 529 2000 μὴ
546 1965 655 1998 εἰδόσιν,
674 1966 741 1993 ἀλλὰ
758 1967 804 1995 καὶ
818 1969 875 2000 τοῖς

81 2007 200 2040 ἐπαγγε)
206 2007 328 2042 λομένοις
342 2007 441 2034 εἰδέναι
453 2009 613 2044 γράμματα,
630 2011 690 2037 τότε
704 2009 780 2039 εἶπεν
793 2013 808 2039 6
819 2012 876 2039 Κύ-

82 2060 141 2088 ριος
161 2052 234 2087 μόνῳ
257 2051 295 2087 τῷ
316 2053 430 2088 στόματι
453 2054 573 2088 ἐγγίζειν
590 2055 635 2082 τὸν
658 2055 721 2084 λαὸν
736 2057 793 2093 (25)
819 2058 874 2085 τῶν

87 2100 225 2126 Ἰουδαίων
248 2100 287 2136 τῷ
311 2100 385 2136 Θεῷ·
405 2101 452 2128 καὶ
478 2103 533 2134 τοῖς
555 2103 656 2137 χείλεσι
680 2104 763 2139 τιμᾷν
793 2105 874 2133 αὐτόν

81 2154 160 2181 φησι,
177 2145 244 2172 διότι
261 2146 277 2181 ἡ
293 2146 391 2181 καρδία
406 2146 494 2174 αὐτῶν
509 2147 553 2174 διὰ
572 2147 622 2183 τὴν
645 2149 686 2180 εὶς
707 2149 752 2176 τὸν
772 2149 875 2185 Ἰησοῦν

80 2192 211 2219 ἀπιστίαν
225 2192 318 2228 πόρρω
330 2193 404 2220 ἐστὶν
417 2193 471 2219 ἀπὸ
485 2193 597 2229 Κυρίου.
610 2195 665 2220 Καὶ
678 2193 726 2221 νῦν
746 2195 872 2230 μάλιστα,

931 905 1033 932 vatoris
1047 905 1205 939 adventum,
1222 908 1248 935 in
1260 908 1334 936 illum
1344 909 1484 944 populum,
1498 918 1560 937 nam
1572 910 1642 938 facta
1656 916 1718 938 sunt

932 951 985 978 illis
1001 952 1081 979 verba
1097 953 1189 980 omnia
1205 954 1327 982 omnium
1353 955 1567 989 Scripturarum,
1590 962 1616 983 ct
1632 955 1719 990 Isaiae,

934 1007 943 1023 ι
959 998 1031 1025 sicut
1044 999 1124 1026 verba
1136 999 1197 1026 libri
1209 999 1316 1035 signati.
1332 1010 1341 1026 ι
1357 999 1463 1028 Dictum
1477 1006 1518 1029 est
1535 1006 1624 1029 autem
1640 1002 1717 1036 illud,

934 1043 1060 1078 «signati,
1079 1053 1088 1071 ι
1107 1045 1185 1080 quasi
1198 1045 1284 1077 dicas,
1311 1045 1477 1074 obscuritate
1494 1056 1542 1075 sua
1559 1048 1654 1081 clausi,
1671 1056 1719 1076 ne‘

930 1097 983 1124 que
998 1090 1191 1125 perspicuitate
1205 1091 1308 1126 aperti;
1325 1092 1371 1126 qui
1392 1092 1500 1127 quidem
1519 1094 1657 1129 aequaliter
1668 1095 1719 1122 ob-

929 1142 1027 1162 scurus
1044 1141 1095 1170 est,
1118 1142 1143 1164 et
1170 1137 1203 1164 iis
1223 1138 1269 1172 qui
1295 1138 1368 1173 quod
1395 1138 1498 1166 litteras
1521 1140 1715 1176 ignoraverint.

929 1181 1018 1216 legere
1030 1181 1105 1209 illum
1121 1183 1233 1210 omnino
1249 1191 1303 1210 non
1319 1189 1443 1218 possunt,
1460 1189 1488 1212 ct
1502 1185 1536 1213 iis
1551 1186 1597 1221 qui
1612 1186 1716 1214 litteras

929 1227 1038 1262 quidem
1055 1228 1124 1256 scire
1146 1237 1175 1256 se
1200 1231 1371 1264 prolitentur,
1397 1239 1506 1258 sensum
1531 1239 1595 1259 vero
1618 1233 1663 1268 qui
1688 1233 1715 1260 in

930 1273 1038 1308 scriptis
1063 1274 1221 1302 reconditus
1241 1280 1300 1308 est,
1326 1284 1380 1303 nou
1404 1282 1595 1312 assequuntur.
1609 1276 1716 1313 Optime

930 1319 1013 1354 igitur
1029 1320 1063 1347 iis
1083 1320 1167 1353 addit,
1184 1321 1256 1356 quod
1275 1326 1415 1357 postquam
1433 1323 1581 1351 dissolutus
1598 1325 1717 1360 populus

929 1373 944 1392 α
961 1367 1090 1400 peccatis,
1107 1371 1134 1394 et
1154 1367 1254 1395 mentis
1271 1367 1359 1403 impos
1371 1368 1464 1397 furore
1477 1375 1554 1399 actus
1569 1370 1649 1399 fuerit
1665 1372 1715 1400 ad.

929 1419 1024 1439 versus
1040 1411 1139 1446 ipsum,
1156 1412 1256 1447 quibus
1267 1414 1385 1448 peccatis
1396 1415 1477 1442 etiam
1491 1416 1607 1444 insaniet
1620 1422 1714 1446 contra

930 1458 1005 1486 illum
1024 1459 1175 1487 inebriatus
1199 1460 1295 1495 spiritu
1319 1461 1548 1496 compunctionis,
1568 1471 1647 1497 quem
1663 1471 1713 1499 po-

929 1507 1041 1535 tandum
1058 1507 1108 1543 ipsi
1132 1508 1260 1543 praebebit
1288 1508 1429 1543 Dominus,
1452 1510 1580 1538 claudens
1604 1511 1712 1538 illorum

930 1555 1035 1587 oculos,
1050 1554 1130 1590 quasi
1147 1554 1248 1590 indigni
1266 1556 1320 1583 sint
1336 1556 1468 1591 aspicere,
1482 1560 1507 1583 et
1522 1556 1714 1592 prophetarum

929 1608 1035 1631 eorum,
1050 1605 1077 1627 ct
1093 1600 1245 1636 principum
1267 1608 1362 1629 eorum
1383 1602 1429 1636 qui
1447 1602 1549 1629 occulta
1571 1603 1714 1637 mysterio-

929 1653 989 1672 rum
1005 1653 1065 1681 qua:
1080 1646 1254 1674 continentur
1266 1647 1292 1674 in
1306 1647 1404 1675 divinis
1419 1646 1567 1682 Scripturis
1580 1647 1670 1674 videre
1686 1655 1714 1675 se

929 1691 1107 1726 proﬁtentur;
1121 1697 1147 1719 et
1158 1697 1302 1728 postquam
1318 1693 1403 1720 clausi
1414 1692 1515 1720 fuerint
1524 1701 1617 1720 eorum
1631 1693 1713 1725 oculi.

928 1742 993 1764 tunc
1015 1737 1172 1773 propbctica
1189 1739 1271 1766 verba
1294 1743 1375 1766 erunt
1391 1739 1445 1767 illis
1457 1739 1599 1774 obsignata
1612 1744 1638 1766 ct
1652 1739 1715 1767 abs-

928 1783 1052 1814 condita;
1066 1781 1139 1817 quod
1153 1782 1262 1818 quidem
1278 1791 1376 1818 passus
1391 1789 1432 1811 cst
1448 1785 1564 1819 populus
1583 1792 1636 1812 non
1656 1793 1715 1812 cre-

927 1828 1048 1855 dentium
1065 1828 1092 1854 in
1110 1827 1219 1862 Jesum,
1237 1833 1366 1863 tanquam
1392 1829 1541 1858 Christum.
1564 1829 1712 1865 Postquam

928 1878 1018 1901 autem
1042 1873 1198 1910 prophetica
1221 1874 1302 1901 verba
1324 1873 1395 1901 facta
1414 1873 1514 1901 fuerint
1530 1875 1594 1907 illis,
1614 1886 1623 1901 ι
1643 1876 1715 1905 sicut

926 1920 1008 1947 verba
1025 1919 1085 1947 libri
1099 1919 1208 1955 signati,
1227 1929 1235 1945 I
1250 1927 1304 1947 non
1319 1919 1353 1947 iis
1366 1919 1447 1947 modo
1459 1920 1504 1954 qui
1515 1921 1650 1953 nesciunt,
1665 1923 1712 1949 sed

927 1970 954 1992 ct
969 1965 1003 1993 iis
1022 1964 1068 2000 qui
1082 1964 1186 1992 litteras
1202 1963 1273 1992 scire
1287 1971 1316 1992 se
1327 1963 1498 1999 profitentur,
1515 1969 1580 1992 tunc
1597 1965 1712 2000 subjun-
1740 1976 1743 1982 ι

927 2010 967 2037 sit
981 2009 1112 2037 Dominus
1128 2009 1185 2037 solo
1199 2017 1246 2036 ore
1262 2009 1480 2044 appropinquare
1494 2008 1650 2038 Iudaeorum
1666 2019 1711 2046 po-
1736 2005 1740 2030 έ

926 2054 1019 2090 pulum
1033 2054 1104 2087 Deo;
1119 2058 1146 2081 et
1161 2054 1240 2082 labiis
1257 2054 1330 2082 hunc
1344 2053 1479 2082 honorare
1490 2055 1566 2087 dicit,
1580 2055 1652 2090 quod
1664 2064 1712 2083 cor

926 2107 1021 2128 earum
1037 2104 1146 2135 propter
1164 2100 1378 2128 incredulitatem
1393 2107 1457 2135 erga
1472 2099 1564 2128 Jesum
1582 2101 1661 2136 longe
1676 2102 1712 2129 sit

926 2155 940 2174 a
958 2147 1081 2174 Domino.
1093 2145 1126 2174 Et
1141 2154 1214 2174 nunc
1229 2146 1357 2179 maxime.
1373 2154 1406 2173 ex
1417 2154 1472 2181 quo
1483 2146 1652 2174 Servatorem
1663 2156 1712 2175 no-

927 2197 1014 2222 strum
1026 2192 1179 2228 ejurarunt,
1198 2192 1252 2220 dici
1266 2192 1353 2228 possit
1368 2192 1434 2219 illud
1452 2201 1466 2219 a
1484 2192 1539 2220 Deo
1554 2193 1588 2221 de
1602 2193 1655 2222 illis
1666 2194 1687 2210 "
1702 2204 1710 2222 :

81 2238 110 2272 ἐξ
123 2236 154 2265 οὗ
171 2238 217 2264 τὸν
234 2238 347 2273 Μτῆρα
362 2237 439 2274 ἡμῶν
455 2240 618 2274 ἠρνήσαντο,
640 2239 746 2276 λεχθείη
768 2240 801 2267 ἃν
820 2241 861 2268 ὑπ

958 2239 1022 2267 Sine
1032 2246 1116 2266 causa
1130 2242 1219 2266 autem
1233 2238 1325 2266 colunt
1340 2246 1398 2272 me;
1415 2248 1424 2264 ι
1440 2246 1493 2266 non
1505 2239 1578 2266 enim
1593 2241 1711 2275 amplius

80 2284 128 2311 τοῦ
141 2284 210 2310 Θεοῦ
228 2285 291 2320 περὶ
304 2284 392 2310 αὐτῶν
408 2284 438 2310 τό
449 2293 455 2299 ο
476 2294 485 2310 ι
502 2285 598 2321 Μάτην
611 2285 639 2311 δὲ
653 2285 778 2313 σέϐονταί
792 2294 839 2322 με’
859 2296 869 2312 ι

81 2331 172 2358 οὐκέτι
194 2330 249 2365 γὰρ
264 2330 434 2358 διδάσκουσιν
454 2330 509 2367 (24)
526 2331 681 2367 ἐντάλματα
702 2332 780 2364 Θεοῦ,
803 2332 872 2360 ἀλλὰ

116 2391 138 2407 ⁸⁷
156 2389 252 2418 Matth.
267 2398 310 2423 xv,
327 2390 355 2417 9.

115 2439 172 2476 (ἓξ)
187 2439 308 2466 Βιϐλίου
328 2439 384 2476 τοᾷ
400 2438 651 2476 ἐσφραγισμένων.
675 2438 712 2466 Ita
737 2438 868 2476 l_lc_l_)_r_aica

79 2480 106 2502 et
121 2473 262 2509 ‘angala,
287 2479 314 2501 et
338 2474 449 2508 reliquae
472 2474 720 2509 interpretationes.
744 2473 814 2500 LXX
842 2478 869 2501 et

80 2507 248 2545 Epiphanius
257 2510 322 2536 liter.
336 2507 408 2541 thv,
420 2508 520 2543 βιϐλίου
528 2507 575 2545 τοῦ
586 2509 802 2545 ὲσιρραγισμένου
811 2508 869 2536 τού-

79 2543 137 2576 τὸυξ
147 2545 225 2579 quasi
235 2545 268 2572 de
279 2552 329 2572 suo
339 2545 408 2572 libro
420 2545 526 2571 locutus
539 2543 592 2579 {uel
600 2543 619 2570 it
630 2543 725 2570 Isaias.
735 2543 866 2572 Huc-rtus.

115 2580 173 2614 (ἳὸ)
193 2581 281 2612 Μόνῳ
299 2579 340 2612 τῷ
362 2580 487 2614 στόματι
501 2578 624 2613 ἐγγίζειν
643 2579 698 2605 τὸν
710 2579 796 2611 λαόν,
813 2584 865 2606 etc.

79 2616 205 2651 Impuras
228 2620 254 2642 et
274 2615 364 2642 illotas
385 2622 482 2651 manus
503 2614 708 2651 oriradmovere
727 2615 864 2651 piaculum

78 2648 136 2677 eta't
157 2650 314 2682 Pliarisaais,
340 2658 374 2677 ne
395 2650 498 2677 scilicet
519 2648 589 2675 labia
610 2653 637 2675 et
653 2657 685 2675 os
701 2650 863 2684 polluerent.

78 2685 318 2725 institutumuillud
331 2685 471 2725 exagitans
482 2684 618 2725 Christus,
635 2684 710 2725 Isaiae
721 2685 802 2725 verba
815 2692 864 2725 ξυρ-

77 2721 165 2754 posite
180 2721 208 2747 in
226 2720 288 2748 illos
305 2718 434 2747 contorsit
453 2729 459 2746 :
473 2729 492 2759 _t
506 2718 596 2759 Purus
617 2723 659 2746 est
681 2718 864 2759 popqlusjsic

77 2757 157 2783 labiis
178 2761 205 2782 et
226 2763 274 2782 ore
294 2761 389 2787 lenus;
416 2754 497 2781 corde
521 2757 611 2781 autem
633 2754 864 2782 contau'iiiatissi-

77 2791 230 2830 tnus._‘(lsa_.
245 2798 321 2830 x_xtx,
336 2789 477 2830 ίῦληίρ.
695 2823 734 2830 ___
770 2825 795 2830 Μ
833 2823 849 2830 ν

109 2827 168 2862 (25)
186 2825 294 2852 Οὐκέτι
315 2825 368 2860 γὰρ
382 2824 595 2856 διδάσκουσιν,
620 2830 672 2852 etc.
695 2824 754 2851 Τῶν
767 2825 795 2849 Ο¹
808 2824 865 2851 ctli-

239 2876 375 2905 l’nnoc.
400 2875 457 2905 Gn.
476 2875 565 2905 Xlll.

926 2284 1025 2312 docent
1040 2282 1086 2310 Dei
1103 2282 1240 2314 mandata,
1268 2282 1313 2310 sed
1336 2283 1496 2317 hominum;
1523 2287 1550 2311 et
1573 2283 1710 2313 doctrinas

926 2338 980 2359 non
1001 2329 1118 2365 amplius
1134 2337 1181 2357 eas
1194 2337 1255 2366 qua:
1265 2334 1329 2357 sunt
1344 2338 1359 2358 a
1378 2332 1509 2366 sapientia
1523 2333 1646 2368 spiritus,
1662 2335 1709 2362 sctl

922 2439 988 2467 tioui
1004 2437 1180 2466 consentiunt
1199 2437 1341 2465 Matthaaus
1356 2442 1382 2464 et
1396 2437 1520 2471 Marcus;
1540 2442 1567 2465 et
1583 2439 1635 2466 illis
1647 2438 1709 2467 Ori-

938 2481 1003 2500 enes
1015 2482 1021 2500 :
1035 2473 1132 2508 Μάτην
1139 2473 1168 2499 δὲ
1181 2472 1305 2499 σέϐονταί
1317 2481 1360 2508 με,
1369 2472 1540 2508 διδάσκοντες
1555 2474 1710 2508 ἐντάλματα

938 2482 1003 2500 enes
1015 2482 1021 2500 :
1035 2482 1132 2508 Ματην
1139 2482 1168 2499 οε
1181 2482 1305 2499 σεοονται
1317 2482 1360 2508 με,
1369 2482 1540 2505 οιοασκοντες
1555 2482 1634 2501 ενταΑ
1675 2483 1709 2503 τα

920 2482 1072 2544 ἔνθρώπων
1086 2509 1133 2535 καὶ
1151 2508 1333 2544 διδασκαλίας.
1348 2508 1432 2544 aliter
1446 2507 1559 2543 Vulgata
1574 2518 1581 2535 :
1601 2519 1610 2535 ι
1631 2483 1709 2537 ἔξιιί-

920 2542 1049 2571 muerunt
1070 2551 1113 2570 me
1130 2543 1260 2570 mandato
1282 2542 1423 2570 hominum
1448 2548 1476 2570 et
1493 2542 1634 2575 doctrinis,
1652 2554 1662 2570 ι
1681 2549 1709 2572 et

919 2583 1054 2613 quotquot
1064 2578 1197 2606 Hebraico
1209 2577 1348 2605 contextui
1361 2578 1502 2610 insistunt,
1515 2578 1593 2613 cujus
1604 2580 1706 2607 variam

918 2613 1004 2654 fuisse
1020 2615 1072 2641 hoc
1088 2613 1148 2654 loco
1158 2613 1319 2654 lectionem,
1335 2613 1435 2654 exﬁbac
1451 2613 1707 2654 iiitei‘pretationum

919 2649 1050 2676 varietate
1066 2648 1216 2682 conjiciunt
1228 2648 1348 2683 quidam.
1365 2648 1420 2683 Ego
1434 2648 1511 2675 aliter
1525 2648 1627 2683 judico,
1642 2657 1706 2677 nam

937 2656 1050 2676 artetate
1066 2656 1216 2682 conpetunt
1228 2656 1348 2709 quidam.
1365 2656 1420 2683 ειεο
1434 2656 1511 2675 auter
1525 2656 1627 2683 )umco,
1642 2657 1706 2677 nam

937 2689 1098 2718 mterquam
1112 2683 1185 2718 quod
1197 2691 1233 2710 nu
1247 2683 1270 2710 la
1284 2682 1418 2717 ejusmodi
1432 2687 1542 2710 notatur
1553 2684 1666 2712 rariatio
1678 2685 1707 2714 in

942 2719 981 2746 eri
996 2723 1024 2746 ct
1036 2718 1125 2750 Ketib,
1148 2725 1236 2752 neque
1256 2719 1283 2744 in
1306 2718 1389 2745 variis
1405 2718 1565 2746 lectionibus
1580 2719 1707 2747 Orienta-

918 2755 984 2781 lium
995 2759 1022 2780 et
1036 2753 1263 2784 Occidentalium,
1279 2760 1367 2787 neque
1377 2753 1403 2779 in
1420 2753 1472 2781 illis
1487 2753 1541 2782 Ben
1553 2754 1667 2787 Asclter,
1680 2758 1706 2782 et

919 2789 974 2815 Ben
985 2788 1128 2823 Neplitliali
1139 2797 1145 2820 ;
1156 2788 1178 2814 si
1188 2795 1242 2814 rem
1256 2788 1366 2822 propius
1378 2793 1494 2822 spectes,
1506 2790 1613 2817 etiamsi
1625 2790 1706 2818 verba

919 2823 1044 2851 recedant
1070 2823 1216 2858 paulisper,
1241 2823 1382 2850 sententiae
1396 2828 1484 2850 tamen
1506 2825 1532 2850 in
1547 2825 1616 2852 idem
1637 2825 1705 2853 reci-

1528 2873 1566 2902 30
