  <div class='ocr_page' id='page_1' title='image "/cluster/home/n/w/nwhite01/storage/ocr_20150623/13/njp.32101077772430/569.png"; bbox 0 0 1880 3045; ppageno 0'>
   <div class='ocr_carea' id='block_1_1' title="bbox 183 86 236 119">
    <p class='ocr_par' dir='ltr' id='par_1_1' title="bbox 183 86 236 119">
     <span class='ocr_line' id='line_1_1' title="bbox 183 86 236 119; baseline 0.019 -1"><span class='ocrx_word' id='word_1_1' title='bbox 183 86 236 119; x_wconf 71' lang='lat'><strong>9&#39;59</strong></span> 
     </span>
    </p>
   </div>
   <div class='ocr_carea' id='block_1_2' title="bbox 919 84 1078 116">
    <p class='ocr_par' dir='ltr' id='par_1_2' title="bbox 919 84 1078 116">
     <span class='ocr_line' id='line_1_2' title="bbox 919 84 1078 116; baseline 0.006 -1"><span class='ocrx_word' id='word_1_2' title='bbox 919 84 1078 116; x_wconf 70' lang='lat' dir='ltr'><strong>URIGENIS</strong></span> 
     </span>
    </p>
   </div>
   <div class='ocr_carea' id='block_1_3' title="bbox 1753 92 1798 119">
    <p class='ocr_par' dir='ltr' id='par_1_3' title="bbox 1753 92 1798 119">
     <span class='ocr_line' id='line_1_3' title="bbox 1753 92 1798 119; baseline 0 -1"><span class='ocrx_word' id='word_1_3' title='bbox 1753 92 1798 119; x_wconf 53' lang='grc' dir='ltr'><strong>ιη’)</strong></span> 
     </span>
    </p>
   </div>
   <div class='ocr_carea' id='block_1_4' title="bbox 183 147 949 185">
    <p class='ocr_par' dir='ltr' id='par_1_4' title="bbox 183 147 949 185">
     <span class='ocr_line' id='line_1_4' title="bbox 183 147 949 185; baseline -0.005 -7"><span class='ocrx_word' id='word_1_4' title='bbox 183 152 326 178; x_wconf 77' lang='lat' dir='ltr'><strong>humanas.</strong></span> <span class='ocrx_word' id='word_1_5' title='bbox 356 150 432 178; x_wconf 76' lang='lat' dir='ltr'><strong>Unde</strong></span> <span class='ocrx_word' id='word_1_6' title='bbox 462 148 544 185; x_wconf 65' lang='grc'><strong>494</strong></span> <span class='ocrx_word' id='word_1_7' title='bbox 568 156 630 175; x_wconf 90' lang='lat' dir='ltr'><strong>cum</strong></span> <span class='ocrx_word' id='word_1_8' title='bbox 656 149 712 176; x_wconf 67' lang='lat' dir='ltr'><strong>haec</strong></span> <span class='ocrx_word' id='word_1_9' title='bbox 738 148 790 175; x_wconf 86' lang='lat' dir='ltr'><strong>illis</strong></span> <span class='ocrx_word' id='word_1_10' title='bbox 807 147 949 175; x_wconf 86' lang='lat' dir='ltr'><strong>acciderint</strong></span> 
     </span>
    </p>
   </div>
   <div class='ocr_carea' id='block_1_5' title="bbox 1031 147 1801 185">
    <p class='ocr_par' dir='ltr' id='par_1_5' title="bbox 1031 148 1801 185">
     <span class='ocr_line' id='line_1_5' title="bbox 1031 148 1801 185; baseline 0.003 -11"><span class='ocrx_word' id='word_1_11' title='bbox 1031 148 1178 184; x_wconf 82' lang='grc' dir='ltr'>ινθρώπων,</span> <span class='ocrx_word' id='word_1_12' title='bbox 1197 149 1243 175; x_wconf 73' lang='grc' dir='ltr'>καὶ</span> <span class='ocrx_word' id='word_1_13' title='bbox 1263 148 1436 181; x_wconf 80' lang='grc' dir='ltr'>διδασκαλίας</span> <span class='ocrx_word' id='word_1_14' title='bbox 1454 149 1544 176; x_wconf 70' lang='grc' dir='ltr'>οὐκέτι</span> <span class='ocrx_word' id='word_1_15' title='bbox 1559 149 1608 181; x_wconf 77' lang='grc' dir='ltr'>τὰς</span> <span class='ocrx_word' id='word_1_16' title='bbox 1625 149 1680 176; x_wconf 77' lang='grc' dir='ltr'><strong>ἀπὸ</strong></span> <span class='ocrx_word' id='word_1_17' title='bbox 1694 149 1743 185; x_wconf 72' lang='grc' dir='ltr'><strong>τῆς</strong></span> <span class='ocrx_word' id='word_1_18' title='bbox 1759 150 1801 176; x_wconf 75' lang='grc' dir='ltr'>τοῦ</span> 
     </span>
    </p>
   </div>
   <div class='ocr_carea' id='block_1_6' title="bbox 183 194 964 230">
    <p class='ocr_par' dir='ltr' id='par_1_6' title="bbox 183 194 964 230">
     <span class='ocr_line' id='line_1_6' title="bbox 183 194 964 230; baseline -0.003 -7"><span class='ocrx_word' id='word_1_19' title='bbox 183 197 322 224; x_wconf 83' lang='lat' dir='ltr'><strong>transtulit</strong></span> <span class='ocrx_word' id='word_1_20' title='bbox 337 195 408 224; x_wconf 83' lang='lat' dir='ltr'><strong>Deus</strong></span> <span class='ocrx_word' id='word_1_21' title='bbox 426 196 553 230; x_wconf 76' lang='lat' dir='ltr'><strong>populum</strong></span> <span class='ocrx_word' id='word_1_22' title='bbox 569 194 735 226; x_wconf 81' lang='lat' dir='ltr'><strong>Judaeorum,</strong></span> <span class='ocrx_word' id='word_1_23' title='bbox 750 201 775 222; x_wconf 88' lang='lat' dir='ltr'><strong>et</strong></span> <span class='ocrx_word' id='word_1_24' title='bbox 792 194 907 229; x_wconf 91' lang='lat' dir='ltr'><strong>perdidit</strong></span> <span class='ocrx_word' id='word_1_25' title='bbox 919 201 964 221; x_wconf 83' lang='lat' dir='ltr'><strong>sa-</strong></span> 
     </span>
    </p>
   </div>
   <div class='ocr_carea' id='block_1_7' title="bbox 182 237 962 277">
    <p class='ocr_par' dir='ltr' id='par_1_7' title="bbox 182 237 962 277">
     <span class='ocr_line' id='line_1_7' title="bbox 182 237 962 277; baseline -0.004 -8"><span class='ocrx_word' id='word_1_26' title='bbox 182 237 311 277; x_wconf 81' lang='lat' dir='ltr'><strong>pientiam</strong></span> <span class='ocrx_word' id='word_1_27' title='bbox 335 240 442 268; x_wconf 79' lang='lat' dir='ltr'><strong>iilorum</strong></span> <span class='ocrx_word' id='word_1_28' title='bbox 461 241 507 275; x_wconf 85' lang='lat' dir='ltr'><strong>qui</strong></span> <span class='ocrx_word' id='word_1_29' title='bbox 527 241 597 276; x_wconf 85' lang='lat' dir='ltr'><strong>apud</strong></span> <span class='ocrx_word' id='word_1_30' title='bbox 619 247 665 268; x_wconf 88' lang='lat' dir='ltr'><strong>eos</strong></span> <span class='ocrx_word' id='word_1_31' title='bbox 684 244 761 267; x_wconf 87' lang='lat' dir='ltr'><strong>erant</strong></span> <span class='ocrx_word' id='word_1_32' title='bbox 785 240 936 274; x_wconf 77' lang='lat' dir='ltr'><strong>sapientum</strong></span> <span class='ocrx_word' id='word_1_33' title='bbox 956 249 962 267; x_wconf 92' lang='lat'><strong>:</strong></span> 
     </span>
    </p>
   </div>
   <div class='ocr_carea' id='block_1_8' title="bbox 182 284 965 321">
    <p class='ocr_par' dir='ltr' id='par_1_8' title="bbox 182 284 965 321">
     <span class='ocr_line' id='line_1_8' title="bbox 182 284 965 321; baseline -0.003 -7"><span class='ocrx_word' id='word_1_34' title='bbox 182 295 232 314; x_wconf 84' lang='lat' dir='ltr'><strong>nec</strong></span> <span class='ocrx_word' id='word_1_35' title='bbox 243 287 314 314; x_wconf 90' lang='lat' dir='ltr'><strong>enim</strong></span> <span class='ocrx_word' id='word_1_36' title='bbox 332 287 448 321; x_wconf 81' lang='lat' dir='ltr'><strong>amplius</strong></span> <span class='ocrx_word' id='word_1_37' title='bbox 463 286 532 320; x_wconf 88' lang='lat' dir='ltr'><strong>apud</strong></span> <span class='ocrx_word' id='word_1_38' title='bbox 548 286 608 312; x_wconf 87' lang='lat' dir='ltr'><strong>illos</strong></span> <span class='ocrx_word' id='word_1_39' title='bbox 620 289 660 312; x_wconf 88' lang='lat' dir='ltr'><strong>est</strong></span> <span class='ocrx_word' id='word_1_40' title='bbox 672 284 815 319; x_wconf 80' lang='lat' dir='ltr'><strong>sapientia,</strong></span> <span class='ocrx_word' id='word_1_41' title='bbox 831 290 861 316; x_wconf 84' lang='lat' dir='ltr'><strong>ut</strong></span> <span class='ocrx_word' id='word_1_42' title='bbox 878 292 965 320; x_wconf 88' lang='lat' dir='ltr'><strong>neque</strong></span> 
     </span>
    </p>
   </div>
   <div class='ocr_carea' id='block_1_9' title="bbox 181 330 963 368">
    <p class='ocr_par' dir='ltr' id='par_1_9' title="bbox 181 330 963 368">
     <span class='ocr_line' id='line_1_9' title="bbox 181 330 963 368; baseline -0.004 -8"><span class='ocrx_word' id='word_1_43' title='bbox 181 333 331 368; x_wconf 84' lang='lat' dir='ltr'><strong>prophetia,</strong></span> <span class='ocrx_word' id='word_1_44' title='bbox 348 333 394 360; x_wconf 91' lang='lat' dir='ltr'><strong>sed</strong></span> <span class='ocrx_word' id='word_1_45' title='bbox 411 338 438 360; x_wconf 90' lang='lat' dir='ltr'><strong>et</strong></span> <span class='ocrx_word' id='word_1_46' title='bbox 459 331 663 367; x_wconf 79' lang='lat' dir='ltr'><strong>intelligentiam</strong></span> <span class='ocrx_word' id='word_1_47' title='bbox 688 330 892 364; x_wconf 77' lang='lat' dir='ltr'><strong>intelligentium</strong></span> <span class='ocrx_word' id='word_1_48' title='bbox 913 338 963 365; x_wconf 82' lang='grc' dir='ltr'>ρο·-</span> 
     </span>
    </p>
   </div>
   <div class='ocr_carea' id='block_1_10' title="bbox 182 377 964 414">
    <p class='ocr_par' dir='ltr' id='par_1_10' title="bbox 182 377 964 414">
     <span class='ocr_line' id='line_1_10' title="bbox 182 377 964 414; baseline -0.005 -8"><span class='ocrx_word' id='word_1_49' title='bbox 182 379 236 414; x_wconf 78' lang='lat' dir='ltr'><strong>puli</strong></span> <span class='ocrx_word' id='word_1_50' title='bbox 259 378 370 411; x_wconf 81' lang='lat' dir='ltr'><strong>defodit,</strong></span> <span class='ocrx_word' id='word_1_51' title='bbox 392 382 418 405; x_wconf 86' lang='lat' dir='ltr'><strong>et</strong></span> <span class='ocrx_word' id='word_1_52' title='bbox 433 377 551 405; x_wconf 87' lang='lat' dir='ltr'><strong>occuluit</strong></span> <span class='ocrx_word' id='word_1_53' title='bbox 568 377 648 407; x_wconf 86' lang='lat' dir='ltr'><strong>Deus,</strong></span> <span class='ocrx_word' id='word_1_54' title='bbox 667 384 716 403; x_wconf 87' lang='lat' dir='ltr'><strong>nec</strong></span> <span class='ocrx_word' id='word_1_55' title='bbox 738 377 855 411; x_wconf 82' lang='lat' dir='ltr'><strong>amplius</strong></span> <span class='ocrx_word' id='word_1_56' title='bbox 873 377 964 411; x_wconf 85' lang='lat' dir='ltr'><strong>splen-</strong></span> 
     </span>
    </p>
   </div>
   <div class='ocr_carea' id='block_1_11' title="bbox 181 423 963 458">
    <p class='ocr_par' dir='ltr' id='par_1_11' title="bbox 181 423 963 458">
     <span class='ocr_line' id='line_1_11' title="bbox 181 423 963 458; baseline -0.004 -6"><span class='ocrx_word' id='word_1_57' title='bbox 181 425 244 452; x_wconf 87' lang='lat' dir='ltr'><strong>dida</strong></span> <span class='ocrx_word' id='word_1_58' title='bbox 265 429 306 452; x_wconf 85' lang='lat' dir='ltr'><strong>est</strong></span> <span class='ocrx_word' id='word_1_59' title='bbox 328 429 355 451; x_wconf 87' lang='lat' dir='ltr'><strong>et</strong></span> <span class='ocrx_word' id='word_1_60' title='bbox 379 423 508 456; x_wconf 80' lang='lat' dir='ltr'><strong>illustris;</strong></span> <span class='ocrx_word' id='word_1_61' title='bbox 526 428 678 458; x_wconf 84' lang='lat' dir='ltr'><strong>propterea,</strong></span> <span class='ocrx_word' id='word_1_62' title='bbox 696 423 803 450; x_wconf 84' lang='lat' dir='ltr'><strong>etiamsi</strong></span> <span class='ocrx_word' id='word_1_63' title='bbox 821 423 963 450; x_wconf 90' lang='lat' dir='ltr'><strong>videantur</strong></span> 
     </span>
    </p>
   </div>
   <div class='ocr_carea' id='block_1_12' title="bbox 182 467 961 504">
    <p class='ocr_par' dir='ltr' id='par_1_12' title="bbox 182 467 961 504">
     <span class='ocr_line' id='line_1_12' title="bbox 182 467 961 504; baseline -0.005 -7"><span class='ocrx_word' id='word_1_64' title='bbox 182 470 325 497; x_wconf 82' lang='lat' dir='ltr'><strong>consilium</strong></span> <span class='ocrx_word' id='word_1_65' title='bbox 342 468 448 504; x_wconf 89' lang='lat' dir='ltr'><strong>aliquod</strong></span> <span class='ocrx_word' id='word_1_66' title='bbox 468 468 601 503; x_wconf 77' lang='lat' dir='ltr'><strong>profunde</strong></span> <span class='ocrx_word' id='word_1_67' title='bbox 620 467 722 503; x_wconf 76' lang='lat' dir='ltr'><strong>agitare</strong></span> <span class='ocrx_word' id='word_1_68' title='bbox 735 467 768 500; x_wconf 76' lang='lat'><strong>“,</strong></span> <span class='ocrx_word' id='word_1_69' title='bbox 783 475 844 494; x_wconf 91' lang='lat' dir='ltr'><strong>cum</strong></span> <span class='ocrx_word' id='word_1_70' title='bbox 859 467 886 494; x_wconf 88' lang='lat' dir='ltr'><strong>id</strong></span> <span class='ocrx_word' id='word_1_71' title='bbox 898 474 961 501; x_wconf 90' lang='lat' dir='ltr'><strong>pro-</strong></span> 
     </span>
    </p>
   </div>
   <div class='ocr_carea' id='block_1_13' title="bbox 181 512 960 550">
    <p class='ocr_par' dir='ltr' id='par_1_13' title="bbox 181 512 960 550">
     <span class='ocr_line' id='line_1_13' title="bbox 181 512 960 550; baseline -0.004 -8"><span class='ocrx_word' id='word_1_72' title='bbox 181 520 238 550; x_wconf 87' lang='lat' dir='ltr'><strong>pter</strong></span> <span class='ocrx_word' id='word_1_73' title='bbox 255 515 397 541; x_wconf 89' lang='lat' dir='ltr'><strong>Dominum</strong></span> <span class='ocrx_word' id='word_1_74' title='bbox 416 521 469 540; x_wconf 93' lang='lat' dir='ltr'><strong>non</strong></span> <span class='ocrx_word' id='word_1_75' title='bbox 487 513 598 545; x_wconf 83' lang='lat' dir='ltr'><strong>faciant,</strong></span> <span class='ocrx_word' id='word_1_76' title='bbox 623 513 716 540; x_wconf 89' lang='lat' dir='ltr'><strong>miseri</strong></span> <span class='ocrx_word' id='word_1_77' title='bbox 732 512 874 545; x_wconf 88' lang='lat' dir='ltr'><strong>dicuntur;</strong></span> <span class='ocrx_word' id='word_1_78' title='bbox 897 517 924 539; x_wconf 89' lang='lat' dir='ltr'><strong>et</strong></span> <span class='ocrx_word' id='word_1_79' title='bbox 938 512 960 539; x_wconf 91' lang='lat' dir='ltr'><strong>si</strong></span> 
     </span>
    </p>
   </div>
   <div class='ocr_carea' id='block_1_14' title="bbox 177 557 962 594">
    <p class='ocr_par' dir='ltr' id='par_1_14' title="bbox 177 557 962 594">
     <span class='ocr_line' id='line_1_14' title="bbox 177 557 962 594; baseline -0.005 -6"><span class='ocrx_word' id='word_1_80' title='bbox 177 561 283 588; x_wconf 83' lang='lat' dir='ltr'><strong>occulta</strong></span> <span class='ocrx_word' id='word_1_81' title='bbox 302 560 391 594; x_wconf 84' lang='lat' dir='ltr'><strong>aliqua</strong></span> <span class='ocrx_word' id='word_1_82' title='bbox 413 559 496 586; x_wconf 84' lang='lat' dir='ltr'><strong>divini</strong></span> <span class='ocrx_word' id='word_1_83' title='bbox 511 559 618 586; x_wconf 83' lang='lat' dir='ltr'><strong>consilii</strong></span> <span class='ocrx_word' id='word_1_84' title='bbox 633 558 822 585; x_wconf 88' lang='lat' dir='ltr'><strong>enuntiaturos</strong></span> <span class='ocrx_word' id='word_1_85' title='bbox 835 565 864 585; x_wconf 92' lang='lat' dir='ltr'><strong>se</strong></span> <span class='ocrx_word' id='word_1_86' title='bbox 879 557 962 592; x_wconf 86' lang='lat' dir='ltr'><strong>proli-</strong></span> 
     </span>
    </p>
   </div>
   <div class='ocr_carea' id='block_1_15' title="bbox 177 603 960 639">
    <p class='ocr_par' dir='ltr' id='par_1_15' title="bbox 177 603 960 639">
     <span class='ocr_line' id='line_1_15' title="bbox 177 603 960 639; baseline -0.004 -7"><span class='ocrx_word' id='word_1_87' title='bbox 177 610 295 637; x_wconf 81' lang='lat' dir='ltr'><strong>teantur,</strong></span> <span class='ocrx_word' id='word_1_88' title='bbox 312 605 492 636; x_wconf 86' lang='lat' dir='ltr'><strong>mentiuntur,</strong></span> <span class='ocrx_word' id='word_1_89' title='bbox 517 604 647 639; x_wconf 90' lang='lat' dir='ltr'><strong>quoniam</strong></span> <span class='ocrx_word' id='word_1_90' title='bbox 673 611 755 639; x_wconf 84' lang='lat' dir='ltr'><strong>opera</strong></span> <span class='ocrx_word' id='word_1_91' title='bbox 779 603 884 631; x_wconf 91' lang='lat' dir='ltr'><strong>illorum</strong></span> <span class='ocrx_word' id='word_1_92' title='bbox 906 610 960 630; x_wconf 93' lang='lat' dir='ltr'><strong>non</strong></span> 
     </span>
    </p>
   </div>
   <div class='ocr_carea' id='block_1_16' title="bbox 177 647 960 683">
    <p class='ocr_par' dir='ltr' id='par_1_16' title="bbox 177 647 960 683">
     <span class='ocr_line' id='line_1_16' title="bbox 177 647 960 683; baseline -0.004 -6"><span class='ocrx_word' id='word_1_93' title='bbox 177 651 243 678; x_wconf 90' lang='lat' dir='ltr'><strong>lucis</strong></span> <span class='ocrx_word' id='word_1_94' title='bbox 258 655 332 683; x_wconf 87' lang='lat' dir='ltr'><strong>sunt,</strong></span> <span class='ocrx_word' id='word_1_95' title='bbox 348 651 394 678; x_wconf 89' lang='lat' dir='ltr'><strong>sed</strong></span> <span class='ocrx_word' id='word_1_96' title='bbox 407 650 580 677; x_wconf 86' lang='lat' dir='ltr'><strong>tenebrarum</strong></span> <span class='ocrx_word' id='word_1_97' title='bbox 593 654 619 676; x_wconf 87' lang='lat' dir='ltr'><strong>et</strong></span> <span class='ocrx_word' id='word_1_98' title='bbox 631 649 730 676; x_wconf 88' lang='lat' dir='ltr'><strong>noctis.</strong></span> <span class='ocrx_word' id='word_1_99' title='bbox 750 647 843 675; x_wconf 78' lang='lat' dir='ltr'><strong>Visum</strong></span> <span class='ocrx_word' id='word_1_100' title='bbox 854 647 899 675; x_wconf 81' lang='lat' dir='ltr'><strong>est</strong></span> <span class='ocrx_word' id='word_1_101' title='bbox 911 655 960 674; x_wconf 86' lang='lat' dir='ltr'><strong>au-</strong></span> 
     </span>
    </p>
   </div>
   <div class='ocr_carea' id='block_1_17' title="bbox 175 693 958 731">
    <p class='ocr_par' dir='ltr' id='par_1_17' title="bbox 175 693 958 731">
     <span class='ocr_line' id='line_1_17' title="bbox 175 693 958 731; baseline -0.005 -8"><span class='ocrx_word' id='word_1_102' title='bbox 175 702 228 723; x_wconf 85' lang='lat' dir='ltr'><strong>tem</strong></span> <span class='ocrx_word' id='word_1_103' title='bbox 246 697 324 723; x_wconf 92' lang='lat' dir='ltr'><strong>nobis</strong></span> <span class='ocrx_word' id='word_1_104' title='bbox 339 695 434 731; x_wconf 89' lang='lat' dir='ltr'><strong>paucis</strong></span> <span class='ocrx_word' id='word_1_105' title='bbox 445 695 536 722; x_wconf 82' lang='lat' dir='ltr'><strong>verbis</strong></span> <span class='ocrx_word' id='word_1_106' title='bbox 549 695 729 730; x_wconf 82' lang='lat' dir='ltr'><strong>prophetiam,</strong></span> <span class='ocrx_word' id='word_1_107' title='bbox 743 698 770 722; x_wconf 90' lang='lat' dir='ltr'><strong>et</strong></span> <span class='ocrx_word' id='word_1_108' title='bbox 783 694 856 721; x_wconf 88' lang='lat' dir='ltr'><strong>illius</strong></span> <span class='ocrx_word' id='word_1_109' title='bbox 869 693 958 728; x_wconf 87' lang='lat' dir='ltr'><strong>aliqua</strong></span> 
     </span>
    </p>
   </div>
   <div class='ocr_carea' id='block_1_18' title="bbox 173 739 959 778">
    <p class='ocr_par' dir='ltr' id='par_1_18' title="bbox 173 739 959 778">
     <span class='ocr_line' id='line_1_18' title="bbox 173 739 959 778; baseline -0.005 -8"><span class='ocrx_word' id='word_1_110' title='bbox 173 751 206 770; x_wconf 85' lang='lat' dir='ltr'><strong>ex</strong></span> <span class='ocrx_word' id='word_1_111' title='bbox 223 748 298 778; x_wconf 89' lang='lat' dir='ltr'><strong>parte</strong></span> <span class='ocrx_word' id='word_1_112' title='bbox 317 742 524 778; x_wconf 72' lang='lat' dir='ltr'><strong>explicationem</strong></span> <span class='ocrx_word' id='word_1_113' title='bbox 549 741 664 776; x_wconf 87' lang='lat' dir='ltr'><strong>aperire,</strong></span> <span class='ocrx_word' id='word_1_114' title='bbox 683 741 812 776; x_wconf 88' lang='lat' dir='ltr'><strong>quoniam</strong></span> <span class='ocrx_word' id='word_1_115' title='bbox 836 739 959 767; x_wconf 89' lang='lat' dir='ltr'><strong>meminit</strong></span> 
     </span>
    </p>
   </div>
   <div class='ocr_carea' id='block_1_19' title="bbox 174 786 956 820">
    <p class='ocr_par' dir='ltr' id='par_1_19' title="bbox 174 786 956 820">
     <span class='ocr_line' id='line_1_19' title="bbox 174 786 956 820; baseline -0.004 -5"><span class='ocrx_word' id='word_1_116' title='bbox 174 789 247 816; x_wconf 89' lang='lat' dir='ltr'><strong>illius</strong></span> <span class='ocrx_word' id='word_1_117' title='bbox 269 788 421 820; x_wconf 67' lang='lat' dir='ltr'><strong>Matthaens,</strong></span> <span class='ocrx_word' id='word_1_118' title='bbox 449 787 571 814; x_wconf 85' lang='lat' dir='ltr'><strong>meminit</strong></span> <span class='ocrx_word' id='word_1_119' title='bbox 596 791 623 814; x_wconf 85' lang='lat' dir='ltr'><strong>et</strong></span> <span class='ocrx_word' id='word_1_120' title='bbox 646 787 767 819; x_wconf 84' lang='lat' dir='ltr'><strong>Marcus;</strong></span> <span class='ocrx_word' id='word_1_121' title='bbox 792 786 863 813; x_wconf 89' lang='lat' dir='ltr'><strong>unde</strong></span> <span class='ocrx_word' id='word_1_122' title='bbox 885 786 956 813; x_wconf 86' lang='lat' dir='ltr'><strong>circa</strong></span> 
     </span>
    </p>
   </div>
   <div class='ocr_carea' id='block_1_20' title="bbox 175 833 955 870">
    <p class='ocr_par' dir='ltr' id='par_1_20' title="bbox 175 833 955 870">
     <span class='ocr_line' id='line_1_20' title="bbox 175 833 955 870; baseline -0.004 -10"><span class='ocrx_word' id='word_1_123' title='bbox 175 833 418 869; x_wconf 75' lang='lat' dir='ltr'><strong>transgressionem</strong></span> <span class='ocrx_word' id='word_1_124' title='bbox 436 833 574 860; x_wconf 87' lang='lat' dir='ltr'><strong>seniorum</strong></span> <span class='ocrx_word' id='word_1_125' title='bbox 591 833 767 870; x_wconf 82' lang='lat' dir='ltr'><strong>statuentium</strong></span> <span class='ocrx_word' id='word_1_126' title='bbox 785 837 815 859; x_wconf 91' lang='lat' dir='ltr'><strong>ut</strong></span> <span class='ocrx_word' id='word_1_127' title='bbox 831 839 892 858; x_wconf 95' lang='lat' dir='ltr'><strong>cum</strong></span> <span class='ocrx_word' id='word_1_128' title='bbox 906 839 955 866; x_wconf 56' lang='grc' dir='ltr'>νειμ</span> 
     </span>
    </p>
   </div>
   <div class='ocr_carea' id='block_1_21' title="bbox 174 877 955 912">
    <p class='ocr_par' dir='ltr' id='par_1_21' title="bbox 174 877 955 912">
     <span class='ocr_line' id='line_1_21' title="bbox 174 877 955 912; baseline -0.004 -6"><span class='ocrx_word' id='word_1_129' title='bbox 174 888 235 906; x_wconf 81' lang='lat' dir='ltr'><strong>nem</strong></span> <span class='ocrx_word' id='word_1_130' title='bbox 251 878 394 906; x_wconf 88' lang='lat' dir='ltr'><strong>comedent</strong></span> <span class='ocrx_word' id='word_1_131' title='bbox 409 877 506 912; x_wconf 68' lang='lat' dir='ltr'><strong>Judaei,</strong></span> <span class='ocrx_word' id='word_1_132' title='bbox 518 878 606 905; x_wconf 90' lang='lat' dir='ltr'><strong>lavent</strong></span> <span class='ocrx_word' id='word_1_133' title='bbox 619 885 726 910; x_wconf 88' lang='lat' dir='ltr'><strong>manus,</strong></span> <span class='ocrx_word' id='word_1_134' title='bbox 740 877 840 904; x_wconf 85' lang='lat' dir='ltr'><strong>utiliter</strong></span> <span class='ocrx_word' id='word_1_135' title='bbox 855 877 955 912; x_wconf 93' lang='lat' dir='ltr'><strong>produ-</strong></span> 
     </span>
    </p>
   </div>
   <div class='ocr_carea' id='block_1_22' title="bbox 173 922 955 959">
    <p class='ocr_par' dir='ltr' id='par_1_22' title="bbox 173 922 955 959">
     <span class='ocr_line' id='line_1_22' title="bbox 173 922 955 959; baseline -0.004 -7"><span class='ocrx_word' id='word_1_136' title='bbox 173 932 267 952; x_wconf 83' lang='lat' dir='ltr'><strong>cemus</strong></span> <span class='ocrx_word' id='word_1_137' title='bbox 279 932 310 951; x_wconf 88' lang='lat' dir='ltr'><strong>ea</strong></span> <span class='ocrx_word' id='word_1_138' title='bbox 326 931 386 959; x_wconf 62' lang='lat' dir='ltr'><strong>quae</strong></span> <span class='ocrx_word' id='word_1_139' title='bbox 402 924 454 951; x_wconf 89' lang='lat' dir='ltr'><strong>hoc</strong></span> <span class='ocrx_word' id='word_1_140' title='bbox 473 924 533 950; x_wconf 81' lang='lat' dir='ltr'><strong>loco</strong></span> <span class='ocrx_word' id='word_1_141' title='bbox 552 923 592 951; x_wconf 88' lang='lat' dir='ltr'><strong>sic</strong></span> <span class='ocrx_word' id='word_1_142' title='bbox 610 931 639 951; x_wconf 89' lang='lat' dir='ltr'><strong>se</strong></span> <span class='ocrx_word' id='word_1_143' title='bbox 656 923 786 950; x_wconf 68' lang='lat' dir='ltr'><strong>habent”</strong></span> <span class='ocrx_word' id='word_1_144' title='bbox 806 932 812 950; x_wconf 93' lang='lat'><strong>:</strong></span> <span class='ocrx_word' id='word_1_145' title='bbox 830 932 839 948; x_wconf 78' lang='grc' dir='ltr'><strong>ι</strong></span> <span class='ocrx_word' id='word_1_146' title='bbox 859 922 955 950; x_wconf 85' lang='lat' dir='ltr'><strong>Phari-</strong></span> 
     </span>
    </p>
   </div>
   <div class='ocr_carea' id='block_1_23' title="bbox 173 969 952 1004">
    <p class='ocr_par' dir='ltr' id='par_1_23' title="bbox 173 969 952 1004">
     <span class='ocr_line' id='line_1_23' title="bbox 173 969 952 1004; baseline -0.003 -6"><span class='ocrx_word' id='word_1_147' title='bbox 173 971 219 999; x_wconf 83' lang='lat' dir='ltr'><strong>saei</strong></span> <span class='ocrx_word' id='word_1_148' title='bbox 234 971 318 1003; x_wconf 91' lang='lat' dir='ltr'><strong>enim,</strong></span> <span class='ocrx_word' id='word_1_149' title='bbox 334 974 360 997; x_wconf 86' lang='lat' dir='ltr'><strong>et</strong></span> <span class='ocrx_word' id='word_1_150' title='bbox 373 978 468 997; x_wconf 87' lang='lat' dir='ltr'><strong>onmes</strong></span> <span class='ocrx_word' id='word_1_151' title='bbox 481 969 576 1004; x_wconf 82' lang='lat' dir='ltr'><strong>Juda-i,</strong></span> <span class='ocrx_word' id='word_1_152' title='bbox 591 969 643 997; x_wconf 89' lang='lat' dir='ltr'><strong>nisi</strong></span> <span class='ocrx_word' id='word_1_153' title='bbox 657 969 752 997; x_wconf 89' lang='lat' dir='ltr'><strong>crebro</strong></span> <span class='ocrx_word' id='word_1_154' title='bbox 768 969 882 997; x_wconf 80' lang='lat' dir='ltr'><strong>laverint</strong></span> <span class='ocrx_word' id='word_1_155' title='bbox 894 977 952 997; x_wconf 87' lang='lat' dir='ltr'><strong>ma-</strong></span> 
     </span>
    </p>
   </div>
   <div class='ocr_carea' id='block_1_24' title="bbox 175 1014 952 1049">
    <p class='ocr_par' dir='ltr' id='par_1_24' title="bbox 175 1014 952 1049">
     <span class='ocr_line' id='line_1_24' title="bbox 175 1014 952 1049; baseline -0.001 -6"><span class='ocrx_word' id='word_1_156' title='bbox 175 1024 236 1049; x_wconf 88' lang='lat' dir='ltr'><strong>nus,</strong></span> <span class='ocrx_word' id='word_1_157' title='bbox 255 1023 310 1042; x_wconf 91' lang='lat' dir='ltr'><strong>non</strong></span> <span class='ocrx_word' id='word_1_158' title='bbox 327 1015 503 1048; x_wconf 86' lang='lat' dir='ltr'><strong>manducant,</strong></span> <span class='ocrx_word' id='word_1_159' title='bbox 527 1019 648 1042; x_wconf 89' lang='lat' dir='ltr'><strong>tenentes</strong></span> <span class='ocrx_word' id='word_1_160' title='bbox 669 1015 840 1042; x_wconf 85' lang='lat' dir='ltr'><strong>traditionem</strong></span> <span class='ocrx_word' id='word_1_161' title='bbox 862 1014 952 1042; x_wconf 87' lang='lat' dir='ltr'><strong>senio-</strong></span> 
     </span>
    </p>
   </div>
   <div class='ocr_carea' id='block_1_25' title="bbox 175 1060 953 1095">
    <p class='ocr_par' dir='ltr' id='par_1_25' title="bbox 175 1060 953 1095">
     <span class='ocr_line' id='line_1_25' title="bbox 175 1060 953 1095; baseline -0.001 -6"><span class='ocrx_word' id='word_1_162' title='bbox 175 1070 245 1089; x_wconf 92' lang='lat' dir='ltr'><strong>rum.</strong></span> <span class='ocrx_word' id='word_1_163' title='bbox 259 1060 291 1089; x_wconf 85' lang='lat' dir='ltr'><strong>Et</strong></span> <span class='ocrx_word' id='word_1_164' title='bbox 309 1069 324 1088; x_wconf 88' lang='lat' dir='ltr'><strong>a</strong></span> <span class='ocrx_word' id='word_1_165' title='bbox 342 1061 401 1088; x_wconf 81' lang='lat' dir='ltr'><strong>foro</strong></span> <span class='ocrx_word' id='word_1_166' title='bbox 417 1061 469 1088; x_wconf 89' lang='lat' dir='ltr'><strong>nisi</strong></span> <span class='ocrx_word' id='word_1_167' title='bbox 485 1060 666 1095; x_wconf 74' lang='lat' dir='ltr'><strong>baptizentur,</strong></span> <span class='ocrx_word' id='word_1_168' title='bbox 679 1069 732 1088; x_wconf 92' lang='lat' dir='ltr'><strong>non</strong></span> <span class='ocrx_word' id='word_1_169' title='bbox 749 1061 910 1095; x_wconf 82' lang='lat' dir='ltr'><strong>comedunt;</strong></span> <span class='ocrx_word' id='word_1_170' title='bbox 927 1066 953 1088; x_wconf 89' lang='lat' dir='ltr'><strong>et</strong></span> 
     </span>
    </p>
   </div>
   <div class='ocr_carea' id='block_1_26' title="bbox 173 1107 952 1142">
    <p class='ocr_par' dir='ltr' id='par_1_26' title="bbox 173 1107 952 1142">
     <span class='ocr_line' id='line_1_26' title="bbox 173 1107 952 1142; baseline -0.001 -7"><span class='ocrx_word' id='word_1_171' title='bbox 173 1109 225 1135; x_wconf 84' lang='lat' dir='ltr'><strong>alia</strong></span> <span class='ocrx_word' id='word_1_172' title='bbox 239 1108 324 1135; x_wconf 86' lang='lat' dir='ltr'><strong>multa</strong></span> <span class='ocrx_word' id='word_1_173' title='bbox 335 1112 468 1142; x_wconf 68' lang='lat' dir='ltr'><strong>suntquae</strong></span> <span class='ocrx_word' id='word_1_174' title='bbox 483 1107 578 1134; x_wconf 82' lang='lat' dir='ltr'><strong>tradita</strong></span> <span class='ocrx_word' id='word_1_175' title='bbox 590 1112 654 1134; x_wconf 92' lang='lat' dir='ltr'><strong>sunt</strong></span> <span class='ocrx_word' id='word_1_176' title='bbox 667 1108 721 1135; x_wconf 91' lang='lat' dir='ltr'><strong>illis</strong></span> <span class='ocrx_word' id='word_1_177' title='bbox 734 1115 852 1141; x_wconf 84' lang='lat' dir='ltr'><strong>servare,</strong></span> <span class='ocrx_word' id='word_1_178' title='bbox 866 1107 952 1142; x_wconf 85' lang='lat' dir='ltr'><strong>bapti-</strong></span> 
     </span>
    </p>
   </div>
   <div class='ocr_carea' id='block_1_27' title="bbox 173 1155 952 1188">
    <p class='ocr_par' dir='ltr' id='par_1_27' title="bbox 173 1155 952 1188">
     <span class='ocr_line' id='line_1_27' title="bbox 173 1155 952 1188; baseline -0.001 -6"><span class='ocrx_word' id='word_1_179' title='bbox 173 1159 260 1182; x_wconf 86' lang='lat' dir='ltr'><strong>smata</strong></span> <span class='ocrx_word' id='word_1_180' title='bbox 277 1155 402 1188; x_wconf 85' lang='lat' dir='ltr'><strong>calicum,</strong></span> <span class='ocrx_word' id='word_1_181' title='bbox 425 1158 451 1181; x_wconf 87' lang='lat' dir='ltr'><strong>et</strong></span> <span class='ocrx_word' id='word_1_182' title='bbox 473 1161 630 1188; x_wconf 83' lang='lat' dir='ltr'><strong>urceorum,</strong></span> <span class='ocrx_word' id='word_1_183' title='bbox 649 1159 675 1181; x_wconf 92' lang='lat' dir='ltr'><strong>et</strong></span> <span class='ocrx_word' id='word_1_184' title='bbox 690 1158 909 1186; x_wconf 66' lang='lat' dir='ltr'><strong>atramentorum,</strong></span> <span class='ocrx_word' id='word_1_185' title='bbox 926 1158 952 1182; x_wconf 92' lang='lat' dir='ltr'><strong>et</strong></span> 
     </span>
    </p>
   </div>
   <div class='ocr_carea' id='block_1_28' title="bbox 173 1201 339 1228">
    <p class='ocr_par' dir='ltr' id='par_1_28' title="bbox 173 1201 339 1228">
     <span class='ocr_line' id='line_1_28' title="bbox 173 1201 339 1228; baseline -0.006 -1"><span class='ocrx_word' id='word_1_186' title='bbox 173 1201 314 1228; x_wconf 89' lang='lat' dir='ltr'><strong>lectorum.</strong></span> <span class='ocrx_word' id='word_1_187' title='bbox 329 1209 339 1226; x_wconf 75' lang='grc' dir='ltr'><strong>ι</strong></span> 
     </span>
    </p>
   </div>
   <div class='ocr_carea' id='block_1_29' title="bbox 205 1290 948 1319">
    <p class='ocr_par' dir='ltr' id='par_1_29' title="bbox 205 1290 948 1319">
     <span class='ocr_line' id='line_1_29' title="bbox 205 1290 948 1319; baseline -0.003 0"><span class='ocrx_word' id='word_1_188' title='bbox 205 1292 247 1319; x_wconf 72' lang='grc'><strong>12.</strong></span> <span class='ocrx_word' id='word_1_189' title='bbox 272 1301 282 1318; x_wconf 77' lang='grc' dir='ltr'><strong>ι</strong></span> <span class='ocrx_word' id='word_1_190' title='bbox 302 1290 335 1319; x_wconf 86' lang='lat' dir='ltr'><strong>Et</strong></span> <span class='ocrx_word' id='word_1_191' title='bbox 357 1292 514 1319; x_wconf 82' lang='lat' dir='ltr'><strong>convocatis</strong></span> <span class='ocrx_word' id='word_1_192' title='bbox 530 1291 563 1319; x_wconf 91' lang='lat' dir='ltr'><strong>ad</strong></span> <span class='ocrx_word' id='word_1_193' title='bbox 580 1299 608 1319; x_wconf 88' lang='lat' dir='ltr'><strong>se</strong></span> <span class='ocrx_word' id='word_1_194' title='bbox 625 1291 712 1319; x_wconf 78' lang='lat' dir='ltr'><strong>turbis</strong></span> <span class='ocrx_word' id='word_1_195' title='bbox 730 1291 798 1318; x_wconf 79' lang='lat' dir='ltr'><strong>dixit</strong></span> <span class='ocrx_word' id='word_1_196' title='bbox 813 1291 852 1318; x_wconf 80' lang='lat' dir='ltr'><strong>eis</strong></span> <span class='ocrx_word' id='word_1_197' title='bbox 869 1300 876 1318; x_wconf 91' lang='lat'><strong>:</strong></span> <span class='ocrx_word' id='word_1_198' title='bbox 893 1290 948 1318; x_wconf 80' lang='lat' dir='ltr'><strong>Au-</strong></span> 
     </span>
    </p>
   </div>
   <div class='ocr_carea' id='block_1_30' title="bbox 170 1336 950 1373">
    <p class='ocr_par' dir='ltr' id='par_1_30' title="bbox 170 1336 950 1373">
     <span class='ocr_line' id='line_1_30' title="bbox 170 1336 950 1373; baseline -0.001 -8"><span class='ocrx_word' id='word_1_199' title='bbox 170 1338 223 1365; x_wconf 86' lang='lat' dir='ltr'><strong>dite</strong></span> <span class='ocrx_word' id='word_1_200' title='bbox 244 1342 271 1366; x_wconf 85' lang='lat' dir='ltr'><strong>et</strong></span> <span class='ocrx_word' id='word_1_201' title='bbox 294 1336 433 1373; x_wconf 79' lang='lat' dir='ltr'><strong>intelligite</strong></span> <span class='ocrx_word' id='word_1_202' title='bbox 448 1338 481 1371; x_wconf 74' lang='grc' dir='ltr'><strong>⁵ο,</strong></span> <span class='ocrx_word' id='word_1_203' title='bbox 498 1347 507 1363; x_wconf 67' lang='grc' dir='ltr'><strong><em>ι</em></strong></span> <span class='ocrx_word' id='word_1_204' title='bbox 525 1342 552 1365; x_wconf 85' lang='lat' dir='ltr'><strong>et.</strong></span> <span class='ocrx_word' id='word_1_205' title='bbox 566 1345 625 1372; x_wconf 71' lang='lat' dir='ltr'><strong>qua:</strong></span> <span class='ocrx_word' id='word_1_206' title='bbox 646 1342 806 1372; x_wconf 82' lang='lat' dir='ltr'><strong>sequuntur.</strong></span> <span class='ocrx_word' id='word_1_207' title='bbox 827 1336 950 1364; x_wconf 86' lang='lat' dir='ltr'><strong>Dilucide</strong></span> 
     </span>
    </p>
   </div>
   <div class='ocr_carea' id='block_1_31' title="bbox 169 1381 948 1415">
    <p class='ocr_par' dir='ltr' id='par_1_31' title="bbox 169 1381 948 1415">
     <span class='ocr_line' id='line_1_31' title="bbox 169 1381 948 1415; baseline -0.001 -5"><span class='ocrx_word' id='word_1_208' title='bbox 169 1383 212 1410; x_wconf 87' lang='lat' dir='ltr'><strong>his</strong></span> <span class='ocrx_word' id='word_1_209' title='bbox 226 1383 315 1410; x_wconf 82' lang='lat' dir='ltr'><strong>verbis</strong></span> <span class='ocrx_word' id='word_1_210' title='bbox 332 1391 346 1410; x_wconf 91' lang='lat' dir='ltr'><strong>a</strong></span> <span class='ocrx_word' id='word_1_211' title='bbox 364 1381 506 1411; x_wconf 84' lang='lat' dir='ltr'><strong>Servatore</strong></span> <span class='ocrx_word' id='word_1_212' title='bbox 526 1383 667 1413; x_wconf 87' lang='lat' dir='ltr'><strong>docemur.</strong></span> <span class='ocrx_word' id='word_1_213' title='bbox 690 1390 752 1409; x_wconf 90' lang='lat' dir='ltr'><strong>cum</strong></span> <span class='ocrx_word' id='word_1_214' title='bbox 775 1382 802 1409; x_wconf 91' lang='lat' dir='ltr'><strong>in</strong></span> <span class='ocrx_word' id='word_1_215' title='bbox 818 1382 948 1415; x_wconf 81' lang='lat' dir='ltr'><strong>Levitico,</strong></span> 
     </span>
    </p>
   </div>
   <div class='ocr_carea' id='block_1_32' title="bbox 168 1427 950 1463">
    <p class='ocr_par' dir='ltr' id='par_1_32' title="bbox 168 1427 950 1463">
     <span class='ocr_line' id='line_1_32' title="bbox 168 1427 950 1463; baseline -0.004 -6"><span class='ocrx_word' id='word_1_216' title='bbox 168 1430 209 1457; x_wconf 81' lang='lat' dir='ltr'><strong>vel</strong></span> <span class='ocrx_word' id='word_1_217' title='bbox 225 1430 252 1457; x_wconf 92' lang='lat' dir='ltr'><strong>in</strong></span> <span class='ocrx_word' id='word_1_218' title='bbox 273 1429 482 1457; x_wconf 84' lang='lat' dir='ltr'><strong>Deuteronomio</strong></span> <span class='ocrx_word' id='word_1_219' title='bbox 495 1429 611 1463; x_wconf 84' lang='lat' dir='ltr'><strong>legimus</strong></span> <span class='ocrx_word' id='word_1_220' title='bbox 627 1435 658 1455; x_wconf 86' lang='lat' dir='ltr'><strong>ea</strong></span> <span class='ocrx_word' id='word_1_221' title='bbox 678 1435 739 1463; x_wconf 75' lang='lat' dir='ltr'><strong>qua:</strong></span> <span class='ocrx_word' id='word_1_222' title='bbox 753 1427 786 1455; x_wconf 90' lang='lat' dir='ltr'><strong>de</strong></span> <span class='ocrx_word' id='word_1_223' title='bbox 802 1428 911 1455; x_wconf 91' lang='lat' dir='ltr'><strong>mundis</strong></span> <span class='ocrx_word' id='word_1_224' title='bbox 923 1432 950 1455; x_wconf 86' lang='lat' dir='ltr'><strong>et</strong></span> 
     </span>
    </p>
   </div>
   <div class='ocr_carea' id='block_1_33' title="bbox 168 1475 948 1509">
    <p class='ocr_par' dir='ltr' id='par_1_33' title="bbox 168 1475 948 1509">
     <span class='ocr_line' id='line_1_33' title="bbox 168 1475 948 1509; baseline -0.004 -6"><span class='ocrx_word' id='word_1_225' title='bbox 168 1477 316 1504; x_wconf 88' lang='lat' dir='ltr'><strong>immundis</strong></span> <span class='ocrx_word' id='word_1_226' title='bbox 338 1476 405 1503; x_wconf 84' lang='lat' dir='ltr'><strong>cibis</strong></span> <span class='ocrx_word' id='word_1_227' title='bbox 420 1475 516 1503; x_wconf 85' lang='lat' dir='ltr'><strong>tradita</strong></span> <span class='ocrx_word' id='word_1_228' title='bbox 542 1478 615 1507; x_wconf 86' lang='lat' dir='ltr'><strong>sunt,</strong></span> <span class='ocrx_word' id='word_1_229' title='bbox 640 1477 751 1509; x_wconf 86' lang='lat' dir='ltr'><strong>propter</strong></span> <span class='ocrx_word' id='word_1_230' title='bbox 771 1481 830 1508; x_wconf 75' lang='lat' dir='ltr'><strong>qua:</strong></span> <span class='ocrx_word' id='word_1_231' title='bbox 847 1481 896 1500; x_wconf 89' lang='lat' dir='ltr'><strong>nos</strong></span> <span class='ocrx_word' id='word_1_232' title='bbox 919 1478 948 1500; x_wconf 94' lang='lat' dir='ltr'><strong>ut</strong></span> 
     </span>
    </p>
   </div>
   <div class='ocr_carea' id='block_1_34' title="bbox 167 1519 949 1554">
    <p class='ocr_par' dir='ltr' id='par_1_34' title="bbox 167 1519 949 1554">
     <span class='ocr_line' id='line_1_34' title="bbox 167 1519 949 1554; baseline -0.005 -4"><span class='ocrx_word' id='word_1_233' title='bbox 167 1523 312 1550; x_wconf 84' lang='lat' dir='ltr'><strong>violatores</strong></span> <span class='ocrx_word' id='word_1_234' title='bbox 328 1525 458 1549; x_wconf 81' lang='lat' dir='ltr'><strong>accusant</strong></span> <span class='ocrx_word' id='word_1_235' title='bbox 470 1520 555 1547; x_wconf 62' lang='lat' dir='ltr'><strong>Judaei</strong></span> <span class='ocrx_word' id='word_1_236' title='bbox 573 1521 737 1554; x_wconf 87' lang='lat' dir='ltr'><strong>corporales,</strong></span> <span class='ocrx_word' id='word_1_237' title='bbox 753 1524 779 1546; x_wconf 81' lang='lat' dir='ltr'><strong>et</strong></span> <span class='ocrx_word' id='word_1_238' title='bbox 800 1527 895 1554; x_wconf 88' lang='lat' dir='ltr'><strong>parum</strong></span> <span class='ocrx_word' id='word_1_239' title='bbox 914 1519 949 1546; x_wconf 88' lang='lat' dir='ltr'><strong>ab</strong></span> 
     </span>
    </p>
   </div>
   <div class='ocr_carea' id='block_1_35' title="bbox 168 1564 949 1602">
    <p class='ocr_par' dir='ltr' id='par_1_35' title="bbox 168 1564 949 1602">
     <span class='ocr_line' id='line_1_35' title="bbox 168 1564 949 1602; baseline -0.004 -6"><span class='ocrx_word' id='word_1_240' title='bbox 168 1570 211 1596; x_wconf 88' lang='lat' dir='ltr'><strong>his</strong></span> <span class='ocrx_word' id='word_1_241' title='bbox 230 1569 414 1602; x_wconf 81' lang='lat' dir='ltr'><strong>discrepantes</strong></span> <span class='ocrx_word' id='word_1_242' title='bbox 437 1566 566 1599; x_wconf 71' lang='lat' dir='ltr'><strong>Ebionzei,</strong></span> <span class='ocrx_word' id='word_1_243' title='bbox 589 1573 643 1592; x_wconf 90' lang='lat' dir='ltr'><strong>non</strong></span> <span class='ocrx_word' id='word_1_244' title='bbox 665 1564 814 1600; x_wconf 60' lang='lat' dir='ltr'><strong>Scriptura</strong></span> <span class='ocrx_word' id='word_1_245' title='bbox 836 1574 949 1600; x_wconf 86' lang='lat' dir='ltr'><strong>scopum</strong></span> 
     </span>
    </p>
   </div>
   <div class='ocr_carea' id='block_1_36' title="bbox 166 1612 949 1649">
    <p class='ocr_par' dir='ltr' id='par_1_36' title="bbox 166 1612 949 1649">
     <span class='ocr_line' id='line_1_36' title="bbox 166 1612 949 1649; baseline -0.006 -5"><span class='ocrx_word' id='word_1_246' title='bbox 166 1624 228 1644; x_wconf 89' lang='lat' dir='ltr'><strong>esse</strong></span> <span class='ocrx_word' id='word_1_247' title='bbox 250 1615 385 1648; x_wconf 85' lang='lat' dir='ltr'><strong>arbitrari,</strong></span> <span class='ocrx_word' id='word_1_248' title='bbox 404 1622 468 1642; x_wconf 79' lang='lat' dir='ltr'><strong>eum</strong></span> <span class='ocrx_word' id='word_1_249' title='bbox 490 1614 536 1649; x_wconf 89' lang='lat' dir='ltr'><strong>qui</strong></span> <span class='ocrx_word' id='word_1_250' title='bbox 556 1613 652 1640; x_wconf 86' lang='lat' dir='ltr'><strong>obvius</strong></span> <span class='ocrx_word' id='word_1_251' title='bbox 672 1617 712 1640; x_wconf 88' lang='lat' dir='ltr'><strong>est</strong></span> <span class='ocrx_word' id='word_1_252' title='bbox 727 1620 808 1647; x_wconf 90' lang='lat' dir='ltr'><strong>super</strong></span> <span class='ocrx_word' id='word_1_253' title='bbox 823 1613 856 1640; x_wconf 91' lang='lat' dir='ltr'><strong>iis</strong></span> <span class='ocrx_word' id='word_1_254' title='bbox 868 1612 949 1640; x_wconf 87' lang='lat' dir='ltr'><strong>rebus</strong></span> 
     </span>
    </p>
   </div>
   <div class='ocr_carea' id='block_1_37' title="bbox 168 1657 949 1693">
    <p class='ocr_par' dir='ltr' id='par_1_37' title="bbox 168 1657 949 1693">
     <span class='ocr_line' id='line_1_37' title="bbox 168 1657 949 1693; baseline -0.006 -4"><span class='ocrx_word' id='word_1_255' title='bbox 168 1669 288 1690; x_wconf 88' lang='lat' dir='ltr'><strong>sensum.</strong></span> <span class='ocrx_word' id='word_1_256' title='bbox 305 1660 372 1687; x_wconf 81' lang='lat' dir='ltr'><strong>Nam</strong></span> <span class='ocrx_word' id='word_1_257' title='bbox 389 1660 412 1687; x_wconf 93' lang='lat' dir='ltr'><strong>si</strong></span> <span class='ocrx_word' id='word_1_258' title='bbox 429 1669 438 1685; x_wconf 86' lang='grc'><strong>‹</strong></span> <span class='ocrx_word' id='word_1_259' title='bbox 455 1667 507 1687; x_wconf 92' lang='lat' dir='ltr'><strong>non</strong></span> <span class='ocrx_word' id='word_1_260' title='bbox 524 1658 597 1693; x_wconf 91' lang='lat' dir='ltr'><strong>quod</strong></span> <span class='ocrx_word' id='word_1_261' title='bbox 609 1659 692 1685; x_wconf 82' lang='lat' dir='ltr'><strong>intrat</strong></span> <span class='ocrx_word' id='word_1_262' title='bbox 703 1658 729 1685; x_wconf 94' lang='lat' dir='ltr'><strong>in</strong></span> <span class='ocrx_word' id='word_1_263' title='bbox 746 1665 777 1685; x_wconf 91' lang='lat' dir='ltr'><strong>os</strong></span> <span class='ocrx_word' id='word_1_264' title='bbox 791 1657 949 1692; x_wconf 87' lang='lat' dir='ltr'><strong>coinquinat</strong></span> 
     </span>
    </p>
   </div>
   <div class='ocr_carea' id='block_1_38' title="bbox 167 1703 949 1740">
    <p class='ocr_par' dir='ltr' id='par_1_38' title="bbox 167 1703 949 1740">
     <span class='ocr_line' id='line_1_38' title="bbox 167 1703 949 1740; baseline -0.008 -5"><span class='ocrx_word' id='word_1_265' title='bbox 167 1707 314 1739; x_wconf 83' lang='lat' dir='ltr'><strong>hominem,</strong></span> <span class='ocrx_word' id='word_1_266' title='bbox 331 1706 377 1733; x_wconf 86' lang='lat' dir='ltr'><strong>sed</strong></span> <span class='ocrx_word' id='word_1_267' title='bbox 394 1705 465 1740; x_wconf 85' lang='lat' dir='ltr'><strong>quod</strong></span> <span class='ocrx_word' id='word_1_268' title='bbox 479 1704 599 1739; x_wconf 80' lang='lat' dir='ltr'><strong>procedit</strong></span> <span class='ocrx_word' id='word_1_269' title='bbox 613 1711 645 1731; x_wconf 76' lang='lat' dir='ltr'><strong>ex</strong></span> <span class='ocrx_word' id='word_1_270' title='bbox 661 1704 748 1735; x_wconf 83' lang='lat' dir='ltr'><strong>ore&quot;,</strong></span> <span class='ocrx_word' id='word_1_271' title='bbox 768 1713 777 1729; x_wconf 73' lang='grc' dir='ltr'><strong><em>ι</em></strong></span> <span class='ocrx_word' id='word_1_272' title='bbox 792 1707 819 1730; x_wconf 88' lang='lat' dir='ltr'><strong>et</strong></span> <span class='ocrx_word' id='word_1_273' title='bbox 832 1703 949 1730; x_wconf 77' lang='lat' dir='ltr'><strong>maxime</strong></span> 
     </span>
    </p>
   </div>
   <div class='ocr_carea' id='block_1_39' title="bbox 166 1748 949 1789">
    <p class='ocr_par' dir='ltr' id='par_1_39' title="bbox 166 1748 949 1789">
     <span class='ocr_line' id='line_1_39' title="bbox 166 1748 949 1789; baseline -0.009 -8"><span class='ocrx_word' id='word_1_274' title='bbox 166 1753 309 1789; x_wconf 87' lang='lat' dir='ltr'><strong>quoniam,</strong></span> <span class='ocrx_word' id='word_1_275' title='bbox 320 1752 396 1787; x_wconf 80' lang='lat' dir='ltr'><strong>juxta</strong></span> <span class='ocrx_word' id='word_1_276' title='bbox 413 1750 544 1783; x_wconf 84' lang='lat' dir='ltr'><strong>Marcum,</strong></span> <span class='ocrx_word' id='word_1_277' title='bbox 560 1750 618 1777; x_wconf 65' lang='lat' dir='ltr'><strong>hare</strong></span> <span class='ocrx_word' id='word_1_278' title='bbox 634 1750 701 1777; x_wconf 82' lang='lat' dir='ltr'><strong>dixit</strong></span> <span class='ocrx_word' id='word_1_279' title='bbox 716 1748 844 1776; x_wconf 61' lang='lat' dir='ltr'><strong>Serv-ator</strong></span> <span class='ocrx_word' id='word_1_280' title='bbox 857 1757 867 1774; x_wconf 74' lang='grc' dir='ltr'><strong>ι</strong></span> <span class='ocrx_word' id='word_1_281' title='bbox 884 1756 949 1783; x_wconf 85' lang='lat' dir='ltr'><strong>pur-</strong></span> 
     </span>
    </p>
   </div>
   <div class='ocr_carea' id='block_1_40' title="bbox 166 1794 948 1834">
    <p class='ocr_par' dir='ltr' id='par_1_40' title="bbox 166 1794 948 1834">
     <span class='ocr_line' id='line_1_40' title="bbox 166 1794 948 1834; baseline -0.006 -8"><span class='ocrx_word' id='word_1_282' title='bbox 166 1807 233 1834; x_wconf 81' lang='lat' dir='ltr'><strong>gans</strong></span> <span class='ocrx_word' id='word_1_283' title='bbox 252 1806 346 1826; x_wconf 88' lang='lat' dir='ltr'><strong>omnes</strong></span> <span class='ocrx_word' id='word_1_284' title='bbox 366 1798 483 1830; x_wconf 79' lang='lat' dir='ltr'><strong>escas“,</strong></span> <span class='ocrx_word' id='word_1_285' title='bbox 501 1806 511 1823; x_wconf 70' lang='grc' dir='ltr'><strong>ι</strong></span> <span class='ocrx_word' id='word_1_286' title='bbox 541 1796 715 1824; x_wconf 83' lang='lat' dir='ltr'><strong>manifestum</strong></span> <span class='ocrx_word' id='word_1_287' title='bbox 732 1799 771 1822; x_wconf 88' lang='lat' dir='ltr'><strong>est</strong></span> <span class='ocrx_word' id='word_1_288' title='bbox 787 1802 841 1822; x_wconf 93' lang='lat' dir='ltr'><strong>non</strong></span> <span class='ocrx_word' id='word_1_289' title='bbox 857 1794 948 1829; x_wconf 84' lang='lat' dir='ltr'><strong>inqui-</strong></span> 
     </span>
    </p>
   </div>
   <div class='ocr_carea' id='block_1_41' title="bbox 166 1841 950 1878">
    <p class='ocr_par' dir='ltr' id='par_1_41' title="bbox 166 1841 950 1878">
     <span class='ocr_line' id='line_1_41' title="bbox 166 1841 950 1878; baseline -0.005 -7"><span class='ocrx_word' id='word_1_290' title='bbox 166 1845 225 1872; x_wconf 85' lang='lat' dir='ltr'><strong>nari</strong></span> <span class='ocrx_word' id='word_1_291' title='bbox 240 1853 289 1872; x_wconf 86' lang='lat' dir='ltr'><strong>nos</strong></span> <span class='ocrx_word' id='word_1_292' title='bbox 302 1852 333 1872; x_wconf 81' lang='lat' dir='ltr'><strong>ea</strong></span> <span class='ocrx_word' id='word_1_293' title='bbox 346 1844 519 1872; x_wconf 85' lang='lat' dir='ltr'><strong>comedentes</strong></span> <span class='ocrx_word' id='word_1_294' title='bbox 534 1849 594 1878; x_wconf 65' lang='lat' dir='ltr'><strong>quae</strong></span> <span class='ocrx_word' id='word_1_295' title='bbox 604 1841 689 1869; x_wconf 77' lang='lat' dir='ltr'><strong>Judaei</strong></span> <span class='ocrx_word' id='word_1_296' title='bbox 701 1841 798 1868; x_wconf 83' lang='lat' dir='ltr'><strong>litterae</strong></span> <span class='ocrx_word' id='word_1_297' title='bbox 809 1841 875 1875; x_wconf 79' lang='lat' dir='ltr'><strong>legis</strong></span> <span class='ocrx_word' id='word_1_298' title='bbox 891 1848 950 1867; x_wconf 43' lang='lat' dir='ltr'><strong>sers</strong></span> 
     </span>
    </p>
   </div>
   <div class='ocr_carea' id='block_1_42' title="bbox 168 1885 948 1921">
    <p class='ocr_par' dir='ltr' id='par_1_42' title="bbox 168 1885 948 1921">
     <span class='ocr_line' id='line_1_42' title="bbox 168 1885 948 1921; baseline -0.008 -4"><span class='ocrx_word' id='word_1_299' title='bbox 168 1890 223 1917; x_wconf 75' lang='lat' dir='ltr'><strong>rire</strong></span> <span class='ocrx_word' id='word_1_300' title='bbox 250 1890 372 1916; x_wconf 88' lang='lat' dir='ltr'><strong>volentes</strong></span> <span class='ocrx_word' id='word_1_301' title='bbox 401 1889 540 1915; x_wconf 85' lang='lat' dir='ltr'><strong>immunda</strong></span> <span class='ocrx_word' id='word_1_302' title='bbox 571 1894 632 1915; x_wconf 89' lang='lat' dir='ltr'><strong>esse</strong></span> <span class='ocrx_word' id='word_1_303' title='bbox 658 1885 853 1921; x_wconf 89' lang='lat' dir='ltr'><strong>pronuntiant;</strong></span> <span class='ocrx_word' id='word_1_304' title='bbox 883 1889 948 1912; x_wconf 89' lang='lat' dir='ltr'><strong>tunc</strong></span> 
     </span>
    </p>
   </div>
   <div class='ocr_carea' id='block_1_43' title="bbox 167 1931 947 1970">
    <p class='ocr_par' dir='ltr' id='par_1_43' title="bbox 167 1931 947 1970">
     <span class='ocr_line' id='line_1_43' title="bbox 167 1931 947 1970; baseline -0.005 -7"><span class='ocrx_word' id='word_1_305' title='bbox 167 1941 254 1963; x_wconf 88' lang='lat' dir='ltr'><strong>autem</strong></span> <span class='ocrx_word' id='word_1_306' title='bbox 275 1934 424 1970; x_wconf 79' lang='lat' dir='ltr'><strong>inquinari,</strong></span> <span class='ocrx_word' id='word_1_307' title='bbox 437 1934 545 1968; x_wconf 88' lang='lat' dir='ltr'><strong>quando</strong></span> <span class='ocrx_word' id='word_1_308' title='bbox 558 1940 619 1961; x_wconf 91' lang='lat' dir='ltr'><strong>cum</strong></span> <span class='ocrx_word' id='word_1_309' title='bbox 635 1937 758 1967; x_wconf 83' lang='lat' dir='ltr'><strong>oporteat</strong></span> <span class='ocrx_word' id='word_1_310' title='bbox 770 1931 840 1958; x_wconf 85' lang='lat' dir='ltr'><strong>labia</strong></span> <span class='ocrx_word' id='word_1_311' title='bbox 854 1935 947 1959; x_wconf 83' lang='lat' dir='ltr'><strong>nostra</strong></span> 
     </span>
    </p>
   </div>
   <div class='ocr_carea' id='block_1_44' title="bbox 165 1976 949 2013">
    <p class='ocr_par' dir='ltr' id='par_1_44' title="bbox 165 1976 949 2013">
     <span class='ocr_line' id='line_1_44' title="bbox 165 1976 949 2013; baseline -0.006 -5"><span class='ocrx_word' id='word_1_312' title='bbox 165 1981 268 2008; x_wconf 86' lang='lat' dir='ltr'><strong>ratione</strong></span> <span class='ocrx_word' id='word_1_313' title='bbox 284 1980 372 2006; x_wconf 86' lang='lat' dir='ltr'><strong>vineta</strong></span> <span class='ocrx_word' id='word_1_314' title='bbox 400 1987 470 2011; x_wconf 75' lang='lat' dir='ltr'><strong>esse,</strong></span> <span class='ocrx_word' id='word_1_315' title='bbox 494 1985 597 2013; x_wconf 90' lang='lat' dir='ltr'><strong>nosque</strong></span> <span class='ocrx_word' id='word_1_316' title='bbox 613 1977 646 2004; x_wconf 92' lang='lat' dir='ltr'><strong>iis</strong></span> <span class='ocrx_word' id='word_1_317' title='bbox 660 1985 720 2012; x_wconf 78' lang='lat' dir='ltr'><strong>qua:</strong></span> <span class='ocrx_word' id='word_1_318' title='bbox 736 1976 851 2004; x_wconf 88' lang='lat' dir='ltr'><strong>dicimus</strong></span> <span class='ocrx_word' id='word_1_319' title='bbox 865 1980 949 2004; x_wconf 83' lang='lat' dir='ltr'><strong>state-</strong></span> 
     </span>
    </p>
   </div>
   <div class='ocr_carea' id='block_1_45' title="bbox 165 2021 949 2058">
    <p class='ocr_par' dir='ltr' id='par_1_45' title="bbox 165 2021 949 2058">
     <span class='ocr_line' id='line_1_45' title="bbox 165 2021 949 2058; baseline -0.006 -5"><span class='ocrx_word' id='word_1_320' title='bbox 165 2033 222 2053; x_wconf 84' lang='lat' dir='ltr'><strong>ram</strong></span> <span class='ocrx_word' id='word_1_321' title='bbox 238 2030 264 2052; x_wconf 85' lang='lat' dir='ltr'><strong>et</strong></span> <span class='ocrx_word' id='word_1_322' title='bbox 276 2024 372 2051; x_wconf 82' lang='lat' dir='ltr'><strong>librant</strong></span> <span class='ocrx_word' id='word_1_323' title='bbox 386 2024 522 2057; x_wconf 85' lang='lat' dir='ltr'><strong>adhibere,</strong></span> <span class='ocrx_word' id='word_1_324' title='bbox 535 2023 614 2050; x_wconf 84' lang='lat' dir='ltr'><strong>obvia</strong></span> <span class='ocrx_word' id='word_1_325' title='bbox 623 2022 881 2058; x_wconf 65' lang='lat' dir='ltr'><strong>qumqueloquimur</strong></span> <span class='ocrx_word' id='word_1_326' title='bbox 890 2021 949 2056; x_wconf 89' lang='lat' dir='ltr'><strong>qui-</strong></span> 
     </span>
    </p>
   </div>
   <div class='ocr_carea' id='block_1_46' title="bbox 165 2067 946 2105">
    <p class='ocr_par' dir='ltr' id='par_1_46' title="bbox 165 2067 946 2105">
     <span class='ocr_line' id='line_1_46' title="bbox 165 2067 946 2105; baseline -0.004 -8"><span class='ocrx_word' id='word_1_327' title='bbox 165 2071 238 2102; x_wconf 87' lang='lat' dir='ltr'><strong>dem,</strong></span> <span class='ocrx_word' id='word_1_328' title='bbox 260 2070 413 2105; x_wconf 78' lang='lat' dir='ltr'><strong>cogitamus</strong></span> <span class='ocrx_word' id='word_1_329' title='bbox 429 2073 519 2096; x_wconf 85' lang='lat' dir='ltr'><strong>autem</strong></span> <span class='ocrx_word' id='word_1_330' title='bbox 544 2076 597 2095; x_wconf 88' lang='lat' dir='ltr'><strong>non</strong></span> <span class='ocrx_word' id='word_1_331' title='bbox 623 2067 786 2100; x_wconf 85' lang='lat' dir='ltr'><strong>necessaria,</strong></span> <span class='ocrx_word' id='word_1_332' title='bbox 801 2067 872 2096; x_wconf 88' lang='lat' dir='ltr'><strong>unde</strong></span> <span class='ocrx_word' id='word_1_333' title='bbox 885 2067 946 2095; x_wconf 73' lang='lat' dir='ltr'><strong>fons</strong></span> 
     </span>
    </p>
   </div>
   <div class='ocr_carea' id='block_1_47' title="bbox 165 2113 946 2150">
    <p class='ocr_par' dir='ltr' id='par_1_47' title="bbox 165 2113 946 2150">
     <span class='ocr_line' id='line_1_47' title="bbox 165 2113 946 2150; baseline -0.004 -7"><span class='ocrx_word' id='word_1_334' title='bbox 165 2117 244 2144; x_wconf 88' lang='lat' dir='ltr'><strong>nobis</strong></span> <span class='ocrx_word' id='word_1_335' title='bbox 262 2116 376 2143; x_wconf 84' lang='lat' dir='ltr'><strong>scaturit</strong></span> <span class='ocrx_word' id='word_1_336' title='bbox 389 2119 571 2150; x_wconf 85' lang='lat' dir='ltr'><strong>peccatorum.</strong></span> <span class='ocrx_word' id='word_1_337' title='bbox 584 2115 622 2142; x_wconf 78' lang='lat' dir='ltr'><strong>Ac</strong></span> <span class='ocrx_word' id='word_1_338' title='bbox 638 2115 714 2141; x_wconf 86' lang='lat' dir='ltr'><strong>decet</strong></span> <span class='ocrx_word' id='word_1_339' title='bbox 726 2114 834 2148; x_wconf 91' lang='lat' dir='ltr'><strong>quidem</strong></span> <span class='ocrx_word' id='word_1_340' title='bbox 847 2113 894 2141; x_wconf 89' lang='lat' dir='ltr'><strong>Dei</strong></span> <span class='ocrx_word' id='word_1_341' title='bbox 906 2113 946 2140; x_wconf 94' lang='lat' dir='ltr'><strong>le-</strong></span> 
     </span>
    </p>
   </div>
   <div class='ocr_carea' id='block_1_48' title="bbox 1016 195 1797 232">
    <p class='ocr_par' dir='ltr' id='par_1_48' title="bbox 1016 195 1797 232">
     <span class='ocr_line' id='line_1_48' title="bbox 1016 195 1797 232; baseline 0.001 -12"><span class='ocrx_word' id='word_1_342' title='bbox 1016 195 1168 230; x_wconf 84' lang='grc' dir='ltr'>πνεύματος</span> <span class='ocrx_word' id='word_1_343' title='bbox 1186 196 1291 230; x_wconf 76' lang='grc' dir='ltr'>σοφίας,</span> <span class='ocrx_word' id='word_1_344' title='bbox 1305 196 1372 223; x_wconf 80' lang='grc' dir='ltr'>ἀλλὰ</span> <span class='ocrx_word' id='word_1_345' title='bbox 1383 196 1431 228; x_wconf 77' lang='grc' dir='ltr'>τὰς</span> <span class='ocrx_word' id='word_1_346' title='bbox 1449 196 1630 232; x_wconf 81' lang='grc' dir='ltr'>ἀνθρωπίνας.</span> <span class='ocrx_word' id='word_1_347' title='bbox 1647 196 1729 223; x_wconf 84' lang='grc' dir='ltr'>Ὅθεν</span> <span class='ocrx_word' id='word_1_348' title='bbox 1744 196 1797 222; x_wconf 73' lang='grc' dir='ltr'><strong>τοὺ-</strong></span> 
     </span>
    </p>
   </div>
   <div class='ocr_carea' id='block_1_49' title="bbox 1014 242 1800 278">
    <p class='ocr_par' dir='ltr' id='par_1_49' title="bbox 1014 242 1800 278">
     <span class='ocr_line' id='line_1_49' title="bbox 1014 242 1800 278; baseline 0.003 -11"><span class='ocrx_word' id='word_1_349' title='bbox 1014 250 1068 268; x_wconf 87' lang='grc' dir='ltr'>των</span> <span class='ocrx_word' id='word_1_350' title='bbox 1080 242 1170 274; x_wconf 75' lang='grc' dir='ltr'>αὐτοῖς</span> <span class='ocrx_word' id='word_1_351' title='bbox 1187 243 1395 278; x_wconf 70' lang='grc' dir='ltr'>συμϐαινόντων,</span> <span class='ocrx_word' id='word_1_352' title='bbox 1412 242 1559 278; x_wconf 75' lang='grc' dir='ltr'><strong>μετέθηκεν</strong></span> <span class='ocrx_word' id='word_1_353' title='bbox 1574 244 1589 269; x_wconf 82' lang='grc' dir='ltr'>ὁ</span> <span class='ocrx_word' id='word_1_354' title='bbox 1609 243 1675 274; x_wconf 73' lang='grc' dir='ltr'>Θεὸς</span> <span class='ocrx_word' id='word_1_355' title='bbox 1687 244 1732 270; x_wconf 68' lang='grc' dir='ltr'><strong>τὸν</strong></span> <span class='ocrx_word' id='word_1_356' title='bbox 1752 244 1800 270; x_wconf 75' lang='grc' dir='ltr'>τῶν</span> 
     </span>
    </p>
   </div>
   <div class='ocr_carea' id='block_1_50' title="bbox 1021 287 1800 325">
    <p class='ocr_par' dir='ltr' id='par_1_50' title="bbox 1021 287 1800 325">
     <span class='ocr_line' id='line_1_50' title="bbox 1021 287 1800 325; baseline 0.005 -13"><span class='ocrx_word' id='word_1_357' title='bbox 1021 287 1153 315; x_wconf 73' lang='grc' dir='ltr'><strong>Ἰουδαίων</strong></span> <span class='ocrx_word' id='word_1_358' title='bbox 1169 288 1243 320; x_wconf 71' lang='grc' dir='ltr'>λαὸν,</span> <span class='ocrx_word' id='word_1_359' title='bbox 1264 289 1310 315; x_wconf 79' lang='grc' dir='ltr'><strong>καὶ</strong></span> <span class='ocrx_word' id='word_1_360' title='bbox 1324 288 1447 315; x_wconf 77' lang='grc' dir='ltr'><strong>ἀπώλεσε</strong></span> <span class='ocrx_word' id='word_1_361' title='bbox 1462 289 1511 325; x_wconf 76' lang='grc' dir='ltr'><strong>τὴν</strong></span> <span class='ocrx_word' id='word_1_362' title='bbox 1529 289 1623 323; x_wconf 64' lang='grc' dir='ltr'>σοφίαν</span> <span class='ocrx_word' id='word_1_363' title='bbox 1639 290 1732 316; x_wconf 84' lang='grc' dir='ltr'>αὐτῶν</span> <span class='ocrx_word' id='word_1_364' title='bbox 1751 290 1800 316; x_wconf 80' lang='grc' dir='ltr'>τῶν</span> 
     </span>
    </p>
   </div>
   <div class='ocr_carea' id='block_1_51' title="bbox 1015 333 1800 371">
    <p class='ocr_par' dir='ltr' id='par_1_51' title="bbox 1015 333 1800 371">
     <span class='ocr_line' id='line_1_51' title="bbox 1015 333 1800 371; baseline 0.005 -13"><span class='ocrx_word' id='word_1_365' title='bbox 1015 333 1078 368; x_wconf 80' lang='grc' dir='ltr'>παρ’</span> <span class='ocrx_word' id='word_1_366' title='bbox 1095 334 1186 365; x_wconf 77' lang='grc' dir='ltr'>αὐτοῖς</span> <span class='ocrx_word' id='word_1_367' title='bbox 1205 334 1293 369; x_wconf 75' lang='grc' dir='ltr'>σοφῶν</span> <span class='ocrx_word' id='word_1_368' title='bbox 1304 343 1311 349; x_wconf 88' lang='grc'>·</span> <span class='ocrx_word' id='word_1_369' title='bbox 1329 334 1420 361; x_wconf 79' lang='grc' dir='ltr'>οὐκέτι</span> <span class='ocrx_word' id='word_1_370' title='bbox 1435 335 1489 370; x_wconf 73' lang='grc' dir='ltr'>γάρ</span> <span class='ocrx_word' id='word_1_371' title='bbox 1502 335 1559 361; x_wconf 77' lang='grc' dir='ltr'>ἐστι</span> <span class='ocrx_word' id='word_1_372' title='bbox 1580 335 1660 370; x_wconf 78' lang='grc' dir='ltr'>σοφία</span> <span class='ocrx_word' id='word_1_373' title='bbox 1679 337 1745 371; x_wconf 81' lang='grc' dir='ltr'>παρ’</span> <span class='ocrx_word' id='word_1_374' title='bbox 1756 337 1800 362; x_wconf 73' lang='grc' dir='ltr'>αὑ-</span> 
     </span>
    </p>
   </div>
   <div class='ocr_carea' id='block_1_52' title="bbox 1013 377 1800 415">
    <p class='ocr_par' dir='ltr' id='par_1_52' title="bbox 1013 377 1800 415">
     <span class='ocr_line' id='line_1_52' title="bbox 1013 377 1800 415; baseline 0.006 -14"><span class='ocrx_word' id='word_1_375' title='bbox 1013 378 1078 409; x_wconf 83' lang='grc' dir='ltr'>τοῖς,</span> <span class='ocrx_word' id='word_1_376' title='bbox 1094 377 1131 408; x_wconf 86' lang='grc' dir='ltr'>ὡς</span> <span class='ocrx_word' id='word_1_377' title='bbox 1148 378 1209 404; x_wconf 74' lang='grc' dir='ltr'>οὔτε</span> <span class='ocrx_word' id='word_1_378' title='bbox 1227 379 1388 414; x_wconf 75' lang='grc' dir='ltr'><strong>προφητεία,</strong></span> <span class='ocrx_word' id='word_1_379' title='bbox 1406 380 1473 407; x_wconf 70' lang='lat' dir='ltr'><strong>ana</strong></span> <span class='ocrx_word' id='word_1_380' title='bbox 1492 380 1539 406; x_wconf 66' lang='grc' dir='ltr'>καὶ</span> <span class='ocrx_word' id='word_1_381' title='bbox 1560 380 1608 415; x_wconf 79' lang='grc' dir='ltr'><strong>τὴν</strong></span> <span class='ocrx_word' id='word_1_382' title='bbox 1627 380 1735 407; x_wconf 83' lang='grc' dir='ltr'>σύνεσιν</span> <span class='ocrx_word' id='word_1_383' title='bbox 1749 381 1800 406; x_wconf 85' lang='grc' dir='ltr'>τῶν</span> 
     </span>
    </p>
   </div>
   <div class='ocr_carea' id='block_1_53' title="bbox 1014 423 1799 462">
    <p class='ocr_par' dir='ltr' id='par_1_53' title="bbox 1014 423 1799 462">
     <span class='ocr_line' id='line_1_53' title="bbox 1014 423 1799 462; baseline 0.006 -14"><span class='ocrx_word' id='word_1_384' title='bbox 1014 423 1130 449; x_wconf 74' lang='grc' dir='ltr'>συνετῶν</span> <span class='ocrx_word' id='word_1_385' title='bbox 1152 423 1198 449; x_wconf 71' lang='grc' dir='ltr'>τοῦ</span> <span class='ocrx_word' id='word_1_386' title='bbox 1214 423 1279 450; x_wconf 81' lang='grc' dir='ltr'>λαοῦ</span> <span class='ocrx_word' id='word_1_387' title='bbox 1302 425 1476 461; x_wconf 75' lang='grc' dir='ltr'>κατορώρυχέ</span> <span class='ocrx_word' id='word_1_388' title='bbox 1492 434 1555 457; x_wconf 86' lang='grc' dir='ltr'>που,</span> <span class='ocrx_word' id='word_1_389' title='bbox 1580 427 1625 453; x_wconf 85' lang='grc' dir='ltr'><strong>καὶ</strong></span> <span class='ocrx_word' id='word_1_390' title='bbox 1650 426 1770 462; x_wconf 72' lang='grc' dir='ltr'>ἔκρυψεν</span> <span class='ocrx_word' id='word_1_391' title='bbox 1786 429 1799 454; x_wconf 76' lang='grc'><strong>6</strong></span> 
     </span>
    </p>
   </div>
   <div class='ocr_carea' id='block_1_54' title="bbox 1012 469 1798 508">
    <p class='ocr_par' dir='ltr' id='par_1_54' title="bbox 1012 469 1798 508">
     <span class='ocr_line' id='line_1_54' title="bbox 1012 469 1798 508; baseline 0.005 -12"><span class='ocrx_word' id='word_1_392' title='bbox 1012 469 1087 502; x_wconf 74' lang='grc' dir='ltr'>Θεὸς,</span> <span class='ocrx_word' id='word_1_393' title='bbox 1108 470 1155 496; x_wconf 69' lang='grc' dir='ltr'><strong>καὶ</strong></span> <span class='ocrx_word' id='word_1_394' title='bbox 1177 470 1267 497; x_wconf 76' lang='grc' dir='ltr'>οὐκέτι</span> <span class='ocrx_word' id='word_1_395' title='bbox 1289 471 1348 497; x_wconf 73' lang='grc' dir='ltr'>ἐστὶ</span> <span class='ocrx_word' id='word_1_396' title='bbox 1370 471 1482 507; x_wconf 78' lang='grc' dir='ltr'>λαμπρὰ</span> <span class='ocrx_word' id='word_1_397' title='bbox 1508 473 1553 499; x_wconf 77' lang='grc' dir='ltr'>καὶ</span> <span class='ocrx_word' id='word_1_398' title='bbox 1578 473 1733 508; x_wconf 78' lang='grc' dir='ltr'>ἐπιφανής·</span> <span class='ocrx_word' id='word_1_399' title='bbox 1750 473 1798 505; x_wconf 70' lang='grc' dir='ltr'>διὸ,</span> 
     </span>
    </p>
   </div>
   <div class='ocr_carea' id='block_1_55' title="bbox 1012 514 1798 551">
    <p class='ocr_par' dir='ltr' id='par_1_55' title="bbox 1012 514 1798 551">
     <span class='ocr_line' id='line_1_55' title="bbox 1012 514 1798 551; baseline 0.004 -11"><span class='ocrx_word' id='word_1_400' title='bbox 1012 514 1062 541; x_wconf 84' lang='grc' dir='ltr'><strong>κᾶν</strong></span> <span class='ocrx_word' id='word_1_401' title='bbox 1083 515 1181 541; x_wconf 82' lang='grc' dir='ltr'>δοκῶσι</span> <span class='ocrx_word' id='word_1_402' title='bbox 1198 515 1295 551; x_wconf 80' lang='grc' dir='ltr'>βουλήν</span> <span class='ocrx_word' id='word_1_403' title='bbox 1317 525 1375 542; x_wconf 88' lang='grc' dir='ltr'>τινα</span> <span class='ocrx_word' id='word_1_404' title='bbox 1395 516 1500 551; x_wconf 77' lang='grc' dir='ltr'><strong>βαθέως</strong></span> <span class='ocrx_word' id='word_1_405' title='bbox 1524 517 1620 548; x_wconf 83' lang='grc' dir='ltr'><strong>ποιεῖν,</strong></span> <span class='ocrx_word' id='word_1_406' title='bbox 1638 517 1669 542; x_wconf 84' lang='grc' dir='ltr'><strong>οὐ</strong></span> <span class='ocrx_word' id='word_1_407' title='bbox 1693 517 1738 543; x_wconf 80' lang='grc' dir='ltr'><strong>διὰ</strong></span> <span class='ocrx_word' id='word_1_408' title='bbox 1754 517 1798 544; x_wconf 77' lang='grc' dir='ltr'>τοῦ</span> 
     </span>
    </p>
   </div>
   <div class='ocr_carea' id='block_1_56' title="bbox 1011 560 1799 597">
    <p class='ocr_par' dir='ltr' id='par_1_56' title="bbox 1011 560 1799 597">
     <span class='ocr_line' id='line_1_56' title="bbox 1011 560 1799 597; baseline 0.004 -11"><span class='ocrx_word' id='word_1_409' title='bbox 1011 560 1113 596; x_wconf 78' lang='grc' dir='ltr'><strong>Κυρίου</strong></span> <span class='ocrx_word' id='word_1_410' title='bbox 1134 561 1218 596; x_wconf 84' lang='grc' dir='ltr'>αὐτὴν</span> <span class='ocrx_word' id='word_1_411' title='bbox 1240 561 1378 592; x_wconf 76' lang='grc' dir='ltr'>ποιοῦντες</span> <span class='ocrx_word' id='word_1_412' title='bbox 1400 562 1601 594; x_wconf 75' lang='grc' dir='ltr'>ταλανίζονται·</span> <span class='ocrx_word' id='word_1_413' title='bbox 1620 562 1673 588; x_wconf 81' lang='grc' dir='ltr'>κᾶν</span> <span class='ocrx_word' id='word_1_414' title='bbox 1693 563 1799 597; x_wconf 74' lang='grc' dir='ltr'>κρυπτά</span> 
     </span>
    </p>
   </div>
   <div class='ocr_carea' id='block_1_57' title="bbox 1010 605 1798 642">
    <p class='ocr_par' dir='ltr' id='par_1_57' title="bbox 1010 605 1798 642">
     <span class='ocr_line' id='line_1_57' title="bbox 1010 605 1798 642; baseline 0.003 -11"><span class='ocrx_word' id='word_1_415' title='bbox 1010 614 1070 632; x_wconf 88' lang='grc' dir='ltr'>τινα</span> <span class='ocrx_word' id='word_1_416' title='bbox 1083 605 1301 640; x_wconf 74' lang='grc' dir='ltr'>ἐπαγγέλλωνται</span> <span class='ocrx_word' id='word_1_417' title='bbox 1319 606 1416 641; x_wconf 79' lang='grc' dir='ltr'>βουλῆς</span> <span class='ocrx_word' id='word_1_418' title='bbox 1428 606 1509 638; x_wconf 86' lang='grc' dir='ltr'>θείας,</span> <span class='ocrx_word' id='word_1_419' title='bbox 1522 607 1675 642; x_wconf 76' lang='grc' dir='ltr'><strong>ψεύδονται,</strong></span> <span class='ocrx_word' id='word_1_420' title='bbox 1689 608 1752 633; x_wconf 75' lang='grc' dir='ltr'>ἐπεὶ</span> <span class='ocrx_word' id='word_1_421' title='bbox 1767 607 1798 634; x_wconf 72' lang='grc' dir='ltr'>τὰ</span> 
     </span>
    </p>
   </div>
   <div class='ocr_carea' id='block_1_58' title="bbox 1010 651 1796 687">
    <p class='ocr_par' dir='ltr' id='par_1_58' title="bbox 1010 651 1796 687">
     <span class='ocr_line' id='line_1_58' title="bbox 1010 651 1796 687; baseline 0 -10"><span class='ocrx_word' id='word_1_422' title='bbox 1010 651 1077 687; x_wconf 74' lang='grc' dir='ltr'>ἔργα</span> <span class='ocrx_word' id='word_1_423' title='bbox 1089 651 1177 677; x_wconf 77' lang='grc' dir='ltr'>αὐτῶν</span> <span class='ocrx_word' id='word_1_424' title='bbox 1189 651 1218 677; x_wconf 69' lang='grc' dir='ltr'>οὐ</span> <span class='ocrx_word' id='word_1_425' title='bbox 1235 652 1321 686; x_wconf 79' lang='grc' dir='ltr'>φωτός</span> <span class='ocrx_word' id='word_1_426' title='bbox 1334 653 1416 683; x_wconf 78' lang='grc' dir='ltr'>ἐστιν,</span> <span class='ocrx_word' id='word_1_427' title='bbox 1427 652 1493 678; x_wconf 75' lang='grc' dir='ltr'>ἀλλὰ</span> <span class='ocrx_word' id='word_1_428' title='bbox 1508 652 1617 683; x_wconf 83' lang='grc' dir='ltr'>σκότους</span> <span class='ocrx_word' id='word_1_429' title='bbox 1629 652 1677 678; x_wconf 78' lang='grc' dir='ltr'><strong>καὶ</strong></span> <span class='ocrx_word' id='word_1_430' title='bbox 1692 653 1796 683; x_wconf 80' lang='grc' dir='ltr'>νυκτός.</span> 
     </span>
    </p>
   </div>
   <div class='ocr_carea' id='block_1_59' title="bbox 1009 695 1797 733">
    <p class='ocr_par' dir='ltr' id='par_1_59' title="bbox 1009 695 1797 733">
     <span class='ocr_line' id='line_1_59' title="bbox 1009 695 1797 733; baseline 0.001 -11"><span class='ocrx_word' id='word_1_431' title='bbox 1009 695 1059 722; x_wconf 71' lang='grc' dir='ltr'><strong>Διὰ</strong></span> <span class='ocrx_word' id='word_1_432' title='bbox 1083 695 1204 732; x_wconf 81' lang='grc' dir='ltr'>βραχέων</span> <span class='ocrx_word' id='word_1_433' title='bbox 1226 696 1253 722; x_wconf 78' lang='grc' dir='ltr'>δὲ</span> <span class='ocrx_word' id='word_1_434' title='bbox 1274 695 1362 728; x_wconf 72' lang='grc' dir='ltr'>ἔδοξεν</span> <span class='ocrx_word' id='word_1_435' title='bbox 1379 697 1443 732; x_wconf 81' lang='grc' dir='ltr'>ἡμῖν</span> <span class='ocrx_word' id='word_1_436' title='bbox 1468 697 1594 723; x_wconf 78' lang='grc' dir='ltr'><strong>ἐκθέσθαι</strong></span> <span class='ocrx_word' id='word_1_437' title='bbox 1616 697 1665 732; x_wconf 77' lang='grc' dir='ltr'>τὴν</span> <span class='ocrx_word' id='word_1_438' title='bbox 1691 705 1797 733; x_wconf 55' lang='grc' dir='ltr'>προφη-</span> 
     </span>
    </p>
   </div>
   <div class='ocr_carea' id='block_1_60' title="bbox 1008 743 1798 778">
    <p class='ocr_par' dir='ltr' id='par_1_60' title="bbox 1008 743 1798 778">
     <span class='ocr_line' id='line_1_60' title="bbox 1008 743 1798 778; baseline 0.001 -10"><span class='ocrx_word' id='word_1_439' title='bbox 1008 743 1093 775; x_wconf 78' lang='grc' dir='ltr'>τείαν,</span> <span class='ocrx_word' id='word_1_440' title='bbox 1114 743 1161 768; x_wconf 72' lang='grc' dir='ltr'>καὶ</span> <span class='ocrx_word' id='word_1_441' title='bbox 1178 743 1226 778; x_wconf 82' lang='grc' dir='ltr'>τὴν</span> <span class='ocrx_word' id='word_1_442' title='bbox 1240 743 1285 769; x_wconf 69' lang='grc' dir='ltr'>ἐπὶ</span> <span class='ocrx_word' id='word_1_443' title='bbox 1307 743 1388 769; x_wconf 75' lang='grc' dir='ltr'>ποσὸν</span> <span class='ocrx_word' id='word_1_444' title='bbox 1405 743 1553 777; x_wconf 79' lang='grc' dir='ltr'>σαφήνειαν</span> <span class='ocrx_word' id='word_1_445' title='bbox 1573 743 1667 778; x_wconf 67' lang='grc' dir='ltr'>αὐτῆς,</span> <span class='ocrx_word' id='word_1_446' title='bbox 1683 743 1798 778; x_wconf 78' lang='grc' dir='ltr'>ἐπείπερ</span> 
     </span>
    </p>
   </div>
   <div class='ocr_carea' id='block_1_61' title="bbox 1009 787 1796 824">
    <p class='ocr_par' dir='ltr' id='par_1_61' title="bbox 1009 787 1796 824">
     <span class='ocr_line' id='line_1_61' title="bbox 1009 787 1796 824; baseline 0 -10"><span class='ocrx_word' id='word_1_447' title='bbox 1009 787 1130 823; x_wconf 77' lang='grc' dir='ltr'><strong>ἐμνήσθη</strong></span> <span class='ocrx_word' id='word_1_448' title='bbox 1144 787 1229 822; x_wconf 79' lang='grc' dir='ltr'>αὐτῆς</span> <span class='ocrx_word' id='word_1_449' title='bbox 1242 789 1255 814; x_wconf 85' lang='grc' dir='ltr'>ὁ</span> <span class='ocrx_word' id='word_1_450' title='bbox 1270 787 1418 820; x_wconf 85' lang='grc' dir='ltr'>Ματθαῖος,</span> <span class='ocrx_word' id='word_1_451' title='bbox 1437 788 1560 824; x_wconf 78' lang='grc' dir='ltr'><strong>ἐμνήσθη</strong></span> <span class='ocrx_word' id='word_1_452' title='bbox 1576 788 1603 814; x_wconf 82' lang='grc' dir='ltr'><strong>δὲ</strong></span> <span class='ocrx_word' id='word_1_453' title='bbox 1624 789 1671 814; x_wconf 80' lang='grc' dir='ltr'>καὶ</span> <span class='ocrx_word' id='word_1_454' title='bbox 1692 788 1706 813; x_wconf 84' lang='grc' dir='ltr'>ὁ</span> <span class='ocrx_word' id='word_1_455' title='bbox 1720 788 1796 824; x_wconf 83' lang='grc' dir='ltr'>Μάρ-</span> 
     </span>
    </p>
   </div>
   <div class='ocr_carea' id='block_1_62' title="bbox 1008 830 1795 870">
    <p class='ocr_par' dir='ltr' id='par_1_62' title="bbox 1008 830 1795 870">
     <span class='ocr_line' id='line_1_62' title="bbox 1008 830 1795 870; baseline 0 -10"><span class='ocrx_word' id='word_1_456' title='bbox 1008 843 1064 865; x_wconf 84' lang='grc' dir='ltr'>κος,</span> <span class='ocrx_word' id='word_1_457' title='bbox 1082 834 1127 868; x_wconf 84' lang='grc' dir='ltr'><strong>ἀφ’</strong></span> <span class='ocrx_word' id='word_1_458' title='bbox 1143 830 1174 860; x_wconf 77' lang='grc' dir='ltr'><strong>οὗ</strong></span> <span class='ocrx_word' id='word_1_459' title='bbox 1191 834 1332 869; x_wconf 82' lang='grc' dir='ltr'>χρησίμως</span> <span class='ocrx_word' id='word_1_460' title='bbox 1348 833 1578 870; x_wconf 81' lang='grc' dir='ltr'>παραστησόμεθα</span> <span class='ocrx_word' id='word_1_461' title='bbox 1593 834 1658 868; x_wconf 69' lang='grc' dir='ltr'>περὶ</span> <span class='ocrx_word' id='word_1_462' title='bbox 1673 833 1725 869; x_wconf 81' lang='grc' dir='ltr'>τῆς</span> <span class='ocrx_word' id='word_1_463' title='bbox 1744 842 1795 860; x_wconf 78' lang='grc' dir='ltr'><strong>πα-</strong></span> 
     </span>
    </p>
   </div>
   <div class='ocr_carea' id='block_1_63' title="bbox 1008 879 1795 916">
    <p class='ocr_par' dir='ltr' id='par_1_63' title="bbox 1008 879 1795 916">
     <span class='ocr_line' id='line_1_63' title="bbox 1008 879 1795 916; baseline -0.001 -10"><span class='ocrx_word' id='word_1_464' title='bbox 1008 879 1148 916; x_wconf 80' lang='grc' dir='ltr'>ραϐάσεως</span> <span class='ocrx_word' id='word_1_465' title='bbox 1169 879 1222 905; x_wconf 84' lang='grc' dir='ltr'><strong>τῶν</strong></span> <span class='ocrx_word' id='word_1_466' title='bbox 1248 880 1439 915; x_wconf 75' lang='grc' dir='ltr'>πρεσϐυτέρων</span> <span class='ocrx_word' id='word_1_467' title='bbox 1460 880 1591 912; x_wconf 79' lang='grc' dir='ltr'><strong>δοξάντων</strong></span> <span class='ocrx_word' id='word_1_468' title='bbox 1614 880 1720 906; x_wconf 76' lang='grc' dir='ltr'>νίπτειν</span> <span class='ocrx_word' id='word_1_469' title='bbox 1748 880 1795 911; x_wconf 77' lang='grc' dir='ltr'>τὰς</span> 
     </span>
    </p>
   </div>
   <div class='ocr_carea' id='block_1_64' title="bbox 1007 925 1794 960">
    <p class='ocr_par' dir='ltr' id='par_1_64' title="bbox 1007 925 1794 960">
     <span class='ocr_line' id='line_1_64' title="bbox 1007 925 1794 960; baseline 0.001 -10"><span class='ocrx_word' id='word_1_470' title='bbox 1007 926 1110 960; x_wconf 78' lang='grc' dir='ltr'>χεῖρας,</span> <span class='ocrx_word' id='word_1_471' title='bbox 1127 925 1189 951; x_wconf 85' lang='grc' dir='ltr'>ὅταν</span> <span class='ocrx_word' id='word_1_472' title='bbox 1206 925 1286 958; x_wconf 78' lang='grc' dir='ltr'>ἄρτον</span> <span class='ocrx_word' id='word_1_473' title='bbox 1310 925 1434 952; x_wconf 74' lang='grc' dir='ltr'>ἐσθίωσιν</span> <span class='ocrx_word' id='word_1_474' title='bbox 1456 925 1585 956; x_wconf 79' lang='grc' dir='ltr'>Ἰουδαῖοι,</span> <span class='ocrx_word' id='word_1_475' title='bbox 1601 925 1636 951; x_wconf 78' lang='grc' dir='ltr'>τὰ</span> <span class='ocrx_word' id='word_1_476' title='bbox 1658 926 1730 952; x_wconf 75' lang='grc' dir='ltr'>κατὰ</span> <span class='ocrx_word' id='word_1_477' title='bbox 1750 925 1794 951; x_wconf 74' lang='grc' dir='ltr'>τὸν</span> 
     </span>
    </p>
   </div>
   <div class='ocr_carea' id='block_1_65' title="bbox 1006 969 1792 1006">
    <p class='ocr_par' dir='ltr' id='par_1_65' title="bbox 1006 969 1792 1006">
     <span class='ocr_line' id='line_1_65' title="bbox 1006 969 1792 1006; baseline 0.003 -10"><span class='ocrx_word' id='word_1_478' title='bbox 1006 971 1086 996; x_wconf 81' lang='grc' dir='ltr'>τόπον</span> <span class='ocrx_word' id='word_1_479' title='bbox 1102 969 1187 1002; x_wconf 71' lang='grc' dir='ltr'>οὕτως</span> <span class='ocrx_word' id='word_1_480' title='bbox 1203 969 1313 1005; x_wconf 79' lang='grc' dir='ltr'>ἔχοντα·</span> <span class='ocrx_word' id='word_1_481' title='bbox 1336 980 1345 995; x_wconf 78' lang='grc' dir='ltr'><strong>ι</strong></span> <span class='ocrx_word' id='word_1_482' title='bbox 1360 971 1384 996; x_wconf 75' lang='grc' dir='ltr'>οἱ</span> <span class='ocrx_word' id='word_1_483' title='bbox 1399 971 1453 1006; x_wconf 78' lang='grc' dir='ltr'><strong>γὰρ</strong></span> <span class='ocrx_word' id='word_1_484' title='bbox 1466 972 1616 1006; x_wconf 81' lang='grc' dir='ltr'>Φαρισαῖοι,</span> <span class='ocrx_word' id='word_1_485' title='bbox 1631 971 1679 998; x_wconf 78' lang='grc' dir='ltr'><strong>καὶ</strong></span> <span class='ocrx_word' id='word_1_486' title='bbox 1694 972 1792 1004; x_wconf 84' lang='grc' dir='ltr'>πάντες</span> 
     </span>
    </p>
   </div>
   <div class='ocr_carea' id='block_1_66' title="bbox 1006 1016 1793 1054">
    <p class='ocr_par' dir='ltr' id='par_1_66' title="bbox 1006 1016 1793 1054">
     <span class='ocr_line' id='line_1_66' title="bbox 1006 1016 1793 1054; baseline 0.004 -12"><span class='ocrx_word' id='word_1_487' title='bbox 1006 1018 1029 1042; x_wconf 87' lang='grc' dir='ltr'>οἱ</span> <span class='ocrx_word' id='word_1_488' title='bbox 1053 1017 1183 1049; x_wconf 83' lang='grc' dir='ltr'>Ἰουδαῖοι,</span> <span class='ocrx_word' id='word_1_489' title='bbox 1196 1016 1242 1043; x_wconf 75' lang='grc' dir='ltr'><strong>ἐὰν</strong></span> <span class='ocrx_word' id='word_1_490' title='bbox 1257 1016 1294 1052; x_wconf 82' lang='grc' dir='ltr'>μὴ</span> <span class='ocrx_word' id='word_1_491' title='bbox 1309 1018 1405 1052; x_wconf 77' lang='grc' dir='ltr'>πυγμῇ</span> <span class='ocrx_word' id='word_1_492' title='bbox 1417 1016 1547 1051; x_wconf 78' lang='grc' dir='ltr'>νίψωνται</span> <span class='ocrx_word' id='word_1_493' title='bbox 1561 1017 1610 1049; x_wconf 83' lang='grc' dir='ltr'><strong>τὰς</strong></span> <span class='ocrx_word' id='word_1_494' title='bbox 1625 1019 1732 1054; x_wconf 80' lang='grc' dir='ltr'>χεῖρας,</span> <span class='ocrx_word' id='word_1_495' title='bbox 1746 1019 1793 1045; x_wconf 72' lang='grc' dir='ltr'><strong>οὐκ</strong></span> 
     </span>
    </p>
   </div>
   <div class='ocr_carea' id='block_1_67' title="bbox 1005 1062 1790 1099">
    <p class='ocr_par' dir='ltr' id='par_1_67' title="bbox 1005 1062 1790 1099">
     <span class='ocr_line' id='line_1_67' title="bbox 1005 1062 1790 1099; baseline 0.001 -10"><span class='ocrx_word' id='word_1_496' title='bbox 1005 1063 1134 1095; x_wconf 80' lang='grc' dir='ltr'>ἐσθίουσι,</span> <span class='ocrx_word' id='word_1_497' title='bbox 1152 1062 1315 1099; x_wconf 74' lang='grc' dir='ltr'>κρατοῦντες</span> <span class='ocrx_word' id='word_1_498' title='bbox 1331 1063 1378 1096; x_wconf 86' lang='grc' dir='ltr'><strong>τὴν</strong></span> <span class='ocrx_word' id='word_1_499' title='bbox 1402 1062 1549 1098; x_wconf 78' lang='grc' dir='ltr'>παράδοσιν</span> <span class='ocrx_word' id='word_1_500' title='bbox 1567 1063 1621 1090; x_wconf 86' lang='grc' dir='ltr'><strong>τῶν</strong></span> <span class='ocrx_word' id='word_1_501' title='bbox 1639 1064 1790 1099; x_wconf 63' lang='grc' dir='ltr'>πρεσὸυτέι</span> 
     </span>
    </p>
   </div>
   <div class='ocr_carea' id='block_1_68' title="bbox 1007 1106 1792 1143">
    <p class='ocr_par' dir='ltr' id='par_1_68' title="bbox 1007 1106 1792 1143">
     <span class='ocr_line' id='line_1_68' title="bbox 1007 1106 1792 1143; baseline 0.001 -9"><span class='ocrx_word' id='word_1_502' title='bbox 1007 1115 1079 1143; x_wconf 85' lang='grc' dir='ltr'>ρων·</span> <span class='ocrx_word' id='word_1_503' title='bbox 1105 1108 1152 1134; x_wconf 75' lang='grc' dir='ltr'><strong>καὶ</strong></span> <span class='ocrx_word' id='word_1_504' title='bbox 1178 1108 1225 1134; x_wconf 86' lang='grc' dir='ltr'><strong>ἀπ’</strong></span> <span class='ocrx_word' id='word_1_505' title='bbox 1248 1107 1361 1142; x_wconf 78' lang='grc' dir='ltr'>ἀγορᾶς,</span> <span class='ocrx_word' id='word_1_506' title='bbox 1387 1107 1434 1133; x_wconf 74' lang='grc' dir='ltr'>ἐὰν</span> <span class='ocrx_word' id='word_1_507' title='bbox 1461 1106 1498 1142; x_wconf 83' lang='grc' dir='ltr'><strong>μὴ</strong></span> <span class='ocrx_word' id='word_1_508' title='bbox 1522 1107 1719 1142; x_wconf 78' lang='grc' dir='ltr'>βαπτίσωνται,</span> <span class='ocrx_word' id='word_1_509' title='bbox 1743 1109 1792 1135; x_wconf 79' lang='grc' dir='ltr'>οὐκ</span> 
     </span>
    </p>
   </div>
   <div class='ocr_carea' id='block_1_69' title="bbox 1004 1152 1788 1189">
    <p class='ocr_par' dir='ltr' id='par_1_69' title="bbox 1004 1152 1788 1189">
     <span class='ocr_line' id='line_1_69' title="bbox 1004 1152 1788 1189; baseline 0.003 -10"><span class='ocrx_word' id='word_1_510' title='bbox 1004 1152 1131 1180; x_wconf 75' lang='grc' dir='ltr'>ἐσθίουσι.</span> <span class='ocrx_word' id='word_1_511' title='bbox 1149 1153 1203 1180; x_wconf 78' lang='grc' dir='ltr'><strong>Καὶ</strong></span> <span class='ocrx_word' id='word_1_512' title='bbox 1216 1152 1283 1179; x_wconf 80' lang='grc' dir='ltr'>ἄλλα</span> <span class='ocrx_word' id='word_1_513' title='bbox 1300 1153 1360 1179; x_wconf 75' lang='grc' dir='ltr'>τινά</span> <span class='ocrx_word' id='word_1_514' title='bbox 1375 1153 1447 1178; x_wconf 81' lang='grc' dir='ltr'>ἐστιν</span> <span class='ocrx_word' id='word_1_515' title='bbox 1463 1153 1480 1179; x_wconf 77' lang='grc' dir='ltr'><strong>ἃ.</strong></span> <span class='ocrx_word' id='word_1_516' title='bbox 1496 1153 1649 1188; x_wconf 78' lang='grc' dir='ltr'>παρέλαϐον</span> <span class='ocrx_word' id='word_1_517' title='bbox 1665 1155 1788 1189; x_wconf 83' lang='grc' dir='ltr'>κρατεῖν,</span> 
     </span>
    </p>
   </div>
   <div class='ocr_carea' id='block_1_70' title="bbox 1005 1198 1788 1234">
    <p class='ocr_par' dir='ltr' id='par_1_70' title="bbox 1005 1198 1788 1234">
     <span class='ocr_line' id='line_1_70' title="bbox 1005 1198 1788 1234; baseline 0.003 -9"><span class='ocrx_word' id='word_1_518' title='bbox 1005 1198 1174 1234; x_wconf 79' lang='grc' dir='ltr'>βαπτισμοὺς</span> <span class='ocrx_word' id='word_1_519' title='bbox 1196 1198 1343 1234; x_wconf 80' lang='grc' dir='ltr'>ποτηρίων,</span> <span class='ocrx_word' id='word_1_520' title='bbox 1367 1198 1412 1225; x_wconf 77' lang='grc' dir='ltr'>καὶ</span> <span class='ocrx_word' id='word_1_521' title='bbox 1437 1198 1548 1230; x_wconf 81' lang='grc' dir='ltr'>ξεστῶν,</span> <span class='ocrx_word' id='word_1_522' title='bbox 1573 1200 1621 1226; x_wconf 67' lang='grc' dir='ltr'><strong>καὶ</strong></span> <span class='ocrx_word' id='word_1_523' title='bbox 1644 1200 1788 1234; x_wconf 78' lang='grc' dir='ltr'>χαλκείων,</span> 
     </span>
    </p>
   </div>
   <div class='ocr_carea' id='block_1_71' title="bbox 1004 1240 1204 1272">
    <p class='ocr_par' dir='ltr' id='par_1_71' title="bbox 1004 1240 1204 1272">
     <span class='ocr_line' id='line_1_71' title="bbox 1004 1240 1204 1272; baseline -0.005 -1"><span class='ocrx_word' id='word_1_524' title='bbox 1004 1245 1051 1271; x_wconf 75' lang='grc' dir='ltr'><strong>καὶ</strong></span> <span class='ocrx_word' id='word_1_525' title='bbox 1066 1240 1175 1272; x_wconf 76' lang='grc' dir='ltr'>κλινῶν.</span> <span class='ocrx_word' id='word_1_526' title='bbox 1195 1254 1204 1270; x_wconf 76' lang='grc' dir='ltr'><strong><em>ι</em></strong></span> 
     </span>
    </p>
   </div>
   <div class='ocr_carea' id='block_1_72' title="bbox 1041 1289 1786 1326">
    <p class='ocr_par' dir='ltr' id='par_1_72' title="bbox 1041 1289 1786 1326">
     <span class='ocr_line' id='line_1_72' title="bbox 1041 1289 1786 1326; baseline 0.003 -10"><span class='ocrx_word' id='word_1_527' title='bbox 1041 1300 1050 1316; x_wconf 73' lang='grc' dir='ltr'><strong>ι</strong></span> <span class='ocrx_word' id='word_1_528' title='bbox 1075 1291 1129 1316; x_wconf 73' lang='grc' dir='ltr'><strong>Καὶ</strong></span> <span class='ocrx_word' id='word_1_529' title='bbox 1146 1290 1399 1326; x_wconf 78' lang='grc' dir='ltr'>προσκαλεσάμενος</span> <span class='ocrx_word' id='word_1_530' title='bbox 1419 1290 1464 1317; x_wconf 76' lang='grc' dir='ltr'><strong>τὸν</strong></span> <span class='ocrx_word' id='word_1_531' title='bbox 1481 1290 1569 1326; x_wconf 73' lang='grc' dir='ltr'>ὄχλον,</span> <span class='ocrx_word' id='word_1_532' title='bbox 1587 1289 1664 1318; x_wconf 80' lang='grc' dir='ltr'>εἶπεν</span> <span class='ocrx_word' id='word_1_533' title='bbox 1676 1292 1786 1323; x_wconf 80' lang='grc' dir='ltr'>αὐτοῖς·</span> 
     </span>
    </p>
   </div>
   <div class='ocr_carea' id='block_1_73' title="bbox 1009 1335 1790 1372">
    <p class='ocr_par' dir='ltr' id='par_1_73' title="bbox 1009 1335 1790 1372">
     <span class='ocr_line' id='line_1_73' title="bbox 1009 1335 1790 1372; baseline 0.003 -10"><span class='ocrx_word' id='word_1_534' title='bbox 1009 1335 1132 1362; x_wconf 84' lang='grc' dir='ltr'>Ἀκούετε</span> <span class='ocrx_word' id='word_1_535' title='bbox 1146 1337 1192 1363; x_wconf 80' lang='grc' dir='ltr'>καὶ</span> <span class='ocrx_word' id='word_1_536' title='bbox 1207 1336 1320 1369; x_wconf 81' lang='grc' dir='ltr'>συνίετε,</span> <span class='ocrx_word' id='word_1_537' title='bbox 1339 1347 1348 1362; x_wconf 81' lang='grc' dir='ltr'><strong><em>ι</em></strong></span> <span class='ocrx_word' id='word_1_538' title='bbox 1365 1337 1411 1363; x_wconf 80' lang='grc' dir='ltr'>καὶ</span> <span class='ocrx_word' id='word_1_539' title='bbox 1426 1337 1460 1364; x_wconf 84' lang='grc' dir='ltr'>τὰ</span> <span class='ocrx_word' id='word_1_540' title='bbox 1471 1337 1542 1372; x_wconf 80' lang='grc' dir='ltr'><strong>ἑξῆς.</strong></span> <span class='ocrx_word' id='word_1_541' title='bbox 1563 1336 1660 1371; x_wconf 73' lang='grc' dir='ltr'>Σαφῶς</span> <span class='ocrx_word' id='word_1_542' title='bbox 1676 1337 1721 1364; x_wconf 78' lang='grc' dir='ltr'>διὰ</span> <span class='ocrx_word' id='word_1_543' title='bbox 1733 1337 1790 1364; x_wconf 72' lang='grc' dir='ltr'><strong>τοὺ-</strong></span> 
     </span>
    </p>
   </div>
   <div class='ocr_carea' id='block_1_74' title="bbox 1002 1381 1787 1418">
    <p class='ocr_par' dir='ltr' id='par_1_74' title="bbox 1002 1381 1787 1418">
     <span class='ocr_line' id='line_1_74' title="bbox 1002 1381 1787 1418; baseline 0.003 -10"><span class='ocrx_word' id='word_1_544' title='bbox 1002 1390 1055 1408; x_wconf 82' lang='grc' dir='ltr'>των</span> <span class='ocrx_word' id='word_1_545' title='bbox 1073 1381 1126 1408; x_wconf 74' lang='grc' dir='ltr'><strong>ὑπὸ</strong></span> <span class='ocrx_word' id='word_1_546' title='bbox 1142 1382 1188 1408; x_wconf 82' lang='grc' dir='ltr'>τοῦ</span> <span class='ocrx_word' id='word_1_547' title='bbox 1210 1382 1333 1417; x_wconf 83' lang='grc' dir='ltr'>Σωτῆρος</span> <span class='ocrx_word' id='word_1_548' title='bbox 1350 1382 1539 1418; x_wconf 78' lang='grc' dir='ltr'>διδασκόμεθα,</span> <span class='ocrx_word' id='word_1_549' title='bbox 1556 1384 1787 1417; x_wconf 84' lang='grc' dir='ltr'>ἀναγινώσκοντες</span> 
     </span>
    </p>
   </div>
   <div class='ocr_carea' id='block_1_75' title="bbox 1002 1427 1788 1464">
    <p class='ocr_par' dir='ltr' id='par_1_75' title="bbox 1002 1427 1788 1464">
     <span class='ocr_line' id='line_1_75' title="bbox 1002 1427 1788 1464; baseline 0.003 -11"><span class='ocrx_word' id='word_1_550' title='bbox 1002 1427 1030 1453; x_wconf 80' lang='grc' dir='ltr'>ὲν</span> <span class='ocrx_word' id='word_1_551' title='bbox 1049 1427 1088 1463; x_wconf 81' lang='grc' dir='ltr'><strong>τῷ</strong></span> <span class='ocrx_word' id='word_1_552' title='bbox 1103 1427 1246 1463; x_wconf 82' lang='grc' dir='ltr'>Λευῖτικῷ,</span> <span class='ocrx_word' id='word_1_553' title='bbox 1271 1428 1318 1454; x_wconf 71' lang='grc' dir='ltr'><strong>καὶ</strong></span> <span class='ocrx_word' id='word_1_554' title='bbox 1336 1429 1363 1455; x_wconf 80' lang='grc' dir='ltr'>ὲν</span> <span class='ocrx_word' id='word_1_555' title='bbox 1386 1428 1424 1463; x_wconf 83' lang='grc' dir='ltr'>τῷ</span> <span class='ocrx_word' id='word_1_556' title='bbox 1445 1429 1646 1464; x_wconf 78' lang='grc' dir='ltr'>Δευτερονομίῳ</span> <span class='ocrx_word' id='word_1_557' title='bbox 1666 1429 1702 1456; x_wconf 82' lang='grc' dir='ltr'>τὰ</span> <span class='ocrx_word' id='word_1_558' title='bbox 1725 1429 1788 1464; x_wconf 71' lang='grc' dir='ltr'>περὶ</span> 
     </span>
    </p>
   </div>
   <div class='ocr_carea' id='block_1_76' title="bbox 1001 1473 1786 1510">
    <p class='ocr_par' dir='ltr' id='par_1_76' title="bbox 1001 1473 1786 1510">
     <span class='ocr_line' id='line_1_76' title="bbox 1001 1473 1786 1510; baseline 0.003 -11"><span class='ocrx_word' id='word_1_559' title='bbox 1001 1473 1127 1509; x_wconf 86' lang='grc' dir='ltr'>καθαρῶν</span> <span class='ocrx_word' id='word_1_560' title='bbox 1143 1474 1189 1500; x_wconf 70' lang='grc' dir='ltr'><strong>καὶ</strong></span> <span class='ocrx_word' id='word_1_561' title='bbox 1205 1473 1365 1509; x_wconf 81' lang='grc' dir='ltr'>ἀκαθάρτων</span> <span class='ocrx_word' id='word_1_562' title='bbox 1382 1474 1545 1510; x_wconf 81' lang='grc' dir='ltr'>βρωμάτων,</span> <span class='ocrx_word' id='word_1_563' title='bbox 1563 1475 1606 1509; x_wconf 73' lang='grc' dir='ltr'><strong>ἐφ’</strong></span> <span class='ocrx_word' id='word_1_564' title='bbox 1621 1473 1662 1506; x_wconf 77' lang='grc' dir='ltr'>οἷς</span> <span class='ocrx_word' id='word_1_565' title='bbox 1678 1475 1717 1506; x_wconf 83' lang='grc' dir='ltr'>ὡς</span> <span class='ocrx_word' id='word_1_566' title='bbox 1734 1483 1786 1501; x_wconf 80' lang='grc' dir='ltr'>πα-</span> 
     </span>
    </p>
   </div>
   <div class='ocr_carea' id='block_1_77' title="bbox 1001 1519 1784 1555">
    <p class='ocr_par' dir='ltr' id='par_1_77' title="bbox 1001 1519 1784 1555">
     <span class='ocr_line' id='line_1_77' title="bbox 1001 1519 1784 1555; baseline 0.003 -10"><span class='ocrx_word' id='word_1_567' title='bbox 1001 1519 1162 1555; x_wconf 82' lang='grc' dir='ltr'>ρανομοῦσιν</span> <span class='ocrx_word' id='word_1_568' title='bbox 1178 1519 1336 1553; x_wconf 80' lang='grc' dir='ltr'>ἐγκαλοῦσιν</span> <span class='ocrx_word' id='word_1_569' title='bbox 1352 1521 1417 1555; x_wconf 82' lang='grc' dir='ltr'>ἡμῖν</span> <span class='ocrx_word' id='word_1_570' title='bbox 1433 1521 1458 1546; x_wconf 86' lang='grc' dir='ltr'><strong>οί</strong></span> <span class='ocrx_word' id='word_1_571' title='bbox 1476 1521 1629 1555; x_wconf 76' lang='grc' dir='ltr'>σωματικοὶ</span> <span class='ocrx_word' id='word_1_572' title='bbox 1653 1521 1784 1554; x_wconf 80' lang='grc' dir='ltr'>Ἰουδαῖοι,</span> 
     </span>
    </p>
   </div>
   <div class='ocr_carea' id='block_1_78' title="bbox 1001 1565 1785 1604">
    <p class='ocr_par' dir='ltr' id='par_1_78' title="bbox 1001 1565 1785 1604">
     <span class='ocr_line' id='line_1_78' title="bbox 1001 1565 1785 1604; baseline 0.004 -13"><span class='ocrx_word' id='word_1_573' title='bbox 1001 1565 1046 1591; x_wconf 77' lang='grc' dir='ltr'>καὶ</span> <span class='ocrx_word' id='word_1_574' title='bbox 1061 1566 1085 1591; x_wconf 82' lang='grc' dir='ltr'>οἱ</span> <span class='ocrx_word' id='word_1_575' title='bbox 1102 1565 1184 1601; x_wconf 84' lang='grc' dir='ltr'>ὀλίγῳ</span> <span class='ocrx_word' id='word_1_576' title='bbox 1196 1565 1367 1601; x_wconf 79' lang='grc' dir='ltr'>διαφέροντες</span> <span class='ocrx_word' id='word_1_577' title='bbox 1387 1566 1475 1593; x_wconf 81' lang='grc' dir='ltr'>αὐτῶν</span> <span class='ocrx_word' id='word_1_578' title='bbox 1496 1567 1646 1594; x_wconf 79' lang='grc' dir='ltr'>Ἐϐιωναῖοι</span> <span class='ocrx_word' id='word_1_579' title='bbox 1664 1568 1732 1604; x_wconf 70' lang='grc'><strong>(25),</strong></span> <span class='ocrx_word' id='word_1_580' title='bbox 1749 1569 1785 1604; x_wconf 82' lang='grc' dir='ltr'>μὴ</span> 
     </span>
    </p>
   </div>
   <div class='ocr_carea' id='block_1_79' title="bbox 999 1611 1787 1651">
    <p class='ocr_par' dir='ltr' id='par_1_79' title="bbox 999 1611 1787 1651">
     <span class='ocr_line' id='line_1_79' title="bbox 999 1611 1787 1651; baseline 0.005 -14"><span class='ocrx_word' id='word_1_581' title='bbox 999 1611 1119 1647; x_wconf 77' lang='grc' dir='ltr'>νομίζειν</span> <span class='ocrx_word' id='word_1_582' title='bbox 1134 1612 1179 1638; x_wconf 76' lang='grc' dir='ltr'><strong>τὸν</strong></span> <span class='ocrx_word' id='word_1_583' title='bbox 1201 1612 1300 1638; x_wconf 80' lang='grc' dir='ltr'>σκοπὸν</span> <span class='ocrx_word' id='word_1_584' title='bbox 1317 1611 1385 1639; x_wconf 79' lang='grc' dir='ltr'>εἶναι</span> <span class='ocrx_word' id='word_1_585' title='bbox 1399 1614 1431 1647; x_wconf 81' lang='grc' dir='ltr'>τῇ</span> <span class='ocrx_word' id='word_1_586' title='bbox 1447 1613 1540 1649; x_wconf 70' lang='grc' dir='ltr'>Γραφῇ</span> <span class='ocrx_word' id='word_1_587' title='bbox 1557 1614 1701 1650; x_wconf 86' lang='grc' dir='ltr'>πρόχειρον</span> <span class='ocrx_word' id='word_1_588' title='bbox 1723 1616 1787 1651; x_wconf 76' lang='grc' dir='ltr'>περὶ</span> 
     </span>
    </p>
   </div>
   <div class='ocr_carea' id='block_1_80' title="bbox 998 1657 1786 1694">
    <p class='ocr_par' dir='ltr' id='par_1_80' title="bbox 998 1657 1786 1694">
     <span class='ocr_line' id='line_1_80' title="bbox 998 1657 1786 1694; baseline 0.005 -11"><span class='ocrx_word' id='word_1_589' title='bbox 998 1657 1101 1684; x_wconf 85' lang='grc' dir='ltr'>τούτων</span> <span class='ocrx_word' id='word_1_590' title='bbox 1124 1657 1197 1684; x_wconf 77' lang='grc' dir='ltr'>νοῦν.</span> <span class='ocrx_word' id='word_1_591' title='bbox 1226 1667 1234 1683; x_wconf 81' lang='grc' dir='ltr'><strong>ι</strong></span> <span class='ocrx_word' id='word_1_592' title='bbox 1255 1658 1285 1684; x_wconf 88' lang='grc' dir='ltr'><strong>Εἰ</strong></span> <span class='ocrx_word' id='word_1_593' title='bbox 1295 1658 1348 1694; x_wconf 76' lang='grc' dir='ltr'><strong>γὰρ</strong></span> <span class='ocrx_word' id='word_1_594' title='bbox 1368 1659 1398 1684; x_wconf 78' lang='grc' dir='ltr'><strong>οὐ</strong></span> <span class='ocrx_word' id='word_1_595' title='bbox 1421 1658 1450 1685; x_wconf 80' lang='grc' dir='ltr'>τὸ</span> <span class='ocrx_word' id='word_1_596' title='bbox 1475 1659 1662 1694; x_wconf 79' lang='grc' dir='ltr'>εἰσερχόμενον</span> <span class='ocrx_word' id='word_1_597' title='bbox 1691 1660 1731 1692; x_wconf 74' lang='grc' dir='ltr'><strong>εἰς</strong></span> <span class='ocrx_word' id='word_1_598' title='bbox 1756 1660 1786 1687; x_wconf 67' lang='grc' dir='ltr'>τὸ</span> 
     </span>
    </p>
   </div>
   <div class='ocr_carea' id='block_1_81' title="bbox 1000 1703 1785 1741">
    <p class='ocr_par' dir='ltr' id='par_1_81' title="bbox 1000 1703 1785 1741">
     <span class='ocr_line' id='line_1_81' title="bbox 1000 1703 1785 1741; baseline 0.004 -11"><span class='ocrx_word' id='word_1_599' title='bbox 1000 1703 1086 1739; x_wconf 81' lang='grc' dir='ltr'>στόμα</span> <span class='ocrx_word' id='word_1_600' title='bbox 1100 1705 1183 1730; x_wconf 87' lang='grc' dir='ltr'>κοινοί</span> <span class='ocrx_word' id='word_1_601' title='bbox 1201 1704 1245 1731; x_wconf 82' lang='grc' dir='ltr'><strong>τὸν</strong></span> <span class='ocrx_word' id='word_1_602' title='bbox 1266 1704 1416 1740; x_wconf 76' lang='grc' dir='ltr'>ἄνθρωπον,</span> <span class='ocrx_word' id='word_1_603' title='bbox 1436 1705 1503 1731; x_wconf 77' lang='grc' dir='ltr'><strong>ἀλλὰ</strong></span> <span class='ocrx_word' id='word_1_604' title='bbox 1515 1705 1545 1732; x_wconf 76' lang='grc' dir='ltr'>τὸ</span> <span class='ocrx_word' id='word_1_605' title='bbox 1562 1705 1739 1741; x_wconf 76' lang='grc' dir='ltr'>ἐξερχόμενον</span> <span class='ocrx_word' id='word_1_606' title='bbox 1755 1707 1785 1733; x_wconf 81' lang='grc' dir='ltr'>ὲκ</span> 
     </span>
    </p>
   </div>
   <div class='ocr_carea' id='block_1_82' title="bbox 998 1749 1785 1787">
    <p class='ocr_par' dir='ltr' id='par_1_82' title="bbox 998 1749 1785 1787">
     <span class='ocr_line' id='line_1_82' title="bbox 998 1749 1785 1787; baseline 0.003 -11"><span class='ocrx_word' id='word_1_607' title='bbox 998 1749 1045 1776; x_wconf 86' lang='grc' dir='ltr'>τοῦ</span> <span class='ocrx_word' id='word_1_608' title='bbox 1064 1749 1204 1785; x_wconf 81' lang='grc' dir='ltr'>στόματος,</span> <span class='ocrx_word' id='word_1_609' title='bbox 1231 1759 1240 1775; x_wconf 70' lang='grc' dir='ltr'>ι</span> <span class='ocrx_word' id='word_1_610' title='bbox 1257 1749 1303 1776; x_wconf 70' lang='lat' dir='ltr'><strong>xui.</strong></span> <span class='ocrx_word' id='word_1_611' title='bbox 1323 1749 1437 1784; x_wconf 81' lang='grc' dir='ltr'>μάλιστα</span> <span class='ocrx_word' id='word_1_612' title='bbox 1450 1751 1510 1777; x_wconf 75' lang='grc' dir='ltr'>ἐπεὶ</span> <span class='ocrx_word' id='word_1_613' title='bbox 1527 1751 1597 1777; x_wconf 76' lang='grc' dir='ltr'>κατὰ</span> <span class='ocrx_word' id='word_1_614' title='bbox 1611 1751 1656 1778; x_wconf 80' lang='grc' dir='ltr'><strong>τὸν</strong></span> <span class='ocrx_word' id='word_1_615' title='bbox 1671 1752 1785 1787; x_wconf 74' lang='grc' dir='ltr'>Μάρκον</span> 
     </span>
    </p>
   </div>
   <div class='ocr_carea' id='block_1_83' title="bbox 999 1794 1784 1832">
    <p class='ocr_par' dir='ltr' id='par_1_83' title="bbox 999 1794 1784 1832">
     <span class='ocr_line' id='line_1_83' title="bbox 999 1794 1784 1832; baseline 0.003 -11"><span class='ocrx_word' id='word_1_616' title='bbox 999 1795 1076 1830; x_wconf 74' lang='grc' dir='ltr'>ἔλεγε</span> <span class='ocrx_word' id='word_1_617' title='bbox 1093 1795 1178 1822; x_wconf 78' lang='grc' dir='ltr'>ταῦτα</span> <span class='ocrx_word' id='word_1_618' title='bbox 1198 1796 1212 1821; x_wconf 82' lang='grc' dir='ltr'><strong>ὀ</strong></span> <span class='ocrx_word' id='word_1_619' title='bbox 1228 1794 1331 1830; x_wconf 84' lang='grc' dir='ltr'>Σωτὴρ,</span> <span class='ocrx_word' id='word_1_620' title='bbox 1353 1805 1362 1820; x_wconf 75' lang='grc' dir='ltr'><strong>ι</strong></span> <span class='ocrx_word' id='word_1_621' title='bbox 1382 1795 1536 1830; x_wconf 73' lang='grc' dir='ltr'>καθαρίζων</span> <span class='ocrx_word' id='word_1_622' title='bbox 1554 1797 1641 1823; x_wconf 81' lang='grc' dir='ltr'>πάντα</span> <span class='ocrx_word' id='word_1_623' title='bbox 1662 1798 1697 1823; x_wconf 77' lang='grc' dir='ltr'>τὰ</span> <span class='ocrx_word' id='word_1_624' title='bbox 1713 1797 1784 1832; x_wconf 78' lang='grc' dir='ltr'><strong>βρώ-</strong></span> 
     </span>
    </p>
   </div>
   <div class='ocr_carea' id='block_1_84' title="bbox 1001 1840 1784 1876">
    <p class='ocr_par' dir='ltr' id='par_1_84' title="bbox 1001 1840 1784 1876">
     <span class='ocr_line' id='line_1_84' title="bbox 1001 1840 1784 1876; baseline 0.003 -10"><span class='ocrx_word' id='word_1_625' title='bbox 1001 1849 1082 1876; x_wconf 78' lang='grc' dir='ltr'>ματα,</span> <span class='ocrx_word' id='word_1_626' title='bbox 1097 1850 1105 1866; x_wconf 76' lang='grc' dir='ltr'><strong>ι</strong></span> <span class='ocrx_word' id='word_1_627' title='bbox 1116 1840 1203 1876; x_wconf 82' lang='grc' dir='ltr'>δῆλον,</span> <span class='ocrx_word' id='word_1_628' title='bbox 1214 1841 1254 1867; x_wconf 80' lang='grc' dir='ltr'>ὅτι</span> <span class='ocrx_word' id='word_1_629' title='bbox 1265 1841 1295 1867; x_wconf 79' lang='grc' dir='ltr'>οὐ</span> <span class='ocrx_word' id='word_1_630' title='bbox 1308 1841 1467 1876; x_wconf 80' lang='grc' dir='ltr'>κοινούμεθα</span> <span class='ocrx_word' id='word_1_631' title='bbox 1476 1841 1525 1876; x_wconf 78' lang='grc' dir='ltr'>μὲν</span> <span class='ocrx_word' id='word_1_632' title='bbox 1535 1841 1669 1873; x_wconf 75' lang='grc' dir='ltr'>ἐσθίοντες</span> <span class='ocrx_word' id='word_1_633' title='bbox 1679 1842 1699 1868; x_wconf 75' lang='grc' dir='ltr'><strong>ἃ.</strong></span> <span class='ocrx_word' id='word_1_634' title='bbox 1719 1843 1784 1868; x_wconf 66' lang='grc' dir='ltr'><strong>Ἰουι</strong></span> 
     </span>
    </p>
   </div>
   <div class='ocr_carea' id='block_1_85' title="bbox 999 1886 1786 1922">
    <p class='ocr_par' dir='ltr' id='par_1_85' title="bbox 999 1886 1786 1922">
     <span class='ocr_line' id='line_1_85' title="bbox 999 1886 1786 1922; baseline 0.003 -10"><span class='ocrx_word' id='word_1_635' title='bbox 999 1886 1068 1912; x_wconf 81' lang='grc' dir='ltr'>δαῖοί</span> <span class='ocrx_word' id='word_1_636' title='bbox 1086 1894 1161 1920; x_wconf 73' lang='grc' dir='ltr'>φασι,</span> <span class='ocrx_word' id='word_1_637' title='bbox 1184 1886 1221 1921; x_wconf 86' lang='grc' dir='ltr'><strong>τῷ</strong></span> <span class='ocrx_word' id='word_1_638' title='bbox 1243 1886 1384 1922; x_wconf 77' lang='grc' dir='ltr'>γράμματι</span> <span class='ocrx_word' id='word_1_639' title='bbox 1404 1886 1451 1912; x_wconf 81' lang='grc' dir='ltr'>τοῦ</span> <span class='ocrx_word' id='word_1_640' title='bbox 1473 1887 1554 1921; x_wconf 75' lang='grc' dir='ltr'>νόμον</span> <span class='ocrx_word' id='word_1_641' title='bbox 1577 1886 1712 1914; x_wconf 77' lang='grc' dir='ltr'>δουλεύειν</span> <span class='ocrx_word' id='word_1_642' title='bbox 1728 1887 1786 1914; x_wconf 58' lang='grc' dir='ltr'><strong>ἐθέο.</strong></span> 
     </span>
    </p>
   </div>
   <div class='ocr_carea' id='block_1_86' title="bbox 998 1929 1782 1968">
    <p class='ocr_par' dir='ltr' id='par_1_86' title="bbox 998 1929 1782 1968">
     <span class='ocr_line' id='line_1_86' title="bbox 998 1929 1782 1968; baseline 0.004 -11"><span class='ocrx_word' id='word_1_643' title='bbox 998 1932 1097 1963; x_wconf 85' lang='grc' dir='ltr'>λοντες,</span> <span class='ocrx_word' id='word_1_644' title='bbox 1122 1929 1190 1957; x_wconf 71' lang='grc' dir='ltr'>εἶναι</span> <span class='ocrx_word' id='word_1_645' title='bbox 1211 1931 1352 1966; x_wconf 80' lang='grc' dir='ltr'>ἀκάθαρτα</span> <span class='ocrx_word' id='word_1_646' title='bbox 1366 1940 1374 1946; x_wconf 89' lang='grc'><strong><em>“</em></strong></span> <span class='ocrx_word' id='word_1_647' title='bbox 1399 1931 1458 1958; x_wconf 85' lang='grc' dir='ltr'>τότε</span> <span class='ocrx_word' id='word_1_648' title='bbox 1480 1932 1509 1958; x_wconf 79' lang='grc' dir='ltr'><strong>δὲ</strong></span> <span class='ocrx_word' id='word_1_649' title='bbox 1531 1931 1704 1968; x_wconf 81' lang='grc' dir='ltr'>κοινούμεθα,</span> <span class='ocrx_word' id='word_1_650' title='bbox 1728 1934 1782 1965; x_wconf 78' lang='grc' dir='ltr'>ὅτε,</span> 
     </span>
    </p>
   </div>
   <div class='ocr_carea' id='block_1_87' title="bbox 997 1977 1783 2014">
    <p class='ocr_par' dir='ltr' id='par_1_87' title="bbox 997 1977 1783 2014">
     <span class='ocr_line' id='line_1_87' title="bbox 997 1977 1783 2014; baseline 0.003 -11"><span class='ocrx_word' id='word_1_651' title='bbox 997 1977 1055 2004; x_wconf 81' lang='grc' dir='ltr'>δέον</span> <span class='ocrx_word' id='word_1_652' title='bbox 1076 1977 1111 2003; x_wconf 81' lang='grc' dir='ltr'>τὰ</span> <span class='ocrx_word' id='word_1_653' title='bbox 1132 1977 1207 2013; x_wconf 87' lang='grc' dir='ltr'>χειλη</span> <span class='ocrx_word' id='word_1_654' title='bbox 1231 1977 1308 2012; x_wconf 81' lang='grc' dir='ltr'>ἡμῶν</span> <span class='ocrx_word' id='word_1_655' title='bbox 1328 1977 1448 2004; x_wconf 86' lang='grc' dir='ltr'>δεδέσθαι</span> <span class='ocrx_word' id='word_1_656' title='bbox 1473 1977 1606 2014; x_wconf 70' lang='grc' dir='ltr'>αἰσθήσει,</span> <span class='ocrx_word' id='word_1_657' title='bbox 1623 1979 1670 2005; x_wconf 82' lang='grc' dir='ltr'>καὶ</span> <span class='ocrx_word' id='word_1_658' title='bbox 1698 1981 1783 2006; x_wconf 67' lang='grc' dir='ltr'>ποιεῖν</span> 
     </span>
    </p>
   </div>
   <div class='ocr_carea' id='block_1_88' title="bbox 997 2021 1783 2060">
    <p class='ocr_par' dir='ltr' id='par_1_88' title="bbox 997 2021 1783 2060">
     <span class='ocr_line' id='line_1_88' title="bbox 997 2021 1783 2060; baseline 0.001 -10"><span class='ocrx_word' id='word_1_659' title='bbox 997 2024 1071 2059; x_wconf 80' lang='grc' dir='ltr'>ἡμᾶς</span> <span class='ocrx_word' id='word_1_660' title='bbox 1084 2021 1124 2055; x_wconf 76' lang='grc' dir='ltr'>οἷς</span> <span class='ocrx_word' id='word_1_661' title='bbox 1136 2023 1250 2058; x_wconf 82' lang='grc' dir='ltr'>λέγομεν</span> <span class='ocrx_word' id='word_1_662' title='bbox 1263 2022 1342 2057; x_wconf 77' lang='grc' dir='ltr'><strong>ζυγὸν</strong></span> <span class='ocrx_word' id='word_1_663' title='bbox 1358 2023 1405 2049; x_wconf 64' lang='grc' dir='ltr'><strong>καὶ</strong></span> <span class='ocrx_word' id='word_1_664' title='bbox 1416 2023 1544 2058; x_wconf 83' lang='grc' dir='ltr'>σταθμὸν,</span> <span class='ocrx_word' id='word_1_665' title='bbox 1558 2024 1675 2059; x_wconf 80' lang='grc' dir='ltr'>λέγομεν</span> <span class='ocrx_word' id='word_1_666' title='bbox 1689 2024 1740 2060; x_wconf 80' lang='grc' dir='ltr'>μὲν</span> <span class='ocrx_word' id='word_1_667' title='bbox 1750 2025 1783 2052; x_wconf 71' lang='grc' dir='ltr'><strong>τὰ</strong></span> 
     </span>
    </p>
   </div>
   <div class='ocr_carea' id='block_1_89' title="bbox 998 2068 1784 2105">
    <p class='ocr_par' dir='ltr' id='par_1_89' title="bbox 998 2068 1784 2105">
     <span class='ocr_line' id='line_1_89' title="bbox 998 2068 1784 2105; baseline 0.001 -9"><span class='ocrx_word' id='word_1_668' title='bbox 998 2069 1196 2104; x_wconf 83' lang='grc' dir='ltr'>παρατυχόντα,</span> <span class='ocrx_word' id='word_1_669' title='bbox 1221 2068 1427 2104; x_wconf 82' lang='grc' dir='ltr'>διαλογιζόμεθα</span> <span class='ocrx_word' id='word_1_670' title='bbox 1448 2069 1475 2095; x_wconf 77' lang='grc' dir='ltr'>δὲ</span> <span class='ocrx_word' id='word_1_671' title='bbox 1495 2069 1529 2095; x_wconf 83' lang='grc' dir='ltr'>τὰ</span> <span class='ocrx_word' id='word_1_672' title='bbox 1554 2069 1590 2104; x_wconf 88' lang='grc' dir='ltr'>μὴ</span> <span class='ocrx_word' id='word_1_673' title='bbox 1607 2070 1713 2101; x_wconf 81' lang='grc' dir='ltr'>δέοντα,</span> <span class='ocrx_word' id='word_1_674' title='bbox 1737 2071 1784 2105; x_wconf 74' lang='grc' dir='ltr'><strong>ἀφ’</strong></span> 
     </span>
    </p>
   </div>
   <div class='ocr_carea' id='block_1_90' title="bbox 998 2111 1783 2150">
    <p class='ocr_par' dir='ltr' id='par_1_90' title="bbox 998 2111 1783 2150">
     <span class='ocr_line' id='line_1_90' title="bbox 998 2111 1783 2150; baseline 0.004 -10"><span class='ocrx_word' id='word_1_675' title='bbox 998 2111 1034 2141; x_wconf 82' lang='grc' dir='ltr'>ὧν</span> <span class='ocrx_word' id='word_1_676' title='bbox 1056 2115 1072 2150; x_wconf 80' lang='grc' dir='ltr'>ἡ</span> <span class='ocrx_word' id='word_1_677' title='bbox 1098 2114 1173 2150; x_wconf 81' lang='grc' dir='ltr'><strong>πηγὴ</strong></span> <span class='ocrx_word' id='word_1_678' title='bbox 1194 2115 1259 2149; x_wconf 85' lang='grc' dir='ltr'>ἡμῖν</span> <span class='ocrx_word' id='word_1_679' title='bbox 1279 2114 1386 2149; x_wconf 72' lang='grc' dir='ltr'>ἔρχεται</span> <span class='ocrx_word' id='word_1_680' title='bbox 1409 2113 1463 2141; x_wconf 79' lang='grc' dir='ltr'><strong>τῶν</strong></span> <span class='ocrx_word' id='word_1_681' title='bbox 1486 2114 1704 2150; x_wconf 80' lang='grc' dir='ltr'>ἁμαρτημάτων.</span> <span class='ocrx_word' id='word_1_682' title='bbox 1728 2116 1783 2144; x_wconf 78' lang='grc' dir='ltr'><strong>Καὶ</strong></span> 
     </span>
    </p>
   </div>
   <div class='ocr_carea' id='block_1_91' title="bbox 163 2158 949 2197">
    <p class='ocr_par' dir='ltr' id='par_1_91' title="bbox 163 2159 946 2197">
     <span class='ocr_line' id='line_1_91' title="bbox 163 2159 946 2197; baseline -0.005 -9"><span class='ocrx_word' id='word_1_683' title='bbox 163 2169 224 2197; x_wconf 76' lang='lat' dir='ltr'><strong>gem</strong></span> <span class='ocrx_word' id='word_1_684' title='bbox 241 2169 272 2188; x_wconf 84' lang='lat' dir='ltr'><strong>ea</strong></span> <span class='ocrx_word' id='word_1_685' title='bbox 287 2169 346 2196; x_wconf 74' lang='lat' dir='ltr'><strong>qua-</strong></span> <span class='ocrx_word' id='word_1_686' title='bbox 360 2169 375 2188; x_wconf 89' lang='lat' dir='ltr'><strong>e</strong></span> <span class='ocrx_word' id='word_1_687' title='bbox 391 2160 510 2195; x_wconf 86' lang='lat' dir='ltr'><strong>nequitia</strong></span> <span class='ocrx_word' id='word_1_688' title='bbox 526 2159 671 2194; x_wconf 83' lang='lat' dir='ltr'><strong>proﬂuunt,</strong></span> <span class='ocrx_word' id='word_1_689' title='bbox 689 2163 796 2192; x_wconf 84' lang='lat' dir='ltr'><strong>vetare;</strong></span> <span class='ocrx_word' id='word_1_690' title='bbox 812 2166 873 2193; x_wconf 63' lang='lat' dir='ltr'><strong>qua:</strong></span> <span class='ocrx_word' id='word_1_691' title='bbox 882 2165 946 2185; x_wconf 88' lang='lat' dir='ltr'><strong>vero</strong></span> 
     </span>
    </p>
   </div>
   <div class='ocr_carea' id='block_1_92' title="bbox 1031 2158 1784 2197">
    <p class='ocr_par' dir='ltr' id='par_1_92' title="bbox 1031 2158 1784 2194">
     <span class='ocr_line' id='line_1_92' title="bbox 1031 2158 1784 2194; baseline 0.005 -11"><span class='ocrx_word' id='word_1_692' title='bbox 1031 2158 1101 2184; x_wconf 73' lang='grc' dir='ltr'>ιέπον</span> <span class='ocrx_word' id='word_1_693' title='bbox 1117 2158 1147 2192; x_wconf 82' lang='grc' dir='ltr'><strong>γέ</strong></span> <span class='ocrx_word' id='word_1_694' title='bbox 1161 2159 1218 2184; x_wconf 78' lang='grc' dir='ltr'>ἐστι</span> <span class='ocrx_word' id='word_1_695' title='bbox 1235 2158 1302 2185; x_wconf 87' lang='grc' dir='ltr'><strong>Θεοῦ</strong></span> <span class='ocrx_word' id='word_1_696' title='bbox 1323 2159 1397 2193; x_wconf 82' lang='grc' dir='ltr'>νόμῳ</span> <span class='ocrx_word' id='word_1_697' title='bbox 1414 2159 1595 2194; x_wconf 76' lang='grc' dir='ltr'>ἀπαγορεύειν</span> <span class='ocrx_word' id='word_1_698' title='bbox 1611 2160 1646 2187; x_wconf 76' lang='grc' dir='ltr'>τὰ</span> <span class='ocrx_word' id='word_1_699' title='bbox 1659 2160 1715 2187; x_wconf 75' lang='grc' dir='ltr'><strong>ἀπὸ</strong></span> <span class='ocrx_word' id='word_1_700' title='bbox 1735 2169 1784 2187; x_wconf 85' lang='grc' dir='ltr'>κα-</span> 
     </span>
    </p>
   </div>
   <div class='ocr_carea' id='block_1_93' title="bbox 164 2206 945 2241">
    <p class='ocr_par' dir='ltr' id='par_1_93' title="bbox 164 2206 945 2241">
     <span class='ocr_line' id='line_1_93' title="bbox 164 2206 945 2241; baseline -0.004 -7"><span class='ocrx_word' id='word_1_701' title='bbox 164 2207 198 2234; x_wconf 84' lang='lat' dir='ltr'><strong>ad</strong></span> <span class='ocrx_word' id='word_1_702' title='bbox 217 2207 342 2234; x_wconf 87' lang='lat' dir='ltr'><strong>virtutem</strong></span> <span class='ocrx_word' id='word_1_703' title='bbox 356 2206 500 2241; x_wconf 87' lang='lat' dir='ltr'><strong>pertinent,</strong></span> <span class='ocrx_word' id='word_1_704' title='bbox 515 2206 674 2240; x_wconf 76' lang='lat' dir='ltr'><strong>praecipere;</strong></span> <span class='ocrx_word' id='word_1_705' title='bbox 688 2212 748 2238; x_wconf 59' lang='lat' dir='ltr'><strong>quia</strong></span> <span class='ocrx_word' id='word_1_706' title='bbox 763 2211 827 2232; x_wconf 85' lang='lat' dir='ltr'><strong>vero</strong></span> <span class='ocrx_word' id='word_1_707' title='bbox 841 2212 873 2231; x_wconf 83' lang='lat' dir='ltr'><strong>ex</strong></span> <span class='ocrx_word' id='word_1_708' title='bbox 886 2211 945 2231; x_wconf 84' lang='lat' dir='ltr'><strong>sese</strong></span> 
     </span>
    </p>
   </div>
   <div class='ocr_carea' id='block_1_94' title="bbox 163 2249 947 2286">
    <p class='ocr_par' dir='ltr' id='par_1_94' title="bbox 163 2249 947 2286">
     <span class='ocr_line' id='line_1_94' title="bbox 163 2249 947 2286; baseline -0.006 -5"><span class='ocrx_word' id='word_1_709' title='bbox 163 2257 228 2281; x_wconf 87' lang='lat' dir='ltr'><strong>sunt</strong></span> <span class='ocrx_word' id='word_1_710' title='bbox 242 2252 431 2285; x_wconf 70' lang='lat' dir='ltr'><strong>indifferentia,</strong></span> <span class='ocrx_word' id='word_1_711' title='bbox 453 2259 502 2279; x_wconf 93' lang='lat' dir='ltr'><strong>suo</strong></span> <span class='ocrx_word' id='word_1_712' title='bbox 518 2252 578 2278; x_wconf 91' lang='lat' dir='ltr'><strong>loco</strong></span> <span class='ocrx_word' id='word_1_713' title='bbox 594 2251 756 2286; x_wconf 79' lang='lat' dir='ltr'><strong>relinquere,</strong></span> <span class='ocrx_word' id='word_1_714' title='bbox 776 2258 808 2277; x_wconf 86' lang='lat' dir='ltr'><strong>ea</strong></span> <span class='ocrx_word' id='word_1_715' title='bbox 823 2249 947 2277; x_wconf 83' lang='lat' dir='ltr'><strong>videlicet</strong></span> 
     </span>
    </p>
   </div>
   <div class='ocr_carea' id='block_1_95' title="bbox 163 2298 947 2335">
    <p class='ocr_par' dir='ltr' id='par_1_95' title="bbox 163 2298 947 2335">
     <span class='ocr_line' id='line_1_95' title="bbox 163 2298 947 2335; baseline -0.008 -8"><span class='ocrx_word' id='word_1_716' title='bbox 163 2307 223 2335; x_wconf 67' lang='lat' dir='ltr'><strong>quae</strong></span> <span class='ocrx_word' id='word_1_717' title='bbox 238 2299 308 2326; x_wconf 87' lang='lat' dir='ltr'><strong>male</strong></span> <span class='ocrx_word' id='word_1_718' title='bbox 319 2298 375 2326; x_wconf 81' lang='lat' dir='ltr'><strong>ﬁeri</strong></span> <span class='ocrx_word' id='word_1_719' title='bbox 386 2304 510 2333; x_wconf 81' lang='lat' dir='ltr'><strong>possunt,</strong></span> <span class='ocrx_word' id='word_1_720' title='bbox 528 2298 551 2325; x_wconf 88' lang='lat' dir='ltr'><strong>si</strong></span> <span class='ocrx_word' id='word_1_721' title='bbox 561 2306 594 2325; x_wconf 78' lang='lat' dir='ltr'><strong>ex</strong></span> <span class='ocrx_word' id='word_1_722' title='bbox 612 2298 744 2328; x_wconf 81' lang='lat' dir='ltr'><strong>instituto,</strong></span> <span class='ocrx_word' id='word_1_723' title='bbox 761 2302 787 2323; x_wconf 83' lang='lat' dir='ltr'><strong>et</strong></span> <span class='ocrx_word' id='word_1_724' title='bbox 802 2304 834 2323; x_wconf 84' lang='lat' dir='ltr'><strong>ex</strong></span> <span class='ocrx_word' id='word_1_725' title='bbox 844 2303 875 2322; x_wconf 84' lang='lat' dir='ltr'><strong>ea</strong></span> <span class='ocrx_word' id='word_1_726' title='bbox 886 2302 947 2330; x_wconf 64' lang='lat' dir='ltr'><strong>quae</strong></span> 
     </span>
    </p>
   </div>
   <div class='ocr_carea' id='block_1_96' title="bbox 162 2340 945 2379">
    <p class='ocr_par' dir='ltr' id='par_1_96' title="bbox 162 2340 945 2379">
     <span class='ocr_line' id='line_1_96' title="bbox 162 2340 945 2379; baseline -0.009 -6"><span class='ocrx_word' id='word_1_727' title='bbox 162 2345 189 2373; x_wconf 94' lang='lat' dir='ltr'><strong>in</strong></span> <span class='ocrx_word' id='word_1_728' title='bbox 198 2345 277 2372; x_wconf 91' lang='lat' dir='ltr'><strong>nobis</strong></span> <span class='ocrx_word' id='word_1_729' title='bbox 288 2348 330 2372; x_wconf 88' lang='lat' dir='ltr'><strong>est</strong></span> <span class='ocrx_word' id='word_1_730' title='bbox 341 2344 444 2371; x_wconf 85' lang='lat' dir='ltr'><strong>ratione</strong></span> <span class='ocrx_word' id='word_1_731' title='bbox 453 2344 480 2370; x_wconf 93' lang='lat' dir='ltr'><strong>in</strong></span> <span class='ocrx_word' id='word_1_732' title='bbox 489 2344 523 2370; x_wconf 88' lang='lat' dir='ltr'><strong>iis</strong></span> <span class='ocrx_word' id='word_1_733' title='bbox 532 2351 689 2379; x_wconf 86' lang='lat' dir='ltr'><strong>peccemus;</strong></span> <span class='ocrx_word' id='word_1_734' title='bbox 700 2346 771 2370; x_wconf 89' lang='lat' dir='ltr'><strong>recte</strong></span> <span class='ocrx_word' id='word_1_735' title='bbox 778 2346 866 2368; x_wconf 82' lang='lat' dir='ltr'><strong>autem</strong></span> <span class='ocrx_word' id='word_1_736' title='bbox 877 2340 945 2373; x_wconf 84' lang='lat' dir='ltr'><strong>ﬁeri,</strong></span> 
     </span>
    </p>
   </div>
   <div class='ocr_carea' id='block_1_97' title="bbox 196 2418 1242 2457">
    <p class='ocr_par' dir='ltr' id='par_1_97' title="bbox 196 2418 1242 2457">
     <span class='ocr_line' id='line_1_97' title="bbox 196 2418 1242 2457; baseline -0.007 -5"><span class='ocrx_word' id='word_1_737' title='bbox 196 2425 282 2452; x_wconf 74' lang='lat' dir='ltr'><strong>uIsa.</strong></span> <span class='ocrx_word' id='word_1_738' title='bbox 298 2432 373 2457; x_wconf 75' lang='lat' dir='ltr'><strong>xxxx,</strong></span> <span class='ocrx_word' id='word_1_739' title='bbox 391 2424 434 2451; x_wconf 79' lang='grc'><strong>15.</strong></span> <span class='ocrx_word' id='word_1_740' title='bbox 472 2423 493 2440; x_wconf 72' lang='grc'><strong>⁵³</strong></span> <span class='ocrx_word' id='word_1_741' title='bbox 516 2423 598 2451; x_wconf 81' lang='lat' dir='ltr'><strong>Marc.</strong></span> <span class='ocrx_word' id='word_1_742' title='bbox 615 2431 665 2454; x_wconf 82' lang='lat' dir='ltr'><strong>vn.</strong></span> <span class='ocrx_word' id='word_1_743' title='bbox 693 2422 720 2454; x_wconf 81' lang='lat'><strong>5,</strong></span> <span class='ocrx_word' id='word_1_744' title='bbox 734 2422 759 2448; x_wconf 75' lang='grc'><strong>4.</strong></span> <span class='ocrx_word' id='word_1_745' title='bbox 791 2421 813 2437; x_wconf 78' lang='grc'><strong>⁵⁰</strong></span> <span class='ocrx_word' id='word_1_746' title='bbox 828 2419 922 2447; x_wconf 80' lang='lat' dir='ltr'><strong>Matth.</strong></span> <span class='ocrx_word' id='word_1_747' title='bbox 937 2427 981 2453; x_wconf 82' lang='lat' dir='ltr'><strong>xv,</strong></span> <span class='ocrx_word' id='word_1_748' title='bbox 996 2418 1038 2447; x_wconf 79' lang='lat'><strong>10.</strong></span> <span class='ocrx_word' id='word_1_749' title='bbox 1078 2418 1098 2434; x_wconf 86' lang='lat'><strong>&quot;</strong></span> <span class='ocrx_word' id='word_1_750' title='bbox 1118 2418 1183 2446; x_wconf 88' lang='lat' dir='ltr'><strong>ibid.</strong></span> <span class='ocrx_word' id='word_1_751' title='bbox 1199 2418 1242 2446; x_wconf 85' lang='lat' dir='ltr'><strong>ll.</strong></span> 
     </span>
    </p>
   </div>
   <div class='ocr_carea' id='block_1_98' title="bbox 161 2503 946 2541">
    <p class='ocr_par' dir='ltr' id='par_1_98' title="bbox 161 2503 946 2541">
     <span class='ocr_line' id='line_1_98' title="bbox 161 2503 946 2541; baseline -0.005 -8"><span class='ocrx_word' id='word_1_752' title='bbox 161 2507 240 2539; x_wconf 81' lang='lat' dir='ltr'><strong>dunt,</strong></span> <span class='ocrx_word' id='word_1_753' title='bbox 255 2513 317 2533; x_wconf 90' lang='lat' dir='ltr'><strong>cum</strong></span> <span class='ocrx_word' id='word_1_754' title='bbox 335 2506 495 2541; x_wconf 20' lang='lat' dir='ltr'><strong>prmsertimr</strong></span> <span class='ocrx_word' id='word_1_755' title='bbox 513 2505 696 2541; x_wconf 64' lang='grc' dir='ltr'>διδάσκονσιν,</span> <span class='ocrx_word' id='word_1_756' title='bbox 713 2505 756 2531; x_wconf 89' lang='lat' dir='ltr'><strong>hic</strong></span> <span class='ocrx_word' id='word_1_757' title='bbox 770 2503 946 2541; x_wconf 76' lang='lat' dir='ltr'><strong>significatio-</strong></span> 
     </span>
    </p>
   </div>
   <div class='ocr_carea' id='block_1_99' title="bbox 162 2539 946 2572">
    <p class='ocr_par' dir='ltr' id='par_1_99' title="bbox 162 2539 946 2572">
     <span class='ocr_line' id='line_1_99' title="bbox 162 2539 946 2572; baseline -0.005 -3"><span class='ocrx_word' id='word_1_758' title='bbox 162 2549 223 2569; x_wconf 92' lang='lat' dir='ltr'><strong>nem</strong></span> <span class='ocrx_word' id='word_1_759' title='bbox 240 2549 294 2568; x_wconf 85' lang='lat' dir='ltr'><strong>non</strong></span> <span class='ocrx_word' id='word_1_760' title='bbox 310 2539 435 2572; x_wconf 75' lang='lat' dir='ltr'><strong>docendi,</strong></span> <span class='ocrx_word' id='word_1_761' title='bbox 451 2540 497 2567; x_wconf 87' lang='lat' dir='ltr'><strong>sed</strong></span> <span class='ocrx_word' id='word_1_762' title='bbox 511 2539 631 2566; x_wconf 83' lang='lat' dir='ltr'><strong>discendi</strong></span> <span class='ocrx_word' id='word_1_763' title='bbox 642 2539 764 2566; x_wconf 86' lang='lat' dir='ltr'><strong>obtinere</strong></span> <span class='ocrx_word' id='word_1_764' title='bbox 775 2539 906 2570; x_wconf 87' lang='lat' dir='ltr'><strong>videatur,</strong></span> <span class='ocrx_word' id='word_1_765' title='bbox 917 2542 946 2565; x_wconf 83' lang='lat' dir='ltr'><strong>ut</strong></span> 
     </span>
    </p>
   </div>
   <div class='ocr_carea' id='block_1_100' title="bbox 163 2573 681 2611">
    <p class='ocr_par' dir='ltr' id='par_1_100' title="bbox 163 2573 681 2611">
     <span class='ocr_line' id='line_1_100' title="bbox 163 2573 681 2611; baseline -0.006 -8"><span class='ocrx_word' id='word_1_766' title='bbox 163 2576 232 2603; x_wconf 83' lang='lat' dir='ltr'><strong>infra</strong></span> <span class='ocrx_word' id='word_1_767' title='bbox 246 2583 355 2611; x_wconf 86' lang='lat' dir='ltr'><strong>quoque</strong></span> <span class='ocrx_word' id='word_1_768' title='bbox 371 2575 535 2611; x_wconf 76' lang='lat' dir='ltr'><strong>notabimus.</strong></span> <span class='ocrx_word' id='word_1_769' title='bbox 550 2573 681 2611; x_wconf 63' lang='lat' dir='ltr'><strong>lim-artus.</strong></span> 
     </span>
    </p>
   </div>
   <div class='ocr_carea' id='block_1_101' title="bbox 197 2607 943 2645">
    <p class='ocr_par' dir='ltr' id='par_1_101' title="bbox 197 2607 943 2645">
     <span class='ocr_line' id='line_1_101' title="bbox 197 2607 943 2645; baseline -0.005 -7"><span class='ocrx_word' id='word_1_770' title='bbox 197 2607 263 2645; x_wconf 53' lang='lat'><strong>(9.5)-</strong></span> <span class='ocrx_word' id='word_1_771' title='bbox 272 2607 325 2638; x_wconf 79' lang='grc' dir='ltr'><strong>Κίὶὶ</strong></span> <span class='ocrx_word' id='word_1_772' title='bbox 334 2611 360 2637; x_wconf 81' lang='lat' dir='ltr'><strong>ol</strong></span> <span class='ocrx_word' id='word_1_773' title='bbox 372 2608 660 2645; x_wconf 52' lang='grc' dir='ltr'>ὀλίγῳ-διαφέροντες</span> <span class='ocrx_word' id='word_1_774' title='bbox 667 2607 943 2645; x_wconf 38' lang='grc' dir='ltr'><strong>αὐτῶνῌᾘϐιωτῄαῖοι.</strong></span> 
     </span>
    </p>
   </div>
   <div class='ocr_carea' id='block_1_102' title="bbox 163 2643 946 2680">
    <p class='ocr_par' dir='ltr' id='par_1_102' title="bbox 163 2643 946 2680">
     <span class='ocr_line' id='line_1_102' title="bbox 163 2643 946 2680; baseline -0.004 -8"><span class='ocrx_word' id='word_1_775' title='bbox 163 2643 249 2679; x_wconf 83' lang='lat' dir='ltr'><strong>Quam</strong></span> <span class='ocrx_word' id='word_1_776' title='bbox 268 2643 444 2680; x_wconf 20' lang='lat' dir='ltr'><strong>proximeia&#39;d</strong></span> <span class='ocrx_word' id='word_1_777' title='bbox 456 2643 564 2680; x_wconf 62' lang='lat' dir='ltr'><strong>Judreos</strong></span> <span class='ocrx_word' id='word_1_778' title='bbox 581 2644 740 2680; x_wconf 53' lang='lat' dir='ltr'><strong>accederent</strong></span> <span class='ocrx_word' id='word_1_779' title='bbox 759 2643 879 2680; x_wconf 63' lang='lat' dir='ltr'><strong>Ehiongei</strong></span> <span class='ocrx_word' id='word_1_780' title='bbox 897 2643 946 2680; x_wconf 78' lang='lat' dir='ltr'><strong>do-</strong></span> 
     </span>
    </p>
   </div>
   <div class='ocr_carea' id='block_1_103' title="bbox 162 2677 940 2712">
    <p class='ocr_par' dir='ltr' id='par_1_103' title="bbox 162 2677 940 2712">
     <span class='ocr_line' id='line_1_103' title="bbox 162 2677 940 2712; baseline -0.004 -5"><span class='ocrx_word' id='word_1_781' title='bbox 162 2677 223 2707; x_wconf 49' lang='lat' dir='ltr'><strong>c&#39;ent</strong></span> <span class='ocrx_word' id='word_1_782' title='bbox 244 2677 372 2711; x_wconf 59' lang='lat' dir='ltr'><strong>lr&#39;enaaus,</strong></span> <span class='ocrx_word' id='word_1_783' title='bbox 398 2678 563 2712; x_wconf 85' lang='lat' dir='ltr'><strong>Epiphanius</strong></span> <span class='ocrx_word' id='word_1_784' title='bbox 582 2682 608 2705; x_wconf 88' lang='lat' dir='ltr'><strong>et</strong></span> <span class='ocrx_word' id='word_1_785' title='bbox 624 2678 818 2705; x_wconf 82' lang='lat' dir='ltr'><strong>Tlteodorctns.</strong></span> <span class='ocrx_word' id='word_1_786' title='bbox 833 2677 891 2705; x_wconf 86' lang='lat' dir='ltr'><strong>Non</strong></span> <span class='ocrx_word' id='word_1_787' title='bbox 906 2677 940 2704; x_wconf 86' lang='lat' dir='ltr'><strong>ab</strong></span> 
     </span>
    </p>
   </div>
   <div class='ocr_carea' id='block_1_104' title="bbox 136 2713 940 2748">
    <p class='ocr_par' dir='ltr' id='par_1_104' title="bbox 136 2713 940 2748">
     <span class='ocr_line' id='line_1_104' title="bbox 136 2713 940 2748; baseline -0.002 -7"><span class='ocrx_word' id='word_1_788' title='bbox 136 2720 142 2726; x_wconf 87' lang='lat'>&#39;</span> <span class='ocrx_word' id='word_1_789' title='bbox 162 2715 277 2748; x_wconf 90' lang='lat' dir='ltr'><strong>impuris</strong></span> <span class='ocrx_word' id='word_1_790' title='bbox 291 2719 380 2741; x_wconf 85' lang='lat' dir='ltr'><strong>autem</strong></span> <span class='ocrx_word' id='word_1_791' title='bbox 394 2714 462 2741; x_wconf 80' lang='lat' dir='ltr'><strong>cibis</strong></span> <span class='ocrx_word' id='word_1_792' title='bbox 474 2713 653 2745; x_wconf 83' lang='lat' dir='ltr'><strong>solummodo,</strong></span> <span class='ocrx_word' id='word_1_793' title='bbox 666 2714 711 2740; x_wconf 85' lang='lat' dir='ltr'><strong>sed</strong></span> <span class='ocrx_word' id='word_1_794' title='bbox 727 2718 753 2740; x_wconf 91' lang='lat' dir='ltr'><strong>et</strong></span> <span class='ocrx_word' id='word_1_795' title='bbox 767 2714 801 2740; x_wconf 88' lang='lat' dir='ltr'><strong>ab</strong></span> <span class='ocrx_word' id='word_1_796' title='bbox 813 2713 940 2740; x_wconf 87' lang='lat' dir='ltr'><strong>animatis</strong></span> 
     </span>
    </p>
   </div>
   <div class='ocr_carea' id='block_1_105' title="bbox 164 2748 939 2782">
    <p class='ocr_par' dir='ltr' id='par_1_105' title="bbox 164 2748 939 2782">
     <span class='ocr_line' id='line_1_105' title="bbox 164 2748 939 2782; baseline 0 -8"><span class='ocrx_word' id='word_1_797' title='bbox 164 2749 290 2776; x_wconf 77' lang='lat' dir='ltr'><strong>ontnibus</strong></span> <span class='ocrx_word' id='word_1_798' title='bbox 303 2757 351 2776; x_wconf 78' lang='lat' dir='ltr'><strong>eos</strong></span> <span class='ocrx_word' id='word_1_799' title='bbox 367 2748 542 2781; x_wconf 84' lang='lat' dir='ltr'><strong>abstinuisse,</strong></span> <span class='ocrx_word' id='word_1_800' title='bbox 558 2756 590 2775; x_wconf 88' lang='lat' dir='ltr'><strong>ac</strong></span> <span class='ocrx_word' id='word_1_801' title='bbox 606 2755 656 2782; x_wconf 85' lang='lat' dir='ltr'><strong>pro</strong></span> <span class='ocrx_word' id='word_1_802' title='bbox 672 2748 786 2782; x_wconf 80' lang='lat' dir='ltr'><strong>impuris</strong></span> <span class='ocrx_word' id='word_1_803' title='bbox 800 2748 939 2778; x_wconf 78' lang='lat' dir='ltr'><strong>habuisse.</strong></span> 
     </span>
    </p>
   </div>
   <div class='ocr_carea' id='block_1_106' title="bbox 160 2783 939 2818">
    <p class='ocr_par' dir='ltr' id='par_1_106' title="bbox 160 2783 939 2818">
     <span class='ocr_line' id='line_1_106' title="bbox 160 2783 939 2818; baseline -0.001 -9"><span class='ocrx_word' id='word_1_804' title='bbox 160 2783 340 2818; x_wconf 77' lang='lat' dir='ltr'><strong>enmdemque</strong></span> <span class='ocrx_word' id='word_1_805' title='bbox 351 2791 469 2810; x_wconf 76' lang='lat' dir='ltr'><strong>errarent</strong></span> <span class='ocrx_word' id='word_1_806' title='bbox 481 2783 560 2810; x_wconf 85' lang='lat' dir='ltr'><strong>Petro</strong></span> <span class='ocrx_word' id='word_1_807' title='bbox 576 2783 711 2810; x_wconf 70' lang='lat' dir='ltr'><strong>adiunxisse</strong></span> <span class='ocrx_word' id='word_1_808' title='bbox 727 2783 804 2810; x_wconf 87' lang='lat' dir='ltr'><strong>testis</strong></span> <span class='ocrx_word' id='word_1_809' title='bbox 816 2787 857 2810; x_wconf 87' lang='lat' dir='ltr'><strong>est</strong></span> <span class='ocrx_word' id='word_1_810' title='bbox 869 2783 939 2809; x_wconf 77' lang='lat' dir='ltr'><strong>idem</strong></span> 
     </span>
    </p>
   </div>
   <div class='ocr_carea' id='block_1_107' title="bbox 998 2204 1782 2242">
    <p class='ocr_par' dir='ltr' id='par_1_107' title="bbox 998 2204 1782 2242">
     <span class='ocr_line' id='line_1_107' title="bbox 998 2204 1782 2242; baseline 0.003 -11"><span class='ocrx_word' id='word_1_811' title='bbox 998 2204 1070 2237; x_wconf 84' lang='grc' dir='ltr'>κίας,</span> <span class='ocrx_word' id='word_1_812' title='bbox 1085 2205 1140 2231; x_wconf 71' lang='grc' dir='ltr'><strong>καὶ</strong></span> <span class='ocrx_word' id='word_1_813' title='bbox 1165 2205 1343 2240; x_wconf 83' lang='grc' dir='ltr'>προστάσσειν</span> <span class='ocrx_word' id='word_1_814' title='bbox 1355 2205 1399 2231; x_wconf 61' lang='grc' dir='ltr'><strong>’τὰ</strong></span> <span class='ocrx_word' id='word_1_815' title='bbox 1419 2206 1479 2232; x_wconf 74' lang='grc' dir='ltr'>κατ’</span> <span class='ocrx_word' id='word_1_816' title='bbox 1496 2206 1596 2241; x_wconf 83' lang='grc' dir='ltr'>ἀρετήν</span> <span class='ocrx_word' id='word_1_817' title='bbox 1608 2215 1614 2221; x_wconf 89' lang='grc'><strong>·</strong></span> <span class='ocrx_word' id='word_1_818' title='bbox 1635 2206 1669 2233; x_wconf 76' lang='grc' dir='ltr'>τὰ</span> <span class='ocrx_word' id='word_1_819' title='bbox 1692 2207 1721 2233; x_wconf 82' lang='grc' dir='ltr'>δὲ</span> <span class='ocrx_word' id='word_1_820' title='bbox 1744 2207 1782 2242; x_wconf 83' lang='grc' dir='ltr'><strong>τῷ</strong></span> 
     </span>
    </p>
   </div>
   <div class='ocr_carea' id='block_1_108' title="bbox 998 2248 1781 2288">
    <p class='ocr_par' dir='ltr' id='par_1_108' title="bbox 998 2248 1781 2288">
     <span class='ocr_line' id='line_1_108' title="bbox 998 2248 1781 2288; baseline 0.004 -12"><span class='ocrx_word' id='word_1_821' title='bbox 998 2248 1054 2284; x_wconf 75' lang='grc' dir='ltr'>ἰδίῳ</span> <span class='ocrx_word' id='word_1_822' title='bbox 1068 2248 1139 2284; x_wconf 79' lang='grc' dir='ltr'>λόγῳ</span> <span class='ocrx_word' id='word_1_823' title='bbox 1154 2249 1296 2285; x_wconf 80' lang='grc' dir='ltr'>ἀδιάφορα,</span> <span class='ocrx_word' id='word_1_824' title='bbox 1311 2249 1396 2276; x_wconf 75' lang='grc' dir='ltr'>ταῦτα</span> <span class='ocrx_word' id='word_1_825' title='bbox 1412 2250 1458 2285; x_wconf 80' lang='grc' dir='ltr'>ὲᾷν</span> <span class='ocrx_word' id='word_1_826' title='bbox 1470 2251 1515 2277; x_wconf 79' lang='grc' dir='ltr'><strong>ἐπὶ</strong></span> <span class='ocrx_word' id='word_1_827' title='bbox 1530 2251 1630 2287; x_wconf 84' lang='grc' dir='ltr'>χώρας,</span> <span class='ocrx_word' id='word_1_828' title='bbox 1644 2252 1781 2288; x_wconf 80' lang='grc' dir='ltr'>δυνάμενα</span> 
     </span>
    </p>
   </div>
   <div class='ocr_carea' id='block_1_109' title="bbox 996 2293 1784 2333">
    <p class='ocr_par' dir='ltr' id='par_1_109' title="bbox 996 2293 1784 2333">
     <span class='ocr_line' id='line_1_109' title="bbox 996 2293 1784 2333; baseline 0.005 -13"><span class='ocrx_word' id='word_1_829' title='bbox 996 2293 1039 2320; x_wconf 80' lang='grc' dir='ltr'><strong>διὰ</strong></span> <span class='ocrx_word' id='word_1_830' title='bbox 1054 2293 1104 2329; x_wconf 85' lang='grc' dir='ltr'>τὴν</span> <span class='ocrx_word' id='word_1_831' title='bbox 1118 2294 1274 2330; x_wconf 82' lang='grc' dir='ltr'>προαίρεσιν</span> <span class='ocrx_word' id='word_1_832' title='bbox 1289 2295 1336 2321; x_wconf 76' lang='grc' dir='ltr'><strong>καὶ</strong></span> <span class='ocrx_word' id='word_1_833' title='bbox 1350 2295 1395 2322; x_wconf 86' lang='grc' dir='ltr'><strong>τὸν</strong></span> <span class='ocrx_word' id='word_1_834' title='bbox 1408 2296 1436 2321; x_wconf 82' lang='grc' dir='ltr'>ὲν</span> <span class='ocrx_word' id='word_1_835' title='bbox 1450 2296 1514 2331; x_wconf 83' lang='grc' dir='ltr'>ἡμῖν</span> <span class='ocrx_word' id='word_1_836' title='bbox 1528 2296 1615 2330; x_wconf 77' lang='grc' dir='ltr'>λόγον,</span> <span class='ocrx_word' id='word_1_837' title='bbox 1628 2297 1784 2333; x_wconf 83' lang='grc' dir='ltr'>ἁμαρτανό-</span> 
     </span>
    </p>
   </div>
   <div class='ocr_carea' id='block_1_110' title="bbox 999 2336 1784 2376">
    <p class='ocr_par' dir='ltr' id='par_1_110' title="bbox 999 2336 1784 2376">
     <span class='ocr_line' id='line_1_110' title="bbox 999 2336 1784 2376; baseline 0.008 -13"><span class='ocrx_word' id='word_1_838' title='bbox 999 2346 1065 2373; x_wconf 87' lang='grc' dir='ltr'>μενα</span> <span class='ocrx_word' id='word_1_839' title='bbox 1092 2338 1142 2373; x_wconf 79' lang='grc' dir='ltr'><strong>μὲν</strong></span> <span class='ocrx_word' id='word_1_840' title='bbox 1161 2338 1253 2370; x_wconf 81' lang='grc' dir='ltr'>κακῶς</span> <span class='ocrx_word' id='word_1_841' title='bbox 1276 2336 1452 2374; x_wconf 72' lang='grc' dir='ltr'>πράττεσθαι,</span> <span class='ocrx_word' id='word_1_842' title='bbox 1474 2340 1677 2376; x_wconf 86' lang='grc' dir='ltr'>κατορθούμενα</span> <span class='ocrx_word' id='word_1_843' title='bbox 1692 2341 1722 2368; x_wconf 79' lang='grc' dir='ltr'>δὲ</span> <span class='ocrx_word' id='word_1_844' title='bbox 1740 2341 1784 2376; x_wconf 74' lang='grc' dir='ltr'><strong>γε·</strong></span> 
     </span>
    </p>
   </div>
   <div class='ocr_carea' id='block_1_111' title="bbox 1283 2418 1518 2454">
    <p class='ocr_par' dir='ltr' id='par_1_111' title="bbox 1283 2418 1518 2454">
     <span class='ocr_line' id='line_1_111' title="bbox 1283 2418 1518 2454; baseline 0.013 -9"><span class='ocrx_word' id='word_1_845' title='bbox 1283 2420 1306 2435; x_wconf 79' lang='lat'><strong>&quot;</strong></span> <span class='ocrx_word' id='word_1_846' title='bbox 1318 2418 1401 2447; x_wconf 85' lang='lat' dir='ltr'><strong>Marc.</strong></span> <span class='ocrx_word' id='word_1_847' title='bbox 1414 2428 1461 2454; x_wconf 79' lang='lat' dir='ltr'><strong>vn,</strong></span> <span class='ocrx_word' id='word_1_848' title='bbox 1475 2420 1518 2448; x_wconf 79' lang='lat' dir='ltr'><strong>l9.</strong></span> 
     </span>
    </p>
   </div>
   <div class='ocr_carea' id='block_1_112' title="bbox 995 2500 1785 2536">
    <p class='ocr_par' dir='ltr' id='par_1_112' title="bbox 995 2500 1785 2536">
     <span class='ocr_line' id='line_1_112' title="bbox 995 2500 1785 2536; baseline 0.009 -8"><span class='ocrx_word' id='word_1_849' title='bbox 995 2501 1173 2536; x_wconf 85' lang='lat' dir='ltr'><strong>Epiphanius,</strong></span> <span class='ocrx_word' id='word_1_850' title='bbox 1185 2500 1282 2528; x_wconf 70' lang='lat' dir='ltr'><strong>haeres.</strong></span> <span class='ocrx_word' id='word_1_851' title='bbox 1298 2509 1362 2528; x_wconf 74' lang='lat' dir='ltr'><strong>xxx.</strong></span> <span class='ocrx_word' id='word_1_852' title='bbox 1379 2501 1432 2530; x_wconf 85' lang='lat' dir='ltr'><strong>Nec</strong></span> <span class='ocrx_word' id='word_1_853' title='bbox 1445 2501 1635 2531; x_wconf 65' lang='lat' dir='ltr'><strong>Ebionmorum</strong></span> <span class='ocrx_word' id='word_1_854' title='bbox 1650 2504 1785 2535; x_wconf 73' lang='lat' dir='ltr'><strong>duntaxat</strong></span> 
     </span>
    </p>
   </div>
   <div class='ocr_carea' id='block_1_113' title="bbox 994 2536 1781 2573">
    <p class='ocr_par' dir='ltr' id='par_1_113' title="bbox 994 2536 1781 2573">
     <span class='ocr_line' id='line_1_113' title="bbox 994 2536 1781 2573; baseline 0.006 -10"><span class='ocrx_word' id='word_1_855' title='bbox 994 2545 1070 2564; x_wconf 88' lang='lat' dir='ltr'><strong>error</strong></span> <span class='ocrx_word' id='word_1_856' title='bbox 1087 2537 1130 2573; x_wconf 90' lang='lat' dir='ltr'><strong>ille</strong></span> <span class='ocrx_word' id='word_1_857' title='bbox 1142 2536 1202 2573; x_wconf 70' lang='lat' dir='ltr'><strong>fuit,</strong></span> <span class='ocrx_word' id='word_1_858' title='bbox 1214 2544 1274 2570; x_wconf 75' lang='lat' dir='ltr'><strong>qua:</strong></span> <span class='ocrx_word' id='word_1_859' title='bbox 1284 2537 1403 2564; x_wconf 77' lang='lat' dir='ltr'><strong>animata</strong></span> <span class='ocrx_word' id='word_1_860' title='bbox 1420 2537 1535 2573; x_wconf 76' lang='lat' dir='ltr'><strong>fuissent</strong></span> <span class='ocrx_word' id='word_1_861' title='bbox 1550 2540 1702 2573; x_wconf 70' lang='lat' dir='ltr'><strong>respuenda</strong></span> <span class='ocrx_word' id='word_1_862' title='bbox 1714 2549 1764 2568; x_wconf 78' lang='lat' dir='ltr'><strong>cen</strong></span> <span class='ocrx_word' id='word_1_863' title='bbox 1773 2557 1781 2563; x_wconf 83' lang='lat'><strong>-</strong></span> 
     </span>
    </p>
   </div>
   <div class='ocr_carea' id='block_1_114' title="bbox 994 2571 1783 2605">
    <p class='ocr_par' dir='ltr' id='par_1_114' title="bbox 994 2571 1783 2605">
     <span class='ocr_line' id='line_1_114' title="bbox 994 2571 1783 2605; baseline 0.005 -6"><span class='ocrx_word' id='word_1_864' title='bbox 994 2580 1064 2605; x_wconf 80' lang='lat' dir='ltr'><strong>sere,</strong></span> <span class='ocrx_word' id='word_1_865' title='bbox 1079 2572 1124 2599; x_wconf 90' lang='lat' dir='ltr'><strong>sed</strong></span> <span class='ocrx_word' id='word_1_866' title='bbox 1140 2576 1168 2598; x_wconf 88' lang='lat' dir='ltr'><strong>et</strong></span> <span class='ocrx_word' id='word_1_867' title='bbox 1178 2571 1379 2604; x_wconf 72' lang='lat' dir='ltr'><strong>Nazarzeorum,</strong></span> <span class='ocrx_word' id='word_1_868' title='bbox 1392 2576 1418 2599; x_wconf 89' lang='lat' dir='ltr'><strong>et</strong></span> <span class='ocrx_word' id='word_1_869' title='bbox 1433 2571 1672 2605; x_wconf 79' lang='lat' dir='ltr'><strong>Dositheanorum.</strong></span> <span class='ocrx_word' id='word_1_870' title='bbox 1689 2580 1715 2602; x_wconf 85' lang='lat' dir='ltr'><strong>et</strong></span> <span class='ocrx_word' id='word_1_871' title='bbox 1728 2575 1783 2604; x_wconf 79' lang='lat' dir='ltr'><strong>Va—</strong></span> 
     </span>
    </p>
   </div>
   <div class='ocr_carea' id='block_1_115' title="bbox 993 2606 1782 2640">
    <p class='ocr_par' dir='ltr' id='par_1_115' title="bbox 993 2606 1782 2640">
     <span class='ocr_line' id='line_1_115' title="bbox 993 2606 1782 2640; baseline 0.004 -6"><span class='ocrx_word' id='word_1_872' title='bbox 993 2607 1134 2638; x_wconf 85' lang='lat' dir='ltr'><strong>lesiorum,</strong></span> <span class='ocrx_word' id='word_1_873' title='bbox 1148 2611 1175 2633; x_wconf 88' lang='lat' dir='ltr'><strong>et</strong></span> <span class='ocrx_word' id='word_1_874' title='bbox 1186 2606 1366 2640; x_wconf 90' lang='lat' dir='ltr'><strong>quorumdam</strong></span> <span class='ocrx_word' id='word_1_875' title='bbox 1382 2615 1397 2634; x_wconf 86' lang='lat' dir='ltr'><strong>e</strong></span> <span class='ocrx_word' id='word_1_876' title='bbox 1410 2606 1611 2637; x_wconf 83' lang='lat' dir='ltr'><strong>Salurttilianis.</strong></span> <span class='ocrx_word' id='word_1_877' title='bbox 1628 2614 1653 2635; x_wconf 90' lang='lat' dir='ltr'><strong>et</strong></span> <span class='ocrx_word' id='word_1_878' title='bbox 1665 2609 1782 2637; x_wconf 79' lang='lat' dir='ltr'><strong>Marcio-</strong></span> 
     </span>
    </p>
   </div>
   <div class='ocr_carea' id='block_1_116' title="bbox 994 2641 1782 2675">
    <p class='ocr_par' dir='ltr' id='par_1_116' title="bbox 994 2641 1782 2675">
     <span class='ocr_line' id='line_1_116' title="bbox 994 2641 1782 2675; baseline 0.004 -6"><span class='ocrx_word' id='word_1_879' title='bbox 994 2642 1084 2673; x_wconf 88' lang='lat' dir='ltr'><strong>nistis,</strong></span> <span class='ocrx_word' id='word_1_880' title='bbox 1097 2646 1133 2672; x_wconf 85' lang='lat' dir='ltr'><strong>et,</strong></span> <span class='ocrx_word' id='word_1_881' title='bbox 1151 2642 1174 2669; x_wconf 92' lang='lat' dir='ltr'><strong>si</strong></span> <span class='ocrx_word' id='word_1_882' title='bbox 1185 2641 1332 2675; x_wconf 70' lang='lat' dir='ltr'><strong>Philastrio</strong></span> <span class='ocrx_word' id='word_1_883' title='bbox 1343 2641 1410 2669; x_wconf 84' lang='lat' dir='ltr'><strong>ﬁdes</strong></span> <span class='ocrx_word' id='word_1_884' title='bbox 1420 2648 1472 2675; x_wconf 89' lang='lat' dir='ltr'><strong>est,</strong></span> <span class='ocrx_word' id='word_1_885' title='bbox 1485 2642 1677 2674; x_wconf 78' lang='lat' dir='ltr'><strong>Aerianowm.</strong></span> <span class='ocrx_word' id='word_1_886' title='bbox 1691 2650 1718 2672; x_wconf 81' lang='lat' dir='ltr'><strong>et</strong></span> <span class='ocrx_word' id='word_1_887' title='bbox 1730 2645 1782 2672; x_wconf 85' lang='lat' dir='ltr'><strong>En-</strong></span> 
     </span>
    </p>
   </div>
   <div class='ocr_carea' id='block_1_117' title="bbox 995 2673 1780 2712">
    <p class='ocr_par' dir='ltr' id='par_1_117' title="bbox 995 2673 1780 2712">
     <span class='ocr_line' id='line_1_117' title="bbox 995 2673 1780 2712; baseline 0.005 -9"><span class='ocrx_word' id='word_1_888' title='bbox 995 2677 1165 2712; x_wconf 72' lang='lat' dir='ltr'><strong>cratitarum,</strong></span> <span class='ocrx_word' id='word_1_889' title='bbox 1187 2681 1215 2703; x_wconf 92' lang='lat' dir='ltr'><strong>et</strong></span> <span class='ocrx_word' id='word_1_890' title='bbox 1236 2673 1469 2710; x_wconf 54' lang='lat' dir='ltr'><strong>Manieltarorum,</strong></span> <span class='ocrx_word' id='word_1_891' title='bbox 1483 2682 1510 2704; x_wconf 84' lang='lat' dir='ltr'><strong>et</strong></span> <span class='ocrx_word' id='word_1_892' title='bbox 1530 2679 1575 2712; x_wconf 92' lang='lat' dir='ltr'><strong>qui</strong></span> <span class='ocrx_word' id='word_1_893' title='bbox 1597 2686 1631 2705; x_wconf 70' lang='lat' dir='ltr'><strong>ex</strong></span> <span class='ocrx_word' id='word_1_894' title='bbox 1651 2679 1706 2707; x_wconf 90' lang='lat' dir='ltr'><strong>illis</strong></span> <span class='ocrx_word' id='word_1_895' title='bbox 1726 2681 1780 2708; x_wconf 82' lang='lat' dir='ltr'><strong>erti</strong></span> 
     </span>
    </p>
   </div>
   <div class='ocr_carea' id='block_1_118' title="bbox 993 2704 1782 2750">
    <p class='ocr_par' dir='ltr' id='par_1_118' title="bbox 993 2704 1782 2750">
     <span class='ocr_line' id='line_1_118' title="bbox 993 2704 1782 2750; baseline -0.001 -11"><span class='ocrx_word' id='word_1_896' title='bbox 993 2717 1066 2750; x_wconf 77' lang='lat' dir='ltr'><strong>sunt,</strong></span> <span class='ocrx_word' id='word_1_897' title='bbox 1081 2704 1361 2750; x_wconf 65' lang='lat' dir='ltr'><strong>Priscillianistarurn,</strong></span> <span class='ocrx_word' id='word_1_898' title='bbox 1373 2704 1642 2750; x_wconf 65' lang='lat' dir='ltr'><strong>et_Apota_eticornrn,</strong></span> <span class='ocrx_word' id='word_1_899' title='bbox 1651 2704 1782 2750; x_wconf 54' lang='grc' dir='ltr'><strong>ἔᾴἰῖλίέιίὶ</strong></span> 
     </span>
    </p>
   </div>
   <div class='ocr_carea' id='block_1_119' title="bbox 994 2746 1780 2784">
    <p class='ocr_par' dir='ltr' id='par_1_119' title="bbox 994 2746 1780 2784">
     <span class='ocr_line' id='line_1_119' title="bbox 994 2746 1780 2784; baseline 0.008 -12"><span class='ocrx_word' id='word_1_900' title='bbox 994 2747 1162 2784; x_wconf 57' lang='lat' dir='ltr'><strong>stolicorum.</strong></span> <span class='ocrx_word' id='word_1_901' title='bbox 1198 2746 1285 2784; x_wconf 75' lang='lat' dir='ltr'><strong>Quam</strong></span> <span class='ocrx_word' id='word_1_902' title='bbox 1322 2746 1454 2784; x_wconf 83' lang='lat' dir='ltr'><strong>insaniam</strong></span> <span class='ocrx_word' id='word_1_903' title='bbox 1486 2747 1625 2784; x_wconf 71' lang='lat' dir='ltr'><strong>damnarjt</strong></span> <span class='ocrx_word' id='word_1_904' title='bbox 1659 2746 1780 2784; x_wconf 76' lang='lat' dir='ltr'><strong>synodus</strong></span> 
     </span>
    </p>
   </div>
   <div class='ocr_carea' id='block_1_120' title="bbox 994 2778 1637 2816">
    <p class='ocr_par' dir='ltr' id='par_1_120' title="bbox 994 2778 1637 2816">
     <span class='ocr_line' id='line_1_120' title="bbox 994 2778 1637 2816; baseline -0.002 -8"><span class='ocrx_word' id='word_1_905' title='bbox 994 2778 1094 2816; x_wconf 83' lang='lat' dir='ltr'><strong>Gangr.</strong></span> <span class='ocrx_word' id='word_1_906' title='bbox 1108 2789 1168 2808; x_wconf 84' lang='lat' dir='ltr'><strong>can.</strong></span> <span class='ocrx_word' id='word_1_907' title='bbox 1189 2789 1218 2814; x_wconf 89' lang='lat' dir='ltr'><strong>ll,</strong></span> <span class='ocrx_word' id='word_1_908' title='bbox 1236 2781 1342 2815; x_wconf 86' lang='lat' dir='ltr'><strong>aliaque</strong></span> <span class='ocrx_word' id='word_1_909' title='bbox 1356 2782 1469 2809; x_wconf 84' lang='lat' dir='ltr'><strong>subinde</strong></span> <span class='ocrx_word' id='word_1_910' title='bbox 1484 2782 1581 2810; x_wconf 87' lang='lat' dir='ltr'><strong>concil.</strong></span> <span class='ocrx_word' id='word_1_911' title='bbox 1600 2781 1637 2808; x_wconf 71' lang='grc' dir='ltr'><strong>ιι».</strong></span> 
     </span>
    </p>
   </div>
  </div>
