1880 3045
115 112 165 140 Ml

610 113 784 141 COMMENT.
807 113 839 140 IN
859 112 1066 143 MATTILEUM
1086 116 1205 145 TO‘MUS
1227 117 1270 144 XI.

1685 119 1738 147 9H

116 169 229 205 γνεσθαι
255 170 354 203 καλῶς.
375 170 466 198 Ταῦτα
481 171 509 198 δέ
520 180 559 203 τις
573 171 708 206 ὲπεμελῶς
721 173 829 207 νοήσας,
842 173 890 207 ὀψε

954 172 1035 209 495
1049 174 1070 201 si
1084 175 1118 202 ad
1133 175 1234 202 bonum
1251 175 1330 202 linem
1343 175 1534 210 perducantur.
1545 175 1584 202 Ad
1601 176 1658 203 haec
1673 184 1737 204 veru

116 222 171 247 ται,
185 215 226 242 ὅτι
242 217 288 243 καὶ
297 217 332 243 τὰ
343 217 504 252 νομιζόμενα
518 217 607 252 ἀγαθὰ
621 215 676 244 οἷόν
692 215 724 245 τέ
733 219 799 249 ἐστι,
813 218 904 249 κακῶς

116 261 165 288 καὶ
183 262 237 288 ἀπὸ
255 262 358 295 πάθους
377 263 502 295 λαϐόντα,
525 264 701 299 ἁμαρτάνειν,
716 264 763 290 καὶ
778 263 812 290 τὰ
826 264 903 298 λεγό-

116 315 187 343 μενα
204 308 356 344 ἀκάθαρτα,
374 309 485 336 δυνατὸν
499 309 569 336 κατὰ
585 309 662 343 λόγον
678 310 707 335 ἐν
723 311 818 345 χρήσει
838 311 904 345 ἡμῖν

115 353 258 388 γινόμενα,
274 353 424 388 λογίζεσθαι
437 355 552 390 καθαρά.
565 356 670 390 ’Ὠσπερ
682 355 736 390 γὰρ
751 355 797 381 τοῦ
815 356 904 390 ἀμαρ-

115 399 243 431 τάνοντος
266 400 390 426 Ἰουδαίου
411 401 428 435 ἡ
450 401 584 436 περιτομὴ
605 401 645 432 εἰς
660 401 842 436 ἀκροὸυστίαν
865 402 904 428 λο-

114 445 286 480 γισθήσεται,
306 445 351 472 τοῦ
373 446 401 472 δὲ
422 446 615 482 κατορθοῦντος
635 447 689 473 ἀπὸ
711 447 764 473 τῶν
787 447 870 474 ἐθνῶν

114 489 284 524 ἀκροϐυστία
297 491 337 522 είς
348 491 508 526 περιτομὴν,
524 491 610 522 οὕτως
621 492 655 518 τὰ
676 491 724 527 μὲν
740 492 903 527 νομιζόμενα

114 536 228 572 καθαρὰ
244 536 432 573 λογισθήσεται
451 538 491 569 εἰς
512 538 654 574 ἀκάθαρτα
672 538 710 573 τῷ
733 538 770 574 μὴ
791 539 903 572 δεόντως

113 583 218 615 αὐτοῖς,
234 583 300 619 μηδὲ
317 584 361 610 ὅτε
383 584 432 616 δεῖ,
457 584 524 620 μηδὲ
539 585 600 611 ὅσον
617 585 657 612 δεῖ
673 584 740 620 (26),
759 585 825 621 μηδὲ
842 585 902 613 ὃθεν

113 629 157 656 δεῖ
172 629 321 665 χρωμένῳ’
334 629 367 656 τὰ
386 629 414 655 δὲ
429 630 560 665 λεγόμενα
573 630 714 666 ἀκάθαρτα
733 641 742 657 t
763 632 851 659 πάντα
862 632 903 667 γί-

113 683 191 702 νεται
205 675 311 710 καθαρὰ
326 677 382 707 τοῖς
397 675 541 711 καθαροῖς·
560 677 617 708 τοίς
635 676 689 712 γὰρ
708 678 904 712 μεμιασμένοις

113 721 164 746 καὶ
188 720 310 752 ἀπίστοις
331 721 406 747 οὐδὲν
426 721 555 757 καθαρὸν,
577 722 638 748 ἐπεὶ
655 722 800 758 μεμίανται
814 723 902 750 αὐτῶν

113 765 164 792 καὶ
181 767 196 791 ὁ
218 766 290 798 νοῦς,
305 766 352 792 καὶ¹
372 767 388 801 ὴ
406 766 555 802 συνείδησις
568 775 575 781 ’
598 777 607 792 ι
627 768 673 794 καὶ
688 767 782 800 ταῦτα,
802 777 902 804 μεμια-

114 811 215 845 σμένα,
233 811 340 838 ἅπαντα
356 813 428 838 ποιεῖ
445 811 532 848 μιαρὰ
553 809 590 838 ὧν
605 812 638 839 ἂν
661 812 777 848 ἅψηται·
794 813 832 844 ὡς
850 813 902 840 πά-

112 855 155 881 λιν
179 856 211 882 ὲκ
233 855 279 881 τοῦ
305 856 425 882 ἐναντίου
445 857 459 882 6
474 856 591 890 καθαρὸς
613 855 675 887 νοῦς
693 857 738 883 καὶ
757 857 773 892 ή
794 855 902 892 καθαρὰ

113 901 268 935 συνείδησις
288 901 375 927 πάντα
389 902 461 927 ποιεῖ
481 901 598 937 καθαρὰ,
617 901 668 928 κᾶν
680 902 744 937 δοκῇ
761 902 902 938 ἀκάθαρτα

112 947 259 982 τυγχάνειν
270 956 276 962 -
292 947 322 973 οὺ
338 946 392 983 γὰρ
407 947 460 974 ἀπὸ
478 947 634 980 ἀκολασίας,
650 948 710 974 οὐδὲ
721 948 774 974 άπὸ
794 949 902 985 φιληδο-

111 992 187 1025 νίας,
208 993 268 1020 οὐδὲ
290 993 358 1028 μετὰ
379 993 540 1029 διακρίσεως
561 993 756 1030 περιελκοὺσης
776 995 815 1026 εἰς
838 995 902 1022 ἐκά-

113 1047 184 1074 τερα
208 1040 232 1065 οί
253 1039 351 1066 δίκαιοι
374 1039 492 1075 χρῶνται
517 1041 572 1072 τοῖς
592 1040 732 1076 βρώμασιν
747 1041 764 1076 ἢ
787 1041 900 1076 πόμασι,

114 1084 287 1120 μεμνημένοι
302 1084 348 1112 τοῦ
362 1094 368 1100 ·
397 1095 405 1111 ι
430 1085 491 1112 Εἴτε
512 1085 626 1118 ἐσθίετε,
647 1086 702 1112 εἴτε
725 1087 828 1117 πίνετε,
847 1086 901 1113 εἴτε

111 1130 181 1156 ἄλλο
194 1122 304 1162 ποιεῖτε,
316 1132 355 1162 είς
370 1131 446 1163 δόξαν
457 1130 523 1158 Θεοῦ
536 1132 647 1158 ποιεῖτε.
665 1142 675 1157 ›
689 1132 720 1159 El
733 1133 760 1159 δὲ
771 1133 822 1169 χρὴ
837 1133 902 1160 ὑπο-

112 1175 220 1210 γράψαι
238 1175 273 1203 τὰ
291 1177 361 1203 κατὰ
377 1177 407 1203 τὸ
421 1177 586 1211 Εὑαγγέλιον
601 1177 742 1214 ἀκάθαρτοι
758 1178 899 1214 βρώματα,

112 1221 248 1255 φήσομεν,
264 1221 303 1247 ὅτι
316 1221 427 1248 τοιαῦτά
445 1223 502 1248 ἐστι
520 1221 554 1248 τὰ
570 1222 624 1248 ἀπὸ
644 1223 799 1256 πλεονεξίας
816 1231 900 1249 πεπο-

113 1266 244 1301 ρισμένα,
269 1267 314 1293 καὶ
339 1267 392 1294 ἀπὸ
412 1267 634 1303 αἰσχροκερδείας
655 1269 899 1305 περιγεγενημένα,

113 1311 163 1337 καὶ
182 1312 235 1338 ἀπὸ
251 1312 404 1348 φιληδονίας
423 1313 625 1349 λαμϐανόμενα,
642 1313 688 1341 καὶ
707 1313 762 1341 ἀπὸ
777 1314 824 1341 τοῦ
843 1314 901 1341 θεο-

112 1357 250 1384 ποιείσθαι
268 1359 424 1394 τιμωμένην
447 1360 496 1395 τὴν
517 1360 647 1396 γαστέρα,
668 1359 732 1387 ὅταν
753 1361 832 1396 αὐτὴ,
854 1360 901 1388 καὶ

112 1404 140 1429 αἱ
158 1404 221 1429 κατ’
236 1404 319 1440 αὐτὴν
333 1405 444 1440 ὀρέξεις,
460 1407 506 1433 καὶ
523 1406 560 1442 μὴ
574 1407 588 1433 ό
602 1407 689 1442 λόγος,
707 1408 778 1443 ἄρχῃ
790 1407 839 1443 τῆς
851 1408 901 1442 ψυ-

111 1448 166 1483 χῆς
182 1448 268 1484 ἡμῶν.
291 1449 369 1477 Ἀλλὰ
382 1451 429 1477 καὶ
443 1451 619 1485 γινώσκοντες
636 1452 783 1487 δαιμονίοις
800 1453 901 1489 κεχρῆ-

956 219 1001 254 qui
1018 219 1161 254 diligenter
1181 220 1309 252 altendet.
1329 221 1430 248 videbit
1441 221 1467 248 in
1480 221 1513 248 iis
1523 228 1583 256 quae
1595 221 1664 248 bona
1677 229 1738 248 esse

955 263 1112 298 creduntur,
1124 272 1203 298 posse
1217 272 1278 291 eum
1294 272 1416 300 peccare,
1432 265 1477 300 qui
1491 265 1560 292 male
1572 270 1599 293 et
1609 273 1641 293 ex
1654 273 1738 300 pravo

955 307 1051 335 aﬁ‘ectu
1075 316 1106 336 ea
1131 310 1298 344 susceperit;
1317 312 1420 343 etquae
1442 309 1582 336 immunda
1599 309 1737 342 dicuntur,

955 361 1034 387 posse
1047 361 1095 388 pro
1110 355 1218 381 mundis
1235 354 1365 389 reputari,
1386 355 1409 381 si
1424 361 1486 381 cum
1503 354 1608 381 ratione
1627 354 1660 381 iis
1675 359 1720 382 uta
1731 368 1738 374 -

955 406 1024 426 mur.
1046 398 1279 432 Quemadmodum
1294 399 1365 426 enim
1381 398 1562 434 delinquentis
1581 398 1665 427 Judaei
1685 399 1738 427 cir-

955 444 1086 471 cumcisio
1101 445 1128 471 in
1142 445 1303 479 praeputium
1316 445 1495 479 reputabitur,
1510 449 1537 472 et
1547 444 1646 480 ethnici
1665 449 1738 472 recte

955 489 1080 516 facientis
1105 490 1265 524 przeputium
1289 489 1315 516 in
1339 489 1575 517 circumcisionem
1588 490 1630 523 lu;
1655 489 1694 517 sic
1710 494 1738 518 et

954 541 1014 567 qua:
1034 541 1101 568 pura
1118 533 1320 567 existimantur,
1336 541 1384 568 pro
1399 534 1514 569 impuris
1531 535 1738 568 imputabuntur

953 577 988 610 ei,
1003 577 1048 612 qui
1066 586 1115 605 nec
1130 578 1256 606 decenter
1268 578 1312 610 iis,
1328 586 1416 614 neque
1430 579 1539 614 quando
1557 584 1673 614 oportet,
1689 589 1738 608 ne-

953 630 1006 658 que
1021 623 1092 650 unde
1109 628 1225 658 oportet,
1248 624 1345 656 utitur;
1365 632 1426 659 qua:
1449 630 1538 652 autem
1565 625 1671 662 impura
1693 626 1736 654 di-

953 674 1062 701 etlntur,
1081 679 1090 695 ι
1105 671 1196 698 omnia
1213 671 1281 698 ﬁunt
1296 671 1396 698 munda
1410 671 1518 699 mundis
1532 680 1538 697 :
1552 671 1737 706 coinquinatis
1751 674 1755 678 “

952 715 1024 742 enim
1042 719 1069 742 ct
1086 715 1240 744 infidelibus
1256 716 1323 744 nihil
1337 721 1378 744 est
1393 717 1536 750 mundum,
1552 718 1681 752 quoniam
1694 718 1735 745 in-

953 762 1071 796 quinata
1085 766 1149 789 sunt
1162 770 1256 790 eorum
1273 768 1300 790 et
1311 769 1387 790 mens
1411 767 1438 790 et
1451 763 1615 791 conscientia
1625 763 1666 797 ’λς
1686 773 1695 789 ι
1710 769 1737 792 et

953 807 1011 834 haec
1024 807 1126 842 polluta
1145 816 1208 835 cum
1221 812 1296 841 sunt,
1308 808 1400 835 omnia
1413 808 1517 843 impura
1530 807 1648 836 efficiunt.
1661 816 1735 843 qua:-

953 860 1060 888 cunque
1073 854 1210 889 attigerint
1224 863 1230 880 ε
1243 853 1470 889 quemadmodum
1487 862 1583 882 rursus
1597 862 1612 882 e
1626 859 1736 882 contra-

953 898 994 926 rio
1009 906 1078 934 pura
1095 907 1171 927 mens
1193 904 1219 926 et
1242 907 1309 934 pura
1323 899 1488 927 conscientia
1504 907 1572 935 pura
1586 900 1677 928 omnia
1695 899 1735 927 la-

952 945 1036 979 eiunt,
1052 946 1159 974 etiamsi
1172 946 1278 982 impura
1290 953 1350 974 esse
1363 946 1519 979 vidcantur;
1533 954 1583 974 nec
1596 946 1667 974 enim
1680 954 1736 982 pra:

951 991 1063 1019 lascivia
1085 992 1126 1019 vel
1148 992 1237 1020 studio
1259 992 1416 1028 voluptatis,
1432 999 1520 1027 neque
1539 999 1601 1019 cum
1625 992 1734 1020 dubita-

952 1038 1026 1065 tione
1042 1038 1068 1065 in
1089 1042 1234 1074 utramque
1251 1042 1354 1081 partem
1376 1039 1512 1071 trahente,
1535 1043 1649 1066 utuntur
1667 1039 1733 1074 justi

952 1083 1012 1111 cibo
1032 1088 1059 1111 et
1073 1088 1149 1119 potu,
1164 1092 1299 1112 memores
1319 1085 1383 1112 dicti
1405 1085 1477 1114 illius
1490 1085 1513 1101 ⁵⁸
1527 1095 1533 1111 :
1552 1094 1562 1111 ι
1582 1084 1644 1112 Sive
1657 1093 1734 1112 man-

951 1130 1066 1162 ducatis,
1080 1130 1136 1158 sive
1149 1130 1252 1163 bibitis,
1267 1130 1323 1157 sive
1339 1130 1403 1165 quid
1419 1129 1518 1163 faeitis,
1531 1131 1622 1158 omnia
1638 1131 1664 1158 in
1677 1131 1734 1166 glo-

952 1176 1019 1203 riam
1041 1176 1086 1203 Dei
1103 1175 1192 1204 l'acite.
1214 1186 1224 1203 ι
1249 1176 1326 1210 Quod
1342 1177 1364 1204 si
1379 1176 1537 1212 designandi
1559 1181 1622 1205 sunt
1646 1177 1664 1204 ii
1685 1178 1733 1213 qui

949 1222 1026 1257 juxta
1046 1221 1222 1258 Evangelium
1238 1222 1337 1257 impuri
1355 1227 1419 1250 sunt
1434 1223 1500 1257 cibi,
1518 1223 1641 1252 dicemus
1666 1224 1734 1252 tales

951 1275 1011 1296 esse
1030 1262 1092 1296 illos
1108 1268 1154 1303 qui
1166 1269 1200 1296 ab
1213 1268 1325 1296 avaritia
1340 1268 1593 1303 subministrantur,
1608 1274 1635 1297 et
1647 1271 1734 1306 turpis

951 1314 1018 1341 lucri
1033 1315 1124 1341 studio
1143 1319 1344 1349 comparantur,
1356 1319 1383 1342 et
1395 1322 1449 1350 prce
1462 1316 1601 1351 voluptate
1617 1324 1733 1345 sumun-

951 1365 1005 1393 tur,
1032 1364 1059 1388 et
1077 1360 1176 1388 idcirco
1201 1361 1273 1395 quod
1289 1361 1450 1389 honoratum
1473 1367 1594 1390 ventrem
1611 1370 1660 1398 pro
1677 1362 1733 1391 Deo

950 1407 1116 1440 habeamus;
1130 1406 1238 1441 quando
1251 1406 1375 1434 videlicet
1386 1408 1454 1442 ipse,
1463 1407 1576 1443 ejusque
1587 1409 1734 1444 appetitus,

951 1459 1005 1480 non
1019 1452 1098 1486 ratio,
1113 1452 1211 1479 animae
1226 1456 1326 1480 nostrae
1342 1453 1526 1482 dominantur.
1543 1454 1596 1482 Sed
1611 1459 1639 1482 et
1650 1455 1735 1483 scien-

112 1495 180 1522 σθαί
191 1503 260 1528 τινα,
274 1495 290 1530 ἢ
304 1496 340 1531 μὴ
354 1496 532 1530 γινώσκοντες
544 1497 604 1533 μὲν,
619 1498 793 1531 ὑπονοοῦντες
803 1499 840 1531 δὲ,
854 1500 892 1525 κα¹

953 1504 991 1526 tes
1004 1498 1147 1526 daemoniis
1164 1506 1243 1526 usum
1260 1498 1378 1534 aliquem
1390 1498 1485 1532 fuisse,
1501 1500 1544 1527 vel
1559 1508 1614 1528 non
1632 1508 1734 1537 cogn0<

111 1542 313 1577 διακρινόμενοι
329 1543 392 1579 περὶ
406 1543 510 1576 τούτου,
524 1545 547 1571 εἰ
561 1545 734 1580 χρησαίμεθα
747 1546 802 1577 τοῖς
815 1546 902 1572 τοιού-

111 1596 182 1620 τοις,
202 1588 252 1615 οὐκ
269 1589 308 1620 είς
326 1589 403 1622 δόξαν
419 1589 486 1616 Θεοῦ
508 1590 597 1622 αὐτοῖς
614 1591 780 1627 κεχρήμεθα,
797 1591 856 1618 οὐδὲ
872 1592 900 1617 ὲν

112 1634 227 1669 ὀνόματι
242 1634 371 1669 Χριστοῦ,
389 1635 419 1661 οὗ
439 1635 517 1671 μόνον
532 1635 583 1671 τῆς
600 1636 664 1672 περὶ
683 1637 729 1665 τοῦ
740 1637 901 1665 εἰδωλόθυτα

111 1676 187 1706 εἶναι
208 1679 364 1716 ὑπολήψεως
386 1681 600 1717 κατακρινούσης
618 1682 663 1709 τὸν
682 1682 815 1715 ἐσθίοντα,
831 1684 899 1712 ἀλλὰ

111 1726 162 1752 καὶ
182 1726 230 1761 τῆς
247 1727 310 1762 περὶ
322 1726 414 1753 τούτου
429 1726 605 1761 διακρίσεως·
623 1737 632 1752 ι
655 1728 684 1754 '0
699 1728 753 1765 γὰρ
765 1729 901 1765 διακρινόο

114 1766 208 1807 μενος,
228 1772 298 1799 κατὰ
312 1773 356 1800 τὶν
380 1773 549 1805 Ἀπόστολον,
568 1773 614 1800 ἐὰν
635 1774 718 1811 φάγῃ,
733 1776 898 1813 κατακέκρι-

111 1826 170 1850 ται,
186 1817 226 1844 ὃτι
243 1818 293 1845 οὐκ
311 1818 343 1844 ἔκ
362 1818 492 1850 πίστεως·
513 1819 567 1845 πᾶν
587 1819 615 1845 δὲ
632 1819 646 1846 ὅ
660 1820 709 1846 οὐκ
723 1820 755 1846 ὲκ
772 1820 897 1854 πίστεως,

111 1864 238 1900 ἁμαρτία
250 1863 333 1892 ἐστίν.
352 1874 361 1890 ι
381 1864 428 1891 Ἐκ
443 1864 558 1897 πίστεως
574 1865 623 1901 μὲν
635 1864 681 1893 οῦν
693 1866 778 1893 ἐσθίει
790 1868 804 1894 ὁ
819 1876 899 1894 πεπι-

112 1910 236 1943 στευκὼς
251 1911 287 1947 μὴ
307 1912 335 1937 ὲν
349 1911 492 1944 εἰδωλείοις
505 1912 560 1947 (27)
579 1912 706 1939 τεθύσθαι
722 1913 752 1940 τὺ
773 1913 898 1950 ἐσθιόμε-

111 1966 169 1989 νον,
184 1956 251 1993 μηδὲ
261 1958 370 1984 πνικτὸν
380 1957 445 1984 αὐτὸ
455 1955 533 1989 εἶναι,
546 1958 562 1994 ἦ
577 1956 647 1994 αἷμα
657 1967 664 1975 ·
676 1959 725 1985 οὐκ
739 1960 770 1986 ἐκ
783 1960 899 1993 πίστεως

110 2003 140 2030 δὲ
155 2004 171 2030 6
185 2003 249 2039 περὶ
261 2003 362 2030 τούτων
377 2004 448 2036 τινὸς
463 2004 666 2040 διακρινόμενος
676 2014 682 2020 ·
706 2006 753 2033 καὶ
772 2006 899 2039 κοινωνὸς

110 2049 139 2075 δὲ
155 2048 211 2075 τῶν
229 2049 373 2085 δαιμονίων
395 2049 497 2084 γίνεται
517 2050 531 2076 6
550 2050 596 2076 καὶ
612 2050 680 2077 αὐτὰ
704 2051 783 2083 εἰδὼς
804 2051 898 2087 δαιμο-

111 2097 181 2128 νίοις
198 2096 337 2130 τεθύσθαι,
351 2097 398 2124 καὶ
417 2097 492 2124 οὐδὲν
509 2095 589 2134 ἧττον
607 2098 747 2134 χρώμενος
763 2099 831 2134 μετὰ
852 2108 899 2135 με-

112 2142 287 2178 μολυσμένης
302 2142 350 2178 τῆς
366 2143 430 2179 περὶ
445 2143 498 2169 τῶν
520 2143 663 2178 δαιμονίων
678 2145 898 2179 κοινωνησάντων

109 2189 149 2224 τῷ
162 2189 263 2224 θύματι
276 2189 435 2223 φαντασίας.
450 2189 504 2215 Καὶ
519 2190 533 2216 6
554 2188 711 2221 Ἀπόστολος
728 2190 819 2225 μέντοι
836 2192 897 2218 ἐπι-

112 2235 246 2269 στάμενος
263 2234 299 2270 μὴ
315 2234 364 2270 τὴν
381 2234 460 2268 φύσιν
474 2233 527 2261 τῶν
551 2233 700 2271 βρωμάτων
721 2235 809 2262 αἰτίαν
829 2234 898 2263 εἶναι
923 2266 928 2272 _

112 2279 217 2315 βλάϐης
241 2279 279 2315 τῷ
299 2280 447 2316 χρωμένῳ,
470 2280 487 2315 ἢ
510 2279 641 2315 ὡφελείας
664 2281 703 2316 τῷ
725 2282 897 2319 άπεχομένῳ,

111 2326 182 2354 ἀλλὰ
200 2326 234 2352 τὰ
253 2326 373 2361 δόγματα
391 2325 438 2353 καὶ
452 2326 498 2353 τὸν
516 2327 701 2362 ἐνυπάρχοντα
715 2327 803 2362 λόγον,
819 2327 879 2356 εἷπε
889 2338 896 2345 ·

113 2381 123 2397 ι
144 2371 248 2408 Βρῶμα
267 2371 295 2398 δὲ
310 2373 383 2407 ἡμᾶς
400 2371 430 2398 οὐ
449 2372 596 2408 παρίστησι
614 2372 652 2407 τῷ
669 2372 728 2407 Θεῷ
740 2381 747 2388 ·
763 2373 825 2400 οὔτε
842 2374 897 2410 γὰρ

109 2418 159 2444 ἐὰν
169 2417 310 2452 φάγωμεν,
327 2417 553 2453 περισσευόμεθα,
567 2417 628 2444 οὔτε
642 2417 689 2444 ἐὰν
703 2419 740 2454 μὴ
755 2420 896 2456 φάγωμεν,

109 2462 304 2499 ὑστερούμεθα.
322 2472 331 2488 ›
351 2463 405 2490 Καὶ
423 2462 536 2497 ἐπείπερ
555 2463 689 2497 ἠπίστατο
705 2465 767 2496 τοὺς
780 2466 895 2501 μεγαλο-

109 2508 258 2544 φυέστερον
273 2508 400 2540 νοοῦντας
412 2508 482 2535 κατὰ
496 2508 541 2534 τὸν
558 2508 640 2543 νόμον
654 2508 714 2535 τίνα
729 2509 762 2536 τὰ
778 2511 896 2547 καθαρὰ,

109 2553 158 2580 καὶ
179 2553 240 2579 τίνα
263 2553 298 2579 τὰ
321 2553 473 2588 ἀκάθαρτα,
490 2553 660 2584 ἀποστάντας
683 2553 733 2588 τῆς
756 2556 821 2590 περὶ
847 2557 895 2583 τοῦ

110 2598 228 2634 χρῆσθαι
248 2598 284 2630 ὠς
297 2598 437 2634 καθαροῖς,
454 2597 501 2624 καὶ¹
517 2597 681 2633 ἀκαθάρτοις
695 2598 835 2635 διαφορᾶς,
850 2603 896 2630 καὶ

953 1551 1059 1572 scentes
1081 1544 1202 1580 quidem,
1228 1545 1398 1580 suspicantes
1421 1549 1521 1579 autem,
1550 1551 1577 1573 et
1603 1554 1635 1574 ea
1654 1547 1688 1575 de
1703 1554 1734 1575 re

951 1589 1117 1622 dubitantes,
1135 1590 1158 1618 si
1176 1590 1275 1618 talibus
1291 1594 1411 1623 utamur,
1432 1591 1538 1619 nonad
1559 1591 1606 1619 Dei
1620 1591 1733 1628 gloriam

951 1636 1003 1663 illis
1018 1636 1060 1663 usi
1075 1643 1181 1669 sumus,
1195 1643 1282 1670 neque
1300 1635 1326 1662 in
1346 1636 1455 1664 nomine
1469 1636 1582 1669 Christi,
1596 1645 1657 1664 cum
1679 1644 1733 1666 non

950 1682 1010 1717 ipsa
1034 1682 1122 1710 solum
1147 1683 1267 1717 suspicio
1285 1683 1361 1711 cibos
1387 1683 1466 1711 idolis
1490 1683 1643 1716 immolatos
1660 1691 1733 1714 esse,

950 1728 1136 1756 comedentem
1154 1729 1326 1762 condemnet,
1338 1728 1384 1757 sed
1404 1733 1430 1756 et
1444 1729 1477 1756 de
1491 1736 1522 1756 ea
1539 1737 1572 1756 re
1582 1729 1732 1761 dubitatio;

953 1783 962 1800 ι
980 1773 1025 1809 qui
1042 1774 1115 1806 enim
1132 1773 1248 1807 dubitat,
1262 1774 1340 1809 juxta
1356 1775 1514 1810 Apostolum
1526 1775 1560 1808 ⁸⁸,
1575 1775 1599 1803 si
1618 1775 1732 1802 mandu-

949 1819 1062 1852 caverit,
1076 1819 1221 1846 damnatus
1236 1825 1287 1852 est,
1303 1820 1367 1854 quia
1383 1827 1436 1847 non
1451 1827 1483 1847 ex
1507 1820 1575 1853 ﬁde;
1591 1827 1671 1848 omne
1685 1828 1734 1847 au-

949 1871 1002 1893 tem
1017 1864 1089 1900 quod
1106 1871 1159 1892 non
1182 1872 1215 1892 ex
1237 1864 1298 1898 ﬁde,
1311 1870 1452 1900 peccatum
1469 1869 1519 1893 est.
1539 1875 1549 1891 ι
1562 1865 1602 1892 Ex
1620 1865 1671 1893 ﬁde
1683 1874 1732 1893 au-

950 1915 1003 1938 tem
1020 1911 1166 1938 mandueat
1190 1910 1213 1938 is
1236 1911 1283 1945 qui
1300 1910 1386 1938 credit
1410 1911 1437 1937 in
1463 1911 1597 1939 idolorum
1627 1912 1734 1947 templis

949 1957 1118 1984 immolatum
1133 1965 1187 1984 non
1199 1964 1258 1984 esse
1274 1957 1299 1983 id
1315 1956 1387 1992 quod
1402 1958 1563 1992 comeditur,
1580 1966 1630 1986 nec
1647 1958 1732 1988 δυσο-

949 2007 1040 2031 catum
1058 2002 1124 2029 illud
1136 2009 1207 2034 esse,
1222 2009 1271 2029 nec
1283 2001 1441 2036 sanguinem
1453 2010 1460 2034 ;
1472 2010 1525 2029 non
1543 2010 1574 2030 ex
1590 2003 1641 2031 ﬁde
1655 2011 1731 2036 vero.

949 2049 995 2083 qui
1014 2049 1046 2076 de
1061 2048 1152 2083 aliquo
1172 2055 1268 2076 eorum
1287 2047 1402 2080 dubitat,
1424 2053 1451 2075 ct
1469 2048 1604 2087 particeps
1622 2048 1733 2085 quidem

949 2095 1145 2123 daamoniorum
1167 2094 1206 2126 ﬁt,
1224 2094 1272 2130 qui
1296 2094 1341 2121 illa
1356 2093 1498 2121 daemoniis
1518 2094 1657 2122 immolata
1672 2102 1734 2123 esse

950 2141 1035 2174 novit,
1058 2140 1145 2176 iisque
1163 2140 1339 2167 nihilominus
1360 2144 1450 2168 tamen
1468 2140 1564 2174 utitur,
1589 2148 1652 2168 eum
1673 2141 1734 2176 pol-

950 2188 1005 2215 luta
1021 2187 1214 2222 imaginatione
1224 2186 1258 2213 de
1269 2185 1438 2214 daemonibus
1450 2186 1613 2214 sacriﬁcium
1627 2187 1736 2222 partici-

948 2233 1088 2268 pantibus.
1109 2231 1142 2259 Et
1157 2231 1303 2267 Apostolus
1317 2231 1428 2266 quidem
1449 2232 1538 2261 sciens
1552 2237 1677 2261 naturam
1694 2232 1735 2260 ci-

950 2281 1047 2306 borum
1062 2278 1164 2306 nullius
1174 2276 1328 2305 detrimenti
1342 2284 1453 2305 causam
1468 2285 1528 2305 esse
1540 2277 1564 2306 ei
1577 2277 1623 2312 qui
1637 2277 1731 2311 utitur,

949 2333 1000 2352 nec
1017 2322 1194 2352 emolumenti
1212 2322 1236 2350 ei
1253 2321 1299 2357 qui
1320 2322 1448 2354 abstinet,
1472 2321 1519 2349 scd
1535 2321 1688 2356 opiniones,
1706 2326 1734 2349 et

949 2379 1009 2399 eam
1024 2378 1085 2405 quae
1099 2370 1154 2397 illis
1168 2369 1238 2399 inest
1252 2368 1395 2401 rationem,
1410 2368 1479 2395 dixit
1490 2368 1511 2384 ⁵⁷
1524 2376 1530 2394 :
1543 2376 1552 2393 ι
1563 2367 1628 2395 Esca
1641 2371 1733 2395 autem

952 2425 1001 2445 nos
1015 2424 1067 2444 non
1085 2415 1258 2444 commendat
1273 2415 1338 2446 Deo,
1351 2421 1439 2449 neque
1454 2414 1525 2441 enim
1544 2414 1567 2441 si
1582 2413 1733 2441 manduca-

951 2463 1082 2494 verimus,
1103 2461 1319 2494 abundaliimus;
1342 2468 1430 2496 neque
1448 2459 1472 2487 si
1489 2459 1572 2496 496
1585 2467 1639 2489 non
1655 2467 1735 2489 man-

950 2507 1150 2540 ducaverimus,
1168 2506 1334 2534 deﬁciemus.
1354 2514 1364 2531 ›
1381 2504 1413 2532 Ει
1424 2506 1553 2540 quoniam
1570 2505 1673 2533 sciebat
1685 2512 1733 2535 eos

950 2554 996 2589 qui
1014 2553 1158 2581 sublimius
1175 2551 1329 2587 intelligunt
1337 2551 1415 2586 juxta
1426 2551 1511 2586 legem
1527 2558 1650 2585 qumnam
1662 2558 1732 2585 pura

949 2601 1004 2628 sint
1019 2603 1046 2627 et
1063 2604 1188 2633 quaenam
1210 2596 1326 2633 impura,
1347 2595 1523 2624 abhorrentes
1544 2603 1559 2624 ιι
1575 2595 1733 2626 discrimine

142 2676 166 2692 ’³
178 2676 257 2704 Rom.
270 2684 300 2709 ιι,
316 2676 343 2703 6.
365 2676 393 2709 7"
407 2675 460 2703 Tit.
477 2684 496 2709 ι,
513 2675 556 2703 l5.
582 2673 701 2703 "lCor.
719 2684 747 2709 ιι,
760 2677 804 2706 51.
843 2679 866 2694 σε
883 2679 892 2706 l

956 2703 962 2708 .
980 2689 1034 2714 xiv,
1049 2680 1094 2707 25.
1134 2679 1156 2694 ⁸⁷
1169 2677 1178 2704 1
1193 2677 1257 2705 Cor.
1274 2685 1334 2709 vm,
1352 2676 1379 2704 8.

145 2747 202 2783 (26)
221 2747 304 2781 Μηδὲ
319 2747 396 2774 ὅσον
408 2746 461 2773 δεῖ.
485 2744 545 2773 llzcc
564 2744 753 2772 desiderantur
768 2745 793 2774 in
808 2747 893 2775 unico

109 2783 205 2810 codice
221 2783 309 2810 Holm.

147 2818 202 2852 (27)
221 2817 396 2849 Elaeus-Ion;
423 2815 467 2845 Sic
489 2814 589 2849 optime
606 2814 682 2841 codd.
704 2813 850 2844 Vaticanus
865 2821 892 2846 et

948 2748 1121 2777 'l‘ariniauus.
1148 2745 1246 2781 Regius
1267 2736 1337 2781 vero
1352 2749 1379 2771 et
1394 2743 1568 2781 Holmiensis,
1590 2742 1729 2775 εἰδωλίοις.

948 2785 1079 2810 (In-torum
1099 2782 1157 2809 t'iilc
1170 2778 1229 2807 Ᾱῖξῑ.
1248 2787 1293 2813 xv,
1306 2779 1351 2813 ‘20,
1368 2783 1395 2806 et
1410 2787 1467 2812 xxI,
1483 2778 1528 2807 ‘25.
