1880 3045
44 138 102 164 9‘25

533 137 711 165 COMMENT.
733 137 765 164 IN
788 138 995 166 MA'I'TII.-EL‘M
1016 138 1133 166 T0.\IUS
1155 138 1196 165 XI.

1624 140 1678 168 9‘16

46 195 122 230 Περὶ
137 195 198 223 τῶν
207 195 435 229 προσελθόντων
436 195 497 257 ἑθδὶ)
508 197 676 230 Φαρισαίων
691 196 739 223 καὶ
754 205 844 231 πραμ-

83 230 203 257 υατέων
219 231 267 256 καὶ
282 231 436 257 ἐπεοωττισ
455 239 542 257 ντων·
566 241 575 256 1
595 231 646 257 Διὰ
658 231 687 257 τί
701 233 728 257 οι
748 234 841 257 ua0n—

926 197 979 232 87
996 199 1033 224 Ue
1047 196 1191 224 Pharisin
1205 201 1229 223 et
1246 195 1347 223 Scribis
1359 196 1403 230 qui
1420 202 1581 223 arcesset-unt
1593 198 1682 224 dicen-

932 237 968 257 tes
982 240 991 257 :
1007 241 1014 257 1
1030 232 1118 257 Quare
1140 231 1264 257 discipuli
1286 231 1325 257 tui
1353 232 1582 257 transarediuntur
1600 233 1682 257 tradi-

83 230 203 270 μαςέων
219 231 267 256 καὶ
282 230 542 270 ἐπερωτησάντων·
566 241 575 256 1
658 231 687 257 τί
701 233 738 270 οἱ.
745 230 841 265 μαθη-

85 266 137 292 ται
153 274 211 292 σου
227 265 444 299 παραϐαίνουσι
454 266 512 299 τὴν
525 266 693 299 παράδοσιν
704 265 763 292 τῶν
776 274 845 300 πρε-

85 300 260 334 σϐυτέρων;
281 309 292 326 ι

88 379 99 396 1
121 370 190 396 Τότε
206 370 400 406 προσέρχονται
417 369 491 404 αὐτῷ
507 369 560 396 ἀπὺ
583 369 776 405 Ἰεροσολύμων
792 370 846 396 Φα-

47 417 155 451 ρισαῖοι
174 416 222 442 καὶ
237 417 414 451 γραμματεῖς
426 414 565 450 λέγοντες·
584 415 633 441 Διὰ
646 415 672 441 τί
684 416 708 442 oi
725 414 845 451 μαθηταί

47 470 100 488 σου
119 461 320 497 παραϐαίνουσι
335 462 385 497 τὴν
402 463 551 498 παράδοσιν
563 462 617 488 τῶν
634 462 845 498 πρεσϐυτέρωνς

46 507 80 534 οὐ
95 506 153 543 γὰρ
169 507 306 534 νίπτονται
325 507 374 539 τὰς
394 509 498 543 χεῖρας,
513 508 577 534 ὃταν
597 508 678 543 ἄρτον
694 507 814 533 ἐσθίωσι.
834 516 843 532 ι

47 553 256 589 Παρατηρήσας
266 554 334 581 κατὰ
345 557 419 580 ποῖον
431 554 525 589 καιρὸν
538 553 690 589 προσῆλθον
702 553 741 588 τῷ
759 552 845 588 Ἰησοῦ

47 599 107 626 ἀπὸ
129 599 324 635 Ἰεροσολύμων
347 601 486 636 Φαρισαῖοι
506 601 554 626 καὶ
568 602 741 636 γραμματεῖς
760 599 848 633 λέγον-

47 655 113 677 τες·
129 656 139 672 1
156 646 206 672 Διὰ
218 646 243 673 τί
254 647 279 672 οἰ
293 646 413 682 μαθηταί
427 655 473 673 σου
486 646 685 682 παραϐαίνουσι
697 646 746 682 τὴν
759 646 847 682 παρά-

47 692 125 718 δοσιν
139 692 194 719 τῶν
210 692 422 728 πρεσϐυτέρων;
441 703 450 718 ι
471 694 516 719 καὶ
538 692 572 720 τὰ
589 692 662 727 ἑξῆς,
679 693 791 725 εἵσεται,
806 693 847 719 ὅτι

47 736 212 771 ἀναγκαίως
233 737 248 763 ό
268 737 404 770 Ματθαῖος
423 738 471 774 οὐχ
486 738 579 769 ἁπλῶς
602 738 738 773 ἀνέγραψε
761 746 847 773 προσ-

47 782 213 818 εληλυθέναι
242 783 304 814 τοὺς
335 784 389 810 ἀπὸ
413 784 605 820 Ἱεροσολύμων
618 784 779 819 Φαρισαίους
801 785 848 811 καὶ

48 830 229 864 γραμματεῖς
243 828 282 864 τῷ
295 829 401 864 Σωτῆρι
419 830 637 864 πυνθανομένους
650 829 731 855 αὑτοῦ
749 830 783 856 τὰ
800 830 846 856 ὲκ-

932 237 968 258 tes
982 240 991 258 :
1007 241 1014 257 1
1030 232 1118 264 Quare
1140 231 1264 266 discipuli
1286 231 1325 258 tui
1353 232 1582 266 transgrediuntur
1600 233 1683 258 tradi-

931 267 1027 294 tionem
1045 268 1177 294 seniorum
1189 267 1201 294 .’
1215 276 1224 292 ι

932 379 958 406 8.
979 388 988 404 1
1004 378 1081 406 Tunc
1105 383 1281 406 accesserunt
1304 379 1337 407 ad
1364 387 1425 406 cum
1452 380 1486 406 ab
1508 378 1684 414 Jerosolymis

895 424 1026 452 Pharisaei
1048 429 1075 452 et
1100 424 1202 452 Scriba;
1223 426 1344 452 dicentes
1363 434 1370 451 :
1392 424 1481 458 Quare
1501 424 1626 458 discipuli
1644 423 1684 451 tui

896 471 1138 505 transgrediuntur
1161 471 1333 498 traditionem
1362 470 1521 498 seniorum?
1538 477 1591 496 nou
1611 469 1684 496 cnim

896 516 988 543 lavant
1003 524 1101 543 manus
1117 525 1181 544 suas
1193 524 1253 543 cum
1268 525 1363 551 pauent
1380 516 1545 542 manducant
1556 515 1588 541 ".
1606 525 1615 540 ι
1631 514 1684 547 Qui

897 562 1081 589 observaverit
1095 570 1149 595 quo
1171 566 1291 595 tempore
1308 565 1483 588 accesserunt
1502 561 1536 587 ab
1549 560 1686 594 Jcrosoly—

897 605 949 632 mis
962 605 1091 633 Pharismi
1105 610 1132 633 ct
1148 605 1249 633 Scribat
1267 606 1387 633 dicentes
1402 615 1408 632 :
1428 615 1435 630 1
1452 606 1542 638 Quare
1557 605 1683 639 discipuli

897 650 935 676 tui
951 650 1188 685 transgrediuntur
1204 650 1375 677 traditionem
1390 651 1549 677 seniorum?
1563 659 1572 676 ι
1586 655 1614 677 et
1623 656 1685 684 qua!

898 700 1069 729 sequuntur,
1099 695 1167 723 sciet
1198 695 1243 723 illc
1268 696 1424 723 necessario
1450 694 1605 722 Matthaeum
1629 702 1685 722 nou

898 740 1057 775 simpliciter
1069 741 1212 776 scripsisse
1222 741 1376 768 Pharisacos
1388 747 1414 768 et
1425 741 1535 768 Sex-ibas
1544 748 1575 768 ea
1588 741 1684 767 scisci-

899 790 986 814 tantes
1009 787 1043 814 ab
1067 795 1099 814 en
1126 795 1186 822 qua:
1208 787 1309 822 scripta
1333 791 1455 820 exstant,
1472 787 1519 814 sed
1541 787 1684 821 posuisse:

902 840 911 855 1
929 829 1004 858 Tunc
1018 836 1194 859 accesserunt
1203 832 1236 859 ad
1252 840 1313 859 eum
1326 832 1360 859 ab
1372 831 1560 867 Jerosolymis.
1573 841 1582 857 ι
1593 831 1686 864 Quan—

47 875 182 910 κείμενα,
206 874 274 901 ἀλλὰ
300 875 450 910 πεποίηκε·
481 885 490 901 1
511 876 578 902 Τότε
603 875 767 911 ἀπέρχονται
791 876 845 911 (93)

926 875 1030 910 )igitur
1053 876 1130 909 illud,
1155 886 1164 902 1
1180 881 1256 908 tunc,
1281 886 1290 902 ι
1314 866 1518 911 intelligendum
1541 876 1598 904 est?
1617 876 1685 903 Cum

48 919 128 955 αὐτῷ
144 920 199 948 ἀπὸ
224 920 427 956 Ἱεροσολύμων.
453 930 462 947 ι
479 922 548 948 Πότε
567 919 624 953 οὖν,
644 932 653 947 1
670 922 743 952 τότε,
764 932 772 947 ι
796 930 846 948 κα-

47 966 215 1001 τανοητέονς
236 966 331 993 Ἡνίκα
344 966 561 1002 διαπεράσαντες
575 965 656 1003 ἦλθον
672 969 712 999 είς
728 968 777 1002 τὴν
796 968 847 1002 γῆν

49 1012 209 1048 Γενησαρέτ
228 1012 268 1048 τῷ
290 1012 373 1048 πλοίῳ
397 1014 411 1039 ὸ
430 1013 544 1048 Ἰησοῦς,
561 1014 607 1040 καὶ
621 1015 645 1040 οι
663 1012 782 1049 μαθηταὶ
797 1014 846 1039 αὺ-

48 1058 109 1090 τοῦ,
132 1058 303 1090 κοπάσαντος
324 1059 370 1085 τοῦ
395 1059 508 1095 ἀνέμου,
531 1061 578 1094 ἀφ’
600 1057 630 1087 οῦ
649 1059 812 1095 ἐπιϐέϐηκεν
833 1060 847 1086 ὁ

55 1103 166 1139 Ἰησοῦς
190 1104 229 1139 τῷ
254 1104 355 1140 πλοίῳ·
380 1105 426 1131 καὶ
442 1106 497 1137 ὅτε,
523 1115 531 1130 1
552 1106 708 1140 ἐπιγνόντες
723 1106 803 1132 αὑτὸν
823 1106 846 1131 οἱ

47 1150 150 1185 ἄνδρες
172 1150 220 1176 τοῦ
240 1150 323 1177 τόπου
347 1151 461 1183 ἐκείνου,
476 1151 638 1178 ἀπέστειλαν
664 1152 704 1183 είς
718 1151 782 1187 ὃλην
797 1151 847 1187 τὴν

49 1197 210 1232 περίχωρον
235 1197 352 1232 ἐκείνην,
374 1197 421 1223 καὶ⁸
438 1198 628 1233 προσήνεγκαν
647 1197 720 1232 αὐτῷ
743 1197 847 1229 πάντας

47 1242 114 1274 τοὺς
129 1242 224 1274 κακῶς
244 1242 363 1277 ἔχοντας,
380 1243 425 1269 καὶ
445 1244 617 1279 παρεκάλουν
633 1244 676 1271 ἵνα
693 1244 744 1270 κᾶν
768 1243 846 1279 μόνον

50 1290 177 1324 ἅψωνται
197 1290 243 1315 τοῦ
259 1289 411 1326 κρασπέδου
429 1289 475 1316 τοῦ
492 1291 602 1325 ἱματίου
617 1290 713 1317 αὐτοῦ·
728 1291 774 1317 καὶ
791 1291 847 1317 ὅσοι

48 1335 158 1370 ἥψαντο
170 1334 348 1370 διεσώθησαν.
363 1335 466 1371 Τηνίκα
479 1336 629 1372 προσῆλθον
641 1336 715 1372 αὐτῴ
729 1336 781 1364 ἀπὸ
798 1336 847 1363 Ίε-

51 1381 213 1418 ροσολὺμων
233 1382 373 1416 Φαρισαῖοι
403 1382 450 1408 καὶ
471 1384 662 1418 γραμματεῖς,
688 1383 725 1418 μὴ
758 1391 846 1410 καται-

51 1428 206 1461 πλαγέντες
219 1427 268 1462 τὴν
283 1428 311 1453 ἐν
323 1426 360 1462 τῷ
381 1427 467 1462 Ἰησοῦ
484 1427 608 1463 δύναμιν,
621 1428 771 1464 ἰασαμένην
783 1420 846 1461 τοῦς

52 1473 106 1500 κᾶν
121 1473 203 1508 μόνον
220 1473 267 1499 τοῦ
280 1473 434 1509 κρασπέδου
449 1473 494 1500 τοῦ
515 1474 623 1509 ἱματίου
639 1474 721 1501 αὑτοῦ
739 1474 846 1511 ἁψαμέ-

51 1527 127 1550 νους,
155 1517 296 1552 φιλαιτίως
319 1518 346 1544 δέ
373 1518 552 1552 ἐγκαλοῦντες
581 1519 626 1544 ἐπὶ
653 1519 699 1546 τοῦ
723 1520 847 1547 διδασκά-

52 1563 101 1589 λου
121 1563 188 1598 (94),
210 1563 239 1589 οὐ
264 1563 328 1598 περὶ
351 1563 533 1599 παραϐάσεως
550 1564 658 1599 ἐντολῆς
680 1564 757 1596 Θεοῦ,
780 1565 847 1591 ἀλλά

53 1609 233 1645 παραδόσεως
246 1610 311 1645 μιᾶς
330 1609 481 1636 Ἰουδαϊκῶν
492 1610 693 1646 πρεσϐυτέρων.
710 1611 765 1638 Καὶ
775 1612 848 1643 εἰκὸς

53 1655 96 1682 ὅτι
112 1655 180 1681 αὐτὸ
199 1655 230 1681 τὺ
250 1655 304 1682 τῶν
324 1655 465 1690 φιλαιτίων
480 1655 605 1691 ἔγκλημα
627 1656 775 1693 παρίστησι
798 1658 848 1693 τὴν

52 1701 110 1727 τῶν
131 1700 261 1736 μαθητῶν
291 1701 377 1737 Ἰησοῦ
392 1702 546 1734 εὐλάϐειαν,
566 1703 698 1738 μηδεμίαν
723 1704 848 1739 ἀφορμὴν

53 1745 182 1772 διδόντων
205 1745 368 1782 ἐπιλήψεως,
386 1747 423 1779 ὡς
446 1748 509 1782 περὶ
532 1748 715 1782 παραϐάσεως
735 1748 849 1775 ἐντολῶν

53 1791 124 1817 Θεοῦ
137 1793 196 1822 τοῖς
215 1792 370 1828 Φαρισαίοις
387 1793 433 1819 καὶ
449 1793 667 1828 γραμματεῦσιν,
689 1794 787 1826 οἵτινες
799 1795 849 1822 οὐκ

53 1836 90 1863 ἂν
111 1836 336 1872 προσηνέγκαντο
356 1838 419 1873 περὶ
443 1838 624 1873 παραϐάσεως
646 1840 700 1871 τοῖς
718 1840 850 1875 μαθηταῖς

53 1882 196 1918 ἔγκλημα,
211 1883 249 1915 ὡς
264 1883 460 1918 παραϐαίνουσι
478 1883 527 1919 τὴν
543 1884 651 1919 ἐντολὴν
667 1885 719 1911 τῶν
732 1885 849 1920 πρεσϐυ-

52 1930 157 1965 τέρων,
174 1929 253 1965 εἴπερ
274 1927 345 1964 εἶχον
365 1929 597 1965 ἐπιλαμϐάνεσθαι
613 1931 667 1957 τῶν
681 1931 851 1967 ἐγκαλουμέ-

51 1984 120 2006 νων,
137 1975 185 2001 καὶ
198 1975 387 2001 ἀποδεικνύναι
398 1976 495 2007 αὐτοὺς
508 1976 727 2012 παραϐαίνοντας
740 1977 849 2012 ἐντολὴν

51 2021 135 2047 Θεοῦ.
162 2020 208 2056 Μὴ
226 2021 340 2056 νομίσῃς
363 2021 391 2047 δέ
412 2021 499 2048 ταῦτα
523 2023 761 2049 κατασκευαστικὰ
780 2022 849 2050 εἶναι

51 2066 103 2093 τοῦ
125 2066 182 2092 δεῖν
203 2065 345 2100 τηρεῖσθαι
366 2066 411 2092 τὸν
433 2066 503 2092 κατὰ
525 2067 555 2092 τὸ
571 2067 688 2103 γράμμα
711 2068 850 2101 Μωῡσέως

51 2112 154 2146 νόμον,
172 2111 234 2137 ἐπεὶ
257 2111 282 2137 οἱ
296 2111 342 2138 τοῦ
365 2111 452 2147 Ἰησοῦ
472 2112 591 2147 μαθηταὶ
609 2113 661 2145 ἕως
683 2114 743 2139 τότε
768 2114 849 2141 αὑτὸν

52 2157 226 2192 ὲψύλαττον·
249 2157 278 2182 οὺ
305 2157 360 2193 γὰρ
384 2158 438 2193 πρὸ
460 2157 506 2184 τοῦ
531 2158 626 2186 παθεῖν
649 2168 658 2184 1
684 2158 849 2194 ἐξηγόρασεν

898 920 1001 948 scilicet
1019 921 1131 955 trajectu
1143 922 1223 954 mari,
1237 922 1299 949 navi
1320 925 1454 949 venerunt
1474 921 1500 948 in
1520 926 1619 948 terram
1634 920 1686 948 Ge-

898 965 1024 992 nesareth
1049 965 1140 997 Jesus,
1162 966 1301 1001 ipsiusque
1322 966 1460 1000 discipuli,
1479 967 1572 993 sedato
1594 971 1685 998 vento,

897 1018 928 1037 es
946 1019 1001 1045 quo
1014 1019 1110 1039 navem
1125 1012 1284 1039 conscendit
1304 1011 1401 1043 lesus;
1419 1016 1446 1038 et
1463 1012 1584 1046 quando,
1599 1022 1607 1037 1
1623 1020 1686 1040 cum

897 1057 1087 1092 aiguovisscut
1102 1065 1164 1084 cum
1186 1057 1235 1084 viri
1250 1058 1301 1085 loci
1319 1058 1402 1090 illius,
1418 1058 1551 1085 miserunt
1574 1059 1602 1085 in
1627 1058 1688 1085 uui-

897 1111 1004 1131 versaul
1014 1105 1149 1139 regionem
1162 1105 1245 1137 illam,
1261 1108 1288 1131 et
1303 1105 1460 1132 obtttlerunt
1473 1105 1498 1132 ei
1511 1112 1605 1132 omnes
1617 1104 1687 1131 male

898 1150 1038 1184 habentes,
1052 1156 1078 1178 ct
1106 1151 1236 1186 rogabant
1260 1156 1290 1179 ut
1310 1151 1352 1178 vel
1373 1151 1506 1178 ﬁmbriam
1533 1151 1687 1178 vestimenti

897 1195 957 1230 ejus
972 1201 1128 1231 tangerent;
1144 1202 1170 1224 et
1189 1197 1345 1232 quicunque
1361 1197 1522 1231 tetigerunt,
1541 1197 1607 1223 salvi
1622 1196 1686 1223 facti

898 1243 1005 1269 sunt".
1023 1242 1100 1270 Tunc
1113 1247 1288 1270 accesserunt
1313 1243 1346 1270 ad
1372 1250 1434 1270 eum
1461 1243 1494 1269 ab
1509 1242 1686 1278 Jerosolymis

899 1286 1001 1315 Scriba:
1028 1292 1055 1316 et
1076 1288 1204 1316 Pharisaei
1227 1288 1259 1322 ’⁸,
1281 1297 1334 1316 non
1368 1289 1533 1316 admirantes
1558 1289 1685 1317 virtutem

898 1342 959 1367 qua:
981 1338 1041 1361 erat
1065 1334 1091 1360 in
1121 1333 1196 1365 Jcsu.
1223 1342 1285 1369 quae
1317 1341 1364 1362 eos
1396 1339 1540 1362 sauaverat
1566 1335 1612 1370 qui
1644 1335 1686 1361 vel

897 1380 1034 1407 ﬁmbriam
1061 1383 1164 1406 tantum
1189 1380 1343 1407 vestimenti
1370 1380 1430 1415 ejus
1451 1381 1613 1415 tetigissent,
1639 1381 1686 1408 sed

898 1426 988 1452 animo
1013 1425 1120 1452 rixandi
1143 1425 1231 1458 avido,
1260 1426 1408 1460 discipulos
1428 1426 1500 1462 apud
1525 1426 1685 1461 magistrum

898 1476 1078 1504 accusantes,
1112 1479 1165 1498 non
1201 1472 1426 1507 transgressionis
1455 1473 1580 1507 praecepti
1617 1472 1686 1506 Dei,

899 1518 945 1544 sed
982 1518 1062 1545 unius
1095 1517 1247 1545 traditionis
1287 1517 1442 1545 Iudaeorqu
1467 1518 1616 1545 seniorum.
1654 1518 1688 1546 Et

900 1563 1047 1591 verisimile
1077 1568 1119 1591 est
1160 1564 1230 1590 hanc
1272 1564 1427 1592 rixosorum
1466 1564 1686 1597 accusationem,

899 1608 964 1636 Jesu
987 1610 1183 1644 discipulorum
1207 1611 1331 1645 pietatem
1349 1612 1482 1646 probare,
1498 1611 1598 1638 nullam
1617 1610 1687 1638 dan-

901 1655 966 1682 tium
984 1655 1205 1689 reprehensionis
1218 1662 1324 1688 ansam,
1341 1656 1414 1683 velut
1427 1656 1460 1683 de
1472 1656 1688 1690 transgressione

901 1701 1092 1728 mandatorum
1109 1701 1168 1734 Dei,
1183 1700 1329 1729 Pharisaais
1338 1706 1366 1728 et
1380 1701 1500 1734 Scribis;
1515 1702 1561 1736 qui
1577 1701 1686 1735 quidem

901 1747 934 1774 de
949 1747 1165 1782 transgressione
1178 1747 1327 1781 discipulos
1342 1755 1396 1774 non
1410 1753 1596 1779 accusasseut,
1609 1747 1688 1782 quasi

901 1793 1131 1828 transgredientes
1146 1797 1311 1827 praeceptum
1328 1793 1479 1826 seniorum,
1491 1793 1513 1820 si
1530 1792 1687 1820 facultatem

901 1839 1062 1866 habuissent
1093 1838 1257 1873 corripiendi
1282 1846 1329 1866 eos
1354 1839 1400 1873 qui
1427 1838 1641 1869 accusabantur,
1661 1842 1689 1865 et

901 1885 1058 1912 ostendendi
1077 1885 1229 1920 transgredi
1245 1885 1305 1911 illos
1320 1884 1479 1911 mandatum
1490 1883 1596 1911 Dei.Ne
1610 1888 1688 1918 putes

901 1935 991 1958 autem
1017 1931 1059 1958 his
1087 1931 1196 1966 probari
1226 1931 1387 1958 servandam
1405 1937 1465 1958 esse
1482 1931 1568 1966 legem
1587 1929 1688 1965 Moysis

898 1975 976 2010 juxta
993 1975 1123 2007 litteram,
1137 1975 1201 2010 quia
1215 1976 1342 2002 videlicet
1362 1975 1488 2009 discipuli
1510 1974 1575 2002 Jesu
1586 1975 1618 2002 ad
1636 1975 1688 2002 hoc

902 2030 991 2057 usque
1004 2027 1112 2057 tempus
1128 2030 1187 2049 eam
1204 2021 1366 2055 servabant;
1386 2028 1437 2048 nec
1452 2021 1524 2048 enim
1541 2025 1687 2056 antequam

901 2072 1050 2103 pateretur,
1067 2077 1077 2094 1
1094 2075 1143 2096 nos
1167 2068 1283 2096 redemit
1301 2067 1335 2095 de
1362 2067 1508 2094 maledicto
1537 2066 1621 2101 legis,
1638 2076 1647 2092 ι
1665 2067 1688 2094 is

900 2113 958 2148 qui,
978 2113 1106 2148 patiendo
1120 2121 1170 2149 pro
1187 2113 1354 2146 hominibus,
1368 2122 1377 2138 1
1390 2112 1479 2140 factus
1493 2116 1535 2140 est
1550 2119 1600 2147 pro
1609 2112 1688 2140 nobis

901 2159 1075 2186 maledictum
1093 2160 1126 2186 ”.
1146 2169 1155 2185 ι
1173 2159 1225 2186 Sed
1249 2159 1479 2194 quemadmodum
1498 2158 1689 2186 convenienter

53 2204 131 2238 ἡμᾶς
156 2203 188 2228 ἐκ
209 2203 258 2238 τῆς
274 2203 394 2238 κατάρας
417 2203 463 2230 τοῦ
485 2204 567 2239 νόμου
587 2213 596 2229 ι
621 2205 636 2231 ὁ
652 2205 680 2230 ἐν
696 2204 734 2239 τῷ
756 2204 845 2231 παθεῖν

926 2205 1003 2233 auius
1019 2205 1121 2233 Judazis
1138 2205 1226 2233 factus
1244 2212 1285 2233 est
1312 2216 1320 2232 1
1335 2205 1460 2238 Judaeus,
1480 2209 1509 2231 ut
1527 2203 1634 2231 Iudaeos
1647 2204 1690 2231 lu-

53 2249 128 2283 ὑπὲρ
150 2247 302 2284 ἀνθρώπων
318 2257 327 2273 1
351 2248 496 2284 γενόμενος
519 2249 588 2284 ὑπὲρ
604 2249 681 2285 ήμῶν
695 2250 810 2285 κατάρα.
836 2260 845 2276 ι

58 2294 145 2321 Ἀλλὰ
168 2294 289 2330 ὡσπερεὶ
312 2294 486 2330 καθηκόντως
503 2295 551 2321 καὶ
575 2295 682 2327 Παῦλος
702 2297 760 2327 τοῖς
785 2297 849 2323 Ἰου-

51 2340 142 2371 δαίοις
161 2348 170 2364 1
197 2339 322 2371 Ἰουδαῖος
339 2340 458 2374 ἐγένετο,
471 2340 514 2366 ἴνα
535 2340 679 2372 Ἰουδαίους
690 2341 820 2377 κερδήσῃ,
836 2351 846 2368 ι

52 2387 79 2412 τε
96 2387 200 2413 ἄτοπον
217 2386 280 2417 τοὺς
297 2385 461 2418 ἀποστόλους
478 2388 506 2413 ἐν
523 2385 660 2419 Ἰουδαίοις
674 2387 849 2422 ποιουμένους

52 2434 103 2464 τὲις
122 2432 278 2468 διατριϐὰς,
294 2433 345 2460 κᾶν
360 2433 393 2460 τὰ
410 2433 582 2468 πνευματικὰ
595 2433 677 2460 νοῶσι
695 2433 741 2460 τοῦ
754 2433 847 2468 νόμου,

52 2477 174 2512 χρῆσθαι
196 2478 229 2512 τῇ
253 2478 456 2514 συμπεριφορᾷ,
472 2477 510 2510 ὡς
525 2478 572 2504 καὶ
589 2477 694 2510 Παῦλος
718 2479 848 2514 Τιμόθεον

93 2575 227 2618 ίῇξιιιιιΙι.
243 2584 279 2610 ιι,
295 2577 339 2604 22.
373 2578 396 2593 ’⁸
408 2576 503 2604 Matth.
521 2585 566 2610 xv,
583 2576 609 2610 l,
624 2575 652 2603 2.
691 2576 713 2592 "’
725 2577 817 2604 Matth.
833 2586 845 2605 κ

926 2581 952 2614 5,
969 2581 1014 2610 56.
1046 2583 1070 2600 ’⁸
1085 2583 1180 2611 Matth.
1196 2584 1262 2618 “,1

54 2621 92 2642 Ix,
107 2612 154 2639 :10.

91 2714 148 2748 (9‘2)
170 2714 242 2748 Περὶ
260 2713 320 2740 τῶν
340 2713 587 2748 προσελθόντων,
605 2717 658 2741 etc.
681 2712 730 2741 llic
754 2713 848 2742 titulus

56 2751 82 2776 in
98 2750 220 2777 editione
236 2748 326 2784 lluctii
350 2757 404 2776 non
422 2753 579 2783 comparet,
599 2749 646 2776 sed
661 2750 801 2784 suppletur
814 2757 847 2777 ex

55 2785 213 2819 apograplio
232 2783 391 2811 Tariniano.

90 2820 145 2851 (93)
158 2818 382 2854 ⁷Ἀπέρχονταμ
402 2818 559 2855 chcndum
583 2819 689 2847 videtur
707 2823 737 2846 ut
755 2826 848 2854 supra,

59 2862 91 2889 τις
96 2865 105 2881 7
110 2855 241 2890 σέργοντα
246 2863 264 2881 ι.

901 2255 1024 2277 craretur
1036 2250 1069 2284 '°;
1092 2260 1101 2276 ι
1122 2251 1186 2285 quid
1212 2251 1359 2278 absurdum
1383 2255 1426 2279 est
1444 2249 1581 2285 apostolos
1605 2248 1690 2284 488

902 2295 971 2323 inter
988 2295 1096 2324 Judaaos
1109 2302 1322 2329 commorantes,
1342 2297 1394 2324 etsi
1411 2297 1540 2332 mysticos
1552 2295 1619 2330 legis
1630 2303 1689 2322 seu-

902 2348 949 2368 sus
969 2341 1108 2373 callerent,
1126 2349 1187 2370 sese
1211 2346 1300 2369 tamen
1326 2341 1360 2368 ad
1382 2342 1498 2369 alienam
1522 2341 1688 2368 voluntatem

902 2388 1135 2422 accommodasse,
1152 2388 1381 2423 quemadmodum
1399 2391 1426 2414 et
1442 2387 1542 2415 Paulus
1556 2395 1618 2415 cum
1640 2386 1688 2413 Ti-

903 2431 1041 2460 motheum
1067 2433 1248 2465 circumcidit,
1265 2438 1292 2460 et
1314 2433 1478 2461 sacriﬁcium
1500 2433 1576 2468 juxta
1596 2436 1687 2460 votum

901 2478 1037 2513 quoddam
1067 2480 1151 2515 legale
1175 2481 1282 2514 obtulit,
1307 2480 1383 2508 utin
1408 2480 1480 2508 Actis
1503 2480 1688 2515 apostolorum

1315 2583 1337 2598 ’θ
1356 2582 1414 2610 Gal.
1430 2589 1471 2612 ιιι,
1490 2580 1533 2606 15.
1571 2581 1687 2609 "lCor.

940 2722 997 2758 (94)
1023 2723 1086 2750 Ἐπὶ
1102 2724 1154 2750 τοῦ
1173 2724 1369 2751 διδασκάλου.
1387 2723 1499 2758 Huctius
1514 2720 1685 2758 scribendum

901 2755 1024 2793 putabat,
1035 2760 1097 2790 τοὺς
1115 2759 1236 2794 μαθητὰς
1249 2759 1294 2785 ἐπὶ
1309 2758 1355 2785 τοῦ
1371 2757 1542 2794 διδασκάλου.
1553 2755 1686 2794 Seditio;

903 2790 1026 2828 μαθητάς
1047 2795 1073 2820 in
1093 2790 1167 2820 nullo
1181 2790 1277 2821 codice
1297 2802 1348 2820 IIIS.
1369 2793 1483 2827 reperio.
1503 2792 1594 2828 Codex
1606 2790 1686 2817 Tari-

901 2827 999 2856 uiauus
1018 2829 1098 2857 habet
1113 2828 1292 2863 ἐγκαλοῦντες
1307 2828 1370 2864 περὶ
1384 2828 1430 2854 τοῦ
1446 2827 1614 2854 διδασκάλου.
