1880 3045
89 102 145 131 957

579 106 754 136 COMMENT.
773 109 806 136 IN
826 106 1032 137 MATTllA-IUM
1054 109 1171 138 TOML'S
1191 109 1235 136 XI.

1666 115 1717 154 ass

89 163 196 198 βιϐλίου
206 163 252 191 τοῦ
265 164 483 201 ἐσφραγισμένου
493 165 581 201 (22),6
597 168 644 195 ἐὰν
659 168 738 195 δῶσιν
750 169 815 196 αὐτὸ
833 170 861 197 ἀι

937 169 1014 205 gnati,
1027 178 1106 205 quem
1121 170 1143 197 si
1157 170 1280 198 dederint
1289 170 1392 198 homini
1403 172 1497 200 scienti
1506 173 1618 208 litteras,
1628 175 1717 204 dicen.

88 207 194 244 Θρὼπῳ
205 210 380 245 ἐπισταμένῳ
391 210 554 246 γράμματα,
569 212 692 248 λέγοντες
703 222 710 228 ”
734 213 880 249 Ἀνάγνωοι

86 255 178 282 ταῦτα
189 264 195 270 ⁸
212 256 258 282 καὶ
275 257 345 292 ἐρεῖ·
365 257 402 283 Οὐ
417 257 532 293 δύναμαι
564 259 731 294 ἀναγνῶναι·
747 261 880 297 ἐσφράγι-

87 309 151 327 σται
167 301 231 336 γάρ.
246 302 300 328 Καὶ
319 302 459 338 δοθήσεται
476 304 506 330 τὺ
521 304 622 338 βιϐλίον
635 305 712 333 τοῦτο
732 308 770 338 είς
787 309 879 344 χεῖρας

86 345 235 381 ἀνθρώπου
250 347 286 382 μὴ
301 348 481 384 ἐπισταμένου
494 351 656 386 γράμματα,
670 352 715 378 καὶ
727 352 784 388 ἐρεῖ
796 352 878 388 αὐτῷ·

95 392 245 426 ’Δνὰγνωθι
262 393 340 420 τοῦτο
351 402 357 408 ·
381 394 428 420 καὶ
446 395 504 431 ἐ.ρεί
515 404 521 411 '
541 397 598 423 ῦὺκ
615 397 763 433 ἐπίσταμαι
788 399 879 434 γράμ-

88 447 174 473 ματα.
193 440 247 466 Καὶ
259 437 318 466 εἷπε
335 440 436 476 Κύριος
447 450 454 456 ·
477 442 595 476 Ἐγγίζει
609 452 652 478 μοι
664 444 678 470 ὁ
691 444 753 476 λαὸς
767 441 854 476 οὗτος,
867 455 876 471 ι

86 485 138 512 καὶ
151 486 186 512 τὰ
202 485 265 520 ἑξῆς
279 486 330 518 ἕως
345 486 391 513 τοῦ
403 495 409 502 ·
425 497 433 512 ι
452 488 519 514 οὐαὶ
531 489 555 514 οἱ.
569 490 596 515 ὲν
609 491 698 525 κρυερῇ
713 490 811 526 βουλὴν
825 499 880 517 ποι-

83 530 193 563 οῦντες,
209 531 253 558 καὶ
268 532 344 558 ἔσται
360 533 389 559 ἐν
406 533 495 560 σκότει
509 533 542 560 τὰ
558 533 625 569 ἔργα
643 535 741 562 αὐτῶν.
764 545 772 561 ι
793 536 880 572 Προσ-

85 577 180 604 λαϐὼν
195 578 282 604 τοίνυν
302 579 350 615 τὴν
364 580 547 616 προκειμένην
565 582 593 607 ὲν
611 581 648 617 τῷ
666 582 822 618 Εὐαγγελίῳ
837 583 879 610 λέ-

87 622 141 656 ξιν,
161 623 262 659 ἐθέμην
275 625 335 651 τινὰ
354 625 408 652 τῶν
427 625 480 662 πρὸ
496 627 588 662 αὐτῆς,
606 627 651 653 καί
670 636 730 654 τινα
744 628 796 654 τῶν
816 628 879 664 ἑξῆς

85 669 185 704 αὐτῆς,
202 670 244 697 ἵνα
259 671 476 706 παραστήσωμεν
489 672 549 699 τίνα
563 673 662 708 τρόπον
682 673 790 700 ἀπειλεῖ
807 683 877 710 καμ-

87 715 187 750 μύσειν
206 716 269 747 τοὺς
285 716 440 752 ὀῳοαλμοὺς
455 717 509 744 τῶν
530 718 584 745 ἀπὸ
599 719 645 749 τοῦ
665 719 730 746 λαοῦ
753 719 766 746 ὁ
788 720 876 755 λόγος,

84 761 252 794 ἐκστάντων,
271 763 317 789 καὶ
333 763 588 799 κραιπαλησὰντων,
606 765 652 792 καὶ
669 766 876 801 πεποτισμένων

84 808 225 843 πνεύματι
254 809 446 842 κατανύξεωςσ
477 811 582 838 ἀπειλεῖ
605 811 633 837 δὲ
659 812 804 847 καμμύσαι
831 813 879 839 καὶ

934 220 989 243 tes:
1003 215 1071 251 Lege
1083 216 1154 249 haec;
1171 221 1198 244 et
1215 216 1370 244 dicetzNun
1386 225 1496 252 possum
1512 217 1610 254 legere,
1626 221 1718 256 signa.

932 264 975 288 tus
986 261 1059 288 enim
1071 266 1122 289 est.
1135 261 1167 288 Et
1179 261 1288 289 dabitur
1301 262 1370 290 liber
1387 264 1431 290 ille
1443 263 1469 290 in
1485 273 1583 293 manus
1599 267 1718 296 hominis

931 304 1011 341 493
1026 306 1170 333 nescientis
1183 306 1296 340 litteras,
1312 311 1338 333 et
1351 308 1422 335 dicet
1437 309 1460 335 ei
1479 318 1485 335 :
1499 309 1569 345 Lege
1586 310 1677 345 hunc;
1691 317 1718 339 et

931 351 1003 378 dicet
1020 359 1027 377 :
1044 349 1142 378 Nescio
1160 350 1271 378 litteras.
1291 351 1323 378 Et
1339 352 1376 379 ait
1389 351 1520 382 Dominus
1535 364 1541 381 :
1562 355 1718 391 Appropin-

931 399 997 430 quat
1010 395 1075 423 mihi
1090 396 1208 431 populus
1222 396 1276 428 ille,
1297 406 1306 422 ι
1325 401 1352 424 et
1375 403 1481 431 caetera,
1508 407 1594 436 usque
1618 401 1651 430 ad
1668 401 1716 431 id:

935 451 944 466 ι
964 441 1009 468 Va:
1029 441 1076 477 qui
1099 441 1125 468 in
1145 441 1253 469 occulto
1266 443 1409 470 consilium
1427 444 1539 478 faciunt,
1555 450 1581 473 et
1597 447 1717 475 eruntin

931 487 1049 514 tenebris
1063 495 1144 522 opera
1160 495 1266 515 eorum.
1281 498 1289 514 ι
1308 482 1456 518 Ᾱςςυιηρης
1470 491 1552 525 igitur
1563 499 1717 521 sermonem

931 533 977 567 qui
995 537 1084 561 exstat
1098 533 1124 560 in
1140 532 1295 569 Evangelio,
1323 536 1436 569 apposui
1463 537 1593 565 nonnulla
1622 545 1717 566 eorum

930 585 992 612 qua:
1008 579 1162 613 przecedunt
1180 579 1266 612 illum,
1283 583 1309 606 et
1333 581 1461 608 nonnulla
1480 589 1574 610 eorum
1592 592 1653 620 quae
1673 592 1717 612 sc-

931 629 1062 659 quunlur,
1088 629 1117 652 ut
1146 624 1292 652 doceam-ts
1309 633 1363 660 quo
1377 630 1456 661 pacto
1482 627 1602 656 minetur
1627 637 1718 656 sermo

931 670 1057 697 claudere
1073 670 1167 697 oculos
1183 670 1290 698 illorum
1308 671 1340 698 de
1357 672 1465 706 populo,
1495 674 1541 708 qui
1568 674 1717 709 obstupue-

931 721 1004 748 runt,
1032 720 1058 743 et
1076 716 1200 744 inebriati
1216 721 1290 749 sunt,
1312 721 1338 744 et
1358 718 1413 751 poti
1430 722 1494 745 sunt
1517 720 1614 756 Spll‘llll
1639 729 1716 748 conl-

930 761 1100 796 punctionis;
1114 762 1233 789 minatur
1242 765 1269 788 et
1281 762 1406 790 claudere
1415 765 1509 792 oculos
1525 765 1717 801 prophetarum

931 813 1037 837 eorum.
1059 811 1086 834 et
1105 807 1257 843 principum
1279 814 1373 835 eorum
1389 809 1436 844 qui
1453 810 1614 844 profitentur
1630 819 1659 839 se
1674 813 1717 838 vi-

83 853 153 885 τοῦς
176 855 318 890 προφήτας
341 855 441 887 αὐτῶν,
465 857 512 884 καὶ
535 857 599 890 τοὺς
625 858 860 893 ἐπαγγελλομένου

937 851 995 879 iere
1014 852 1139 886 occulta;
1167 861 1237 889 qum,
1253 855 1361 890 opinor,
1379 858 1561 890 contigerunt,
1577 862 1637 892 post
1651 857 1717 885 Scr—

83 899 154 935 ὀρᾷν
164 900 198 926 τὰ
214 901 322 936 κρυπτὰ
335 901 466 938 ἄρχοντας
479 903 585 931 αὐτῶν·
600 904 681 940 ἅπερ,
699 903 786 940 οἶμαι,
800 905 879 939 γεγέ-

83 954 166 981 νηται
191 947 259 982 μετὰ
275 947 324 982 τὴν
344 948 391 974 τοῦ
416 948 540 984 Σωτῆρος
553 950 698 985 ἐπιδημίαν
713 952 741 978 ὲν
759 951 798 986 τῷ
821 951 878 986 λαῷ

83 993 200 1028 ἐκείνῳ·
219 994 314 1028 γέγονε
333 995 386 1030 γὰρ
407 995 498 1028 αὐτοῖς
518 996 606 1023 πάντα
628 996 662 1023 τὲι
685 997 794 1032 ῥήματα
810 997 877 1024 ὅλων

85 1038 138 1073 μὲν
152 1039 206 1066 τῶν
223 1040 348 1076 Γραφῶν,
361 1041 407 1068 καὶ
420 1041 467 1068 τοῦ
488 1041 597 1068 Ἡσαΐου
614 1042 653 1073 δὲ,
674 1052 682 1067 ι
701 1042 739 1074 ὡς
751 1042 824 1076 λόγοι
838 1042 878 1078 βι-

84 1084 161 1110 ϐλίου
183 1085 412 1121 ἐσφραγισμένοι).
433 1096 442 1112 ν
462 1087 498 1113 Τὸ
514 1086 552 1119 δὲ,
578 1097 587 1112 ι
612 1088 842 1123 ὲσφραγισμένου,
865 1098 874 1113 ι

82 1129 201 1165 ετρηται,
213 1131 294 1157 οἱονεὶ
308 1131 500 1167 κεκλεισμένον
512 1134 544 1168 τῇ
557 1133 685 1169 ἀσαφείᾳ,
697 1134 744 1160 καὶ
759 1134 797 1170 μὴ
808 1135 878 1169 ἠνοι-

82 1175 185 1209 γμένου
201 1177 234 1211 τῇ
252 1177 385 1213 σαφηνείᾳ
395 1186 402 1192 '
421 1178 488 1214 ὅπερ
504 1179 600 1214 ἐπίσης
614 1181 669 1211 τοῖς
688 1180 755 1215 μηδὲ
768 1180 816 1216 τὴν
828 1181 878 1217 ἀρ-

82 1219 146 1256 χὴν,
165 1220 208 1247 διὰ
227 1221 258 1248 τὸ
281 1222 318 1257 μὴ
337 1223 436 1250 εἰδέναι
449 1225 609 1260 γράμματα,
631 1226 786 1260 ἀναγνῶναι
809 1227 876 1255 αὐτὸ

81 1265 253 1300 δυναμένοις,
269 1268 384 1300 καὶτοῖς
405 1268 650 1306 ἐπαγγελλομένοις
669 1272 766 1300 ειδέναι
784 1274 876 1310 γράμ-

85 1319 169 1346 ματα,
192 1312 266 1339 ἐστὶν
284 1313 397 1348 ἀσαφὲς,
418 1314 448 1341 οὗ
465 1315 628 1349 γινώσκουσι
644 1317 690 1344 τὸν
711 1319 738 1345 ὲν
755 1321 811 1351 τοῖς
831 1328 877 1354 τε·

82 1359 254 1394 γραμμένοις
266 1360 337 1388 νοῦν,
352 1361 449 1393 Καλῶς
462 1360 508 1389 οὖν
521 1364 646 1399 ἐπιφέρει
661 1366 728 1396 τοῖς,
741 1366 793 1398 ὅτι,
807 1367 875 1393 ἐπὰν

83 1403 207 1436 ὲκλυθεὶς
224 1405 278 1432 ἀπὸ
294 1405 347 1432 τῶν
363 1407 569 1442 ἁμαρτημάτων
589 1410 603 1436 ὁ
619 1409 692 1441 λαὸς,
709 1411 756 1437 καὶ
776 1411 876 1444 ἐκστὰς

84 1450 158 1484 μανῇ
184 1450 244 1476 κατ’
267 1450 360 1483 αὑτοῦ,
381 1448 420 1483 οἷς
441 1453 488 1478 καὶ
510 1453 690 1490 κραιπαλήσει
711 1455 769 1482 κατ’
793 1456 875 1484 αὑτοῦ

83 1495 220 1531 πνεύματι
241 1496 424 1531 κατανύξεως,
439 1498 453 1524 ὃ
468 1499 661 1535 ποτισοήσεται
681 1501 733 1528 ὑπὸ
752 1501 798 1529 τοῦ
820 1503 876 1530 Κυο

85 1541 153 1577 ρίου,
178 1542 352 1578 καμμύοντος
366 1544 455 1572 αὐτῶν
473 1547 537 1577 τοὺς
559 1546 725 1582 ὀφθαλμοὺς,
749 1547 787 1580 ὡς
807 1549 874 1576 ἀνα-

83 1588 156 1621 ξίους
167 1589 214 1615 τοῦ
229 1589 347 1624 βλέπειν,
361 1591 408 1617 καὶ
422 1591 476 1618 τῶν
489 1593 636 1629 προφητῶν
650 1593 750 1626 αὐτῶν,
761 1595 808 1622 καὶ
822 1595 876 1622 τῶν

82 1634 223 1670 ἀρχόντων
246 1635 345 1667 αὐτῶν,
369 1637 422 1663 τῶν
446 1638 688 1674 ἐπαγγελλομένων
711 1639 819 1674 βλέπειν
841 1641 877 1668 τὰ

82 1681 192 1716 κρυπτὰ
207 1681 261 1708 τῶν
276 1683 305 1708 ὲν
321 1684 381 1714 ταῖς
396 1683 482 1716 θείαις
494 1685 615 1720 Γραφατς
636 1687 793 1722 μυστηρίων
805 1695 812 1702 ’
828 1688 876 1714 καὶ

81 1726 151 1753 ὲπὰν
171 1727 353 1762 καμμύσωσιν
376 1729 465 1756 αὐτῶν
488 1730 512 1756 οἱ
534 1730 676 1766 ὀφθαλμοὶ,
699 1731 760 1758 τότε
783 1732 876 1765 αὐτοῖς

80 1773 158 1799 ἔσται
175 1772 210 1799 τὰ
224 1774 381 1809 προφητικὰ
395 1775 505 1811 ῥήματα
519 1777 734 1812 ἐσρραγισμὲνα,
748 1777 794 1804 καὶ
814 1779 875 1806 ἐπι-

81 1817 265 1853 κεκρυμμένα
277 1827 284 1833 ·
297 1819 366 1854 ὅπερ
380 1820 548 1847 πεπόνθασιν
563 1822 578 1847 ὁ
592 1821 656 1854 λαὸς
672 1823 686 1849 ὁ
700 1823 755 1851 τῶν
776 1825 813 1860 μὴ
830 1833 876 1852 πι-

81 1864 233 1890 στευόντων
247 1865 287 1895 εἰς
301 1864 346 1890 τὸν
363 1865 465 1900 Ἰησοῦν
482 1866 520 1897 ὡς
535 1866 661 1901 Χριστόν.
687 1868 771 1896 Ἐπὰν
784 1869 812 1896 δὲ
829 1870 876 1904 γέ-

80 1919 159 1945 νηται
173 1911 209 1937 τὰ
222 1910 377 1946 προφητικὰ
392 1912 483 1942 αὺτοῖς
498 1921 507 1936 ι
522 1911 559 1943 ὡς
573 1911 646 1947 λόγοι
659 1913 760 1948 βιόλίου
772 1915 875 1951 ἐσφρα-

80 1955 226 1990 γισμένου,
246 1965 255 1981 ι
273 1956 304 1982 οὺ
323 1956 401 1991 μόνον
416 1957 472 1988 τοῖς
491 1957 528 1992 μὴ
544 1957 654 1991 εἰδόσιν,
673 1959 740 1986 ἀλλὰ
757 1960 874 1992 καὶτοῖς

80 2000 327 2035 ἐπαγγελλομένοις
341 2000 440 2027 εἰδέναι
452 2002 612 2038 γράμματα,
629 2003 689 2030 τότε
703 2001 779 2032 εἶπεν
793 2006 807 2031 ὸ
818 2005 875 2032 Κύ-

81 2053 140 2081 pro;
159 2045 233 2080 μόνῳ
256 2045 294 2080 τῷ
315 2046 429 2081 στόματι
452 2047 572 2081 ἐγγίζειν
588 2048 634 2074 τὸν
657 2048 720 2076 λαὸν
735 2049 792 2085 (25)
819 2051 873 2077 τῶν

86 2093 224 2120 Ἰουδαίων
247 2093 286 2129 τῷ
311 2093 384 2128 Θεῷ-
404 2095 451 2121 καὶ
477 2096 533 2126 τοῖς
555 2095 656 2130 χείλεσι
680 2097 762 2132 τιμᾷν
792 2097 873 2125 αὐτόν

80 2147 159 2174 φησι,
176 2139 243 2165 διότι
260 2139 276 2174 ἡ
292 2139 390 2174 καρδία
405 2139 494 2167 αὐτῶν
509 2140 553 2167 διὰ
571 2141 621 2176 τὴν
644 2141 685 2172 εἰς
706 2141 751 2168 τὸν
771 2141 874 2178 Ίησοῦν

79 2185 210 2212 ἀπιστίαν
225 2185 318 2221 πόρρω
329 2186 403 2213 ἐστὶν
416 2186 470 2212 ἀπὸ
483 2186 596 2222 Κυρίου.
610 2187 664 2214 Καὶ
678 2186 726 2213 νῦν
745 2187 871 2223 μάλιστα,

930 898 1031 925 vatoris
1045 898 1203 931 adventum,
1220 900 1246 927 in
1258 899 1332 928 illum
1342 902 1483 937 populum,
1496 910 1558 929 nam
1571 902 1640 930 facta
1654 908 1717 930 sunt

930 944 983 971 illis
999 944 1079 971 verba
1095 945 1187 973 omnia
1203 946 1326 974 omnium
1351 947 1565 981 Scripturarum,
1589 954 1615 975 et
1630 948 1717 982 Isaiae,

932 1000 941 1015 ι
957 990 1028 1018 sicut
1042 991 1123 1019 verba
1134 991 1196 1019 libri
1207 992 1314 1028 signati.
1330 1002 1339 1018 ι
1356 992 1461 1020 Dictum
1475 999 1516 1022 est
1533 999 1623 1021 autem
1638 994 1716 1028 illud,

932 1035 1058 1071 «signati,
1077 1046 1086 1063 ›
1105 1037 1183 1072 quasi
1197 1037 1283 1069 dicas,
1310 1038 1475 1066 obscuritate
1492 1048 1541 1067 sua
1557 1041 1653 1073 clausi,
1670 1049 1718 1068 ne.

928 1089 981 1116 que
996 1083 1189 1117 perspicuitate
1203 1083 1306 1118 aperti;
1324 1084 1369 1119 qui
1390 1085 1499 1119 quidem
1517 1086 1656 1121 aequaliter
1667 1087 1717 1114 ob-

928 1135 1026 1155 scurus
1042 1133 1093 1161 est,
1116 1134 1142 1156 et
1168 1129 1202 1157 iis
1221 1129 1268 1164 qui
1293 1130 1366 1165 quod
1393 1130 1496 1158 litteras
1519 1132 1714 1168 ignoraverint,

927 1173 1016 1208 legere
1028 1173 1103 1201 illum
1119 1174 1231 1202 omnino
1247 1183 1301 1202 non
1317 1181 1441 1210 possunt,
1459 1181 1486 1204 et
1501 1177 1534 1205 iis
1550 1178 1595 1213 qui
1610 1178 1714 1206 litteras

927 1220 1036 1254 quidem
1053 1221 1123 1248 scire
1145 1229 1173 1248 se
1198 1223 1369 1256 proﬁtentur,
1395 1230 1505 1250 sensum
1530 1231 1594 1251 vero
1616 1225 1662 1260 qui
1686 1226 1714 1252 in

928 1265 1036 1300 scriptis
1062 1266 1219 1294 reconditus
1240 1272 1298 1300 est,
1324 1276 1378 1295 non
1402 1273 1594 1304 assequuntur.
1607 1268 1714 1305 Optime

928 1312 1011 1347 igitur
1028 1312 1062 1339 iis
1081 1313 1166 1345 addit,
1182 1313 1254 1348 quod
1273 1318 1413 1349 postquam
1431 1315 1580 1344 dissolutus
1597 1317 1715 1351 populus

927 1365 943 1384 α
959 1359 1088 1393 peccatis,
1105 1363 1132 1386 et
1152 1360 1252 1388 mentis
1270 1360 1357 1395 impos
1370 1360 1462 1389 furore
1476 1367 1553 1390 actus
1567 1362 1647 1390 fuerit
1664 1364 1714 1391 ad-

927 1411 1022 1431 versus
1039 1404 1138 1439 ipsum,
1154 1405 1254 1440 quibus
1266 1406 1384 1440 peccatis
1395 1407 1476 1435 etiam
1489 1408 1606 1436 insaniet
1618 1414 1712 1438 centra

929 1451 1003 1479 illum
1023 1451 1173 1479 inebriatus
1198 1452 1293 1487 spiritu
1317 1453 1546 1488 compunctionis,
1566 1463 1646 1490 quem
1661 1463 1711 1490 po-

927 1500 1039 1528 tandum
1056 1500 1107 1535 ipsi
1130 1500 1259 1535 przebebit
1286 1500 1428 1535 Dominus,
1450 1501 1578 1530 claudens
1603 1503 1711 1530 illorum

929 1547 1033 1579 oculos,
1049 1546 1128 1582 quasi
1145 1546 1247 1583 indigni
1264 1547 1319 1575 sint
1335 1548 1467 1583 aspicere,
1481 1553 1505 1575 et
1520 1548 1712 1584 prophetarum

927 1600 1033 1624 eorum,
1049 1597 1076 1620 et
1092 1592 1244 1628 principum
1266 1601 1361 1621 eorum
1382 1594 1428 1628 qui
1446 1594 1548 1621 occulta
1569 1594 1713 1630 mysterio-

927 1645 988 1665 rum
1003 1646 1064 1674 quze
1078 1638 1253 1666 continentur
1264 1638 1291 1666 in
1304 1639 1403 1667 divinis
1418 1637 1566 1674 Scripturis
1579 1639 1669 1666 videre
1685 1647 1713 1666 se

927 1684 1105 1718 proﬁtentur;
1119 1689 1146 1711 et
1157 1689 1300 1720 postquam
1317 1685 1402 1713 clausi
1413 1684 1513 1712 fuerint
1523 1693 1616 1712 eorum
1630 1685 1712 1717 oculi,

927 1735 992 1757 tunc
1014 1730 1171 1765 prophetica
1188 1731 1270 1759 verba
1293 1735 1374 1758 erunt
1390 1731 1444 1758 illis
1456 1731 1597 1766 obsignata
1610 1736 1637 1758 et
1651 1731 1713 1759 abs-

927 1775 1052 1807 condita;
1065 1774 1137 1809 quod
1152 1774 1261 1810 quidem
1277 1783 1375 1810 passus
1390 1781 1430 1803 est
1447 1776 1563 1811 populus
1581 1784 1634 1804 non
1655 1784 1714 1804 cre-

927 1820 1047 1848 dentium
1064 1821 1091 1847 in
1108 1819 1218 1854 Jesum,
1236 1825 1365 1855 tanquam
1391 1822 1540 1850 Christum.
1563 1821 1710 1857 Postquam

926 1871 1016 1894 autem
1041 1866 1197 1902 prophetica
1221 1866 1301 1894 verba
1323 1866 1393 1894 facta
1413 1865 1513 1893 fuerint
1529 1867 1593 1899 illis,
1613 1877 1622 1893 ι
1642 1868 1714 1897 sicut

926 1913 1007 1940 verba
1024 1912 1084 1939 libri
1098 1912 1207 1947 signati,
1226 1921 1234 1937 ι
1249 1920 1302 1939 non
1318 1911 1352 1940 iis
1364 1911 1446 1939 modo
1458 1912 1503 1946 qui
1514 1913 1649 1944 nesciunt,
1664 1914 1711 1941 sed

926 1962 953 1985 et
968 1957 1002 1985 iis
1021 1957 1067 1992 qui
1081 1957 1186 1984 litteras
1201 1956 1272 1984 seire
1286 1963 1315 1984 se
1326 1955 1497 1991 profitentur,
1514 1961 1579 1984 tunc
1596 1957 1711 1992 subjun-
1739 1968 1742 1974 ·

926 2003 966 2029 xit
980 2001 1111 2029 Dominus
1127 2002 1184 2030 solo
1198 2009 1245 2029 ore
1261 2001 1479 2036 appropinquare
1493 2000 1649 2030 Iudaeorum
1665 2011 1710 2038 pn~

925 2047 1018 2082 pulum
1032 2046 1104 2079 Deo;
1118 2051 1145 2074 ct
1160 2047 1240 2074 labiis
1256 2046 1329 2074 hunc
1343 2046 1478 2074 honorare
1489 2047 1565 2079 dicit,
1579 2048 1650 2082 quod
1663 2056 1711 2075 cor
1730 2051 1735 2084 ί

926 2100 1021 2121 eorum
1036 2096 1145 2127 propter
1163 2092 1377 2120 incredulitatem
1393 2099 1455 2128 erga
1471 2091 1563 2120 Jesum
1581 2093 1660 2128 longe
1675 2094 1711 2121 sit

925 2147 940 2166 a
957 2139 1081 2167 Domino.
1092 2138 1126 2166 Et
1140 2146 1212 2166 nunc
1228 2138 1356 2171 maxime,
1372 2146 1405 2166 ex
1416 2146 1471 2173 quo
1483 2138 1650 2166 Servatorem
1662 2147 1711 2167 no-

927 2190 1013 2214 strum
1025 2185 1178 2220 ejurarunt,
1197 2184 1251 2212 dici
1265 2185 1352 2220 possit
1368 2184 1433 2211 illud
1451 2193 1465 2211 a
1483 2184 1538 2212 Deo
1553 2185 1587 2213 de
1601 2185 1654 2214 illis
1665 2185 1686 2202 "
1701 2195 1709 2214 :

79 2232 109 2265 ἐξ
122 2229 153 2258 οὗ
170 2231 216 2258 τὸν
233 2231 346 2266 Σωτῆρα
361 2231 438 2267 ⁴ἡμῶν
454 2232 617 2267 ἠρνήσαντο,
639 2232 746 2268 λεχθείη
767 2232 801 2259 ἂν
819 2233 861 2261 ὑπε

937 2241 938 2256 :
957 2231 1022 2259 Sine
1031 2238 1115 2258 causa
1129 2235 1218 2258 autem
1233 2230 1324 2258 colunt
1339 2238 1398 2264 me;
1415 2240 1423 2256 ι
1439 2238 1492 2258 non
1505 2231 1576 2258 enim
1593 2233 1710 2267 amplius

79 2277 127 2305 τοῦ
141 2277 208 2303 Θεοῦ
227 2278 290 2313 περὶ
303 2277 391 2304 αὐτῶν
407 2277 437 2304 τό
449 2287 454 2292 '
475 2287 484 2302 ι
501 2278 597 2313 Μάτην
610 2278 639 2304 δὲ
653 2278 777 2305 σέϐονταί
791 2287 838 2313 με·
859 2288 868 2305 ι

79 2324 172 2350 οὐκέτι
193 2323 248 2358 γὰρ
263 2323 433 2350 διδάσκουσιν
453 2323 508 2360 (24)
526 2323 680 2360 ἐντάλματα
701 2324 780 2357 Θεοῦ,
802 2324 872 2352 ἀλλὰ

116 2384 138 2400 ⁸⁷
155 2383 252 2410 Matth.
266 2391 310 2416 xv,
327 2383 354 2410 9.

115 2433 308 2468 (22)B:6.1[ou
328 2432 383 2468 τοῦ
399 2431 650 2468 ἐσρραγισμένοιζ.
675 2431 711 2458 Ita
736 2430 868 2468 llebraica

77 2474 106 2496 et
121 2466 261 2502 'Vulgala,
287 2472 313 2494 et
337 2467 719 2502 reliqmeinterpretationes.
744 2466 814 2492 LXX
841 2471 869 2502 et

78 2501 248 2538 Epiphanius
257 2503 322 2530 haer.
335 2510 407 2534 thv,
419 2501 519 2538 βιϐλίου
527 2501 574 2538 τοῦ
585 2501 802 2538 ἐσφραγισμένοι)
810 2501 868 2528 τού-

78 2535 136 2569 161;;
147 2538 225 2572 quasi
235 2538 268 2565 de
279 2545 328 2564 suo
338 2538 407 2565 libro
419 2535 526 2563 locutus
539 2536 619 2572 fuerit
630 2535 865 2572 Isaiam'ﬂuu'rtus.

114 2574 172 2608 (25)
192 2574 281 2605 Mdv-ip
299 2572 339 2605 τῷ
361 2574 486 2606 στόματι
500 2571 623 2608 ἐγγίζειν
643 2571 697 2597 τὸν
709 2572 795 2603 λαόν,
809 2576 865 2608 etc.

78 2609 203 2644 lntpuras
227 2613 254 2635 et
274 2608 364 2635 illotas
384 2615 482 2644 manus
503 2607 708 2644 oriadmovere
726 2607 863 2644 piaculum

76 2641 135 2670 erat
155 2643 313 2675 Pharisa‘is,
339 2651 373 2670 ne
395 2643 498 2670 scilicet
519 2641 589 2668 labia
609 2645 637 2668 et
653 2649 684 2668 os
700 2642 862 2676 polluerent.

76 2678 317 2717 institutumuillud
331 2678 470 2717 exagitans
481 2676 618 2717 Christus,
635 2676 709 2717 Isaia:
721 2677 801 2717 verba
814 2684 864 2717 ap-

75 2714 163 2752 posite.
178 2715 206 2740 in
225 2713 287 2741 illos
303 2711 434 2740 contorsit
453 2721 491 2752 :_i
506 2711 595 2752 Purus
616 2716 659 2738 est
681 2711 864 2752 populus'iste

75 2747 155 2777 labiis
176 2754 204 2775 et
226 2756 274 2775 ore
294 2753 388 2780 tenus;
415 2747 497 2774 corde
521 2750 611 2774 autem
633 2747 864 2775 contau-iuatissi-

75 2785 229 2822 mus.(lsa.
245 2783 477 2822 irxtx,15.)_i_lp.
695 2816 733 2822 ___
770 2817 794 2822 AA
833 2816 849 2822 __

107 2816 170 2856 (24)
184 2818 293 2846 Οὐκέτι
314 2819 368 2853 γὰρ
381 2816 594 2849 διδάσκουσιν,
619 2822 672 2845 etc.
695 2816 754 2843 Τῶν
767 2817 794 2842 0'
808 2816 865 2843 edi-

239 2870 375 2899 l‘n‘not.
400 2868 457 2897 Gn.
476 2868 565 2898 Xlll.

925 2276 1024 2304 docent
1039 2274 1085 2302 Dei
1102 2274 1240 2307 mandata,
1267 2275 1313 2302 sed
1335 2275 1495 2309 hominum;
1523 2279 1549 2303 et
1572 2275 1709 2305 doctrinas

925 2330 980 2351 non
1001 2322 1118 2357 amplius
1134 2329 1180 2349 cas
1193 2329 1254 2358 quze
1265 2326 1329 2350 sunt
1343 2330 1358 2350 a
1377 2323 1509 2359 sapientia
1523 2324 1645 2360 spiritus,
1661 2326 1708 2353 sed

922 2431 988 2459 tioni
1003 2430 1179 2458 consentiunt
1198 2429 1340 2457 Matthaeus
1355 2434 1382 2457 et
1395 2429 1520 2463 Marcus;
1539 2434 1567 2457 et
1582 2431 1634 2459 illis
1647 2430 1709 2458 Ori-

938 2474 1002 2493 enes
1015 2475 1021 2492 :
1034 2465 1131 2500 Μάτην
1139 2464 1167 2491 δὲ
1181 2464 1305 2491 σέϐονταί
1316 2465 1539 2500 με,διδάσκοντες
1555 2466 1710 2500 ἐντάλματα

938 2474 1002 2493 cnes
1015 2475 1021 2492 :
1035 2474 1131 2500 Ματην
1139 2474 1167 2491 οε
1181 2474 1305 2491 σεοονται
1316 2474 1539 2500 με,οιοσισκοντες
1555 2474 1634 2493 mu
1675 2475 1709 2495 τα

920 2474 1071 2536 ἕνθρώπων
1085 2501 1132 2527 καὶ
1150 2500 1333 2536 διδασκαλίας.
1348 2500 1431 2536 Aliter
1445 2499 1560 2536 Vulgata
1574 2511 1580 2528 :
1600 2511 1609 2527 ι
1631 2474 1709 2529 Elati-

920 2534 1049 2563 muerunt
1070 2543 1113 2562 me
1129 2535 1259 2562 mandato
1281 2534 1423 2562 hominum
1447 2540 1475 2562 et
1493 2534 1633 2567 doctrinis.
1652 2546 1661 2562 ι
1681 2541 1709 2564 et

919 2575 1054 2606 quotquot
1063 2570 1196 2606 Hebraico
1209 2570 1347 2606 contextui
1361 2569 1501 2606 insistunt.
1514 2569 1593 2605 cujus
1603 2572 1705 2599 variam

917 2604 1003 2645 fuisse
1020 2607 1072 2633 hoc
1087 2606 1148 2645 loco
1157 2605 1319 2645 lectionem,
1334 2604 1434 2645 exﬁhac
1450 2604 1707 2645 interpretationum

918 2641 1050 2669 varietate
1066 2640 1216 2674 conjiciunt
1227 2640 1348 2675 quidam.
1365 2639 1420 2675 Ego
1434 2640 1511 2667 aliter
1524 2639 1627 2675 judico,
1641 2649 1706 2669 nam

937 2681 1097 2710 metet-quam
1112 2676 1184 2710 quod
1197 2674 1270 2702 nulla
1284 2674 1418 2709 ejusmodi
1431 2680 1541 2702 notatur
1553 2676 1666 2704 variatio
1678 2677 1706 2706 in

937 2684 1097 2710 metet-quam
1112 2684 1184 2710 quon
1197 2684 1270 2702 nuna
1284 2684 1418 2709 ejusmout
1431 2684 1541 2702 notatur
1553 2684 1666 2704 \‘ﬂl'lallo
1678 2684 1706 2706 In

917 2684 981 2738 ﬁeri
996 2716 1023 2738 et
1036 2711 1124 2743 Ketib,
1148 2718 1236 2744 neque
1256 2711 1283 2737 in
1306 2710 1389 2737 variis
1405 2710 1565 2739 lectionibus
1579 2711 1707 2739 Orienta—

918 2747 1022 2784 liumet
1036 2745 1263 2784 Occidentalium,
1280 2752 1366 2784 neque
1377 2745 1403 2772 in
1419 2745 1472 2773 illis
1487 2745 1540 2784 Ben
1553 2746 1706 2784 Asclier,»et

918 2781 974 2808 Ben
984 2780 1128 2815 Nephthali
1139 2789 1145 2812 ;
1155 2780 1177 2807 si
1187 2787 1243 2806 rem
1256 2780 1366 2814 propius
1377 2785 1494 2814 spectes,
1505 2782 1613 2809 etiamsi
1625 2782 1706 2810 verba

919 2816 1044 2843 recedant
1069 2815 1216 2850 paullisper,
1241 2815 1382 2842 sententia:
1396 2820 1484 2842 tamen
1506 2817 1532 2842 in
1546 2817 1616 2844 idem
1637 2817 1705 2844 reci-

1529 2865 1567 2894 30
