1880 3045
122 105 172 134 Ml

618 107 792 135 COMMENT.
815 106 847 134 IN
867 106 1074 137 MATTILEUM
1093 110 1213 139 TOMUS
1234 111 1278 137 Xl.

1693 113 1746 141 9η

123 163 236 198 γνεσθαι
263 164 361 196 καλῶς.
382 164 473 191 Ταῦτα
489 165 517 192 δὲ
527 174 567 196 τις
580 165 716 201 ἐπιμελῶς
728 167 837 201 νοήσας,
850 167 898 201 ἧψε

962 166 1043 202 495
1056 169 1078 195 si
1092 169 1125 196 ad
1141 169 1241 196 bonum
1258 169 1337 197 linem
1350 169 1542 204 perducantur.
1552 169 1592 196 Ad
1609 170 1666 198 haec
1681 178 1745 198 vero

123 216 178 240 ται,
193 209 233 236 ὅτι
249 211 296 237 καὶ
305 211 340 237 τὰ
351 211 512 246 νομιζόμενα
526 211 615 245 ἀγαθὰ
629 209 684 238 οἷόν
699 209 731 239 τέ
740 213 807 243 ἐστι,
821 212 911 243 κακῶς

124 255 172 281 καὶ
190 256 244 281 ἀπὸ
263 256 366 289 πάθους
385 257 510 288 λαϐόντα,
532 257 708 292 ἁμαρτάνειν,
724 258 770 284 καὶ
786 257 819 284 τὰ
833 257 911 291 λεγό-

125 309 194 337 μενα
210 302 364 338 ἀκάθαρτα,
382 303 493 330 δυνατὸν
507 303 577 330 κατὰ
592 303 669 337 λόγον
685 304 714 329 ὲν
731 305 826 339 χρήσει
845 305 912 340 ἡμῖν

124 347 265 382 γινόμενα,
281 347 431 381 λογίζεσθαι
444 348 559 384 καθαρά.
573 349 677 384 ’Ὥσπερ
690 348 744 384 γὰρ
758 348 804 375 τοῦ
822 350 911 384 ἀμαρ-

123 393 250 424 τάνοντος
274 393 398 420 Ἰουδαίου
419 394 435 429 ἡ
457 394 592 430 περιτομὴ
613 395 653 426 εἰς
668 395 850 430 ἀκροὸυστίαν
872 396 912 422 λο-

123 438 293 474 γισθήσεται,
313 439 359 466 τοῦ
380 440 409 466 δὲ
429 440 622 476 κατορθοῦντος
643 440 696 467 ἀπὸ
718 441 772 468 τῶν
794 441 878 468 ὲθνῶν
893 442 910 477 ἠ

123 483 292 518 ἀκροϐυστία
305 484 345 515 εἰς
356 484 515 520 περιτομὴν,
531 485 617 516 οὕτως
628 486 662 512 τὰ
683 486 732 521 μὲν
747 485 910 521 νομιζόμενα

123 529 235 565 καθαρὰ
252 530 440 566 λογισθήσεται
459 532 498 563 εἰς
520 531 661 568 ἀκάθαρτα
680 531 718 567 τῷ
740 532 777 568 μὴ
798 532 911 566 δεόντως

123 576 225 608 αὐτοῖς,
241 577 307 613 μηδὲ
325 577 368 604 ὅτε
390 578 439 609 δεῖ,
464 578 531 613 μηδὲ
546 578 607 605 ὅσον
624 579 664 605 δεῖ
681 578 747 614 (26),
766 579 832 614 μηδὲ
849 579 910 607 ὅθεν

122 623 164 649 δεῖ
179 623 329 658 χρωμένῳ·
341 623 374 650 τὰ
394 623 421 650 δὲ
436 623 567 659 λεγόμενα
580 624 721 660 ἀκάθαρτα
740 634 749 650 ι
770 627 858 653 πάντα
869 626 910 660 γί-

123 677 198 695 νεται
212 668 318 704 καθαρὰ
334 670 389 700 τοῖς
404 669 549 705 καθαροῖς·
567 671 624 702 τοῖς
643 670 697 706 γὰρ
715 672 911 707 μεμιασμένοις

123 714 171 740 καὶ
194 714 318 746 ἀπίστοις
338 714 413 741 οῦδὲν
433 715 563 751 καθαρὸν,
584 716 645 742 ἐπεὶ
662 717 806 751 μεμίανται
821 717 909 744 αὐτῶν

122 759 171 786 καὶ
188 760 202 785 ὁ
225 759 298 792 νοῦς,
313 760 359 786 καὶ
379 761 396 795 ἠ
413 760 562 796 συνείδησις
576 769 582 775 ·
605 770 614 786 ι
634 761 680 788 καὶ
695 761 789 794 ταῦτα,
809 771 909 798 μεμια-

123 804 222 839 σμένα,
241 804 347 831 ἅπαντα
364 806 435 832 ποιεῖ
452 806 538 841 μιαρὰ
560 802 598 832 ὧν
612 805 645 833 ἂν
668 806 784 842 ἅψηται·
801 807 839 839 ὡς
857 808 909 834 πά-

122 848 164 875 λιν
185 850 218 875 ὲκ
240 848 286 875 τοῦ
312 850 433 876 ἐναντίου
452 850 466 875 6
481 849 598 884 καθαρὸς
621 850 682 881 νοῦς
700 850 745 876 καὶ
764 851 780 886 ἡ
801 850 908 886 καθαρὰ

122 894 276 929 συνείδησις
296 894 382 921 πάντα
396 896 468 921 ποιεῖ
488 894 606 931 καθαρὰ,
624 895 675 922 κᾶν
688 895 751 931 δοκῇ
769 896 909 932 ἀκάθαρτα

121 941 283 976 τυγχάνειν⁵
300 940 329 967 οὒ
346 940 398 976 γὰρ
414 941 468 968 ἀπὸ
485 941 641 974 ἀκολασίας,
657 942 717 968 οὐδὲ
728 942 781 969 ἀπὸ
801 943 909 979 φιληδο-

120 986 193 1018 νίας,
215 987 275 1013 οὐδὲ
297 987 366 1022 μετὰ
386 987 547 1023 διακρίσεως
568 987 764 1024 περιελκούσης
783 989 823 1020 εἰς
846 989 910 1016 ἑκά-

122 1041 190 1068 τερα
215 1034 239 1059 οὶ
260 1033 358 1060 δίκαιοι
381 1033 499 1068 χρῶνται
524 1035 580 1066 τοῖς
600 1034 770 1070 βρώμασινῆ
794 1035 907 1070 πόμασι,

123 1078 294 1114 μεμνημένοι
310 1078 355 1105 τοῦ
369 1087 375 1094 ’
404 1089 413 1104 ι
437 1079 498 1106 Εἴτε
519 1079 633 1111 ἐσθίετε,
654 1079 709 1106 εἴτε
733 1080 835 1111 πίνετε,
854 1080 908 1107 εἴτε

120 1124 187 1150 ἄλλο
200 1116 311 1156 ποιεῖτε,
323 1126 362 1156 είς
377 1125 453 1157 δόξαν
464 1124 530 1152 Θεοῦ
542 1126 654 1152 ποιεῖτε.
673 1136 682 1151 ›
696 1127 727 1153 Εἰ
740 1127 767 1153 δὲ
778 1127 829 1163 χρὴ
845 1127 909 1154 ὐπο-

121 1169 227 1204 γράψαι
245 1169 280 1196 τὰ
299 1170 368 1197 κατὰ
384 1171 414 1197 τὸ
428 1171 593 1205 Εὑαγγέλιον
608 1171 749 1208 ἀκάθαρτα
765 1172 906 1209 βρώματα,

121 1214 255 1249 φήσομεν,
271 1214 310 1241 ὃτι
324 1214 434 1242 τοιαῦτά
452 1216 509 1242 ἐστι
527 1215 561 1242 τὰ
576 1216 631 1242 ἀπὸ
651 1216 806 1250 πλεονεξίας
822 1226 907 1244 πεπο-

122 1259 251 1295 ρισμένα,
275 1261 321 1287 καὶ
345 1261 398 1287 ἀπὸ
419 1261 641 1297 αἰσχροκερδείας
662 1264 906 1300 περιγεγενημένα,

122 1304 171 1331 καὶ
188 1305 241 1332 ἀπὸ
258 1306 411 1341 φιληδονίας
429 1307 632 1343 λαμϐανόμενα,
649 1307 695 1334 καὶ
714 1307 768 1335 ἀπὸ
784 1308 830 1335 τοῦ
849 1308 908 1335 θεο-

120 1351 257 1378 ¹ποιεῖσθαι
275 1353 432 1388 τιμωμένην
454 1353 503 1389 τὴν
524 1354 654 1389 γαστέρα,
674 1353 738 1381 ὅταν
761 1354 839 1391 αὐτὴ,
861 1354 908 1382 καὶ

119 1397 150 1423 αἱ
167 1397 228 1423 κατ’
243 1398 326 1434 αὐτὴν
340 1399 451 1433 ὀρέξεις,
467 1400 514 1427 καὶ
530 1400 567 1436 μὴ
581 1402 595 1427 6
609 1401 696 1436 λόγος,
714 1402 785 1437 ἄρχῃ
796 1402 845 1437 τῆς
857 1402 908 1436 ψυ-

118 1441 174 1477 χῆς
187 1442 275 1478 ἡμῶν.
298 1443 376 1471 Ἀλλὰ
389 1445 436 1471 καὶ
450 1445 626 1479 γινώσκοντες
643 1446 790 1482 δαιμονίοις
807 1447 907 1483 κεχρῆ-

963 213 1009 247 qui
1026 213 1168 248 diligenter
1188 214 1317 246 attendet,
1337 215 1438 242 ridebit
1449 215 1474 242 in
1487 215 1521 242 iis
1531 223 1591 250 qua:
1602 215 1672 242 bona
1685 223 1746 243 esse

963 257 1120 291 creduntur,
1131 266 1210 292 posse
1224 266 1285 285 eum
1302 267 1424 294 peccare,
1440 259 1485 294 qui
1498 259 1567 286 male
1580 264 1606 287 et
1616 268 1648 287 ex
1661 267 1746 294 pravo

962 301 1059 329 affectu
1083 310 1114 330 ea
1138 304 1306 338 susceperit;
1325 306 1352 330 et
1368 311 1427 337 qua:
1450 303 1590 330 immunda
1606 303 1745 336 dicuntur,

962 354 1042 381 posse
1054 355 1103 382 pro
1117 348 1226 375 mundis
1243 348 1372 383 reputari,
1394 348 1416 375 si
1431 355 1494 375 cum
1511 349 1616 375 ratione
1634 349 1667 376 iis
1683 353 1745 376 uta-

962 400 1032 420 mur.
1054 393 1287 426 Quemadmodum
1301 393 1372 420 enim
1388 393 1569 429 delinquentis
1588 393 1673 421 Judtei
1693 394 1745 421 cir-

963 438 1093 465 cumcisio
1109 439 1135 465 in
1149 439 1310 473 prteputium
1323 438 1502 473 reputabitur.
1518 443 1544 466 et
1555 439 1654 475 ethnici
1672 443 1746 466 recte

963 483 1087 511 facientis
1113 484 1273 518 praeputium
1296 484 1322 510 in
1347 483 1582 511 circumcisionem
1596 483 1638 517 Ba;
1662 484 1702 511 sic
1717 489 1745 512 et

962 534 1022 561 qua:
1041 535 1108 561 pura
1125 528 1327 561 existimantur,
1343 535 1392 562 pro
1407 528 1522 563 impuris
1539 528 1745 563 imputabuntur

961 571 996 604 ci,
1010 572 1056 606 qui
1073 580 1122 599 nec
1137 572 1263 599 decenter
1276 573 1320 604 iis,
1336 580 1424 608 neque
1438 573 1546 608 quando
1565 579 1680 608 oportet,
1696 583 1745 602 ne-

961 624 1013 651 que
1028 617 1099 644 unde
1117 621 1232 652 oportet,
1255 618 1353 650 utitur;
1372 626 1433 653 qua:
1456 624 1545 646 autem
1573 619 1679 655 impura
1700 621 1743 648 di-

960 668 1070 695 cuntur,
1088 673 1097 689 ι
1113 665 1203 692 omnia
1221 666 1288 692 ﬁunt
1303 665 1403 692 munda
1417 665 1526 693 mundis
1539 674 1545 692 :
1559 665 1745 700 coinquinatis
1759 669 1762 673 ’

960 709 1031 737 enim
1049 713 1077 737 et
1093 709 1247 738 inﬁdelibus
1263 710 1330 738 nihil
1345 715 1386 738 est
1401 711 1543 744 mundum,
1560 711 1688 747 quoniam
1702 712 1743 739 in-

960 755 1078 790 quinata:
1092 760 1157 784 sunt
1169 764 1264 784 eorum
1281 761 1307 784 et
1318 764 1395 784 mens
1419 762 1445 784 et
1459 758 1623 785 conscientia
1633 758 1674 791 “;
1693 767 1702 783 ι
1717 764 1744 786 et

961 801 1018 828 haec
1031 801 1134 836 polluta
1152 810 1215 830 cum
1229 806 1303 836 sunt,
1316 802 1407 830 omnia
1419 802 1525 837 impura
1537 802 1655 830 etliciunt
1668 810 1743 838 qua»-

960 855 1067 882 cunque
1080 848 1217 884 attigerint
1231 857 1237 875 :
1250 847 1477 883 quemadmodum
1494 856 1590 876 rursus
1604 857 1619 876 e
1634 853 1744 876 contra-

960 892 1001 920 rio
1016 900 1085 927 pura
1102 901 1178 921 mens
1200 898 1227 921 et
1249 902 1316 928 pura
1330 893 1495 921 conseientia
1511 901 1579 929 pura
1593 895 1684 922 omnia
1702 893 1743 921 fa-

959 939 1043 973 ciunt,
1059 940 1166 968 etiamsi
1179 939 1285 975 impura
1298 947 1358 969 esse
1371 940 1526 973 videantur;
1541 948 1590 968 nec
1603 941 1674 968 enim
1688 949 1743 976 pra:

958 985 1070 1013 lascivia
1092 986 1133 1014 vel
1155 986 1244 1014 studio
1267 986 1423 1022 voluptatis,
1439 993 1528 1022 neque
1546 993 1608 1013 cum
1632 987 1741 1014 dubita-

959 1032 1033 1059 tione
1049 1032 1076 1059 in
1096 1036 1241 1067 utramque
1258 1037 1361 1075 partem
1383 1033 1519 1065 trahente,
1542 1037 1656 1060 utuntur
1674 1033 1740 1068 justi

959 1078 1020 1105 cibo
1038 1081 1066 1106 et
1080 1082 1156 1113 potu,
1171 1086 1306 1106 memOres
1326 1079 1390 1107 dicti
1412 1079 1484 1108 illius
1497 1080 1540 1106 ⁸³ι
1559 1088 1569 1105 ε
1589 1078 1651 1106 Sive
1664 1087 1741 1106 man-

958 1124 1073 1157 dueatis,
1087 1124 1143 1152 sive
1156 1124 1259 1157 bibitis,
1273 1124 1330 1151 sive
1346 1125 1410 1159 quid
1426 1123 1526 1157 facitis,
1539 1125 1630 1152 omnia
1645 1125 1671 1152 in
1684 1125 1742 1161 glo-

959 1170 1026 1197 riam
1048 1169 1093 1198 Dei
1110 1170 1200 1198 facite.
1221 1180 1231 1197 ι
1256 1171 1333 1204 Quod
1349 1171 1371 1198 si
1386 1171 1544 1206 designandi
1566 1175 1630 1199 sunt
1653 1171 1671 1198 ii
1693 1172 1740 1208 qui

955 1216 1033 1251 juxta
1052 1216 1229 1252 Evangelium
1245 1217 1344 1252 impuri
1362 1221 1426 1244 sunt
1441 1217 1507 1251 cibi,
1525 1217 1648 1246 dicemus
1673 1219 1741 1246 tales

958 1269 1019 1290 esse
1037 1256 1098 1290 illos
1115 1262 1161 1298 qui
1173 1263 1207 1290 ab
1220 1263 1333 1290 avaritia
1348 1263 1599 1298 subministrantur,
1615 1269 1642 1292 et
1654 1265 1741 1301 turpis

958 1308 1024 1335 lucri
1040 1309 1131 1336 studio
1149 1313 1351 1343 comparantur,
1363 1314 1390 1336 et
1402 1317 1456 1344 pra:
1469 1311 1608 1345 voluptate
1624 1319 1740 1339 sumun-

957 1359 1012 1387 tur,
1039 1358 1066 1382 et
1083 1354 1183 1382 idcirco
1208 1355 1280 1389 quod
1296 1355 1457 1383 honoratum
1480 1361 1601 1384 ventrem
1618 1364 1667 1393 pro
1684 1356 1740 1386 Deo

957 1401 1123 1434 habeamus;
1136 1401 1245 1435 quando
1258 1401 1381 1429 videlicet
1393 1402 1461 1436 ipsc,
1470 1402 1583 1438 ejusque
1594 1404 1740 1438 appetitus,

958 1454 1011 1474 non
1026 1447 1105 1480 ratio,
1120 1446 1218 1474 anima:
1234 1451 1333 1474 nestrte
1349 1447 1533 1477 dominantur.
1550 1448 1603 1476 Sed
1618 1453 1645 1477 et
1656 1449 1742 1477 scien~

120 1488 186 1515 σθαι
197 1497 267 1522 τινα,
281 1489 296 1524 ἢ
311 1489 347 1525 μὴ
360 1489 539 1524 γινώσκοντες
551 1491 610 1527 μὲν,
625 1492 800 1524 ὑπονοοῦντες
809 1493 847 1525 δὲ,
861 1494 898 1519 κοί

960 1498 998 1521 tes
1011 1492 1154 1520 daemoniis
1171 1500 1250 1520 usum
1267 1492 1385 1528 aliquem
1397 1492 1491 1526 fuisse,
1508 1495 1550 1522 vel
1566 1502 1620 1522 non
1639 1503 1741 1531 cogno-

118 1535 320 1571 διακρινόμενοι
336 1537 399 1572 περ),
413 1537 517 1570 τούτου,
531 1539 555 1565 εἰ
568 1538 741 1574 χρησαίμεθα
754 1540 810 1571 τοῖς
822 1540 908 1566 τοιού-

118 1590 189 1614 τοις,
208 1582 258 1608 οὐκ
275 1583 315 1614 είς
333 1583 410 1616 δόξαν
426 1583 493 1610 Θεοῦ
514 1584 604 1616 αὐτοῖς
621 1585 787 1621 κεχρήμεθα,
803 1585 863 1612 οὐδὲ
879 1586 907 1611 ὲν

119 1627 234 1662 ὀνόματι
249 1628 378 1663 Χριστοῦ,
396 1629 426 1655 οὐ
446 1630 524 1665 μόνον
539 1629 590 1665 τῆς
607 1630 670 1666 περ).
690 1632 736 1659 τοῦ
747 1627 908 1659 εἰδωλόθυτα

119 1670 194 1700 εἶναι
214 1673 372 1710 ὑπολήψεως
393 1675 607 1711 κατακρινούσης
625 1676 670 1703 τὸν
689 1676 822 1709 ἐσθίοντα,
838 1678 906 1706 ἀλλὰ

118 1719 169 1746 καὶ
188 1719 237 1754 τῆς
254 1721 317 1756 περὶ
329 1720 422 1746 τούτου
435 1720 596 1755 διακρίσεως
606 1729 612 1736 ·
630 1731 639 1747 ‹
661 1722 691 1748 '0
706 1722 760 1759 γὰρ
772 1723 907 1760 διακρινό-

120 1760 215 1801 μενος,
235 1766 305 1793 κατὰ
318 1766 363 1793 τὸν
387 1767 555 1798 Ἀπόστολον,
575 1767 622 1794 ἐὰν
642 1768 725 1804 φάγῃ,
740 1771 905 1806 κατακέκρι-

117 1820 178 1844 ται,
192 1811 233 1837 ὅτι
250 1812 300 1838 οὐκ
317 1812 350 1838 ὲκ
369 1812 499 1844 πίστεως·
520 1812 574 1839 πᾶν
594 1813 622 1839 δὲ
639 1813 653 1839 ὃ
667 1814 716 1840 οὐκ
730 1814 762 1840 ἐκ
779 1815 904 1848 πίστεως,

117 1858 244 1893 ἁμαρτία
257 1857 339 1886 ἐστίν.
359 1868 368 1884 ι
388 1858 435 1885 Ἐκ
450 1858 564 1891 πίστεως
581 1859 630 1895 μὲν
642 1858 688 1887 οὖν
700 1860 784 1887 ἐσθίει
797 1862 810 1888 6
826 1870 906 1888 πεπι-

118 1904 243 1937 στευκὼς
258 1905 294 1941 μὴ
314 1906 342 1931 ὲν
356 1905 499 1937 εἰδωλείοις
512 1906 566 1941 (27)
586 1906 713 1934 τεθύσθαι
728 1907 759 1934 τὸ
780 1907 905 1944 ἐσθιόμε-

117 1960 176 1982 νον,
191 1950 257 1986 μηδὲ
268 1951 376 1978 πνικτὸν
387 1951 452 1978 αὐτὸ
462 1949 540 1984 εἶναι,
553 1952 569 1988 ἦ
584 1950 654 1988 αἷμα
664 1961 671 1968 ·
683 1953 731 1980 οὐκ
746 1954 777 1980 ἐκ
790 1954 906 1987 πίστεως

116 1997 147 2024 δὲ
162 1998 177 2024 6
193 1997 256 2033 περὶ
268 1997 369 2024 τούτων
383 1998 455 2030 τινὸς
469 1998 673 2034 διακρινόμενος
683 2007 689 2014 ·
713 1999 759 2027 καὶ
779 2001 905 2033 κοινωνὸς

115 2043 146 2070 δὲ
162 2042 218 2069 τῶν
236 2043 380 2078 δαιμονίων
402 2043 503 2078 γίνεται
524 2044 538 2070 ὁ
557 2044 603 2070 καὶ
618 2044 687 2071 αὐτὰ
711 2045 789 2077 εἰδὼς
810 2045 904 2081 δαιμο-

116 2091 188 2122 νίοις
205 2090 343 2124 τεθύσθαι,
357 2091 405 2117 καὶ
423 2091 499 2118 οὐδὲν
516 2089 596 2128 ἦττον
614 2092 753 2128 χρώμενος
769 2093 837 2129 μετὰ
859 2102 906 2129 με-

117 2136 293 2172 μολυσμένης
309 2136 357 2172 τῆς
373 2137 436 2173 περὶ
452 2136 505 2163 τῶν
526 2137 670 2172 δαιμονίων
685 2139 904 2173 κοινωνησάντων

114 2183 156 2218 τῷ
169 2183 269 2218 θύματι
282 2183 442 2216 φαντασίας.
456 2182 510 2209 Καὶ
526 2184 540 2209 6
560 2183 718 2215 Ἀπόστολος
735 2184 826 2218 μέντοι
843 2186 904 2212 ἐπι-

116 2229 252 2263 στάμενος
269 2228 305 2263 μὴ
322 2228 370 2263 τὴν
388 2227 467 2262 φύσιν
481 2227 534 2254 τῶν
557 2227 707 2264 βρωμάτων
727 2229 816 2256 αἰτίαν
835 2227 904 2258 εἶναι
930 2260 935 2266 ,

116 2273 223 2309 βλάϐης
247 2273 286 2309 τῷ
305 2274 453 2310 χρωμένῳ,
477 2274 493 2309 ἢ
516 2274 648 2308 ὠφελείας
671 2275 709 2310 τῷ
732 2276 903 2313 ἀπεχομένῳ,

115 2320 188 2348 ἀλλὰ
206 2320 240 2346 τὰ
259 2320 379 2354 δόγματα
397 2319 445 2346 καὶ
459 2320 504 2347 τὸν
523 2321 708 2356 ἐνυπάρχοντα
722 2321 809 2356 λόγον,
826 2321 902 2350 εἶπε*

117 2375 128 2392 ς
149 2364 255 2401 Βρῶμα
274 2365 302 2391 δὲ
316 2366 390 2401 ἡμᾶς
407 2365 436 2391 οὐ
455 2365 602 2401 παρίστησι
620 2366 659 2400 τῷ
676 2366 735 2401 Θεῷ
746 2375 753 2382 ·
769 2367 832 2394 οὔτε
849 2368 904 2404 γὰρ

112 2412 165 2438 ὲὰν
175 2411 317 2446 φάγωμεν,
333 2411 559 2447 περισσευόμεθα,
574 2410 635 2437 οὔτε
648 2411 695 2438 ἐὰν
710 2413 747 2448 μὴ
761 2414 902 2450 φάγωμεν,

112 2456 311 2492 ὑστερούμεθα.
328 2466 337 2482 ι
357 2457 412 2483 Καὶ
429 2456 543 2491 ἐπείπερ
562 2456 696 2491 ἠπίστατο
711 2458 774 2490 τοὺς
786 2460 902 2494 μεγαλο-

112 2502 264 2538 φυέστερον
280 2501 406 2534 νοοῦντας
418 2502 488 2528 κατὰ
503 2502 547 2528 τὸν
564 2502 646 2537 νόμον
660 2502 720 2529 τίνα
735 2503 768 2530 τὰ
785 2505 902 2541 καθαρὰ,

110 2547 164 2574 καὶ
186 2547 247 2573 τίνα
270 2547 304 2573 τὰ
327 2547 479 2582 ἀκάθαρτα,
497 2546 666 2578 ἀποστάντας
690 2547 740 2582 τῆς
763 2549 827 2584 περὶ
854 2551 901 2577 τοῦ

111 2592 235 2629 χρῆσθαι
254 2591 291 2624 ὠς
304 2591 443 2628 καθαροῖς,
460 2591 507 2618 καὶ
524 2591 688 2627 ἀκαθάρτοις
701 2592 842 2629 διαφορᾶς,
856 2597 902 2624 καὶ

959 1546 1065 1566 scentcs
1088 1538 1209 1574 quidem,
1235 1539 1405 1574 suspicantes
1427 1543 1528 1574 autem,
1557 1545 1584 1568 et
1609 1548 1641 1569 ea
1661 1541 1694 1569 de
1710 1549 1740 1570 re

958 1584 1124 1617 dubitantes,
1142 1584 1164 1612 si
1183 1584 1282 1612 talibus
1298 1588 1418 1618 utamur,
1439 1592 1492 1612 non
1506 1585 1545 1613 ad
1566 1585 1613 1613 Dei
1627 1585 1740 1622 gloriam

958 1630 1010 1658 illis
1024 1630 1067 1657 usi
1082 1637 1188 1664 sumus,
1202 1637 1289 1665 neque
1307 1630 1333 1656 in
1353 1631 1462 1658 nomine
1476 1630 1588 1664 Christi,
1602 1639 1663 1658 cum
1685 1639 1740 1661 non

957 1675 1016 1711 ipsa
1041 1676 1129 1704 solum
1154 1677 1274 1711 suspicio
1292 1677 1368 1705 cibos
1393 1677 1473 1705 idolis
1496 1677 1650 1711 immolatos
1667 1686 1739 1709 esse.

957 1722 1143 1750 comedentem
1161 1722 1333 1756 condemnet,
1344 1722 1391 1751 sed
1411 1727 1437 1750 et
1451 1723 1484 1750 de
1498 1731 1529 1750 ea
1545 1731 1578 1751 re
1589 1723 1739 1755 dubitatio;

960 1777 969 1793 ι
986 1767 1033 1803 qui
1050 1768 1121 1800 enim
1138 1767 1254 1801 dubitat,
1269 1768 1347 1804 juxta
1363 1769 1520 1804 Apostolum
1533 1770 1567 1802 ",
1582 1770 1605 1797 si
1624 1770 1739 1797 mandu-

956 1813 1069 1846 caverit,
1083 1813 1228 1840 damnatus
1243 1819 1294 1846 est,
1310 1814 1374 1848 quia
1390 1821 1443 1841 non
1457 1822 1490 1841 ex
1513 1814 1582 1848 ﬁde;
1597 1822 1678 1842 omne
1691 1822 1740 1842 au-

956 1865 1009 1887 tem
1024 1858 1096 1894 quod
1113 1865 1166 1885 non
1189 1866 1221 1886 ex
1244 1858 1304 1892 ﬁde.
1318 1865 1459 1894 peccatum
1475 1864 1526 1887 est.
1546 1869 1555 1885 ι
1569 1859 1609 1887 Ex
1627 1860 1678 1888 ﬁde
1690 1868 1738 1888 au-

957 1909 1010 1932 tem
1027 1905 1173 1932 manducet
1197 1904 1219 1932 is
1243 1905 1289 1939 qui
1307 1905 1393 1932 credit
1417 1906 1444 1932 in
1470 1905 1604 1933 idolorum
1634 1906 1740 1942 templis

956 1951 1125 1978 immolatum
1140 1959 1194 1978 non
1205 1959 1265 1978 esse
1281 1951 1306 1978 id
1322 1951 1394 1985 quod
1409 1952 1570 1986 comeditur,
1587 1960 1637 1980 nec
1653 1953 1739 1983 ευπο-

955 2001 1047 2024 eatum
1065 1996 1131 2023 illud
1143 2003 1214 2028 esse,
1229 2003 1278 2023 nec
1289 1996 1467 2030 sanguinem;
1480 2003 1532 2024 non
1550 2004 1580 2024 ex
1597 1997 1648 2026 ﬁde
1661 2005 1738 2031 vero,

955 2043 1002 2077 qui
1020 2043 1053 2070 de
1068 2042 1159 2077 aliquo
1179 2049 1274 2070 eorum
1294 2041 1409 2074 dubitat,
1430 2047 1458 2069 ct
1475 2042 1611 2078 particeps
1629 2043 1739 2079 quidem

955 2090 1152 2117 daemoniorum
1174 2089 1213 2120 ﬁt,
1231 2088 1278 2124 qui
1302 2088 1347 2115 illa
1362 2087 1505 2116 daemoniis
1525 2088 1664 2117 immolata
1679 2097 1741 2118 esse

956 2135 1042 2168 novit,
1065 2135 1152 2170 iisque
1169 2134 1345 2162 nihilominus
1367 2139 1456 2162 tamen
1475 2135 1571 2168 utitur,
1596 2143 1658 2164 cum
1680 2135 1741 2171 pol--

956 2182 1012 2209 luta
1028 2180 1221 2216 imaginatione
1231 2180 1264 2208 de
1276 2180 1444 2208 daemonibus
1457 2180 1620 2209 sacriﬁcium
1634 2181 1743 2217 partici-

955 2227 1094 2262 pantibus.
1116 2225 1149 2253 Et
1164 2226 1310 2261 Apostolus
1323 2225 1434 2260 quidem
1456 2226 1545 2256 sciens
1559 2232 1683 2255 naturam
1701 2227 1742 2255 ei-

956 2275 1054 2300 borum
1068 2272 1170 2299 nullius
1180 2270 1335 2299 detrimenti
1349 2278 1460 2299 causam
1474 2279 1535 2299 esse
1547 2271 1571 2300 ei
1583 2272 1630 2306 qui
1644 2272 1738 2305 utitur,

956 2327 1006 2346 nec
1024 2316 1201 2346 emolumenti
1218 2317 1243 2344 ei
1259 2316 1306 2352 qui
1327 2316 1454 2349 abstinet,
1478 2315 1525 2343 sed
1542 2316 1694 2351 opiniones,
1713 2321 1741 2344 et

955 2372 1015 2393 eam
1031 2372 1092 2399 quae
1105 2363 1161 2391 illis
1175 2363 1245 2393 inest
1258 2362 1401 2396 rationem,
1417 2362 1485 2390 dixit
1497 2363 1518 2378 '"
1530 2370 1537 2388 :
1550 2371 1559 2388 ε
1570 2361 1635 2390 Esca
1648 2367 1740 2390 autem

958 2419 1008 2439 nos
1022 2418 1074 2438 non
1091 2409 1265 2438 commendat
1280 2409 1344 2440 Deo,
1358 2416 1445 2444 neque
1461 2409 1532 2435 enim
1551 2408 1574 2436 si
1589 2408 1740 2436 manduca-

957 2457 1088 2488 verimus,
1109 2456 1326 2489 abundabimus;
1349 2463 1437 2490 neque
1455 2454 1478 2482 si
1495 2454 1579 2492 496
1593 2462 1646 2484 non
1662 2463 1741 2484 mau-

956 2501 1157 2534 ducaverimus,
1174 2500 1341 2528 deﬁciemus.
1361 2509 1370 2526 ι
1387 2499 1420 2526 Et
1430 2500 1560 2534 quoniam
1577 2500 1680 2528 sciebat
1692 2507 1739 2530 eos

956 2548 1003 2583 qui
1020 2547 1164 2575 sublimius
1182 2546 1336 2581 intelligunt
1344 2545 1422 2580 juxta
1433 2546 1518 2581 legem
1534 2553 1657 2580 quamam
1670 2553 1739 2580 pura

955 2594 1010 2622 sint
1025 2597 1052 2621 et
1069 2599 1194 2628 quamam
1216 2590 1333 2628 impura,
1354 2590 1529 2619 abhorrentes
1551 2597 1565 2619 a
1582 2590 1740 2620 discrimine

146 2671 172 2687 "
184 2670 264 2698 Rom.
277 2678 307 2702 ιι,
323 2669 350 2697 6.
377 2670 399 2686 "
413 2669 466 2697 Tit.
483 2677 502 2702 I,
519 2669 562 2697 l5.
589 2669 611 2685 ³⁸
625 2659 753 2703 ιϐονίκ,
767 2671 810 2700 51.
850 2673 898 2700 "l

962 2697 968 2702 .
986 2683 1040 2708 xlv,
1055 2674 1100 2701 25.
1141 2673 1162 2688 "
1176 2671 1185 2698 l
1199 2671 1263 2699 Cor.
1281 2679 1341 2703 vni,
1358 2671 1386 2698 8.

149 2742 209 2777 (26)
229 2740 310 2777 Μηδὲ
326 2741 402 2767 ὅσον
415 2739 468 2767 δεῖ.
491 2738 552 2767 llaec
571 2737 760 2766 desiderantur
774 2739 800 2767 in
814 2741 899 2768 unico

110 2777 211 2804 codice
228 2776 316 2803 Holm.

150 2811 209 2846 (27)
228 2811 402 2843 Εἰδυλίείοις.
429 2809 474 2840 Sic
496 2808 595 2843 optime
613 2807 689 2834 codd.
710 2807 857 2838 Vaticanus
872 2816 898 2841 et

955 2743 1127 2770 Tarininnus.
1154 2740 1253 2775 Reg-ius
1273 2731 1343 2775 vero
1358 2743 1386 2766 et
1400 2738 1575 2775 Holmiensis,
1597 2737 1736 2770 εἰδωλίοις.

954 2779 1086 2805 (Ia-terum
1105 2776 1163 2803 \‘ille
1177 2773 1236 2802 Act.
1255 2782 1299 2807 xv,
1312 2773 1357 2808 20,
1374 2777 1401 2801 et
1417 2782 1473 2806 xxI,
1490 2773 1535 2802 25.
