1880 3045
139 105 190 133 943

883 103 1043 131 ORIGENIS

1715 108 1765 135 ΘΗ

139 164 165 191 in
177 163 278 191 utendo
290 167 321 191 ut
336 162 421 198 puris,
434 167 461 190 et
472 162 597 198 impuris,
610 167 636 190 et
651 163 852 197 superstitione,
865 162 918 196 opi-

1008 163 1195 199 ισιδαιμονίας,
1215 162 1300 200 οἶμαι,
1318 166 1345 192 ὲν
1367 163 1504 201 διαφόροις
1525 165 1694 201 ἐνδιαφορεῖν
1711 166 1765 201 (98)

139 218 201 244 nor,
217 210 289 238 circa
306 210 462 237 diﬂerentes
478 210 564 242 cibos,
577 209 610 237 iis
622 208 860 236 indiscrimiuatim
875 208 924 242 uti,

137 261 334 292 proptereaque
348 264 362 283 τι
377 255 477 284 Judzels
490 260 616 290 tanquam
630 255 696 289 legis
712 259 926 290 transgressores

138 301 275 336 damnari,
293 302 396 330 idcirco
411 302 479 329 dixit
496 301 595 328 alicubi
603 300 627 317 ⁵⁸
641 310 646 327 :
669 310 678 326 ι
692 300 778 329 Nemo
795 309 860 337 ergo
877 309 926 329 nos

136 348 241 383 judicet
261 347 289 377 in
309 349 381 382 cibo,
405 352 452 375 aut
468 348 495 374 in
511 353 586 383 potu,
606 357 616 372 ι
640 352 666 374 ct
683 355 744 382 quas
760 352 924 382 sequuntur,

138 396 241 423 docens
262 401 313 422 nos
334 401 365 421 ea
389 401 449 428 qua:
469 397 533 421 sunt
550 393 628 428 iusta
649 393 779 425 litteram,
800 394 924 420 umbram

137 449 213 474 esse;
232 448 310 468 veros
325 444 415 467 autem
431 439 498 474 legis
515 446 613 466 sensus
629 439 675 474 qui
691 440 718 466 in
734 439 767 467 iis
783 440 924 467 continen-

136 495 191 521 tur,
204 487 294 514 futura
309 494 369 514 esse
380 486 462 519 bona,
477 485 503 512 in
518 485 618 520 quibus
631 486 748 520 reperire
760 491 800 514 est
812 486 923 521 quinam

137 534 191 561 sint
204 532 265 568 puri
283 532 380 559 animat
396 531 552 566 spirituales
571 531 636 564 cibi,
655 535 682 559 et
697 532 807 566 quinam
825 532 924 567 impuri

136 580 163 606 in
190 577 363 606 sermonibus
386 576 481 608 falsis,
511 577 772 610 contradicentibus,
797 577 924 605 laedentes

136 631 197 651 cum
213 623 259 658 qui
275 623 307 649 iis
320 622 470 649 innutritus
482 626 539 649 est:
556 632 565 648 ι
579 621 708 649 Umbram
721 623 793 650 enim
808 623 926 650 habebat

135 670 177 697 lex
193 669 347 695 futurorum
366 669 499 695 bonorum
509 669 542 694 σε.
565 678 574 694 ι

170 717 214 744 15.
236 715 468 749 Quemadmodum
487 720 576 742 autem
599 715 624 742 in
643 715 737 743 multis
753 715 925 743 animadver-

134 763 246 791 tendum
261 767 302 790 est
315 761 340 789 id
353 761 425 797 quod
439 762 465 788 in
483 762 637 789 Servatoris
651 762 823 790 sermonibus
838 761 925 789 admi-

135 809 266 837 rabantur
279 807 374 841 Judaei,
390 807 462 842 quod
488 815 585 842 nempe
608 808 635 834 in
661 812 794 843 potestate
818 807 923 843 profer—

134 859 240 888 rentur,
253 854 293 882 sic
307 858 334 881 et.
354 853 381 880 in
399 853 442 881 his
464 853 510 888 qui
534 852 668 880 habentur
688 853 740 881 hoc
762 853 831 880 loco.
854 852 922 880 Cum

134 901 296 927 advocassct
309 899 391 934 igitur
406 898 525 931 turbam,
550 898 618 925 dixit
632 898 685 925 illis
697 898 719 914 “
734 907 739 926 :
762 907 771 924 ι
786 898 883 926 Audite
898 903 925 926 et

135 946 287 981 intelligite,
304 955 312 971 I
338 949 365 972 et
390 952 450 980 qua:
471 948 536 971 sunt
558 944 703 979 deinceps;
721 948 748 972 et
766 944 832 972 illud
845 944 922 977 dixit,

134 1000 196 1020 cum
222 991 423 1020 ollendereutur
446 989 576 1018 Pharisaei
598 990 650 1017 hoe
671 998 808 1024 sermone,
830 994 923 1024 utpote

134 1038 181 1073 qui
208 1042 317 1073 propter
341 1045 439 1072 pravas
457 1036 606 1064 sententias
623 1040 649 1063 et
669 1044 778 1071 pravam
795 1035 863 1071 legis
878 1043 923 1063 ac-

134 1084 287 1120 ceptionem
313 1091 369 1110 non
394 1087 485 1110 essent
507 1082 639 1117 plantatio
661 1081 751 1110 Patris
767 1082 810 1110 sui
828 1082 875 1118 qui
895 1082 922 1109 in

135 1130 211 1158 caelis
227 1133 277 1162 est,
292 1133 320 1157 et
335 1129 395 1157 ideo
411 1129 616 1156 eradicarentur
626 1129 666 1162 ⁶¹;
683 1128 782 1164 quippe
793 1128 922 1156 eradicati

134 1181 208 1210 sunt,
230 1176 301 1211 quod
319 1183 373 1204 non
395 1175 546 1210 receperint
561 1175 697 1203 excultam
717 1182 732 1201 a
748 1173 827 1202 Patre
841 1174 921 1201 vitem

134 1230 226 1250 veram
250 1221 343 1249 Jesum
368 1220 518 1248 Christum.
545 1220 688 1254 Quomodo
709 1221 781 1247 enim
798 1225 923 1256 poterant

134 1275 196 1296 esse
210 1267 342 1303 plantatio
358 1265 447 1294 Patris
464 1266 482 1292 ii
495 1266 542 1301 qui
559 1266 767 1293 oll'endebantur
781 1264 844 1292 Jesu
864 1273 923 1292 ser-

134 1314 263 1342 monibus
282 1313 467 1340 avertentibus
497 1312 605 1348 quidem
635 1312 669 1339 ab
697 1319 751 1340 eo:
774 1321 782 1338 ι
803 1311 841 1340 Ne
862 1312 921 1339 teti-

134 1361 222 1395 geris,
242 1366 330 1394 neque
349 1358 483 1394 gustaris,
506 1365 594 1393 neque
620 1357 842 1389 contrectaveris,
862 1366 923 1393 qua:

134 1409 199 1432 sunt
211 1404 302 1433 omnia
314 1404 341 1431 in
353 1403 492 1430 interitum
505 1402 564 1438 ipso
577 1403 675 1436 abusu,
688 1403 838 1431 secundum
854 1411 922 1439 prte-

134 1455 211 1488 ccpta
232 1455 258 1478 et
274 1450 412 1478 doctrinas
431 1448 573 1476 hominum
585 1449 623 1482 ";
646 1449 845 1477 deducentibus
857 1457 921 1477 vero

977 209 1010 243 τῇ
1034 208 1131 244 χρήσει
1146 209 1199 236 τῶν
1219 210 1381 245 βρωμάτων,
1398 211 1446 238 καὶ
1465 211 1509 237 διὰ
1531 211 1610 238 τοῦτο
1631 211 1686 238 ὑπὸ
1704 211 1765 238 ’1ου-

976 254 1058 281 δαίων
1075 255 1112 288 ὠς
1124 257 1298 292 παρανόμους
1313 257 1464 293 κρίνεσθαι,
1476 257 1519 284 διὰ
1532 257 1611 284 τοῦτο
1624 256 1687 284 εἶπέ
1701 266 1765 284 που·

980 309 989 325 ι
1008 300 1054 336 Μὴ
1069 299 1115 327 οὖν
1131 301 1247 338 κρινέτω
1260 311 1302 334 τις
1318 303 1392 338 ἡμᾶς
1406 303 1434 329 ὲν
1449 303 1559 339 βρώσει,
1574 303 1591 339 ἢ
1607 303 1637 330 ὲν
1653 303 1743 336 πόσει,
1755 312 1765 329 ι

977 347 1024 373 καὶ
1042 346 1076 373 τὰ
1096 346 1169 382 ἑξῆς,
1196 347 1328 374 διδάσκων
1352 349 1434 383 ἡμᾶς,
1457 349 1497 375 ὃτι
1520 349 1555 375 τὰ
1575 349 1623 384 μὲν
1647 349 1720 375 κατὰ
1738 348 1768 375 τὸ

976 394 1093 431 γράμμα
1111 394 1174 421 σκιά
1193 395 1261 427 ἐστι,
1273 393 1309 420 τὰ
1324 394 1346 420 δ’
1365 394 1452 430 ἀληθῆ
1467 394 1514 421 τοῦ
1526 395 1609 430 νόμου
1625 394 1768 422 ἐναποκει-

978 447 1046 473 μενα
1062 438 1167 471 τούτοις
1186 440 1309 474 νοήματα
1331 439 1461 475 μέλλοντά
1481 440 1553 466 ἐστιν
1567 440 1667 474 ἀγαθὰ,
1687 442 1715 467 ὲν
1729 438 1768 472 οἷς

977 483 1049 511 ἔστιν
1063 485 1151 520 εὑρεῖν
1166 485 1226 511 τίνιι⁴
1245 485 1280 511 τὰ
1296 485 1403 522 καθαρὰ
1415 486 1464 522 τῆς
1484 486 1573 521 ψυχῆς
1595 487 1768 522 πνευματικὰ

977 529 1117 564 βρώματα,
1135 531 1181 556 καὶ
1203 530 1263 557 τίνα
1281 531 1316 558 τὰ
1335 531 1476 567 ἀκάθαρτα
1492 532 1521 558 ὲν
1539 532 1627 566 λόγοις
1647 532 1767 567 ψευδέσι,

976 576 1023 601 καὶ
1040 574 1349 613 ἐναντίοιςηβλάπτοντα
1367 576 1412 602 τὸν
1429 576 1595 611 τρεφόμενον
1613 578 1644 602 ὲν
1660 577 1767 607 αὐτοῖς·

979 629 988 645 ‹
1012 620 1095 646 Σκιὰν
1121 620 1176 656 γὰρ
1202 617 1275 657 εἶχεν
1301 622 1316 648 ό
1339 622 1419 658 νόμος
1443 622 1498 648 τῶν
1524 622 1674 657 μελλόντων
1701 623 1768 657 ἁγα-

977 665 1040 693 οῶν.
1067 676 1076 692 ι

1013 712 1118 748 Ὥσπερ
1133 713 1160 739 δὲ
1178 713 1207 740 ὲν
1226 713 1333 746 πολλοῖς
1352 713 1533 750 κατανοητέον
1547 713 1578 740 τὸ
1594 714 1768 750 θαυμαζόμει

976 767 1021 786 νον
1036 759 1112 796 παρὰ
1130 759 1267 791 Ἰουδαίοις
1278 761 1325 787 ἐπὶ
1335 762 1391 793 τοῖς
1404 761 1451 787 τοῦ
1469 761 1595 797 Σωτῆρος
1609 761 1714 795 λόγοις,
1728 762 1768 788 ὅτι

978 806 1006 831 ἐν
1023 804 1131 842 ἐξουσίᾳ
1145 806 1280 840 ἐλέγοντο,
1294 806 1379 839 οὕτως
1394 807 1441 833 καὶ
1455 807 1501 833 ἐπὶ
1512 807 1565 833 τῶν
1582 808 1654 834 κατὰ
1666 808 1713 834 τὸν
1725 807 1768 834 τό-

976 858 1038 879 πον.
1049 851 1101 877 Τὸν
1115 852 1192 887 ὄχλον
1201 852 1266 886 γοῦν
1284 853 1551 888 προσκαλεσάμενος,
1565 851 1642 880 εἶπεν
1658 854 1765 885 αὐτοῖς·

978 906 987 923 ‹
1013 898 1138 925 Ἀκούετε
1163 899 1209 925 καὶ
1234 899 1348 931 συνίετε,
1372 908 1380 924 ι
1407 899 1453 926 καὶ
1475 899 1509 926 τὰ
1533 899 1612 934 ἑξῆς·
1629 900 1678 926 καὶ
1697 899 1766 927 τοῦτ’

975 943 1062 978 ἔλεγε,
1085 944 1239 979 Φαρισαίων
1264 944 1514 980 σκανδαλιζομένων
1540 945 1586 972 ἐπὶ
1612 945 1700 980 τούτῳ
1730 944 1768 980 τῷ

974 990 1055 1025 λόγῳ,
1068 990 1105 1022 ὡς
1124 990 1168 1017 διὰ
1181 990 1216 1017 τὰ
1235 990 1360 1027 μοχθηρὰ
1380 991 1514 1027 δόγματα,
1528 991 1575 1018 καὶ
1592 991 1642 1028 τὴν
1662 991 1767 1026 φαύλην

974 1035 1051 1072 παρὰ
1065 1036 1113 1063 τοῦ
1126 1037 1207 1071 νόμου
1224 1037 1347 1072 ἐκδοχὴν,
1370 1037 1420 1064 οὒκ
1436 1038 1520 1064 όντων
1539 1038 1652 1072 φυτείας
1675 1037 1723 1064 τοῦ
1738 1039 1767 1064 ὲν

974 1083 1098 1118 οὐρανοῖς
1109 1082 1205 1109 ἐαυτοῦ
1217 1083 1334 1119 Πατρός,
1347 1084 1393 1110 καὶ
1407 1083 1452 1110 διὰ
1461 1083 1540 1110 τοῦτο
1550 1083 1765 1120 ἐκριζωμένωψ

974 1128 1194 1165 ὲξερῥιζὼθησαν
1216 1128 1270 1165 γὰρ
1294 1129 1330 1165 μὴ
1351 1129 1568 1165 παραδεξάμενοι
1580 1130 1630 1166 τὴν
1650 1131 1705 1156 ἀπὸ
1721 1129 1764 1157 τοῦ

974 1174 1080 1210 Πατρος
1093 1174 1303 1210 γεωργουμένην
1313 1174 1434 1210 ἄμπελον
1444 1175 1573 1211 ἀληθινὴν
1590 1175 1695 1211 Ἰησοῦν
1705 1176 1765 1211 Χρι-

975 1221 1045 1248 στόν.
1063 1221 1126 1253 Πῶς
1141 1221 1196 1257 γὰρ
1211 1221 1342 1256 ἠδύναντο
1360 1220 1429 1249 εἶναι
1447 1222 1543 1257 φυτεία
1557 1222 1605 1249 τοῦ
1622 1221 1730 1257 Ila-.90;
1741 1222 1765 1247 οι

972 1269 1019 1295 ἐπὶ
1044 1270 1100 1300 τοῖς
1127 1268 1215 1304 Ἰησοῦ
1246 1268 1487 1301 σκανδαλισθέντες
1512 1269 1612 1303 λόγοις,
1635 1269 1764 1306 ticam-.th

975 1314 1023 1349 μὲν
1039 1312 1085 1340 τοῦ
1096 1322 1103 1329 ι
1121 1323 1129 1339 ι
1147 1314 1193 1349 Μὴ
1211 1314 1278 1351 ἅψῃ,
1298 1314 1364 1349 μηδὲ
1379 1313 1476 1350 γεύσῃ,
1499 1314 1566 1349 μηδὲ
1586 1314 1676 1349 θίγῃς,
1694 1313 1712 1340 ἃ.
1732 1310 1764 1348 ἦν

974 1360 1063 1387 πάντα
1077 1360 1117 1392 εἰς
1134 1359 1236 1396 φθορὰν
1253 1361 1285 1396 τῇ
1300 1360 1461 1396 ἀποχρήσει,
1479 1360 1551 1386 κατὰ
1562 1360 1595 1386 τὰ
1611 1360 1765 1395 ἐντάλματα

974 1407 1022 1433 καὶ
1045 1405 1219 1438 διδασκαλίας
1242 1406 1296 1432 τῶν
1316 1406 1484 1441 ἀνθρώπων·
1516 1415 1525 1431 ι
1546 1406 1715 1442 προσάγουσι
1739 1405 1766 1432 δὲ

974 1452 1018 1479 τὸν
1033 1452 1141 1478 συνετὸν
1158 1451 1261 1478 ἑαυτῶν
1277 1452 1415 1488 ἀκροατὴν
1430 1451 1468 1487 τῷ
1491 1451 1525 1478 τὰ
1545 1452 1600 1479 ἄνω
1624 1451 1690 1487 περὶ
1705 1450 1766 1478 τού-

135 1499 283 1534 sapientem
311 1504 392 1524 suum
416 1495 569 1522 auditorem
595 1496 627 1522 ad
658 1497 815 1531 quaerenda,
838 1505 918 1533 super

1008 1508 1026 1526 ιν
1043 1499 1143 1535 ζητεῖν,
1161 1499 1208 1526 καὶ
1233 1499 1270 1534 μὴ
1294 1499 1341 1524 ὲτιὶ
1358 1498 1419 1533 γῆς,
1444 1498 1480 1530 ὡς
1503 1498 1527 1523 οι
1554 1497 1694 1528 Ἰουδαῖοι;
1712 1496 1765 1523 Καὶ

134 1545 187 1574 illis
204 1551 236 1571 ea
258 1551 320 1578 qua:
341 1550 450 1570 sursum
466 1546 539 1575 sunt,
561 1550 614 1570 non
631 1550 692 1578 quae
710 1551 792 1579 super
807 1548 919 1578 terram,

134 1595 164 1618 ut
176 1588 281 1617 Judmi?
295 1587 328 1615 Et
339 1587 467 1622 quoniam
479 1591 590 1622 propter
601 1595 683 1623 prava
696 1596 777 1616 sensa
789 1589 920 1618 Pharisaai

133 1635 265 1673 plantatio
280 1642 334 1662 non
350 1637 428 1661 erant
442 1632 532 1660 Patris
547 1633 593 1668 qui
611 1634 638 1660 in
652 1635 729 1662 caelis
747 1640 803 1669 est;
820 1637 922 1665 idcirco

134 1684 167 1711 de
183 1682 237 1710 illis
253 1685 381 1715 tanquam
395 1679 602 1712 insanabilibus,
616 1680 653 1708 ait
664 1681 806 1716 discipulis
819 1682 841 1698 ⁶³
854 1695 860 1710 :
878 1682 922 1710 Si-

133 1729 191 1756 nite
203 1728 279 1760 illos;
298 1736 308 1753 )
322 1726 413 1759 sinite,
436 1730 580 1761 propterea
601 1728 671 1762 quod
689 1728 751 1756 czeci
774 1737 836 1756 cum
853 1730 919 1761 sint,

133 1774 264 1802 deberent
290 1773 436 1800 cateitatcm
465 1780 543 1800 suam
570 1773 681 1806 sentire,
707 1778 734 1801 et
756 1775 840 1803 duces
859 1776 922 1803 vita:

133 1827 269 1856 quaerere;
286 1819 337 1855 ipsi
348 1826 413 1846 vero
430 1819 579 1846 caecitatem
594 1827 673 1846 suam
689 1828 743 1848 non
760 1821 919 1855 sentientes,

133 1874 221 1895 caecos
233 1866 333 1894 ducere
349 1873 379 1893 se
395 1866 558 1901 gloriantur,
575 1873 628 1893 non
641 1866 791 1901 cogitantes
807 1875 921 1895 casuros

133 1920 162 1940 se
175 1913 203 1940 in
221 1911 338 1943 foveam,
364 1910 397 1938 de
413 1917 466 1946 qua
483 1910 509 1937 in
529 1909 647 1937 Psalmis
671 1911 802 1945 scriptum
825 1912 897 1939 est”
913 1922 919 1940 :

135 1968 144 1984 ι
162 1957 262 1985 Lacum
275 1957 382 1992 aperuit
394 1961 420 1983 et
431 1955 523 1983 ell'odit
533 1963 606 1988 eum,
619 1961 646 1983 et
659 1956 758 1984 incidet
774 1957 800 1984 in
817 1957 920 1985 foveam

133 2011 214 2039 quam
241 2003 314 2030 fecit.
331 2011 340 2028 ι
368 2001 440 2028 Alibi
465 2001 595 2035 scriptum
613 2004 654 2027 est
666 2001 688 2016 “
703 2010 709 2028 :
724 2000 793 2028 Cum
811 2002 921 2030 vidisset

132 2051 228 2078 turbas
244 2048 401 2076 ascendisse
416 2048 443 2074 in
461 2052 592 2078 montem,
614 2051 641 2074 et
656 2054 717 2074 cum
735 2047 860 2081 sedisset,
877 2056 922 2075 ac-

133 2096 251 2123 cessisse
271 2093 304 2120 ad
323 2101 386 2121 eum
410 2092 559 2128 discipulos
573 2092 650 2127 ejus;
670 2101 679 2118 »
698 2092 742 2120 hic
754 2087 848 2121 autem
863 2101 921 2120 ma-

133 2148 199 2169 num
213 2140 299 2167 turbae
318 2138 442 2174 porrigit,
463 2145 522 2166 eam
545 2138 692 2171 advocatis,
710 2143 736 2166 et
756 2139 894 2169 abducens
906 2148 921 2167 ιι

974 1545 1035 1571 ἐπεὶ
1049 1544 1092 1571 διὰ
1102 1544 1136 1571 τὰ
1152 1544 1275 1580 μοχθηρὰ
1285 1543 1408 1578 δόγματα
1424 1543 1454 1569 οὐ
1476 1543 1571 1577 φυτεία
1585 1541 1657 1578 ἦσαν
1674 1542 1721 1569 τοῦ
1737 1544 1764 1569 εν

972 1591 1094 1627 οὐρανοῖς
1108 1591 1214 1627 Πατρδς
1227 1591 1252 1616 ol
1265 1591 1414 1625 Φαρισαῖοι,
1430 1589 1473 1616 διὰ
1489 1589 1566 1616 τοῦτο
1577 1590 1615 1620 ὡς
1632 1589 1698 1625 περὶ
1709 1589 1765 1615 ἀνι-

972 1637 1044 1664 άτων
1067 1636 1156 1663 αὐτῶν
1180 1635 1254 1670 λέγει
1267 1637 1324 1667 τοῖς
1342 1635 1476 1671 μαθηταῖς
1491 1635 1537 1661 τό·
1559 1644 1568 1661 ι
1592 1636 1696 1669 Ἀφετε
1718 1635 1764 1662 αὑ-

972 1683 1050 1714 τούς⁶
1072 1692 1080 1708 ι
1100 1681 1194 1717 ἄφετε,
1212 1681 1255 1708 διὰ
1270 1681 1359 1713 τοῦτο,
1375 1682 1416 1708 ὃτι
1434 1681 1530 1715 τυφλοὶ
1545 1681 1631 1712 ὄντες,
1645 1681 1705 1708 δέον
1718 1681 1765 1707 αὒ-

971 1729 1035 1760 τοὺς
1050 1727 1223 1755 αἰσθάνεσθαι
1237 1727 1285 1763 τῆς
1297 1726 1462 1761 τυφλότητος
1474 1727 1520 1752 καὶ
1533 1725 1624 1762 ζητεῖν
1640 1726 1764 1761 ὁδηγοὺς,

971 1775 997 1801 οἱ
1010 1774 1037 1801 δὲ
1052 1773 1274 1808 ἐπαγγέλλονται,
1295 1771 1520 1806 ἀναισθητοῦντες
1533 1773 1583 1808 τῆς
1596 1772 1702 1799 ἑαυτῶν
1721 1781 1766 1798 τυ-

972 1820 1113 1855 φλότητος,
1131 1819 1236 1854 ὁδηγεῖν
1253 1819 1379 1853 τυφλοὺς,
1400 1818 1430 1844 οὐ
1445 1817 1614 1853 λογιζόμενοι
1635 1818 1766 1853 ἐμπεσεῖ-

973 1864 1034 1891 σθαι
1051 1865 1091 1895 είς
1113 1863 1232 1899 βόθυνον,
1255 1862 1318 1898 περὶ
1342 1860 1372 1889 οὗ
1395 1862 1423 1888 ὲν
1444 1861 1568 1897 Ψαλμοῖς
1589 1860 1764 1897 γέγραπταιο

975 1920 984 1937 ‹
1003 1911 1109 1937 Λάκκον
1123 1908 1221 1945 ὤρυξε,
1237 1909 1283 1935 καὶ
1298 1907 1451 1943 ἀνέσκαψεν
1466 1907 1558 1939 αὑτὸν,
1574 1906 1621 1934 καὶ
1635 1907 1766 1942 ἐμπεσεῖ-

971 1965 1016 1982 ται
1031 1957 1070 1987 εῐς
1084 1955 1178 1992 βόθρον
1193 1954 1222 1981 ὃν
1236 1953 1392 1990 εἰργάσατο.
1414 1962 1423 1978 ι
1446 1950 1576 1986 Ἀλλαχοῦ
1593 1950 1642 1986 μὲν
1659 1949 1707 1978 οὖν
1719 1949 1764 1985 γέ-

972 2010 1103 2037 γραπται,
1115 2002 1164 2034 ὅτι,
1185 2011 1194 2026 ί
1221 2001 1293 2027 Ἰδὼν
1304 2001 1365 2031 τοὺς
1377 1999 1481 2034 ὄχλους,
1493 1997 1576 2033 ἀνέϐη
1591 1998 1630 2029 εις
1645 1997 1676 2024 τδ
1689 1997 1764 2034 ὅρος,

972 2050 1018 2076 καὶ
1035 2048 1194 2079 καθίσαντος
1210 2047 1291 2074 αὑτοῦ
1309 2045 1460 2082 προσῆλθον
1473 2045 1496 2071 οἱ
1510 2044 1630 2079 μαθηταὶ
1646 2043 1740 2070 αὑτοῦ·
1751 2052 1762 2071 ι

972 2095 1087 2122 ἐνταῦθα
1106 2094 1134 2120 δὲ
1149 2093 1239 2129 ὀρέγει
1259 2094 1337 2128 χεῖρα
1351 2091 1389 2127 τῷ
1403 2091 1482 2127 ὖχλῳ,
1504 2089 1764 2126 προσκαλεσάμενος

972 2141 1063 2172 αὑτὸν,
1081 2141 1128 2168 καὶ
1143 2139 1259 2175 ἀφιστὰς
1275 2139 1325 2174 τῆς
1342 2138 1426 2174 ῥητῆς
1439 2136 1493 2163 τῶν
1508 2135 1578 2163 κατὰ
1592 2135 1675 2170 νόμον
1692 2135 1763 2170 ἐρω-

133 2186 289 2222 supradicta
298 2184 456 2219 acceptione
467 2185 648 2219 quaestionum
659 2193 720 2220 quae
732 2186 834 2212 suntin
848 2186 916 2222 lege,

1008 2188 1099 2223 μάτων
1123 2186 1246 2221 ὲκδοχῆς,
1269 2186 1314 2212 ὅτε
1339 2184 1446 2219 πρῶτον
1471 2183 1519 2218 μὲν
1535 2182 1627 2215 ἔλεγεν
1650 2181 1762 2212 αὐτοῖς’

133 2241 196 2261 cum
209 2226 326 2269 priinum
342 2232 449 2259 diccbat
464 2231 516 2259 illis
531 2241 537 2258 :
555 2240 563 2257 ι
581 2230 679 2258 Audite
693 2235 720 2258 et
734 2231 886 2266 intelligite,
906 2241 915 2257 ι

133 2281 255 2307 nondum
270 2278 352 2316 497
369 2277 538 2313 capientibus
554 2284 615 2312 quae
634 2277 798 2310 audiebant;
822 2278 919 2305 deinde

134 2319 198 2354 vero
215 2331 342 2360 tanquam
371 2325 399 2353 in
426 2324 562 2360 parabolis
579 2323 687 2351 dicebat
702 2324 755 2352 illis
769 2324 791 2340 °‘
809 2334 815 2352 :
835 2334 844 2350 (
859 2324 919 2352 Non

132 2372 205 2408 quod
223 2373 306 2402 intrat
319 2371 346 2398 in
369 2378 400 2399 os
423 2370 583 2406 coinquinat
606 2370 754 2404 hominem,
776 2371 823 2398 sed
845 2371 919 2406 quod

132 2418 255 2454 procedit
269 2425 302 2445 ex
318 2425 375 2445 ore.
393 2426 401 2442 ι

167 2465 211 2492 ll.
227 2463 291 2493 Post
308 2464 351 2491 illa
368 2470 456 2498 operae
475 2463 592 2498 pretium
616 2467 658 2490 est
680 2462 802 2489 animum
818 2462 851 2490 ad
865 2462 918 2491 hoc

132 2511 234 2539 dictum
257 2510 407 2541 advertere,
424 2508 496 2544 quod
522 2508 547 2535 ei
570 2507 727 2535 cavillantes
747 2512 916 2543 pervertunt,

166 2595 189 2611 "
204 2593 263 2621 Col.
281 2600 309 2624 ιι,
325 2592 367 2624 16,
386 2591 430 2618 17.
481 2591 503 2606 ⁸³
518 2589 584 2617 ibid.
599 2589 651 2622 l7;
672 2589 752 2617 llebr.
765 2598 793 2621 ι.
809 2591 834 2618 1.

179 2711 224 2746 28)
252 2711 299 2737 Ἐν
312 2711 463 2746 διαφόροις
476 2711 672 2746 ἐνδιαφορεῖν,
691 2716 743 2739 etc.
758 2711 888 2741 Erasmus
905 2721 912 2740 ε

136 2747 322 2782 ιγςοιιιοιιιιιιιι
338 2747 530 2782 superstitione
554 2747 580 2772 in
603 2747 694 2779 rebus,
713 2753 741 2782 ut
754 2748 860 2782 opinor,
873 2749 916 2774 in-

134 2780 318 2817 ditierentibus
330 2789 336 2806 :
354 2780 497 2817 {legebat}
511 2782 542 2817 ἐν
552 2781 715 2817 ἀδιαφόροις.
729 2780 782 2809 Pro
793 2783 915 2817 ἐνδιαφο-

135 2816 191 2848 ρεῖν
212 2818 302 2840 autem
320 2815 404 2842 codex
422 2815 522 2848 Regius
536 2816 631 2849 habet,
647 2815 677 2842 οὐ
695 2817 841 2852 διαφορεῖν.
864 2815 915 2844 Lc-

880 2591 904 2607 ⁶⁰
920 2590 1016 2619 Matth.
1030 2598 1075 2622 xv,
1091 2589 1135 2617 10.

130 2630 176 2663 21,
191 2629 241 2662 2'2;
259 2636 300 2661 ιιι,
314 2628 339 2659 1,
355 2627 382 2653 2.
421 2627 444 2642 ⁸³
455 2625 550 2653 Matth.
568 2633 612 2658 xv,
627 2625 669 2652 M.
691 2626 713 2640 “
727 2625 800 2653 Psal.
812 2634 860 2660 vu,
874 2627 917 2655 16.
939 2627 960 2643 ⁸⁵
971 2626 1066 2654 Matth.
1077 2633 1104 2660 v,
1115 2625 1140 2651 1.

975 2243 984 2260 ‹
1017 2233 1142 2260 ’Λκούετε
1172 2232 1219 2259 καὶ
1247 2232 1363 2263 συνίετε,
1396 2239 1405 2255 ι
1436 2229 1541 2256 οὐδέπω
1568 2227 1700 2254 συνιεῖσιν
1726 2223 1764 2253 ὧν

971 2280 1069 2315 1ἢκουον
1082 2287 1088 2293 ”
1107 2279 1169 2314 ἑξῆς
1189 2278 1217 2304 δὲ
1238 2277 1276 2309 ὡς
1297 2277 1325 2303 ἐν
1347 2275 1515 2311 παραϐολαῖς
1536 2273 1630 2308 ἔλεγεν
1651 2273 1763 2303 αὐτοῖς’

974 2335 983 2351 ι
1004 2325 1041 2352 Οὐ
1058 2325 1088 2351 τὸ
1104 2324 1293 2360 εἰσερχόμενον
1309 2323 1348 2354 είς
1363 2322 1394 2349 τὸ
1408 2321 1495 2358 στόμα
1505 2321 1591 2348 κοινοῖ
1600 2319 1649 2347 τὸν
1658 2319 1764 2355 ἄνθρω-

971 2380 1032 2404 πον,
1049 2371 1116 2397 ἀλλὰ
1131 2371 1160 2397 τὺ
1177 2369 1400 2404 ἐκπορευόμενον.
1422 2376 1431 2393 ι

1006 2461 1084 2489 Μετὰ
1090 2460 1176 2487 ταῦτα
1188 2460 1261 2492 ἄξιον
1276 2458 1339 2485 ἰδεῖν
1349 2457 1420 2491 λέξιν
1433 2455 1695 2491 συκοφαντουμένην
1710 2454 1763 2481 ὑπὸ

970 2507 1024 2535 τῶν
1046 2507 1203 2542 φασκόντων
1227 2505 1282 2541 (29)
1303 2505 1333 2532 οὐ
1360 2504 1405 2531 τὸν
1423 2504 1503 2531 αὑτὸν
1518 2500 1590 2530 εἶναι
1605 2501 1690 2537 νόμου
1715 2499 1764 2527 καὶ

1193 2589 1214 2604 ⁸¹
1231 2588 1296 2616 ibid.
1316 2587 1365 2620 l5;
1383 2586 1462 2614 Joan.
1478 2594 1530 2619 xv,
1543 2586 1569 2613 1.
1621 2584 1644 2601 ⁶¹
1657 2583 1763 2619 Col.u,

1179 2624 1201 2640 “
1211 2623 1306 2651 Matth.
1322 2631 1366 2656 xv,
1384 2623 1426 2649 l5.

968 2711 1085 2747 gendum
1101 2710 1240 2747 existimat
1253 2709 1372 2747 Huetius
1381 2707 1547 2747 ἀδιαφορεῖν,
1563 2705 1606 2733 vel
1618 2705 1761 2740 ὲναδιαφο-

969 2743 1247 2783 ῥεῖν.ῌ¹1εζνδιαφορ-εἶν
1261 2743 1549 2783 autem‘insolensrest.

1005 2780 1061 2815 (29)
1088 2776 1237 2807 'r'zzd't'dw
1261 2779 1451 2815 φασκόντων,
1473 2782 1541 2815 etc.__
1553 2776 1758 2805 Valentiniano-

970 2811 1040 2849 rum,
1053 2811 1302 2847 Marcionistaru‘m,
1321 2814 1501 2848 aliorumque.
1518 2811 1653 2840 Hunnus.
