1880 3045
142 127 200 155 945

630 128 806 157 COMMENT.
827 128 860 157 lN
879 126 1088 156 MATTHJSUM
1115 126 1233 155 TOMUS
1252 126 1296 154 XI.

1722 126 1773 154 960

144 188 315 222 Εὑαγγελίου
340 189 428 224 Ἰησοῦ
443 189 562 225 Χριστοῦ
577 190 660 217 Θεόν-
675 190 773 222 οἵτινές
789 198 881 225 φασιν,
897 190 908 216 ὅ

1030 187 1038 214 i
1053 186 1131 215 aiunt
1146 195 1199 214 non
1212 186 1338 215 eumdem
1354 193 1414 214 esse
1428 186 1496 221 legis
1511 190 1538 213 et
1553 185 1689 222 Evangelii
1707 185 1772 215 Jesu

142 235 195 260 οὐκ
211 234 283 260 ἐστιν
294 236 308 261 6
330 235 416 270 Ἰησοῦ
433 236 550 270 Χριστοῦ
566 236 690 271 οὐράνιος
704 236 798 271 Πατὴρ
814 236 935 272 γεωργὸς

143 280 200 307 τῶν
225 281 295 307 κατὰ
311 281 448 313 Μωῦσέως
464 282 544 317 νόμον
565 282 695 318 οἰομένων
715 282 779 310 Θεὸν
803 282 933 309 εὐσεϐεῖν.

143 326 231 358 Αὐτὸς
252 324 328 353 εἶπεν
343 328 357 353 6
379 328 482 362 Ἰησοῦς
500 329 563 361 τοὺς
576 328 748 364 Φαρισαίους,
766 328 792 355 οἶ
806 325 876 363 ἦσαν
889 327 936 354 λα-

142 372 287 407 τρεύοντες
299 372 339 408 τῷ
349 373 470 400 κτίσαντι
484 374 530 401 τὸν
543 374 644 410 κόσμον
657 375 703 402 καὶ
716 375 761 402 τὸν
772 374 852 410 νόμον
864 373 933 409 Θεῷ,

142 418 196 444 οὐκ
209 416 278 445 εἶναι
291 419 403 453 φυτείαν
416 420 448 455 ἣν
459 420 605 455 ἐφύτευσεν
619 421 634 447 6
646 420 770 456 οὐράνιος
785 419 867 446 αὐτοῦ
883 419 935 446 Πα-

143 463 208 498 τὴρ,
224 465 271 491 καὶ
293 465 337 491 διὰ
353 465 433 492 τοῦτο
448 466 530 502 αὐτὴν
548 465 732 501 ἐκριςοῦσοαι.
749 465 844 497 Εἴποις
860 465 882 491 δ’
901 465 934 491 ἂν

142 509 192 535 καὶ
206 509 302 542 ταῦτα,
315 511 366 543 ὅτι,
386 511 436 538 κᾶν
451 511 530 547 εἴπερ
550 512 646 547 Πατὴρ
660 509 694 547 ἦν
710 511 757 538 τοῦ
780 511 867 546 Ἰησοῦ
886 520 896 536 ι
920 512 934 537 6

141 554 309 588 εἰσαγαγὼν,
327 555 374 582 καὶ
389 556 524 590 φυτεύσας
543 566 552 582 ι
578 557 623 583 τὸν
639 557 692 584 ἀπὸ
707 556 843 591 Αἰγύπτου
860 556 934 589 ἐξελ-

142 599 226 626 θόντα
241 601 315 633 λαὸν,
333 610 342 626 ι
364 602 403 634 εἰς
416 602 478 637 ὅρος
491 602 670 638 κληρονομίας
685 602 791 634 ἑαυτοῦ,
809 604 849 634 εἰς
865 603 933 629 ἕτοι-

143 654 196 679 μον
221 646 428 682 κατοικητήριον
451 647 565 679 ἑαυτοῦ,
588 657 597 672 ι
617 645 692 675 εἶπεν
710 648 743 675 ἂν
765 647 867 683 Ἰησοῦς
886 648 933 674 ἐπὶ

141 691 202 721 τοῖς
216 690 372 725 Φαρισαίοις
385 692 417 718 τό
427 700 433 707 ·
451 701 460 717 ι
478 692 557 720 Πᾶσα
570 693 666 727 φυτεία
681 693 714 729 ἢν
726 693 775 720 οὐκ
787 693 932 728 ὲφύτευσεν

140 735 155 760 6
187 735 283 770 Πατήρ
312 744 363 770 μου
392 737 406 763 6
430 737 565 772 οὐράνιος,
587 737 810 774 ὲκριζωθήσεται.
832 748 842 764 ›
860 738 932 774 Πρὸς

141 779 231 806 ταῦτα
245 780 273 806 δὲ
289 781 421 817 φήσομεν,
437 782 478 808 ὅτι
499 783 556 810 ὅσοι
579 783 624 810 διὰ
639 783 686 819 τὴν
710 783 848 820 μοχθηρὰν
869 784 932 820 περὶ

140 825 197 852 τῶν
215 826 285 852 κατὰ
298 827 344 853 τὸν
359 828 440 863 νόμον
457 828 569 864 ἐκδοχὴν
581 830 631 856 οὐκ
646 828 715 865 ἦσαν
731 830 825 864 φυτεία
839 831 885 857 τοῦ
902 831 930 858 ὲν

139 871 267 906 οὐρανοῖς
290 873 412 908 Πατρὺς,
429 871 500 901 οὗτοι
516 875 685 910 τετύφλωντο
697 876 730 902 τὰ
745 877 876 911 νοήματα,
893 877 931 908 ὠς

142 917 182 953 μὴ
200 917 371 950 πιστεύοντες
381 920 413 954 τῇ
426 919 550 955 ἀληθείᾳ,
565 920 632 946 ἀλλὰ
646 920 818 953 εὐδοκοῦντες
830 923 861 957 τῇ
875 922 932 948 ἀδι-

139 964 200 1000 κίᾳ,
217 964 268 991 ὑπὸ
281 964 328 991 τοῦ
341 964 543 1001 θεοποιηθέντος
557 966 611 993 ἀπὸ
625 966 679 993 τῶν
693 967 758 993 υἱῶν
774 967 820 994 τοῦ
836 967 931 999 αἰῶνος

138 1010 248 1042 τούτου,
272 1011 319 1037 καὶ
340 1011 384 1038 διὰ
407 1011 485 1038 τοῦτο
507 1011 654 1048 λεγομένου
678 1013 753 1048 παρᾶ
769 1012 807 1048 τῷ
832 1012 930 1049 Παύλῳ

138 1056 209 1082 θεοῦ
231 1056 277 1083 τοῦ
298 1056 395 1089 αἰῶνος
418 1057 523 1084 τούτου.
549 1057 604 1084 Καὶ
623 1057 659 1093 μὴ
685 1059 799 1094 νομίσῃς
825 1059 930 1086 Παῦλον

138 1102 215 1136 ἡμᾶς
231 1101 338 1138 ἀληθῶς
359 1100 427 1129 εἷναι
443 1102 498 1138 (50)
515 1103 603 1138 λέγειν
620 1104 700 1131 αὐτὸν
722 1104 802 1131 Θεόν·
823 1105 860 1137 ὡς
875 1105 930 1141 γὰρ

139 1149 179 1183 μὴ
194 1146 260 1174 οὖσα
273 1148 339 1180 Θεὸς
351 1150 367 1184 ὴ
377 1149 465 1176 κοιλία
472 1149 527 1176 τῶν
539 1149 750 1187 ὑπερτιμώντων
763 1151 812 1186 τὴν
822 1151 928 1186 ἡδονὴν,

138 1193 289 1228 φιληδόνων
309 1194 408 1229 μᾶλλον
424 1195 440 1230 ἢ
463 1195 603 1229 φιλοϐέων,
622 1196 729 1230 λέγεται
752 1197 803 1224 ὑπὸ
823 1197 929 1224 Παύλου

136 1237 209 1265 εἶναι
225 1240 291 1271 Θεὸς
314 1241 417 1268 αὐτῶν·
446 1242 531 1275 οὕτως
549 1243 586 1279 μὴ
603 1243 640 1271 ὼν
655 1244 721 1276 Θεὸς
741 1245 755 1270 6
776 1243 867 1279 ἄρχων
882 1244 928 1271 τοῦ

136 1284 236 1317 αἰῶνος
252 1286 357 1318 τούτου,
375 1288 438 1323 περὶ
454 1285 484 1315 οὗ
498 1297 579 1324 φησιν
594 1290 608 1316 6
625 1290 736 1325 Σωτήρ”
753 1299 763 1315 ι
784 1290 840 1316 Νῦν
853 1291 867 1316 ὁ
881 1290 929 1326 ἆρ-

135 1341 195 1367 χων
207 1331 253 1358 τοῦ
271 1332 374 1368 κόσμου
390 1334 486 1361 τούτου
503 1335 637 1371 κέκριται,
658 1346 667 1361 ι
689 1336 754 1368 Θεὸς
770 1333 839 1366 εῖναι
854 1337 929 1372 λέγε-

135 1387 183 1409 ται
202 1378 257 1406 τῶν
273 1379 311 1415 μὴ
340 1380 523 1416 βουληθέντων
546 1381 577 1408 τὸ
597 1382 706 1418 πνεῦμα
726 1383 777 1417 τῆς
794 1383 928 1416 υῑοοεσίας

135 1423 242 1455 λαϐεῖν,
261 1425 304 1451 ἵνα
327 1426 458 1459 γένωνται
477 1427 530 1454 υἱοὶ
549 1427 595 1454 τοῦ
621 1428 718 1460 αἰῶνος
740 1429 844 1456 ἐκείνου
860 1431 926 1464 (51),

136 1469 250 1506 καὶτῆς
268 1471 444 1504 ἀναστάσεως
459 1473 509 1508 τῆς
527 1474 560 1500 ὲκ
580 1474 695 1511 νεκρῶν,
717 1475 765 1502 καὶ
785 1476 830 1503 διὰ
849 1476 927 1505 τοῦτο

988 233 1091 260 Christi
1108 232 1211 267 Deum;
1229 233 1276 268 qui
1299 232 1408 268 quidem
1432 233 1609 267 pronuntiant
1633 234 1772 261 cmlesteui

987 278 1050 306 Iesu
1067 278 1170 306 Christi
1196 278 1305 306 Patrem
1331 286 1386 306 non
1411 286 1472 306 esse
1492 286 1586 306 eorum
1612 279 1770 314 agricolam,

987 325 1035 360 qui
1052 324 1103 352 sibi
1118 325 1245 352 videnlur
1258 325 1335 360 juxta
1349 324 1432 353 illusis
1445 325 1530 360 legem
1557 324 1640 352 Deum
1663 325 1707 360 pie
1727 333 1771 353 eo-

987 370 1051 397 lere.
1070 370 1129 407 lpse
1142 369 1221 398 Iesus
1234 370 1303 398 dixit
1318 369 1470 398 Pharisteos
1484 371 1531 406 qui
1545 370 1628 398 Deum
1646 371 1772 399 colebant

985 415 1154 442 conditorem
1171 415 1265 442 mundi
1282 419 1309 442 et
1327 415 1404 450 legis,
1421 423 1475 442 non
1495 423 1556 442 esse
1575 415 1770 450 plantationem

986 468 1068 495 quam
1083 460 1234 496 plautasset
1250 461 1369 488 caelestis
1384 461 1470 495 ipsius
1483 459 1573 494 Pater,
1587 465 1614 488 et
1629 465 1771 496 propterea

985 507 1058 534 illam
1076 507 1222 535 eradicari.
1236 506 1342 535 Dixeris
1354 512 1444 534 autem
1460 512 1487 534 ct
1501 508 1556 540 illa,
1572 507 1679 535 etiamsi
1695 513 1771 542 pater

983 556 1056 580 esset
1080 552 1144 580 Jesu
1170 553 1193 580 is
1218 552 1266 588 qui
1295 562 1304 578 ι
1325 552 1492 585 introduxit,
1518 557 1545 580 et
1568 553 1699 587 plantavit
1721 554 1742 570 ⁸⁷
1757 563 1766 579 ι

983 603 1127 626 exeuntem
1140 599 1174 627 de
1186 598 1307 635 Egypto
1322 599 1463 634 populum,
1483 609 1492 626 ι
1507 600 1534 627 in
1549 606 1641 629 monte
1658 602 1770 630 haeredi-

984 644 1048 672 tatis
1064 653 1131 678 sum,
1145 645 1172 672 in
1195 645 1355 673 ﬁrmissimo
1378 645 1535 673 habitaculo
1558 654 1620 678 suo,
1637 656 1647 672 ι
1668 647 1770 674 dixisse

984 695 1074 717 tamen
1087 689 1181 718 Jesum
1195 691 1229 718 de
1238 691 1400 719 Pharisatis:
1417 701 1425 717 ι
1436 691 1531 720 Omnis
1542 693 1674 727 plantatio
1686 701 1767 728 quam

983 745 1037 765 non
1055 737 1187 772 plantavit
1199 736 1280 764 Pater
1292 745 1370 765 meus
1382 737 1705 770 cmlestis,eradicabitur
1717 738 1748 765 '“.
1757 747 1766 763 ι

982 782 1021 810 Ad
1037 782 1094 810 haec
1111 791 1176 811 vero
1189 783 1323 815 dicemus,
1346 783 1502 818 quicunque
1526 788 1636 818 propter
1657 791 1768 818 pravam

982 828 1168 862 acceptionem
1186 835 1280 855 eorum
1296 836 1356 864 quae
1376 832 1440 856 sunt
1465 828 1493 855 in
1520 827 1588 864 lege,
1613 836 1667 855 non
1692 834 1770 856 erant

982 873 1116 908 plantatio
1131 873 1220 901 Patris
1237 873 1284 910 qui
1299 874 1328 901 in
1343 874 1420 902 coalis
1434 878 1485 906 est,
1502 873 1576 909 ips05
1591 880 1684 910 lltpOlc
1698 875 1769 902 veri-

983 919 1031 946 tati
1053 927 1106 946 non
1128 919 1280 952 credentes,
1303 920 1350 948 sed
1377 920 1509 955 injustitia
1532 920 1692 955 gaudentes,
1707 927 1770 948 esse

982 969 1073 992 mente
1086 970 1238 993 cxczeeatos
1254 966 1288 993 ab
1302 973 1334 993 eo
1348 966 1394 1001 qui
1411 974 1426 993 a
1438 966 1501 993 ﬁliis
1519 966 1609 993 saeculi
1626 966 1708 1001 hujus
1719 974 1769 1001 pro

982 1011 1038 1038 Deo
1071 1011 1210 1045 habetur,
1236 1016 1434 1047 proptereaque
1459 1012 1530 1046 apud
1559 1011 1673 1039 Paulum
1697 1011 1768 1040 Deus

982 1057 1064 1092 hujus
1080 1057 1172 1085 smculi
1187 1057 1287 1085 dicitur
1299 1058 1332 1085 “.
1347 1057 1402 1085 Nec
1417 1066 1481 1085 vero
1496 1059 1638 1086 existimes
1652 1058 1766 1086 Paulum

980 1103 1071 1130 dicere
1088 1102 1173 1130 Deum
1189 1103 1262 1131 hunc
1280 1111 1373 1131 revera
1391 1108 1514 1131 nostrum
1531 1112 1592 1131 esse
1606 1113 1614 1137 ;
1637 1105 1768 1139 quemad-

983 1148 1093 1176 modum
1107 1149 1180 1177 enim
1193 1154 1297 1181 venter.
1313 1157 1375 1176 cum
1391 1149 1462 1176 Deus
1476 1157 1529 1176 non
1552 1149 1587 1176 sit
1599 1157 1694 1176 eorum
1708 1150 1768 1184 qui,

982 1196 1148 1231 voluptatem
1181 1196 1292 1231 plurimi
1326 1196 1474 1228 facientes,
1500 1196 1646 1231 voluptatis
1676 1197 1767 1232 potius

981 1249 1063 1276 quam
1082 1241 1126 1269 Dei
1149 1248 1285 1270 amatores
1312 1246 1386 1274 sunt,
1410 1250 1425 1268 a
1449 1241 1535 1269 Paulo
1560 1242 1633 1270 Deus
1658 1242 1767 1270 illorum

980 1288 1131 1323 appellatur
1145 1288 1184 1322 τ⁰;
1206 1289 1244 1315 ita
1267 1288 1374 1315 etiamsi
1402 1287 1474 1316 Deus
1499 1296 1551 1315 non
1580 1289 1616 1316 sit
1641 1289 1785 1325 princeps.

980 1334 1074 1361 δεουιί
1087 1334 1156 1369 ejus,
1170 1334 1204 1362 de
1219 1341 1274 1369 quo
1292 1334 1330 1361 ait
1345 1333 1473 1362 Servator
1486 1343 1494 1362 :
1518 1344 1528 1360 ι
1543 1334 1622 1363 Nune
1641 1337 1767 1372 princeps

979 1380 1062 1415 hujus
1085 1381 1180 1408 mundi
1201 1380 1340 1419 judicatus
1359 1385 1401 1408 est
1414 1380 1448 1414 ⁷⁸,
1462 1390 1472 1406 ι
1495 1380 1567 1409 Deus
1587 1389 1648 1409 esse
1667 1383 1767 1411 dicitur

978 1435 1074 1455 eorum
1087 1427 1133 1462 qui
1148 1427 1274 1462 spiritum
1300 1427 1456 1462 adoptionis
1473 1427 1596 1463 accipere
1613 1429 1719 1463 nolunt,
1738 1434 1767 1457 ut

979 1474 1026 1501 lilii
1043 1473 1109 1501 [iant
1124 1473 1216 1501 saeculi
1240 1474 1323 1507 illius,
1341 1478 1369 1502 et
1387 1475 1594 1502 resurrectionis
1613 1483 1628 1502 a
1650 1475 1766 1503 mortuis

137 1516 289 1551 μεινάντων
310 1518 339 1543 ὲν
360 1519 393 1554 τῇ
410 1519 512 1554 υίότητι
530 1519 577 1546 τοῦ
593 1520 690 1552 αἰῶνος
711 1520 816 1548 τούτου.
836 1522 908 1549 Ταῦτ

1026 1524 1166 1555 propterea
1185 1525 1297 1548 manent
1309 1520 1356 1547 lilii
1372 1521 1463 1548 saeculi
1479 1521 1560 1556 hujus
1575 1521 1608 1548 ⁷⁸.
1623 1520 1686 1548 Hac
1698 1521 1765 1548 mihi

135 1559 165 1586 δέ
184 1569 229 1595 μοι
248 1561 351 1595 ἔδοξεν,
369 1564 394 1589 ει
417 1563 464 1590 καὶ
485 1564 694 1599 παρεκϐατικῶς
709 1565 826 1601 εἴρηται,
843 1566 927 1601 ἀναγ-

136 1607 226 1639 καίως
256 1608 440 1644 παρειλῆφθαι
460 1608 504 1636 διὰ
530 1609 574 1635 τό·
593 1619 602 1635 ι
627 1609 727 1644 Τυφλοί
747 1612 815 1637 εἰσιν
835 1611 927 1646 ὁδηγοὶ

135 1656 261 1690 τυφλῶν·
288 1667 297 1682 ι
319 1657 391 1689 τίνες
411 1658 458 1691 δέ;
477 1659 508 1685 οι
522 1659 673 1694 Φαρισαῖοι,
696 1656 733 1686 ὧν
755 1661 769 1686 6
792 1660 858 1692 Θεὸς
879 1661 926 1688 τοῦ

135 1702 236 1734 αἰῶνος
249 1703 344 1730 τούτου
358 1703 496 1738 ἐτύφλωσε
511 1703 544 1730 τὰ
559 1705 691 1740 νοήματα,
708 1704 791 1732 όντων
806 1705 928 1733 ἀπίστων

136 1748 216 1784 παρὰ
229 1749 258 1775 τὸ
277 1749 313 1785 μὴ
331 1750 542 1777 πεπιστευκέναι
559 1751 599 1782 είς
617 1751 721 1786 Ἰησοῦν
737 1751 864 1786 Χριστὸν,
881 1752 927 1779 καὶ

134 1794 292 1829 ἐτύφλωσεν
310 1803 320 1820 ‹
338 1796 378 1828 εἰς
391 1796 422 1823 τὸ
439 1795 476 1832 μὴ
489 1796 606 1830 αὐγάσαι
623 1797 714 1829 αὐτοῖς
726 1797 771 1823 τὸν
789 1798 927 1833 φωτισμὸν

134 1840 185 1867 τοῦ
203 1841 368 1876 Εὐαγγελίου
382 1841 432 1876 τῆς
447 1842 527 1877 δόξης
542 1842 588 1869 τοῦ
602 1842 668 1869 Θεοῦ
683 1843 713 1869 ἐν
728 1843 864 1879 προσώπῳ
879 1844 926 1870 τοῦ

134 1886 266 1920 Χριστου.
292 1895 301 1912 ι
321 1887 358 1913 Οὐ
377 1887 457 1922 μόνον
476 1887 504 1913 δὲ
520 1887 567 1914 ἀπ’
583 1888 694 1914 ἐκείνων
712 1888 842 1922 φευκτέον
864 1889 926 1924 ὁδη-

134 1930 245 1963 γεῖσοαι
263 1931 381 1965 τυφλῶν,
399 1931 452 1958 τῶν
469 1931 670 1967 αἰσθανομένων
690 1932 792 1959 δείσθαι
811 1933 925 1968 ὁδηγῶν,

133 1976 213 2012 παρὰ
225 1977 255 2003 τὸ
271 1977 382 2013 μηδέπω
394 1978 483 2004 αὐτῶν
499 1978 676 2013 ἀπειληφέναι
692 1978 740 2014 τὴν
756 1979 870 2015 δύναμιν
880 1980 925 2006 τοῦ

132 2022 168 2048 δι’
191 2023 280 2048 αὐτῶν
302 2023 356 2058 (5‘2)
380 2023 502 2058 βλέπειν·
520 2023 588 2050 ἀλλὰ
610 2024 664 2059 γὰρ
681 2024 728 2050 καὶ
745 2025 792 2050 ἐπὶ
806 2025 925 2057 πάντων,

133 2067 190 2093 τῶν
206 2068 446 2103 ἐπαγγελλομένων
458 2069 563 2104 ὁδηγεῖν
575 2069 603 2094 ὲν
615 2068 685 2102 ὑγιεῖ
696 2068 853 2105 διδασκαλίᾳ
867 2071 927 2096 ἐπι-

135 2113 228 2148 μελῶς
249 2113 404 2146 ἀκουστέον,
424 2115 471 2142 καὶ
497 2115 586 2150 κρίσιν
607 2115 671 2149 ὑγιᾶ.
691 2115 748 2146 τοῖς
771 2115 926 2150 λεγομένοις

134 2159 315 2195 προσακτέον,
341 2160 445 2195 μήποτε
469 2161 527 2187 κατ’
552 2160 662 2194 ἄγνοιαν
679 2159 797 2194 τυφλῶν,
824 2161 870 2187 καὶ
889 2160 925 2196 μὴ

980 1565 1040 1592 visa
1058 1569 1122 1592 sunt
1137 1566 1293 1593 necessario
1308 1565 1394 1593 fuisse
1415 1571 1567 1600 assumpta,
1589 1566 1696 1594 etiamsi
1718 1573 1767 1601 per

980 1610 1177 1646 digressionem
1193 1611 1264 1638 dicta
1291 1610 1409 1643 fuerint,
1432 1617 1541 1647 propter
1565 1611 1650 1639 illud:
1670 1621 1679 1637 ‹
1694 1610 1766 1639 Caeci

979 1659 1044 1682 sunt
1060 1655 1143 1682 duces
1156 1656 1336 1690 czecorum";
1351 1665 1360 1682 ι
1376 1656 1488 1691 quinam
1501 1656 1609 1683 autem?
1623 1655 1765 1691 Pharisaei,

978 1707 1096 1735 quorum
1111 1710 1121 1726 ι
1136 1701 1205 1728 Deus
1220 1701 1302 1736 hujus
1316 1701 1408 1729 saeculi
1426 1701 1574 1729 excaecavit
1589 1706 1695 1729 mentes
1703 1700 1738 1734 ",
1752 1711 1763 1728 ι

979 1750 1071 1781 utpote
1087 1746 1134 1782 qui
1151 1746 1283 1774 increduli
1301 1746 1366 1779 sint,
1379 1746 1453 1780 quod
1471 1746 1497 1773 in
1514 1745 1608 1774 Jcsum
1622 1745 1763 1774 Christum

978 1799 1032 1819 non
1046 1791 1222 1824 crediderint,
1234 1796 1261 1819 ct
1275 1791 1422 1819 excmcavit
1437 1792 1559 1826 quidem,
1578 1800 1588 1817 ι
1604 1796 1633 1818 ιιι
1644 1799 1698 1818 non
1712 1791 1765 1819 γυι-

978 1840 1039 1872 geat
1054 1836 1094 1864 eis
1109 1837 1272 1867 illuininatio
1286 1836 1424 1872 Evangelii
1451 1837 1543 1871 gloria:
1566 1836 1625 1868 Dei,
1647 1837 1673 1863 in
1696 1836 1765 1864 facie

978 1881 1080 1909 Christi
1093 1882 1126 1908 ⁷⁵.
1146 1890 1155 1907 ι
1176 1881 1234 1909 Non
1249 1881 1338 1909 solum
1355 1886 1445 1908 autem
1460 1881 1610 1908 cavendum
1623 1886 1665 1908 est
1683 1888 1716 1908 ne
1730 1881 1765 1908 ab

978 1927 1031 1955 illis
1046 1928 1179 1955 ducamur
1193 1927 1273 1955 czecis
1288 1927 1334 1962 qui
1350 1927 1400 1954 sibi
1417 1927 1467 1962 ipsi
1485 1935 1553 1962 opus
1569 1934 1631 1954 esse
1647 1926 1765 1954 ducibus

978 1974 1110 2005 sentiunt,
1126 1974 1199 2009 quod
1224 1973 1344 2000 nondum
1371 1973 1525 2007 acceperint
1550 1968 1706 2000 facultatem
1730 1980 1762 1999 ex

977 2027 1038 2047 sese
1051 2019 1176 2052 videndi;
1193 2019 1239 2046 sed
1262 2018 1344 2046 etiam
1368 2026 1450 2053 super
1476 2018 1568 2045 omnia
1591 2017 1675 2054 498
1700 2025 1762 2044 cum

977 2073 1076 2100 magna
1089 2065 1229 2100 diligentia
1245 2069 1272 2092 et
1291 2072 1356 2092 cura
1374 2064 1501 2092 audiendi
1520 2069 1583 2091 sunt
1605 2064 1654 2096 illi,
1672 2063 1719 2098 qui
1733 2070 1763 2090 se

977 2112 1004 2138 in
1020 2119 1087 2138 sana
1102 2110 1227 2138 doctrina
1249 2110 1333 2138 duces
1349 2117 1411 2137 esse
1429 2109 1600 2144 proﬁtentur,
1621 2113 1648 2136 et
1665 2116 1762 2136 sanum

975 2157 1110 2192 judicium
1136 2156 1170 2184 iis
1193 2163 1255 2191 quae
1281 2155 1408 2183 dicuntur
1433 2155 1629 2187 adhibendum,
1645 2162 1678 2182 ne
1694 2154 1764 2182 forte

134 2204 291 2239 βλεπόντων
315 2205 349 2232 τὰ
378 2206 528 2241 πράγματα
553 2206 602 2241 τῆς
634 2205 726 2240 ὑγιοῦς
752 2202 908 2232 διδασκαλία

1026 2204 1051 2231 :ti
1064 2204 1142 2239 juxta
1159 2203 1341 2239 ignorantiam
1358 2211 1504 2236 caecorum,
1526 2208 1553 2231 ct
1580 2211 1624 2231 res
1650 2211 1711 2238 quae
1730 2203 1763 2231 ad

132 2250 322 2285 ὁδηγούμενοι,
344 2250 439 2285 τυφλοὶ
463 2250 509 2277 καὶ
537 2251 613 2277 αὐτοὶ
633 2250 678 2277 διὰ
704 2250 734 2277 τὸ
761 2251 798 2286 μὴ
815 2250 923 2285 βλέπειν

132 2297 180 2323 τὸν
193 2296 254 2322 νοῦν
267 2296 322 2322 τῶν
337 2296 451 2332 Γραφῶν
465 2296 645 2332 τυγχάνοντες
661 2296 803 2332 φανῶμεν,
817 2296 853 2327 ὡς
867 2296 923 2331 ἀμ-

170 2355 194 2370 ⁶⁷
210 2354 295 2382 Exod.
315 2363 358 2386 xv,
375 2355 416 2381 l7.
445 2355 466 2370 ⁸⁸
481 2354 575 2382 Matth.
593 2355 636 2385 45,
660 2355 701 2382 l5.
740 2355 761 2370 σθ
777 2354 798 2381 ll
812 2354 875 2382 Cor.
895 2363 930 2387 Iv,
948 2355 976 2383 4.
1026 2355 1049 2371 ⁷⁸
1062 2354 1178 2389 Philipp.
1195 2361 1235 2386 ιιι,
1251 2354 1293 2382 l9.
1346 2355 1365 2370 '“

170 2398 195 2418 [ι.
216 2390 263 2418 l5:
288 2389 353 2416 Luc.
376 2398 421 2418 xx.
439 2390 483 2418 54.
499 2391 543 2418 35'.
557 2389 600 2417 56.
619 2391 641 2406 ⁷³
656 2390 750 2417 Matth.
775 2398 819 2418 xv.
839 2390 879 2417 Η.
935 2390 958 2406 ⁷³
983 2389 1003 2417 ll
1028 2391 1090 2418 Cor.
1109 2398 1146 2418 Iv.
1167 2389 1194 2418 4.
1208 2389 1234 2416 6.
1273 2390 1295 2405 '"‘
1311 2390 1365 2417 ibid

133 2397 195 2422 vui,
216 2390 263 2423 l5;
288 2389 353 2416 Luc.
376 2398 421 2422 xx,
439 2390 483 2423 54,
499 2391 543 2423 35',
557 2389 600 2417 56.
619 2391 641 2406 ⁷³
656 2390 750 2417 Matth.
775 2398 819 2421 xv,
839 2390 879 2417 Η.

171 2437 227 2473 (50)
252 2436 340 2472 Ἠμᾶς
353 2436 472 2471 ἀληθῶς
487 2435 571 2464 εἶναι.
588 2436 634 2473 Sic
647 2444 743 2473 omnes
761 2437 839 2473 codd.
856 2444 921 2464 mss.

133 2471 345 2542 ﬁnierim-illaut
361 2480 454 2499 vocem
472 2472 644 2507 praetermisit
661 2471 803 2499 Erasmus.
820 2471 923 2506 Legen-

155 2516 200 2534 um
237 2516 304 2542 μων.
747 2518 750 2521 ·

169 2564 230 2606 ςὸί)
254 2564 313 2606 nol
336 2562 518 2606 rogauero;
533 2563 661 2606 ézeshlov.
682 2562 764 2606 Vides
788 2562 832 2604 hic
853 2562 924 2606 duos

133 2597 248 2633 αὶῶνίις,
260 2605 287 2626 ct
298 2600 450 2635 oppositum
463 2600 548 2625 αἰῶνα
561 2599 672 2635 ἐκεῖνον,
689 2597 766 2625 αἰῶνι
779 2597 880 2635 τούτῳ,
891 2602 923 2635 _ut

133 2643 230 2664 revera
256 2632 404 2662 duo’suut.
430 2633 532 2661 Horum
554 2634 620 2660 alter
644 2633 713 2659 idem
734 2637 775 2659 est
795 2634 840 2666 qui
856 2632 921 2659 αἰὼν

134 2670 293 2706 ἐρχόμενος,
302 2669 482 2706 Μαι-(ξηξλόω
496 2668 560 2706 Luc.
578 2675 657 2706 xvi“,
669 2668 713 2706 51],
727 2667 794 2706 αὶςυν
807 2667 920 2706 μέλλων,

134 2702 230 2732 Matth.
251 2713 297 2738 xu,
319 2705 369 2738 32;
386 2704 467 2731 Hebr.
485 2711 522 2736 γι,
538 2704 564 2736 5,
579 2703 646 2730 αίὼν
658 2703 825 2738 τοῦναιῶνος,
840 2702 921 2729 llehr.

134 2750 153 2774 ι,
170 2741 197 2773 8,
219 2740 316 2771 αἰῶνες
334 2737 388 2766 τῶν
403 2738 519 2770 αἰώνων,
541 2743 567 2766 et
584 2746 655 2772 saepe
672 2737 737 2764 αἰών
752 2738 922 2774 simpliciter,

133 2771 175 2802 vel
190 2771 300 2806 αἰῶνες.
317 2775 390 2802 Alter
404 2782 467 2801 vero
481 2774 547 2800 αἰὼν
563 2774 609 2800 τοῦ
622 2771 726 2808 κόσμου
738 2772 842 2808 τούτου,
853 2771 921 2808 Eph.

135 2819 165 2843 ιι,
182 2811 211 2844 2,
229 2809 343 2841 ἐνεστὼς
359 2809 425 2836 αἰὼν
445 2808 571 2844 πονηρός,
585 2808 643 2835 Gal.
703 2812 734 2838 ιι,
755 2808 768 2833 6
783 2807 829 2834 νῦν
845 2806 922 2844 αίιῦν,

134 2840 190 2873 Tit.
204 2840 235 2878 in,
252 2845 294 2880 l2,
308 2840 415 2873 etatem
432 2840 522 2877 οὖτοέξ
534 2843 646 2878 passim.
661 2842 810 2878 Utrumque
822 2843 922 2878 optimc

977 2251 1111 2279 sinceram
1136 2249 1288 2278 doctrinam
1315 2250 1451 2284 pertinent
1474 2250 1585 2277 minime
1603 2250 1763 2283 videntium,

978 2297 1042 2325 caci
1059 2301 1086 2325 et
1099 2296 1150 2332 ipsi
1161 2303 1221 2324 esse
1236 2296 1389 2328 videamur,
1405 2296 1477 2331 quod
1491 2295 1692 2330 Scripturarum
1702 2302 1764 2323 sen-

1026 2355 1049 2371 ⁷⁸
1062 2354 1178 2389 Philipp.
1195 2361 1235 2386 ut,
1251 2354 1293 2382 l9.
1346 2355 1367 2370 ‘“
1385 2354 1522 2388 Joan.xvr,
1550 2356 1592 2383 ll.
1641 2357 1664 2372 ⁷²
1681 2357 1762 2384 ROm.

976 2437 1100 2465 distinxit
1119 2436 1207 2465 Lucas
1224 2445 1269 2470 xx,
1293 2436 1337 2469 54,
1362 2436 1406 2463 55.
1428 2436 1505 2464 Unde
1528 2441 1555 2463 et
1580 2436 1652 2464 hunc
1671 2437 1761 2465 locum

976 2473 1111 2506 expressit
1132 2471 1282 2507 Origenes:
1301 2473 1332 2497 Οἱ
1348 2471 1401 2497 υἱοὶ
1417 2472 1463 2507 τοῦ
1483 2471 1579 2503 αἰῶνος
1597 2471 1691 2498 τούτου
1710 2481 1761 2507 γα-

980 2507 1069 2542 μοῦσι,
1085 2508 1132 2534 καὶ
1146 2506 1374 2542 ἐκγαμίσκονταιξ
1397 2506 1467 2542 ora:
1490 2507 1702 2539 καταξιωθέντες
1715 2508 1762 2534 τοῦ

977 2541 1074 2574 αἰῶνος
1094 2543 1199 2578 ἐκείνου
1218 2541 1312 2578 τυχεῖν
1333 2541 1380 2578 καὶ
1396 2541 1455 2578 τῆς
1476 2542 1649 2578 Διναστάσεως
1670 2543 1717 2578 τῆς
1730 2544 1762 2569 ὲκ

976 2578 1079 2613 νεκρῶν
1090 2577 1152 2604 οὕτε
1164 2575 1307 2613 γαμοῦσιν,
1319 2576 1380 2603 οὗτε
1394 2575 1617 2612 ἐκγαμίσκονται.
1632 2578 1678 2604 Sic
1691 2575 1762 2612 apud

976 2623 1103 2651 llebneos
1131 2623 1185 2651 duo
1213 2627 1277 2651 sunt
1301 2622 1415 2655 smcula.
1440 2627 1492 2653 nvn
1510 2615 1579 2655 εὖνιν
1604 2633 1613 2649 ι
1633 2624 1762 2651 sarculum

977 2669 1075 2706 licet)
1101 2674 1134 2706 et
1154 2662 1211 2702 τών
1235 2675 1332 2706 ειη]
1353 2670 1482 2697 szeculum
1510 2670 1642 2703 futurum,
1671 2680 1681 2697 ι
1707 2679 1762 2706 quo

976 2705 1018 2732 vel
1035 2705 1095 2732 dies
1112 2704 1216 2732 Messina
1234 2704 1396 2741 intelligunt,
1417 2707 1456 2732 vel
1474 2711 1579 2741 tempus
1595 2707 1667 2741 quod
1687 2704 1761 2733 mor-

977 2744 1030 2766 tvm
1055 2740 1145 2777 statim
1164 2740 1298 2777 sequitur.
1321 2740 1362 2766 vel
1382 2742 1454 2774 quod
1469 2740 1761 2777 seqdetur’corpormu

976 2775 1212 2802 resurrectionem.
1230 2774 1318 2801 llum.

1013 2809 1068 2845 (52)
1088 2808 1200 2837 Αὐτῶν.
1215 2808 1393 2838 Scribendum
1409 2811 1516 2842 αὐτούς.

1671 2862 1680 2876 \

1135 2882 1151 2894 ν.
