1880 3045
181 117 232 145 απ

921 113 1083 142 οωοεκιε

1756 118 1811 146 973

180 184 211 204 se
224 175 357 202 duntaxat
372 173 471 201 habere
485 173 598 207 dicunt;
612 173 658 201 hic
668 180 735 201 vero
750 172 785 200 de
804 176 907 207 septem
921 181 922 184 η

1077 174 1123 201 δύο
1137 174 1230 210 ἰχθύας
1249 175 1329 209 φασιν
1342 175 1366 201 οἱ
1388 175 1507 211 μαθηταὶ
1521 175 1592 210 ἔχειν
1608 175 1708 210 μόνους
1721 175 1752 202 οὐ
1765 184 1815 202 πυ-

180 222 273 252 nibus.
285 225 313 248 et
329 220 422 255 paucis
435 219 573 254 piseiculis
590 219 766 254 interroganti
786 219 949 253 respondent
962 228 968 245 :

180 272 208 294 et
225 267 279 293 illic
294 266 403 301 quidem
418 266 496 300 jubet
511 269 635 293 catervas
650 264 786 297 reclinari,
798 265 839 291 vel
850 264 970 291 discunt-

182 313 248 340 bere
264 319 346 345 super
362 319 491 346 gramen;
509 310 619 344 scripsit
630 310 729 344 quippe
743 309 830 336 Lucas
842 309 864 324 “
878 319 883 335 :
901 318 909 334 ι
925 308 971 335 Fa-

181 358 235 385 cite
252 357 332 392 510
349 357 408 384 illos
423 356 607 389 discumbere;
626 365 636 381 ›
650 356 688 382 ait
703 362 792 382 autem
811 354 918 381 Murrus
929 355 968 380 ‘5:

185 412 196 429 ι
215 403 345 437 Praecepit
363 402 431 433 illis,
448 407 478 429 ut
492 401 652 429 accumbere
677 400 798 427 facerent
821 407 935 431 omnes;
958 409 967 425 ι

183 449 228 476 hic
244 453 334 475 autem
350 454 404 474 non
419 447 512 481 jubet,
525 446 571 473 sed
591 445 732 472 denuntiat.
756 445 840 471 turba:
862 448 892 471 ut
911 444 970 471 dis-

182 495 293 524 cumbat
306 503 317 521 εν
326 494 380 520 illic
391 500 488 520 rursus
501 492 596 519 iisdem
615 491 705 518 verbis
716 491 810 517 dicunt
823 494 877 517 tres
889 497 970 517 evan-

182 541 284 576 gelislae
300 539 342 565 ‘°:
360 548 369 564 ε
385 538 509 572 Acceptis
529 537 650 572 quinque
674 536 801 571 panibus,
820 539 848 562 et
865 535 970 563 duobus

182 586 302 621 piscibus
325 584 500 618 aspicientem
524 583 551 610 in
575 583 674 610 coelum
699 581 885 614 benedixisse;
899 590 911 606 ι
927 581 971 608 hic

181 637 290 663 autem,
319 629 550 665 quemadmodum
583 629 751 663 scripserunt
780 626 923 654 Matthams
945 631 971 654 et

181 677 291 704 Marcus
304 676 338 709 ⁵⁷,
361 684 370 701 ι
390 675 491 710 gratias
515 679 637 709 agentem
658 673 750 700 Jesum
771 672 900 707 fregisse;
918 682 926 698 I
945 677 972 699 et

181 724 237 751 illic
260 722 369 757 quidem
400 728 482 756 super
507 720 598 747 fenum
621 719 814 749 discumbunt;
836 717 879 745 hic
908 725 971 745 vero

179 769 357 797 discumbunt
384 774 466 802 super
490 771 601 793 terram.
628 766 657 791 ln
684 764 727 790 his
752 767 841 790 autem
867 771 972 797 qum-es

180 812 392 847 discrepantiam
409 810 523 838 Joannis
537 808 686 837 secundum
705 808 774 840 loca,
789 808 834 842 qui
852 807 885 834 de
902 807 971 834 faci-

180 865 249 886 nore
267 859 313 885 illo
330 865 414 893 agens
435 855 543 890 scripsit
562 853 656 881 Jesum
677 853 781 881 dixisse
793 853 815 868 ⁸⁸
830 862 837 880 ;
856 862 864 877 ι
880 852 971 880 Facite

182 904 309 932 homines
327 903 507 933 discumbere,
525 910 534 926 ι
556 905 584 928 et
599 907 660 927 cum
683 899 784 934 gratias
804 898 914 933 egisset,
937 898 971 926 de

182 951 299 985 panibus
312 949 421 976 dedisse
437 946 671 974 discumbentibus
686 954 695 972 :.
708 945 789 979 hujus
805 948 895 971 autem
912 951 971 970 om-

183 997 249 1024 nino
265 1003 318 1023 non
339 994 470 1021 meminit.
490 993 713 1021 Animadvertens
729 997 819 1018 autem
842 990 969 1017 differen-

181 1043 258 1075 tiam,
268 1041 415 1069 secundum
430 1040 499 1072 loca,
511 1046 604 1066 eorum
620 1045 681 1072 qua:
693 1037 726 1064 de
740 1037 855 1072 panibus
869 1037 969 1070 scripta

182 1093 258 1121 sunt,
274 1088 335 1114 illos
347 1086 472 1113 existimo
488 1085 591 1112 ordinis
602 1091 663 1111 esse
677 1083 874 1118 praestantioris
886 1089 968 1117 quam

182 1133 260 1165 istos,
278 1132 407 1167 quoniam
423 1131 460 1157 illi
478 1130 637 1157 nutriuntur
651 1129 677 1155 in
696 1132 798 1159 monte,
814 1128 859 1155 isti
877 1127 904 1154 in
923 1128 969 1154 de-

181 1183 255 1207 serto
280 1178 361 1211 loco;
382 1177 419 1204 illi
448 1181 592 1211 postquam
619 1173 709 1201 triduo
732 1172 824 1201 Iesum
848 1173 968 1201 comitati

181 1228 264 1257 sunt;
283 1224 327 1250 isti
355 1230 419 1250 vero
444 1229 492 1257 per
518 1228 602 1248 unum
631 1220 764 1248 duntaxat
784 1219 869 1252 diem,
891 1219 970 1253 cujus

181 1276 292 1304 vespere
307 1267 400 1294 nutriti
415 1265 629 1294 sunI.Pra1tcrea
643 1265 665 1292 si
676 1264 745 1291 idem
760 1271 813 1290 non
825 1268 866 1291 est
876 1263 968 1290 Jesum

181 1323 277 1352 sponte
297 1314 404 1346 fecisse,
419 1321 451 1340 ac
468 1311 565 1339 fecisse
580 1315 723 1345 postquam
746 1310 773 1336 id
791 1317 852 1337 esse
871 1309 971 1336 facien-

181 1363 246 1390 dum
262 1369 277 1388 a
290 1359 431 1395 discipulis
448 1358 606 1392 accepisset,
622 1356 683 1382 vide
704 1363 793 1382 annon
817 1355 970 1390 praecellant

182 1409 201 1435 ii
222 1408 268 1443 qui
294 1405 453 1433 beneficium
470 1407 632 1438 acceperunt
654 1411 668 1429 a
689 1401 764 1433 .Iesu,
789 1409 822 1428 ex
850 1406 970 1435 tempore

182 1457 309 1489 pascente
323 1452 394 1484 illos,
410 1455 440 1478 ut
456 1449 588 1477 benclicio
611 1449 671 1475 illos
685 1447 875 1482 obstringeret.
890 1446 967 1479 Quod

182 1500 206 1528 ei
220 1499 367 1528 secundum
380 1497 515 1524 Joannem
527 1495 547 1512 "
563 1494 705 1521 hordeacei
732 1497 811 1520 erant
837 1499 931 1527 panes,
952 1499 968 1519 e

182 1546 283 1582 quibus
297 1543 491 1579 superfuerunt
509 1539 619 1575 cophini
639 1538 792 1570 duodecim,
808 1545 858 1564 nec
879 1537 968 1564 simile

184 1592 321 1629 quidpiam
344 1590 377 1617 de
399 1588 458 1615 istis
483 1587 592 1620 dicitur,
616 1585 753 1621 quomodo
775 1584 911 1619 prioribus
940 1583 967 1610 bi

182 1646 238 1666 non
254 1635 438 1673 praestabunt?
463 1633 502 1661 Ac
528 1633 635 1660 illorum
659 1631 768 1667 quidem
791 1641 800 1657 ι
826 1630 968 1665 languidos

184 1684 291 1712 curavit
301 1683 335 1715 '°;
352 1691 361 1708 ι
375 1681 418 1709 hic
434 1685 524 1708 autem
537 1688 589 1707 non
611 1678 754 1714 languidos
768 1679 813 1713 qui
833 1686 893 1704 cum
911 1683 968 1704 tur—

185 1730 227 1757 bis
242 1734 320 1757 erant
332 1729 445 1760 curarit,
464 1726 511 1754 sed
525 1733 620 1758 caecos,
636 1729 660 1752 et
675 1725 797 1758 claudos,
818 1729 844 1752 et
867 1729 966 1756 mutos,

184 1780 210 1803 et
226 1782 354 1806 mancos;
374 1774 445 1800 unde
467 1778 494 1799 et
520 1780 601 1807 super
624 1772 677 1798 illis
701 1771 835 1798 mirantur
851 1776 968 1805 quatuor

184 1821 286 1854 millia;
304 1821 337 1848 de
358 1819 492 1855 languidis
514 1824 604 1846 autem
621 1818 689 1845 nihil
707 1818 759 1846 tale
781 1817 883 1844 dictum
904 1821 965 1844 est:

184 1867 387 1903 prmstautiores
408 1871 497 1893 autem
519 1870 592 1897 sunt,
615 1865 722 1899 opinor,
738 1864 785 1899 qui
807 1865 840 1891 de
864 1868 967 1898 septem

181 1907 297 1949 panibus
317 1913 503 1944 comederunt,
520 1919 569 1946 pro
590 1911 690 1946 quibus
707 1914 774 1938 acta:
790 1913 854 1938 sunt
874 1909 968 1945 gratim

183 1960 216 1987 iis
236 1960 282 1994 qui
304 1959 338 1986 de
359 1958 481 1993 quinque
503 1957 649 1984 benedictis
666 1956 858 1989 comederunt;
876 1960 902 1983 et
920 1955 967 1990 qui

182 2006 357 2033 comederunt
372 2005 405 2032 de
421 2003 514 2038 paucis
530 2002 678 2037 pisciculis,
692 2001 725 2028 iis
741 2001 787 2036 qui
809 2002 842 2028 de
860 2001 968 2029 duobus

182 2051 373 2083 comederunt;
391 2049 504 2076 forsitan
518 2053 544 2075 et
555 2048 591 2075 illi
606 2048 652 2082 qui
668 2055 749 2082 super
764 2051 863 2074 tenam
877 2047 968 2074 discu-

182 2099 317 2129 buerunt;
333 2101 359 2123 et
375 2095 411 2122 illi
428 2095 536 2130 quidem
551 2102 566 2121 e
583 2093 755 2128 paucioribus
771 2093 886 2127 panibus
899 2093 967 2120 duo-

181 2143 268 2170 decim
283 2142 415 2176 eopliiuos
428 2140 601 2174 relinquunt;
617 2139 643 2166 hi
658 2147 720 2166 vero
731 2146 747 2166 e
757 2139 879 2174 pluribus
890 2146 967 2173 spor-

1022 219 1138 255 θομένῳ·
1172 220 1265 246 ἐνθάδε
1295 220 1323 246 δὲ
1353 220 1496 256 πυθομένῳ
1528 221 1725 257 ἀποκρίνονται
1754 224 1818 257 περὶ

1022 267 1091 294 ἑπτὰ
1109 268 1198 304 ἄρτων
1214 269 1260 294 καὶ
1272 268 1370 301 ὀλίγων
1386 268 1519 303 ίχθυδίων·
1541 269 1623 295 κάκεῖ
1641 268 1692 303 μὲν
1713 268 1817 295 κελεύει

1021 314 1083 344 τοὺς
1096 313 1190 347 ὄχλους
1203 313 1416 348 ἀνακλιθῆναι,ἢ
1429 314 1576 341 ἀναπεσεῖν
1588 315 1635 341 ἐπὶ
1645 314 1694 341 τοῦ
1709 314 1817 350 χόρτου⁹

1022 357 1069 383 καὶ
1085 358 1138 392 γὰρ
1151 359 1164 384 ό
1178 358 1294 389 Λουκᾶς,
1311 367 1320 383 ι
1342 358 1527 385 Κατακλίνατε
1537 359 1647 391 αὐτοὺς,
1667 370 1676 385 ι
1698 360 1816 395 ἀνέγρα-

1021 404 1065 439 ψε·
1075 405 1122 431 καὶ
1134 405 1148 430 ὁ
1160 405 1280 441 Μάρκος,
1299 414 1308 431 ι
1330 405 1470 437 Ἐπέταξε,
1488 415 1497 431 ι
1513 406 1604 441 φησὶν,
1617 416 1626 431 ε
1647 407 1742 437 αὐτοῖς
1753 408 1819 433 πάν-

1022 459 1071 481 τας
1088 449 1239 477 ἀνακλῖναισ
1259 460 1267 476 ι
1289 451 1380 477 ἐνθάδε
1399 451 1427 477 δὲ
1439 451 1469 477 οὐ
1488 451 1602 483 κελεύει,
1625 452 1696 478 ἀλλὰ
1711 462 1819 488 παραγ-

1022 497 1109 532 γέλλει
1123 496 1178 532 (77)
1195 497 1233 532 τῷ
1250 497 1320 532 ὄχλῳ
1332 497 1516 532 ἀνακλιθῆναι”
1536 498 1616 525 πάλιν
1628 500 1688 525 ἐκεῖ
1700 499 1752 534 μὲν
1769 501 1816 526 αύ-

1021 544 1081 575 ταῖς
1092 543 1200 574 λέξεσιν
1209 543 1232 569 οἱ
1252 544 1326 577 τρεῖς
1342 543 1532 577 εὐαγγελισταί
1555 553 1648 578 φασιν,
1665 545 1718 576 ὅτι,
1733 554 1744 570 ‹
1768 546 1816 571 Λα-

1021 588 1076 615 ϐὼν
1092 590 1155 620 τοὺς
1167 589 1246 615 πέντε
1262 589 1360 624 ἄρτους
1377 589 1425 615 καὶ
1441 590 1503 620 τοὺς
1518 589 1564 615 δύο
1579 589 1686 624 ἰχθύας,
1704 590 1818 616 ἀναϐλέ-

1021 633 1074 668 ψας
1091 635 1130 665 είς
1147 633 1192 660 τὸν
1202 634 1316 669 οὐρανὸν
1326 634 1485 669 ηὑλόγησεν·
1501 634 1593 661 ἐνθάδε
1606 635 1646 665 δὲ,
1662 635 1701 666 ὡς
1718 636 1733 661 ὁ
1745 636 1817 662 Ματ-

1022 679 1097 710 οαῖος
1111 680 1158 706 καὶ
1172 680 1282 715 Μάρκος
1301 679 1467 715 ἀνέγραψαν,
1485 689 1495 704 I
1511 680 1721 715 Εὖχαριστήσας
1735 681 1750 706 ὁ
1769 681 1817 716 Ἰη-

1024 724 1087 755 σοῦς
1102 724 1211 750 ἔκλασεο
1233 733 1242 750 ι
1260 724 1340 750 κάκεῖ
1356 725 1404 759 μὲν
1421 725 1467 750 ἐπὶ
1479 724 1526 751 τοῦ
1541 725 1638 760 χόρτου
1659 725 1815 751 ἀνακλίνον-

1022 778 1076 796 ται·
1093 769 1186 796 ἐνθάδε
1209 769 1237 796 δὲ
1257 770 1303 796 ἐπὶ
1327 769 1376 805 τὴν
1395 770 1447 805 γῆν
1466 770 1659 798 ἀναπίπτουσι.
1683 771 1816 806 Ζητήτεις

1022 816 1050 842 δὲ
1064 816 1092 842 ὲν
1105 817 1160 847 τοίς
1180 815 1251 842 κατὰ
1270 816 1332 847 τοὺς
1345 816 1443 847 τόπους
1460 815 1490 842 τὸ
1506 816 1552 842 τοῦ
1573 817 1697 843 Ἰωάννου
1712 818 1816 852 παρηλ-

1021 861 1163 896 λαγμένον,
1174 861 1203 893 ὃς
1215 861 1257 888 ἐπ’
1271 861 1377 896 ἐκείνης
1393 861 1441 897 μὲν
1453 861 1502 896 τῆς
1514 862 1638 897 πράξεως
1650 862 1813 897 ἀνέγραψεν,

1021 907 1061 933 ὅτι
1074 904 1150 933 εἶπεν
1163 907 1177 932 ὁ
1185 906 1298 942 Ἰησοῦςι
1313 907 1460 942 «Ποιήσατε
1472 907 1534 938 τοὺς
1545 907 1706 942 ἀνθρώπους
1717 909 1815 934 ἀναπε-

1022 953 1088 985 σεῖν,
1106 961 1115 977 ι
1132 952 1179 979 καὶ
1189 952 1230 978 ὅτι
1247 952 1442 987 εὐχαριστήσας
1454 952 1537 978 ἔδωκε
1551 953 1607 983 τοῖς
1622 953 1816 987 ἀνακειμένοις

1021 999 1075 1026 ἀπὸ
1087 999 1141 1025 τῶν
1155 999 1257 1035 ἄρτωνα
1276 998 1379 1033 ταύτης
1397 999 1425 1025 δὲ
1443 999 1504 1025 οὐδὲ
1517 999 1567 1034 τὴν
1581 999 1668 1034 ἀρχὴν
1693 1000 1814 1034 ἐμνημόο

1020 1054 1109 1073 νευσε.
1124 1045 1269 1081 Προσέχων
1283 1043 1329 1072 οὖν
1347 1047 1378 1081 τῇ
1392 1045 1508 1081 διαφορᾷ
1519 1045 1583 1078 τῶν,
1600 1046 1671 1072 κατὰ
1688 1047 1754 1078 τοὺς
1770 1047 1811 1073 τόν

1022 1099 1097 1124 πους,
1116 1092 1161 1118 ἐπὶ
1174 1092 1228 1122 τοῖς
1244 1092 1334 1125 ἄρτοις
1350 1091 1559 1126 γεγραμμένων,
1582 1091 1695 1123 τούτους
1712 1091 1817 1127 νομίζω

1020 1135 1156 1172 τάγματος
1172 1134 1241 1162 εἶναι
1251 1136 1422 1172 διαφέροντος
1434 1136 1497 1172 παρ’
1513 1136 1643 1168 ἐκείνους·
1656 1137 1753 1173 διόπερ
1767 1135 1811 1164 οὖ-

1020 1191 1061 1208 τοι
1077 1184 1126 1218 μὲν
1141 1182 1170 1208 ὲν
1184 1181 1241 1218 ὕρει
1257 1182 1400 1218 τρέφονται
1417 1181 1483 1216 (78),
1505 1183 1603 1208 ἐκεῖνοι
1623 1183 1650 1209 δὲ
1670 1183 1700 1209 ὲν
1716 1183 1816 1218 ἐρήμῳ

1019 1227 1104 1262 τόπῳ·
1123 1228 1169 1253 καὶ
1182 1223 1253 1253 οἶιτοι
1270 1227 1319 1262 μὲν
1341 1227 1416 1262 τρεῖς
1432 1228 1651 1263 παραμείναντες
1665 1227 1705 1262 τῷ
1726 1227 1810 1263 Ἰησοῦ

1021 1273 1138 1309 ἡμέρας,
1152 1273 1246 1299 ἐκεῖνοι
1258 1273 1285 1299 δὲ
1301 1273 1375 1308 μίαν,
1388 1271 1422 1308 ἧς
1438 1274 1466 1300 ὲν
1480 1274 1512 1308 τῇ
1527 1272 1630 1308 ἑσπέρᾳ
1642 1273 1810 1309 ἐτράφησαν.

1021 1319 1082 1345 Ἔτι
1097 1319 1125 1345 δὲ
1139 1319 1162 1345 εί
1179 1318 1215 1354 μὴ
1235 1318 1332 1345 ταυτόν
1346 1319 1404 1344 ὲστι
1420 1319 1450 1344 τὸ
1462 1318 1508 1352 ἀφ’
1529 1318 1625 1344 ἑαυτοῦ
1639 1319 1752 1353 ποιῆσαι
1768 1319 1812 1344 τὸν

1027 1364 1137 1399 Ἰησοῦν,
1160 1364 1198 1399 τῷ
1215 1364 1269 1390 ἀπὸ
1291 1364 1344 1390 τῶν
1367 1364 1493 1400 μαθητῶν
1518 1364 1671 1391 ἀκούσαντα
1698 1365 1809 1400 πρᾶξαι,

1020 1410 1069 1444 δρα
1090 1410 1114 1436 εί
1137 1409 1174 1444 μὴ
1198 1409 1370 1445 διαφέρουσιν
1393 1410 1417 1435 οἱ
1436 1409 1660 1446 εὐεργετηεέντες
1684 1409 1739 1436 ὑπὸ
1765 1410 1813 1436 τοῦ.

1026 1454 1125 1490 Ἰησοῦ,
1138 1454 1250 1481 αὐτόθεν
1270 1455 1317 1481 ἐπὶ
1336 1455 1374 1489 τῷ
1394 1455 1571 1490 εὐεργετῆσαι
1590 1455 1740 1490 θρέψαντπ
1761 1456 1808 1483 αὖ·

982 1510 1002 1539 c
1020 1501 1091 1532 τούς.
1105 1501 1135 1527 El.
1153 1501 1180 1527 δὲ
1197 1500 1268 1527 κατὰ
1296 1500 1421 1536 Ἰωάννην
1447 1501 1562 1536 κρίῦινοι
1585 1500 1654 1537 ἦσαν
1675 1503 1700 1528 οἱ
1722 1503 1812 1538 ἄρτοι,

1018 1547 1064 1582 ἀφ’
1091 1543 1128 1574 ὧν
1149 1546 1346 1582 ἐπερίσσευσαν
1372 1547 1397 1573 οἱ
1422 1546 1524 1573 δώδεκα
1553 1546 1666 1581 κόφινοι,
1688 1547 1766 1574 οὐδὲν
1783 1548 1812 1574 δὲ

1017 1593 1136 1620 τοιοῦτον
1149 1593 1214 1629 περὶ
1232 1592 1334 1619 τούτων
1349 1593 1468 1627 λέγεται,
1486 1592 1544 1624 πῶς
1558 1593 1588 1619 οὐ
1606 1593 1728 1628 βελτίους
1738 1590 1810 1621 οὗτοι

1018 1639 1094 1676 παρὰ
1107 1640 1169 1671 τοὺς
1184 1639 1347 1675 προτέρους;
1361 1639 1501 1666 Κάκείνων
1515 1639 1564 1674 μὲν
1575 1640 1638 1670 τοὺς
1653 1639 1810 1675 ὰρῤώστους

1018 1686 1208 1722 ἐθεράπευσεν·
1225 1685 1341 1712 ἐνταῦθα
1356 1685 1384 1711 δὲ
1401 1685 1464 1717 τοὺς
1480 1684 1548 1719 μετὰ
1575 1685 1628 1711 τῶν
1649 1685 1738 1720 ὄχλων
1763 1686 1813 1713 οὐκ

1018 1731 1174 1769 ἀρρώστους
1190 1731 1346 1767 θεραπεύει,
1358 1730 1424 1757 ἀλλὰ
1437 1730 1562 1764 τυφλοὺς,
1578 1731 1624 1758 καὶ
1637 1731 1752 1766 χωλοὺς,
1766 1732 1814 1758 καὶ

1018 1778 1137 1812 κωφοὺς,
1152 1778 1198 1804 καὶ
1210 1776 1331 1808 κυλλούς·
1347 1776 1386 1803 διὸ
1398 1777 1445 1803 καὶ
1458 1777 1503 1803 ἐπὶ
1515 1776 1621 1808 τούτοις
1641 1777 1690 1812 μὲν
1704 1777 1810 1812 θαυμά-

1018 1822 1109 1854 ζουσιν
1123 1823 1148 1849 οί
1160 1821 1380 1858 τετρακισχίλιοι·
1394 1822 1439 1848 ἐπὶ
1452 1821 1478 1848 δὲ
1490 1823 1545 1853 τοῖς
1562 1821 1716 1857 ἀρρώστοις
1737 1824 1811 1850 οὐδὲν

1016 1868 1135 1895 τοιοῦτον
1149 1867 1282 1894 λέλεκται.
1291 1867 1437 1903 Κρείττους
1448 1867 1478 1893 δέ
1489 1868 1566 1899 είσιν,
1578 1865 1666 1902 οἶμαι,
1675 1868 1700 1893 οί
1710 1869 1810 1903 φαγόν-

1017 1922 1062 1944 τες
1077 1913 1131 1939 ἀπὺ
1148 1912 1203 1939 τῶν
1213 1912 1282 1938 ἑπτὰ
1299 1912 1548 1948 εὐχαριστηθέντων
1565 1913 1666 1948 ἄρτων,
1684 1913 1740 1939 τῶν
1759 1922 1811 1948 φα-

1017 1959 1119 1993 γόντων
1139 1958 1193 1985 ἀπὸ
1215 1958 1295 1985 πέντε
1316 1957 1529 1993 εὐλογηθέντων·
1552 1958 1598 1984 καὶ
1622 1959 1648 1984 ol
1677 1959 1811 1993 φαγόντες

1018 2005 1072 2031 ἀπὸ
1093 2004 1148 2031 τῶν
1167 2004 1265 2038 ὀλίγων
1283 2004 1408 2039 ιχθυδίων
1429 2002 1502 2039 παρὰ
1515 2003 1578 2034 τοὺς
1600 2003 1741 2037 φαγόντας
1759 2004 1811 2030 ἀπὸ

1017 2051 1071 2077 τῶν
1084 2050 1117 2085 β’”
1130 2051 1201 2085 τάχα
1213 2050 1241 2076 δὲ
1258 2050 1305 2076 καὶ
1323 2050 1347 2076 οἱ
1359 2049 1540 2080 ἀναπεσόντες
1558 2049 1605 2075 ἐπὶ
1618 2050 1669 2085 τὴν
1679 2050 1744 2084 γῆν.
1758 2050 1811 2076 Καὶ

1018 2097 1116 2124 ἐκεῖνοι
1140 2096 1188 2131 μὲν
1206 2096 1259 2122 ἀπὸ
1282 2095 1451 2131 ὀλιγωτέρων
1467 2095 1556 2131 ἄρτων
1569 2096 1672 2123 δώδεκα
1684 2097 1810 2131 κοφίνους

1018 2142 1234 2169 καταλείπουσιν·
1248 2137 1320 2168 οὗτοι
1332 2141 1360 2168 δὲ
1371 2142 1425 2168 ὰπδ
1438 2141 1567 2168 πλειόνων
1581 2142 1651 2168 ἑπτὰ
1665 2142 1809 2177 σπυρίδας,

183 2195 225 2216 tas
238 2193 351 2223 septem,
368 2186 439 2221 quod
455 2186 530 2220 plura
543 2190 569 2212 et
582 2185 712 2220 ampliora
728 2193 824 2220 capere
839 2193 925 2220 possel

1074 2187 1294 2223 χωρητικώτεροι
1318 2185 1387 2214 εἶναι
1408 2186 1548 2222 μειζόνων·
1576 2187 1624 2214 καὶ
1641 2187 1713 2222 τάχα
1741 2185 1811 2215 οὗτοι

181 2240 208 2262 et
224 2234 338 2261 fortasse
352 2233 460 2267 quidem
476 2231 513 2258 illi
532 2236 638 2258 terrena
651 2231 742 2258 omnia
758 2231 928 2265 proculcaut,
938 2236 966 2258 et

182 2287 263 2315 super
278 2279 323 2305 illa
337 2278 528 2310 discumbunt;
548 2277 575 2303 lii
597 2284 661 2303 vero
684 2285 767 2312 super
786 2276 900 2310 fcenum,
919 2286 964 2305 su-

182 2333 229 2360 per
254 2324 339 2352 solam
362 2323 488 2350 videlicet
513 2330 621 2350 carnem
652 2330 728 2350 suam
744 2332 750 2349 ε
769 2332 777 2348 ι
795 2323 890 2350 Omnis
916 2323 963 2350 sed

180 2372 252 2399 enim
270 2378 334 2398 caro
352 2370 454 2397 foenum
468 2370 500 2395 ⁶¹.
518 2378 527 2394 ι
545 2368 608 2396 Post
622 2369 666 2395 illa
680 2371 760 2395 etiam
779 2370 964 2396 animadverte

179 2417 271 2444 Iesum
288 2417 422 2443 dimittere
443 2423 489 2442 eos
504 2415 613 2450 jejunus
635 2415 706 2441 nolle
724 2416 758 2447 δ’,
783 2423 815 2441 ne
838 2415 964 2442 deficiant

181 2467 272 2497 ulpotc
285 2462 402 2496 panibus
412 2460 474 2488 Jesu
491 2462 580 2493 vacui,
592 2464 618 2487 et
632 2460 823 2487 detrimentum
836 2466 964 2495 praeterea

179 2509 286 2543 capiant
300 2507 326 2534 in
344 2508 397 2538 via,
421 2515 481 2542 quze
502 2507 534 2533 ad
555 2514 598 2533 res
619 2506 783 2533 domesticas
801 2507 885 2534 ducit.
909 2507 963 2534 0b-

180 2562 256 2582 scrva
270 2557 359 2580 autem
380 2553 466 2580 sicubi
489 2552 619 2586 scriptum
643 2555 684 2578 est
707 2551 799 2579 Jesum
814 2553 962 2586 dimisisse,

1020 2234 1069 2270 μὲν
1084 2233 1253 2260 ἐπιϐαίνουσι
1271 2233 1326 2269 (79)
1342 2233 1448 2260 πάντων
1467 2232 1521 2259 τῶν
1539 2233 1652 2267 γηΐνων,
1671 2233 1721 2259 καὶ
1748 2234 1811 2259 ἀνα-

1017 2281 1162 2306 πίπτουσιν
1177 2277 1221 2306 ἐπ’
1233 2278 1333 2306 αὐτῶν·
1347 2280 1371 2305 οἱ
1383 2279 1405 2305 δ’
1425 2279 1471 2305 ἐπὶ
1483 2278 1529 2305 τοῦ
1543 2279 1649 2314 χόρτου,
1664 2279 1711 2305 ἐπὶ
1726 2279 1808 2314 μόνης

1017 2326 1066 2361 τῆς
1084 2325 1188 2361 σαρκὸς
1200 2325 1298 2352 αὐτῶν·
1324 2335 1332 2351 ι
1354 2326 1432 2352 Πᾶσα
1451 2335 1459 2351 ι
1482 2325 1536 2362 γὰρ
1555 2335 1564 2350 ι
1588 2325 1654 2360 σὰρξ
1673 2326 1781 2361 χόρτος.
1797 2336 1806 2351 ι

1017 2372 1138 2407 Πρόσχες
1159 2371 1205 2398 καὶ
1232 2371 1301 2406 μετὰ
1323 2371 1419 2402 ταῦτα,
1443 2371 1483 2398 ὅτι
1510 2370 1620 2401 τούτους
1641 2371 1779 2398 ἀπολῦσαι
1794 2372 1808 2398 ὀ

1022 2417 1124 2452 Ἰησοῦς
1139 2418 1245 2452 νήστεις
1258 2417 1287 2443 οὐ
1301 2416 1381 2448 θέλει,
1393 2417 1435 2443 ἵνα
1447 2417 1484 2452 μὴ
1501 2416 1659 2449 ἐκλυθῶσιν,
1681 2417 1722 2449 ὡς
1737 2418 1808 2444 κενοὶ

1017 2463 1071 2489 τῶν
1087 2462 1176 2498 ἄρτων
1197 2462 1294 2498 Ἰησοῦ,
1309 2462 1356 2489 καὶ
1372 2463 1411 2489 ἔτι
1427 2463 1455 2489 ὲν
1464 2464 1498 2498 τῇ
1508 2462 1559 2498 ὁδῷ
1571 2463 1764 2498 τυγχάνοντες,

1017 2508 1063 2533 ἐπὶ
1074 2506 1107 2533 τὰ
1117 2507 1215 2539 οἰκεῖοι,
1231 2506 1359 2542 βλαϐῶσι.
1380 2507 1536 2543 Σημείωσαι
1551 2507 1580 2533 δὲ
1597 2507 1624 2533 εἴ
1641 2517 1694 2535 που
1709 2509 1806 2544 ἀναγέ-

1016 2561 1137 2589 γραπται
1157 2552 1172 2578 ὸ
1195 2553 1298 2587 Ἰησοῦς
1320 2553 1525 2585 ἀπολελυκέναι,
1551 2553 1584 2579 ἵν’
1603 2553 1664 2589 ἴδῃς
1674 2554 1807 2590 διαφορὰν

215 2624 236 2639 ⁸⁴
248 2622 314 2649 Luc.
329 2629 366 2654 ιχ,
382 2623 425 2649 Η.
454 2622 485 2657 7"“
499 2621 581 2648 Mare.
601 2629 642 2657 ιι,
667 2621 710 2657 59.
724 2656 728 2657 7
748 2622 771 2637 ⁵⁸
782 2621 875 2649 Matth.
905 2631 957 2655 κεν,

1068 2622 1149 2649 Marc.
1166 2630 1203 2654 ιιι,
1230 2623 1277 2654 41;
1305 2622 1370 2650 Luc.
1397 2631 1434 2652 ις,
1455 2623 1497 2648 lli.
1534 2623 1555 2638 ⁸⁷
1569 2622 1665 2650 Matth.
1688 2632 1736 2657 xv,
1752 2625 1801 2656 36;

178 2657 261 2685 Marc.
279 2662 337 2689 v‘ul,
354 2657 379 2684 6.
417 2656 528 2683 “Joan.
545 2665 581 2688 γι,
599 2656 639 2682 10.
678 2655 699 2672 ⁵⁵
713 2656 789 2689 ibid.,
805 2658 848 2685 15.
884 2659 906 2674 ⁵ο

921 2658 1016 2686 Matth.
1031 2666 1085 2690 xiv,
1103 2657 1146 2684 14.
1185 2658 1207 2673 ³⁸
1221 2658 1274 2685 lsa.
1288 2666 1332 2690 XL,
1349 2658 1375 2685 6.
1416 2659 1438 2673 "
1450 2657 1544 2684 Matth.
1561 2665 1604 2690 xv,
1618 2659 1662 2685 52.

213 2717 269 2751 (77)
283 2715 402 2751 Ἐρξθάδε
420 2715 454 2742 δὲ
468 2717 503 2743 οὐ
517 2715 642 2751 κελεύοι.
654 2716 734 2743 ἀλλὰ
750 2717 958 2751 παραγγέλλει.

179 2749 365 2785 Παραγγέλλει
382 2751 490 2784 quidem
515 2751 586 2785 apud
604 2750 743 2783 Marcum,
764 2749 896 2785 “11,46,
914 2751 961 2779 sed

179 2786 283 2813 κελεύει
299 2786 369 2817 apud
386 2786 477 2812 Matth.
493 2794 537 2816 xv,
553 2786 597 2812 55.
611 2785 746 2814 llun'rms.

216 2819 271 2855 (τι)
292 2819 378 2848 οὗτοι
390 2820 491 2853 μὲνέν
502 2820 563 2855 ὄρει
580 2821 747 2855 τρέφονται,
763 2826 816 2849 etc.
833 2821 865 2848 Et
881 2821 918 2848 illi
932 2822 960 2848 in

1015 2716 1121 2752 deserto
1137 2721 1215 2743 erant
1234 2724 1241 2742 :
1265 2715 1360 2744 Matth.
1381 2715 1502 2752 xv._35:
1522 2725 1531 2742 ε
1548 2714 1626 2744 Unde
1642 2723 1710 2752 ergo
1729 2717 1803 2744 nobis

1015 2751 1042 2778 in
1057 2751 1165 2778 deserto
1180 2759 1264 2786 panes
1279 2752 1386 2786 tantos?
1407 2762 1415 2776 ι
1431 2749 1470 2778 lo.

1035 2786 1106 2848 l(719)
1114 2784 1261 2849 ‘lt'al'ltdxa
1272 2784 1354 2815 οὗτοι
1363 2786 1422 2821 μὲν
1435 2786 1632 2820 ἐπιϐαίνουσι,
1649 2793 1703 2815 etc.
1716 2786 1802 2815 Theo-

1015 2829 1032 2856 p
1044 2829 1068 2857 ly
1081 2829 1112 2848 ac
1126 2830 1169 2850 us.
1193 2829 1218 2848 ι).
