1880 3045
178 116 229 144 στι

917 111 1080 140 ΟΠῒϐἘΝίὸ

1751 114 1805 142 9ῗὶ

177 183 208 203 se
221 174 354 201 duntaxat
369 172 467 200 habere
482 171 594 206 dicunt;
609 172 654 199 hic
665 178 731 199 vero
747 171 781 198 de
800 175 903 206 septem
917 179 919 205 γ

1074 172 1119 199 δύο
1133 171 1226 207 ίχθύας
1245 172 1325 206 φασὶν
1339 173 1362 198 οἱ
1385 172 1504 208 μαθηταὶ
1517 171 1588 207 ἔχειν
1603 172 1703 206 μόνους
1715 172 1747 198 οὗ
1761 180 1809 198 πυ-

178 221 270 250 nibus.
282 224 310 247 et
325 219 419 254 paucis
432 218 570 253 pisciculis
586 217 763 252 interroganti
783 217 946 252 respondent
959 226 964 243 :

178 271 205 293 et
222 266 277 292 illic
291 265 400 300 quidem
415 265 493 299 jubet
508 268 632 292 catervas
647 263 782 295 reclinari,
795 263 836 290 vel
847 263 967 289 discum-

179 312 246 339 bere
261 319 343 344 super
359 317 488 345 gramen;
506 309 616 343 scripsit
626 309 726 343 quippe
740 308 827 335 Lucas
839 307 860 323 “
875 316 880 333 :
897 316 906 332 ‹
921 306 968 333 Fa-

178 357 232 384 cite
249 356 330 392 510
346 356 406 383 illos
420 355 604 387 discumbere;
623 364 632 380 ι
647 355 685 381 ait
699 360 788 380 autem
807 352 915 380 Marcus
926 354 965 378 ‘5:

183 411 193 428 ι
213 401 343 436 Praecepit
361 401 428 432 illis,
445 406 475 428 ut
490 400 649 427 accumbere
675 399 795 426 facerent
818 406 932 429 omnes;
955 407 964 423 ι

180 448 225 475 hic
242 453 331 474 autem
348 453 401 473 non
416 445 511 480 jubet,
522 445 569 472 sed
587 444 729 471 denuntiat
753 443 837 470 turba:
859 446 889 469 ut
908 442 967 469 dis-

179 494 290 523 cumbat
304 503 314 520 -.
323 493 378 519 illic
389 499 485 519 rursus
498 491 593 518 iisdem
612 489 703 517 verbis
714 489 807 516 dicunt
820 493 874 516 tres
886 495 967 515 evan-

179 540 282 575 gelistae
297 539 339 564 ‘°:
357 547 367 563 ι
383 537 507 571 Acceptis
527 536 648 571 quinque
671 534 798 569 panibus.
817 538 846 561 et
862 533 968 561 duobus

180 585 300 620 piscibus
322 583 497 618 aspicientem
521 582 548 608 in
573 581 672 608 caelum
696 579 881 612 benedixisse;
896 588 906 605 ›
924 579 968 606 hic

179 636 287 662 autem,
317 628 548 664 quemadmodum
579 627 749 662 scripserunt
777 625 920 652 Matthmus
942 630 969 652 et

180 676 288 704 Marcus
301 675 336 708 ",
358 683 368 700 ι
387 675 488 709 gratias
513 678 635 708 agentem
656 671 747 699 Jesnm
768 671 897 706 fregisse;
915 680 924 696 ι
943 675 969 698 et

179 723 235 750 illic
257 721 366 756 quidem
397 727 479 754 super
504 719 596 746 fenum
619 717 811 747 discumbunt;
833 716 876 743 hic
905 723 969 743 vero

176 767 354 796 discumbunt
382 773 464 800 super
488 770 598 792 terram.
625 764 654 790 In
682 763 724 790 his
750 766 838 789 autem
865 769 969 796 qumres

178 811 389 846 discrepantiam
406 809 520 837 Joannis
535 807 683 836 secundum
702 807 772 839 loca,
787 806 832 840 qui
850 806 883 832 de
900 805 968 832 faci-

179 864 246 886 nore
264 858 310 884 illo
327 864 411 892 agens
432 854 541 889 scripsit
560 853 653 881 Jesum
675 852 779 880 dixisse
791 852 812 867 ⁵⁸
828 861 835 878 ;
853 861 862 876 ι
877 851 969 878 Facite

180 904 306 931 homines
324 902 504 932 discumbere,
523 910 532 926 ›
554 904 581 927 et
596 906 658 926 cum
681 898 782 933 gratias
801 897 912 932 egisset,
935 897 969 924 de

179 950 296 985 panibus
309 948 418 975 dedisse
434 945 669 974 discumbentibus
683 953 690 971 :
705 944 787 978 hujus
803 946 892 970 autem
910 949 970 968 om-

181 997 246 1024 nino
262 1003 315 1023 non
336 993 468 1021 meminit.
487 992 711 1019 Animadvertens
727 996 816 1017 autem
839 989 967 1016 dili'eren-

179 1042 256 1074 tiam,
265 1040 414 1068 secundum
427 1039 497 1072 loca,
508 1045 602 1065 corum
618 1044 679 1072 quae
691 1036 723 1063 de
738 1035 854 1070 panibus
867 1035 967 1069 scripta

179 1092 256 1120 sunt,
271 1087 333 1114 illos
344 1086 471 1113 existimo
486 1083 589 1111 ordinis
600 1090 661 1110 esse
675 1081 872 1117 praestantioris
884 1088 966 1115 quam

181 1133 258 1164 ‘stos,
277 1132 405 1167 quoniam
422 1130 458 1156 illi
476 1129 635 1156 nutriuntur
649 1128 676 1154 in
694 1131 796 1158 monte,
812 1126 857 1154 isti
876 1126 903 1152 in
921 1126 968 1152 de-

180 1183 254 1207 Ierto
279 1178 359 1211 loco;
380 1176 418 1203 illi
447 1180 591 1210 postquam
617 1173 708 1200 triduo
730 1171 823 1199 Iesum
846 1171 967 1200 comitati

181 1228 262 1256 sunt;
282 1224 326 1250 isti
354 1230 418 1249 vero
443 1229 491 1256 per
517 1227 601 1247 unum
629 1219 762 1247 duntaxat
783 1217 867 1250 diem,
889 1217 968 1251 cujus

180 1276 291 1303 vespere
305 1267 399 1294 nutriti
413 1271 486 1293 sunt.
496 1265 628 1292 Prtrterea
642 1263 664 1291 si
674 1263 744 1290 idem
759 1270 811 1289 non
824 1266 864 1289 est
875 1261 967 1289 Jesum

180 1322 277 1352 sponte
295 1315 403 1346 fecisse,
418 1320 450 1340 ac
467 1311 564 1339 fecisse
579 1314 722 1344 postquam
745 1308 771 1335 id
791 1316 851 1335 esse
870 1307 969 1334 facien-

181 1363 246 1390 dum
261 1369 276 1388 a
289 1359 431 1394 discipulis
448 1357 606 1391 accepisset,
621 1355 682 1381 vide
702 1361 792 1381 annon
815 1354 969 1388 praecellant

181 1409 201 1435 ii
221 1407 268 1443 qui
293 1405 452 1433 beneficium
469 1405 632 1437 acceperunt
653 1410 667 1428 a
688 1400 763 1432 .lcsu,
788 1408 821 1426 ex
849 1404 968 1434 tempore

182 1457 309 1489 pascente
323 1452 394 1483 illos,
410 1455 440 1478 ut
455 1449 588 1477 bencttcio
610 1447 670 1474 illos
684 1446 874 1481 obstringeret.
889 1444 967 1478 Quod

181 1501 206 1528 si
219 1499 367 1528 secundum
379 1496 513 1524 Joannem
525 1495 547 1511 ’⁸⁸
562 1493 704 1521 hordeacei
731 1496 810 1519 erant
836 1498 930 1526 panes,
951 1498 967 1517 e

182 1546 283 1583 quibus
297 1543 490 1579 superfuerunt
509 1538 619 1575 cophini
638 1537 791 1569 duodecim,
807 1544 857 1564 nec
878 1537 967 1563 simile

183 1582 320 1629 quidpiam
343 1590 377 1617 dc
399 1588 458 1615 istis
483 1586 591 1619 dicitur,
616 1584 752 1620 quomodo
775 1583 911 1618 prioribus
940 1582 966 1608 hi

182 1646 237 1666 non
253 1635 438 1672 praestabunt?
463 1632 502 1660 Ac
527 1632 635 1660 illorum
657 1631 768 1665 quidem
791 1640 799 1656 ι
825 1629 967 1663 languidos

184 1683 290 1712 curavit
300 1682 334 1715 ⁸⁰;
352 1691 360 1707 ι
375 1680 418 1708 hic
434 1685 523 1708 autem
536 1687 589 1706 non
611 1677 753 1713 languidos
768 1678 813 1711 qui
833 1684 893 1703 cum
910 1681 967 1702 tur-

185 1730 227 1757 bis
242 1733 320 1756 erant
332 1729 445 1759 curavit,
464 1725 510 1753 sed
524 1732 620 1757 caecos,
635 1729 659 1751 el
675 1724 797 1756 claudos,
818 1728 844 1750 et
866 1727 966 1755 mutos,

183 1780 210 1803 et
226 1782 354 1806 mancos;
374 1773 445 1800 unde
467 1777 494 1799 et
520 1779 602 1806 super
624 1771 677 1797 illis
701 1770 835 1796 mirantur
851 1774 968 1804 quatuor

184 1821 286 1854 millia;
304 1820 336 1848 de
358 1819 492 1855 languidis
514 1823 604 1845 autem
621 1816 688 1844 nihil
707 1817 759 1844 tale
781 1816 883 1843 dictum
904 1820 965 1843 est:

184 1867 387 1903 praestantior-es
409 1870 497 1892 autem
519 1869 592 1896 sunt.
616 1864 722 1898 opinor,
738 1863 785 1898 qui
807 1863 840 1890 de
864 1867 967 1896 septem

180 1906 297 1949 [panibus
318 1912 503 1944 comederunt,
520 1918 569 1945 pro
591 1910 690 1945 quibus
707 1913 774 1937 acta
790 1912 854 1936 sunt
874 1908 968 1943 gratiae

183 1960 216 1986 iis
236 1960 282 1994 qui
305 1959 338 1986 de
359 1958 481 1992 quinque
503 1956 649 1983 benedictis
666 1955 859 1987 comederunt;
876 1959 902 1981 et
921 1953 967 1988 qui

182 2006 357 2033 comederunt
372 2004 405 2031 (le
421 2002 515 2037 paucis
530 2001 678 2036 pisciculis,
692 2001 726 2027 iis
741 2000 787 2034 qui
809 2000 842 2027 de
861 1999 968 2027 duobus

182 2051 374 2083 comederunt;
392 2048 504 2076 forsitan
518 2052 544 2074 ct
556 2047 591 2074 illi
607 2047 653 2081 qui
669 2053 749 2080 super
765 2050 864 2073 teriam
877 2045 969 2072 discu-

183 2098 319 2129 bucrunt;
334 2101 360 2122 et
376 2095 413 2121 illi
429 2094 536 2129 quidem
552 2101 566 2120 c
584 2092 756 2127 paucioribus
772 2092 887 2126 panibus
900 2092 967 2118 duo-

182 2144 269 2170 decim
284 2142 415 2176 cophinos
429 2140 602 2173 relinquunt;
618 2138 644 2165 hi
658 2146 720 2165 vero
732 2146 747 2165 e
758 2138 880 2172 pluribus
891 2145 968 2172 spor-

1019 217 1135 253 θομένῳ·
1169 217 1262 244 ἐνθάδε
1291 218 1319 243 δὲ
1349 217 1493 253 πυθομένῳ
1524 218 1720 253 ἀποκρίνονται
1749 219 1811 253 περὶ

1019 265 1088 292 ἑπτὰ
1105 266 1195 301 ἄρτων
1210 266 1257 291 καὶ
1269 265 1366 299 ὀλίγων
1383 265 1516 300 ἰχθυδίων”
1538 266 1618 291 κάκεῖ
1637 265 1687 299 μὲν
1708 265 1812 291 κελεύει

1017 312 1080 342 τοὺς
1092 312 1187 346 ὄχλους
1199 311 1386 345 ἀνακλιθῆναι,
1397 311 1413 346 ἢ
1426 312 1572 338 ἀναπεσεῖν
1585 312 1631 338 ἐπὶ
1641 310 1690 337 τοῦ
1705 311 1813 346 χόρτον

1018 355 1065 381 καὶ
1081 355 1135 390 γὰρ
1148 357 1162 382 6
1175 356 1291 387 Λουκᾶς,
1308 365 1317 380 ι
1339 355 1524 382 Κατακλίνατε
1534 356 1643 387 αὐτοὺς,
1662 366 1672 381 ι
1693 356 1811 392 ἀνέγρα-

1018 402 1061 437 ψεε
1072 403 1119 429 καὶ
1131 403 1145 428 6
1157 403 1277 438 Μάρκος,
1296 412 1304 428 ι
1327 402 1468 434 Ἐπέταξε,
1485 412 1493 428 ι
1510 403 1601 438 φησὶν,
1613 413 1622 428 1
1643 403 1738 433 αὐτοῖς
1748 404 1813 430 πάν-

1019 457 1068 479 τας
1085 448 1236 475 ἀνακλῖναι·
1255 458 1264 473 ι
1286 448 1377 474 ἐνθάδε
1395 448 1466 474 δὲού
1485 448 1599 480 κελεύει,
1621 449 1692 475 ἀλλὰ
1707 458 1813 484 παραγ-

1019 495 1106 530 γέλλει
1120 494 1175 530 (77)
1192 495 1230 530 τῷ
1247 495 1317 530 ὄχλῳ
1329 495 1513 530 ἀνακλιθῆναι’
1532 495 1612 521 πάλιν
1624 496 1684 521 ἐκεῖ
1697 496 1748 531 μὲν
1764 497 1811 522 αὖ-

1018 542 1078 573 ταῖς
1089 541 1197 572 λέξεσιν
1206 541 1229 566 οἱ
1249 542 1324 575 τρεῖς
1339 540 1529 574 εὐαγγελισταί
1552 550 1645 574 φασιν,
1661 542 1714 572 ὅτι,
1729 551 1740 566 ι
1763 542 1811 568 Λα-

1018 586 1073 613 σὼν
1089 587 1152 618 τοὺς
1164 587 1243 613 πέντε
1259 587 1357 621 ἄρτους
1375 586 1422 612 καὶ
1438 587 1500 617 τοὺς
1515 586 1561 613 δύο
1576 586 1682 621 ίχθύας,
1701 585 1813 613 ἀναϐλέ-

1018 632 1071 666 ψας
1089 633 1128 663 είς
1145 631 1189 658 τὸν
1199 631 1314 666 οὐρανὸν
1323 631 1483 666 ηὑλόγησεν·
1498 631 1590 658 ὲνθάδε
1603 632 1643 661 δὲ,
1658 632 1698 663 ὡς
1714 632 1729 658 6
1740 632 1813 658 Ματ-

1019 677 1094 708 θαῖος
1108 678 1155 704 καὶ
1169 678 1280 713 Μάρκος
1299 677 1464 712 ἀνέγραψαν,
1483 686 1492 702 ι
1509 677 1717 712 Εὑχαριστήσας
1731 677 1746 702 6
1765 678 1814 712 Ἰη-

1021 722 1084 753 σοῦς
1100 722 1208 748 ἐκλασε·
1231 731 1240 747 ι
1258 722 1337 748 κάκεῖ
1353 722 1401 757 μὲν
1419 722 1465 748 ἐπὶ
1477 721 1524 748 τοῦ
1539 722 1635 757 χόρτου
1656 721 1811 748 ἀνακλὶνον-

1019 776 1073 794 ται·
1090 767 1184 794 ἐνθάδε
1207 767 1235 793 δὲ
1255 768 1301 793 ἐπὶ
1324 767 1373 802 τὴν
1393 767 1445 802 γῆν
1464 767 1656 794 ἀναπίπτουσι.
1680 768 1812 803 Ζητήσεις

1020 814 1047 840 δὲ
1061 814 1090 840 ὲν
1103 815 1157 845 τοῖς
1178 813 1249 839 κατὰ
1268 814 1330 845 τοὺς
1343 814 1441 844 τόπους
1458 813 1488 839 τὺ
1503 813 1550 840 τοῦ
1571 814 1694 840 Ἰωάννου
1709 814 1813 849 παρηλ-

1019 859 1161 894 λαγμένον,
1172 859 1201 890 ὃς
1213 858 1255 885 ἐπ’
1268 859 1375 893 ὲκείνης
1391 858 1439 894 μὲν
1450 859 1500 893 τῆς
1512 859 1636 894 πράξεως
1648 859 1810 894 ἀνέγραψεν,

1019 905 1059 932 ὅτι
1072 903 1148 931 εἶπεν
1161 905 1175 930 6
1183 903 1296 940 Ἰησοῦςο
1311 905 1459 939 (Ποιήσατε
1470 904 1532 935 τοὺς
1542 903 1702 939 ἀνθρώπους
1713 905 1813 930 ἀναπε-

1019 951 1085 982 σεῖν,
1103 959 1113 976 ι
1130 949 1177 976 καὶ
1187 950 1228 976 ὅτι
1244 949 1441 985 εὐχαριστήσας
1452 949 1535 975 ἔδωκε
1550 949 1605 980 τοῖς
1620 949 1813 984 ἀνακειμένοις

1019 997 1073 1024 ἀπὸ
1085 997 1140 1023 τῶν
1154 996 1255 1032 ἀρτων·
1275 996 1377 1030 ταύτης
1396 996 1423 1022 δὲ
1441 996 1502 1022 οὐδὲ
1516 995 1566 1031 τὴν
1579 995 1665 1031 ἀρχὴν
1689 997 1810 1031 ὲμνημὸ-

1018 1052 1108 1071 νευσε.
1122 1043 1267 1079 Προσέχων
1282 1041 1327 1069 οὖν
1345 1044 1376 1078 τῇ
1391 1042 1507 1078 διαψορᾷ
1518 1042 1582 1075 τῶν,
1598 1042 1668 1069 κατὰ
1686 1043 1751 1074 τοὺς
1767 1043 1808 1069 τό-

1020 1097 1095 1122 πους,
1114 1090 1159 1115 ἐπὶ
1172 1090 1226 1120 τοῖς
1242 1089 1333 1123 ἄρτοις
1349 1088 1558 1124 γεγραμμένων,
1581 1088 1692 1119 τούτους
1709 1088 1816 1123 νομίζω

1018 1133 1155 1169 τάγματος
1170 1132 1239 1160 εἶναι
1249 1133 1420 1169 διαφέροντος
1433 1133 1496 1168 παρ’
1512 1133 1642 1165 ἐκείνους·
1654 1133 1750 1169 διόπερ
1765 1131 1810 1160 οὗ-

1018 1189 1059 1206 τοι
1075 1181 1125 1215 μὲν
1140 1180 1168 1206 ἐν
1182 1179 1240 1215 δρει
1255 1179 1398 1215 τρέφονται
1416 1179 1482 1214 (78),
1504 1179 1601 1205 ἐκεῖνοι
1621 1179 1648 1205 δὲ
1667 1179 1698 1205 ἐν
1714 1179 1814 1215 ὲρήμῳν

1018 1225 1104 1260 τόπῳ⁵
1121 1226 1168 1251 καὶ
1180 1221 1252 1250 οὗτοι
1269 1224 1318 1259 μὲν
1340 1225 1415 1259 τρεῖς
1431 1224 1650 1260 παραμείναντες
1663 1223 1703 1259 τῷ
1723 1224 1810 1260 Ἰησοῦ

1019 1271 1137 1307 ἡμέρας,
1150 1271 1245 1297 ἐκεῖνοι
1257 1270 1284 1296 δὲ
1300 1271 1374 1305 μίαν,
1387 1268 1421 1306 ἧς
1437 1271 1465 1296 ὲν
1480 1270 1512 1305 τῇ
1526 1269 1630 1305 ἑσπέρα
1641 1269 1808 1305 ἐτράφησαν.

1019 1317 1081 1343 Ἔτι
1096 1316 1124 1343 δὲ
1137 1317 1161 1343 εί
1178 1316 1214 1352 μὴ
1234 1315 1331 1342 ταυτόν
1346 1316 1403 1342 ἐστι
1419 1315 1449 1342 τὺ
1461 1315 1507 1349 ἀφ’
1528 1314 1624 1341 ἑαυτοῦ
1638 1315 1751 1350 ποιῆσαι
1766 1315 1811 1341 τὶν

1025 1362 1136 1397 Ἰησοῦν,
1159 1362 1198 1397 τῷ
1214 1361 1268 1388 67:6
1290 1361 1343 1388 τῶν
1366 1361 1493 1397 μαθητῶν
1517 1360 1670 1388 ἀκούσαντα
1696 1361 1808 1396 πρᾶξαι,

1019 1408 1068 1442 ὅρα
1089 1408 1113 1434 εί
1137 1407 1173 1443 μὴ
1197 1407 1369 1442 διαφέρουσιν
1391 1407 1416 1433 οἱ
1436 1406 1660 1443 εὐεργετηθέντες
1683 1406 1737 1432 ὑπὸ
1763 1406 1811 1432 τοῦ

1025 1452 1124 1488 Ἱησοῦ,
1137 1452 1249 1479 αὐτόθεν
1269 1453 1316 1479 ἐπὶ
1335 1452 1373 1487 τῷ
1393 1452 1570 1488 εὐεργετῆσαι
1589 1452 1739 1487 θρέψαντος
1761 1452 1807 1479 αὐ-

981 1508 1002 1537 C
1019 1499 1090 1530 τούς.
1103 1499 1135 1524 Εἰ
1152 1498 1180 1524 δὲ
1196 1498 1267 1524 κατὰ
1295 1498 1420 1533 Ἰωάννην
1446 1498 1561 1534 κρίθινοι
1583 1497 1653 1534 ἦσαν
1675 1499 1700 1525 οἱ
1721 1499 1811 1534 ἄρτοι,

1017 1546 1063 1580 ἀφ’
1091 1541 1127 1572 ὧν
1149 1544 1345 1580 ἐπερίσσευσαν
1372 1545 1397 1570 οἱ
1421 1544 1523 1571 δώδεκα
1552 1543 1666 1578 κόφινοι,
1687 1544 1765 1571 οὐδὲν
1783 1544 1810 1571 δὲ

1016 1592 1136 1619 τοιοῦτον
1147 1591 1213 1627 περὶ
1232 1590 1334 1617 τούτων
1349 1590 1468 1624 λέγεται,
1486 1590 1543 1621 πῶς
1557 1590 1587 1616 οὐ
1605 1589 1728 1625 βελτίους
1738 1586 1810 1617 οὗτοι

1018 1637 1093 1674 παρὰ
1106 1638 1169 1669 τοὺς
1183 1636 1347 1673 προτέρους;
1361 1636 1501 1663 Κάκείνων
1515 1635 1564 1671 μὲν
1574 1637 1637 1668 τοὺς
1653 1635 1810 1672 ἀρρώστους

1017 1684 1208 1720 ὲθεράπευσεψ
1224 1683 1341 1710 ἐνταῦθα
1356 1682 1384 1709 δὲ
1401 1682 1463 1713 τοὺς
1480 1682 1548 1716 μετὰ
1575 1681 1628 1708 τῶν
1649 1681 1738 1717 ὄχλων
1762 1683 1810 1709 οὐκ

1017 1730 1174 1767 ἀρρώστους
1190 1728 1345 1765 θεραπεύει,
1358 1727 1424 1754 ἀλλὰ
1436 1727 1561 1761 τυφλοὺς,
1578 1727 1624 1755 καὶ
1636 1728 1751 1763 χωλοὺς,
1765 1728 1813 1755 καὶ

1017 1776 1137 1810 κωφοὺς,
1152 1775 1198 1802 καὶ
1210 1774 1331 1806 κυλλούς·
1347 1774 1386 1800 διὸ
1397 1773 1444 1800 καὶ
1458 1774 1504 1800 ἐπὶ
1515 1773 1620 1805 τούτοις
1640 1774 1690 1808 μὲν
1703 1773 1809 1809 θαυμά-

1018 1820 1109 1852 ζουσιν
1123 1821 1148 1848 oi
1160 1819 1380 1855 τετρακισχίλιοιο
1393 1819 1439 1846 ὲπὶ
1452 1819 1479 1845 δὲ
1491 1820 1545 1850 τοῖς
1562 1818 1716 1854 ἀρρώστοις
1736 1820 1810 1846 οὐδὲν

1017 1866 1135 1892 τοιοῦτον
1149 1865 1281 1892 λέλεκται.
1291 1865 1438 1901 Κρείττους
1448 1864 1478 1891 δέ
1489 1865 1566 1896 είσιν,
1577 1862 1665 1899 οἶμαι,
1674 1865 1700 1890 oi
1709 1865 1809 1900 φαγόν-

1017 1920 1062 1942 τες
1077 1911 1131 1937 ἀπὺ
1148 1910 1202 1936 τῶν
1213 1909 1282 1936 ἑπτὰ
1299 1909 1548 1945 εὐχαριστηθέντων
1565 1910 1666 1945 ἄρτων,
1683 1909 1740 1935 τῶν
1759 1918 1810 1944 φα-

1017 1957 1119 1991 γόντων
1139 1956 1194 1983 ἀπὸ
1215 1956 1295 1983 πέντε
1315 1955 1529 1990 εὐλογηθέντων·
1552 1955 1599 1982 καὶ
1622 1955 1648 1981 oi.
1677 1955 1810 1989 φαγόντες

1019 2003 1072 2029 ἀπὸ
1093 2002 1148 2029 τῶν
1167 2002 1265 2036 ὀλίγων
1283 2001 1408 2036 ίχθυδίων
1429 2000 1503 2036 παρά
1516 2001 1578 2032 τοὺς
1600 2000 1740 2034 φαγόντας
1758 2000 1810 2027 ἀπὸ

1017 2048 1071 2075 τῶν
1085 2048 1117 2083 ﬂ"
1131 2048 1201 2083 τάχα
1213 2047 1241 2073 δὲ
1258 2048 1305 2074 καὶ
1324 2048 1347 2073 οί
1359 2046 1540 2077 ἀναπεσόντες
1559 2046 1606 2072 ἐπὶ
1618 2046 1669 2081 τὴν
1680 2046 1744 2081 γῆν.
1758 2047 1810 2072 Καὶ

1019 2095 1117 2121 ἐκεῖνοι
1140 2094 1189 2129 μὲν
1207 2094 1260 2120 ἀπὸ
1283 2093 1452 2128 ὀλιγωτέρων
1468 2093 1556 2128 ἀρτων
1569 2092 1672 2119 δώδεκα
1685 2094 1810 2127 κοφίνους

1019 2139 1235 2168 καταλείπουσιν
1248 2135 1321 2165 οὗτοι
1332 2139 1360 2165 δὲ
1373 2139 1425 2165 67:6
1439 2139 1567 2165 πλειόνων
1581 2139 1652 2165 ἑπτὰ
1666 2139 1808 2174 σπυρίδας,

184 2195 225 2216 Ias
239 2193 352 2223 septem,
369 2186 440 2221 quod
456 2185 531 2220 plura
544 2189 570 2211 ct
583 2184 712 2218 ampliora
728 2192 824 2218 capere
840 2191 926 2219 posset

1075 2185 1294 2221 χωρητικώτεροι
1319 2183 1388 2211 εἶναι
1409 2184 1549 2220 μειζόνων·
1577 2184 1625 2210 καὶ
1641 2184 1713 2219 τάχα
1741 2181 1812 2211 οὗτοι

182 2240 209 2262 et
225 2234 340 2261 fortasse
353 2233 461 2266 quidem
477 2231 514 2258 illi
532 2236 638 2257 terrena
651 2231 742 2258 omnia
759 2230 927 2264 proculcant,
939 2234 966 2256 et

183 2287 264 2315 super
279 2279 324 2305 illa
338 2277 529 2309 discumbunt;
549 2276 575 2303 hi
598 2284 661 2303 vero
685 2284 768 2311 super
787 2275 901 2308 Renum,
919 2284 966 2304 su-

183 2333 230 2361 per
255 2324 340 2352 solam
363 2323 489 2350 videlicet
514 2330 622 2349 carnem
653 2329 729 2349 suam
745 2331 750 2348 ε
769 2331 778 2346 ι
797 2322 892 2349 Omnis
917 2321 965 2349 sed

182 2372 253 2399 enim
271 2378 336 2398 caro
353 2370 455 2397 fcenum
470 2370 501 2394 '“.
519 2377 528 2393 ›
547 2367 609 2395 Post
623 2368 667 2394 illa
681 2370 761 2394 etiam
780 2368 965 2395 animadverte

181 2417 273 2445 Jesum
289 2416 423 2443 dimittere
444 2422 490 2442 eos
506 2414 614 2449 jejunus
636 2414 708 2440 nolle
726 2414 760 2445 δ’,
784 2421 817 2440 ne
840 2414 965 2441 deficiant

183 2468 273 2497 utpote
287 2461 403 2496 panibus
413 2460 475 2488 Jcsu
493 2461 581 2492 vacui,
593 2463 619 2486 et
634 2459 824 2486 detrimcnttun
837 2465 965 2494 praeterea

181 2509 288 2543 capiant
302 2508 327 2534 in
346 2508 399 2537 via.
422 2515 482 2541 qtae
504 2505 536 2533 ad
557 2513 600 2532 res
621 2505 784 2532 domesticas
803 2505 886 2532 ducit.
911 2505 964 2533 Ub-

181 2561 257 2582 θοι-να
272 2557 360 2580 autem
382 2553 468 2580 sicubi
490 2552 621 2585 scriptum
645 2554 686 2577 est
709 2549 800 2577 Jesum
816 2551 963 2584 dimisisse,

1021 2232 1069 2268 μὲν
1085 2231 1254 2258 ἐπιϐαίνουσι
1271 2230 1327 2266 (79)
1342 2231 1450 2257 πάντων
1468 2229 1521 2256 τῶν
1540 2230 1652 2264 γηΐνων,
1671 2229 1722 2255 καὶ
1748 2229 1810 2255 ἀνα-

1019 2278 1162 2305 πίπτουσιν
1177 2275 1222 2304 ὲπ’
1234 2276 1334 2303 αὐτῶν·
1348 2277 1372 2303 οἱ
1384 2276 1406 2302 δ’
1426 2276 1472 2302 ἐπὶ
1484 2275 1530 2302 τοῦ
1544 2276 1650 2310 χόρτου,
1664 2275 1711 2301 ἐπὶ
1726 2276 1808 2310 μόνης

1018 2325 1066 2359 τῆς
1085 2322 1188 2359 σαρκὸς
1200 2323 1300 2350 αὐτῶν·
1324 2333 1333 2349 ι
1355 2323 1433 2349 Πᾶσα
1452 2332 1460 2348 ι
1483 2322 1537 2359 γὰρ
1556 2331 1565 2346 ι
1588 2321 1656 2357 σὰρξ
1674 2322 1781 2357 χόρτος.
1797 2332 1807 2347 ι

1019 2370 1139 2405 Πρόσχες
1160 2368 1206 2395 καὶ
1233 2368 1302 2403 μετὰ
1324 2368 1420 2399 ταῦτα,
1444 2368 1484 2394 ὅτι
1511 2367 1621 2398 τούτους
1643 2367 1779 2394 ἀπολῦσαι
1794 2368 1808 2393 ό

1024 2414 1125 2450 Ἰησοῦς
1140 2416 1246 2450 νήστεις
1259 2415 1289 2440 οὐ
1302 2414 1382 2446 θέλει,
1394 2414 1436 2440 ἵνα
1449 2414 1485 2450 μὴ
1502 2413 1661 2446 ἐκλυθῶσιν,
1683 2414 1723 2446 ὡς
1738 2415 1808 2441 κενοὶ

1018 2461 1072 2488 τῶν
1088 2461 1177 2496 ἀρτων
1198 2460 1295 2495 Ἰησοῦ,
1311 2459 1356 2487 καὶ
1373 2460 1413 2486 ἔτι
1428 2459 1560 2495 έντῇὁδῷ
1572 2460 1765 2494 τυγχάνοντες,
1776 2461 1805 2494 τῇ

1019 2506 1064 2532 ἐπὶ
1075 2505 1109 2531 τὰ
1119 2505 1216 2537 οἰκεῖα,
1232 2504 1361 2540 βλαϐὦσι.
1381 2504 1537 2540 Σημείωσαι
1553 2504 1581 2530 δὲ
1599 2504 1626 2530 εί
1642 2513 1695 2531 που
1711 2506 1806 2539 ἀναγέ-

1018 2559 1138 2586 γραπται
1159 2551 1173 2576 ὁ
1197 2550 1299 2585 Ἰησοῦς
1322 2550 1526 2582 ἀπολελυκέναι,
1552 2550 1586 2576 ἵν’
1604 2549 1665 2585 ίδῃς
1675 2550 1808 2587 διαφορὰν

217 2623 239 2639 ⁸⁸
251 2622 368 2653 Luc.7x.
384 2622 427 2648 14.
466 2622 487 2636 ⁸⁵
501 2620 583 2647 Marc.
607 2628 643 2652 ιι,
669 2620 712 2647 59.
749 2620 773 2636 ⁴⁶
784 2620 877 2648 Matth.
907 2630 959 2654 xiv,

1069 2620 1150 2647 Marc.
1168 2628 1204 2652 vn,
1231 2621 1279 2652 4|;
1307 2620 1372 2647 Luc.
1399 2628 1435 2651 ix,
1456 2619 1499 2646 lli.
1535 2620 1557 2636 ⁸⁷
1571 2619 1666 2646 Matth.
1690 2628 1738 2653 xv,
1753 2621 1802 2651 56;

180 2657 263 2685 Marc.
281 2662 339 2690 v‘ut,
356 2656 381 2683 6.
419 2656 530 2683 “Joan.
546 2664 583 2688 γι,
600 2655 641 2681 l0.
680 2655 701 2671 δ’
715 2655 792 2688 ibid.,
807 2656 849 2683 l5.
885 2657 907 2672 "°
923 2656 1018 2684 Matth.
1032 2664 1087 2688 xw,
1104 2656 1147 2682 M.
1187 2656 1208 2671 '“
1223 2656 1275 2682 lsa.
1290 2663 1334 2688 xL,
1351 2655 1376 2682 6.
1417 2656 1439 2671 "
1452 2654 1546 2682 Matth.
1563 2662 1606 2687 xv,
1620 2655 1664 2682 52.

216 2716 271 2751 (Π)
285 2715 404 2751 Ἐνθὰδε
422 2714 455 2742 δὲ
469 2715 505 2742 οὑ
519 2715 644 2751 κελεύει,
656 2715 736 2742 ἀλλὰ
752 2715 960 2751 :zapurréMet.

181 2749 366 2785 Παραγγέλλει
384 2750 491 2784 quidem
517 2750 588 2785 apud
606 2749 745 2785 Marcum,
765 2758 831 2783 vnt,
850 2750 899 2783 16,
916 2750 964 2777 sed

182 2785 286 2812 κελεύει
301 2786 371 2817 apud
388 2785 479 2812 Matth.
495 2784 540 2815 xv,
555 2785 599 2812 55.
613 2784 748 2813 Hunnus.

218 2819 273 2855 (7Q)
295 2819 380 2848 Οὗτοι
392 2820 493 2852 μὲνέν
504 2819 565 2854 ὄρει
582 2819 749 2854 τρέφονται,
765 2824 818 2848 etc.
835 2819 867 2846 Et
883 2820 920 2846 illi
935 2820 962 2846 in

1017 2714 1123 2742 deserto
1138 2718 1217 2741 erant
1237 2722 1243 2739 :
1267 2713 1361 2741 Matth.
1383 2722 1417 2741 xv
1426 2733 1442 2748 ,ί
1450 2713 1504 2740 53:
1524 2722 1533 2739 ι
1550 2711 1628 2741 Unde
1644 2720 1713 2748 ergo
1730 2713 1804 2741 nobis

1017 2749 1044 2776 in
1059 2749 1166 2776 deserto
1182 2757 1266 2783 panes
1280 2749 1388 2783 tantos?
1409 2759 1417 2774 ι
1433 2747 1473 2776 Ιο.

1053 2784 1108 2818 (79)
1119 2782 1262 2819 Καὶίτὰχα
1273 2782 1356 2813 οὗτοι
1365 2783 1424 2818 μὲν
1437 2784 1634 2817 ἐπιϐαίνουσι,
1651 2790 1705 2812 etc.
1719 2783 1804 2811 Theo-

1017 2820 1171 2854 phylactus.
1184 2819 1220 2846 ιο.
