1880 3045
91 101 144 129 977

576 101 752 129 COMMENT.
774 101 806 129 ΙΝ
828 99 1036 128 ΜΑΤΤΙΙΑΞΠΜ
1055 98 1173 127 TOMUS
1193 98 1250 126 XII.

1671 101 1722 128 978

89 159 148 185 Καὶ
163 159 247 195 ἐχρῆν
266 159 364 191 αὐτοὺς
375 159 473 187 ειδέναι
486 160 553 196 (89),
566 161 606 187 ὅτι
619 162 664 188 καὶ
677 161 710 188 τὰ
727 160 812 187 ⁸πολλὰ
826 160 875 187 τῶι

968 158 1023 186 Deo
1045 158 1257 193 sttnt,'quinarn
1275 158 1310 186 ab
1327 159 1373 185 illo
1393 159 1503 186 absunt.
1525 159 1559 185 At
1578 165 1724 188 consentan-

89 204 139 230 ἐπὶ
149 204 289 236 Μωῡσέως
300 204 369 231 κατὰ
382 205 432 240 τῆς
445 205 582 240 Αἰγύπτου
594 206 754 242 τεραστίων,
765 206 814 232 οὐκ
822 205 884 232 ὄντα

88 249 124 282 ἐξ
138 249 265 285 οὐρανοῦ,
278 250 372 284 σαφῶς
382 248 416 285 ἦν
430 250 477 276 τοῦ
495 250 573 283 Θεοῦ,
587 252 634 278 καὶ
651 250 681 277 τὸ
693 251 774 277 πεσὸν
788 249 844 286 πῦρ
856 250 884 282 ἐξ

89 295 211 331 οὐρανοῦ
223 296 270 322 ἐπὶ
285 296 320 323 τὰ
333 297 456 331 πρόϐατα
483 297 530 323 τοῦ
551 297 611 324 Ἰὼὸ
636 298 685 325 οὐκ
705 296 739 333 ἦν
761 298 815 324 ἀπὺ
836 297 883 324 τοῦ

89 341 172 368 Θεοῦ·
189 342 236 369 τοῦ
250 342 333 369 αὐτοῦ
344 342 398 378 γὰρ
411 343 498 369 ἐκεῖνο
510 343 541 370 τὸ
564 343 621 379 πῦρ
639 342 684 380 ἦν,
712 342 742 370 οῦ
754 342 824 380 ἦσαν
838 345 884 371 καὶ

87 389 116 415 οἱ
128 388 412 423 αἱχμαλωτεύσαντες,
437 389 483 415 καὶ
496 390 520 415 οἱ
535 390 698 425 ποιήσαντες
710 391 782 425 τρεῖς
796 390 883 425 ἀρχὰς

90 433 200 459 ἱππέων
213 432 267 468 (90)
285 433 355 459 κατὰ
372 433 426 460 τῶν
442 434 548 470 κτηνῶν
564 434 611 461 τοῦ
629 434 699 462 Ἰὼϐ.
715 433 799 470 Οἶμαι
812 435 883 461 δ’ὄτι

88 479 140 504 καὶ
153 479 181 504 ἐν
195 478 233 514 τῷ
252 475 363 514 Ἡσαΐᾳ,
375 479 413 511 ὼς
435 480 591 516 δυναμένων
608 480 729 516 σημείων
746 480 882 516 δειχθῆναι

87 524 139 549 καὶ
150 524 204 550 ὰπὸ
219 523 270 559 γῆς
286 525 333 551 καὶ
344 525 398 551 ἀπὸ
409 525 535 560 οὐρανοῦ,
557 525 664 560 ἀληθῶν
680 526 728 561 μὲν
756 527 788 552 ἐκ
802 526 880 552 Θεοῦ·

89 578 101 594 σ
125 569 171 596 Ἐν
182 570 256 606 πάσῃ
271 570 300 596 δὲ
311 570 434 606 δυνάμει,
448 571 495 597 καὶ
509 571 643 607 σημείοις,
656 572 703 598 καὶ
714 572 808 606 τέρασι
820 571 882 607 ψεύ-

85 613 180 645 δους,ι
192 614 246 640 ἀπὸ
255 614 302 641 τοῦ
314 615 445 650 πονηροῦ,
459 615 583 642 λέλεκται
599 616 638 651 τῷ
670 617 760 652 Ἀχάζ·
780 626 788 642 ι
801 617 882 652 Αἴτη-

85 667 136 685 σον
149 660 257 695 σεαυτῷ
268 662 381 696 σημεῖον
401 661 476 697 παρὰ
498 663 600 698 Κυρίου
616 662 663 690 τοῦ
685 662 753 689 Θεοῦ
768 671 827 694 σου,
842 664 882 695 είς

85 704 181 740 βάθος,
200 706 215 742 ἢ
227 707 267 738 εἰς
278 706 372 741 ὖψοςη
389 707 413 733 εί
427 707 482 742 γὰρ
493 708 530 743 μὴ
539 706 573 744 ἦν
582 709 692 743 σημεῖα,
707 709 753 735 καὶ
763 709 793 734 οὐ
806 709 881 744 παρὰ

85 751 194 786 Κυρίου
211 751 258 778 τοῦ
271 751 341 778 Θεοῦ
368 761 429 779 τινα
452 753 506 780 τῶν
523 754 563 785 εἰς
587 753 678 788 βάθος,
693 753 740 780 καὶ¹
764 753 818 780 τῶν
841 755 881 785 εἰς

85 796 168 832 ὕψος,
180 798 230 824 οὐκ
241 797 273 824 ἂν
286 798 410 825 ἐλέλεκτο
426 800 467 826 τό·
495 809 504 825 ι
517 800 630 835 Αἴτησον
645 799 749 835 σεαυτῷ
770 801 880 834 σημεῖον

84 841 168 877 παρὰ
179 842 281 878 Κυρίου
295 843 342 869 τοῦ
365 843 434 869 Θεοῦ
453 852 500 870 σου
524 844 564 875 είς
581 843 672 877 βάθος,
686 843 702 878 ἢ
731 844 770 874 εἰς
785 842 877 877 ὕψος.)
896 835 916 861 Β

84 883 126 913 Εὖ
146 884 205 913 οἶδα
220 886 258 917 δὲ,
275 887 315 913 ὅτι
329 887 398 919 δόξει
411 888 463 914 τινὶ
476 887 561 923 βίαιον
577 885 688 915 εἶναιτὸ
699 887 818 914 τοιοῦτον
830 888 880 923 τῆς

84 932 154 967 περὶ
177 930 235 963 τοῦ,
268 941 277 957 ι
291 931 406 967 Αἴτησω
425 932 530 968 σεαυτῷ
547 934 658 968 σημεῖον
675 933 749 968 παρὰ
776 933 879 968 Κυρίου

83 976 135 1004 τοῦ
153 976 238 1010 Θεοῦ,
262 987 271 1003 ι
294 978 406 1013 ἐκδοχῆς
417 987 424 994 π
441 978 508 1005 ἀλλὰ
521 978 667 1014 ἐπίστησον
691 978 729 1013 τῷ
742 977 880 1013 εἰρημένῳ

86 1021 168 1056 παρὰ
182 1021 221 1057 τῷ
243 1022 395 1059 1Αποστὸλῳ
408 1024 472 1059 περὶ
495 1024 543 1050 τοῦ
560 1023 702 1059 ἀνθρώπου
723 1024 773 1059 τῆς
789 1024 879 1059 ἁμαρ-

83 1068 161 1099 τίας,
178 1068 224 1095 τοῦ
241 1068 299 1095 υἱοῦ
313 1070 363 1105 τῆς
376 1069 524 1101 ἀπωλείας,
538 1070 579 1096 ὅτι
594 1079 603 1096 ι
621 1071 650 1096 ἐν
663 1070 737 1106 πάσῃ
753 1070 878 1104 δυνάμει,

83 1113 135 1140 καὶ
154 1114 287 1149 σημείοις,
302 1115 349 1141 καὶ
365 1116 460 1151 τέρασι
484 1115 607 1150 ψεύδους,
631 1117 677 1143 καὶ
700 1117 774 1152 πάσῃ
786 1117 879 1152 ἀπάτῃ

81 1160 196 1192 ἀδικίας
213 1170 222 1186 ι
238 1162 293 1192 τοῖς
309 1161 505 1197 ἀπολλυμένοις
519 1163 622 1192 ἐκεῖνος
636 1162 819 1196 ἐπιφανεῐται,
836 1171 879 1197 μι-

84 1207 223 1242 μούμενος
237 1208 325 1234 πάντα
339 1208 451 1242 τέρατα,
460 1207 494 1234 τὰ
507 1208 559 1242 τῆς
571 1206 709 1242 ἀληθείας.
719 1207 774 1233 Καὶ
784 1207 878 1243 ὥσπερ

82 1253 112 1279 οι
123 1252 178 1279 τῶν
190 1252 348 1287 Αἰγυπτίων
363 1253 482 1279 ἐπαοιδοὶ
498 1253 545 1279 καὶ
570 1253 720 1288 φαρμακοὶ,
746 1253 784 1284 ὡς
800 1253 877 1280 ἐλάτ-

82 1306 151 1329 τους
163 1297 210 1324 τοῦ
226 1298 371 1334 ἀνθρώπου
383 1299 433 1334 τῆς
451 1298 596 1334 ἁμαρτίας,
611 1299 658 1325 καὶ
678 1298 725 1325 τοῦ
745 1299 805 1325 υἱοῦ
830 1300 878 1335 τῆς

84 1344 236 1376 ἀπωλείας,
249 1344 378 1380 δυνάμεις
403 1344 479 1376 τινὰς
502 1345 685 1380 ἐμιμήσαντο,
706 1345 754 1372 καὶ
767 1347 877 1381 σημεῖα,

84 1391 135 1417 καὶ
151 1390 254 1426 τέρατα
269 1391 319 1426 τῆς
331 1390 469 1426 ἀληθείας,
486 1391 625 1422 ποιοῦντες
646 1390 681 1418 τὰ
694 1391 741 1418 τοῦ
753 1392 876 1426 ψεύδους,

86 1435 131 1467 εις
145 1435 177 1462 τὺ
195 1435 232 1471 μὴ
245 1435 421 1463 πιστεύεσθαι
448 1436 483 1462 τὰ
506 1436 604 1472 ἀληθῆ⁸
626 1436 713 1469 οὕτως
736 1435 812 1472 οἶμαι
833 1438 878 1464 τὸν

83 1480 231 1516 ἄνθρωπον
242 1481 291 1517 τῆς
306 1481 442 1517 ἁμαρτίας
465 1481 498 1508 τὰ
512 1484 613 1518 σημεῖα
639 1483 810 1519 μιμήσασθαι
823 1484 876 1519 (91)

84 1527 134 1554 καὶ
151 1526 201 1558 τὰς
214 1527 353 1562 δυνάμεις.
368 1527 443 1562 Τάχα
456 1526 484 1553 δὲ
498 1527 544 1554 καὶ
557 1527 642 1554 ταῦτα
653 1528 823 1564 ὑφορώμενοι
834 1529 878 1556 διὰ

83 1571 135 1604 τὰς
150 1573 214 1607 περὶ
229 1572 311 1598 αὐτοῦ
327 1572 494 1608 προφητείας
510 1573 534 1599 οί
559 1573 710 1608 Φαρισαῖοι·
723 1574 796 1609 ζητῶ
809 1575 837 1601 δὲ
855 1576 879 1601 εἰ

85 1618 134 1646 καὶ
149 1618 321 1644 Σαδδουκαῖοι
347 1617 523 1653 πειράζοντες
541 1617 691 1653 ἐπηρώτων
711 1621 823 1654 σημεῖον
846 1620 878 1646 ὲκ

83 1664 134 1690 τοῦ
147 1664 263 1699 οὐρανοῦ
281 1664 412 1698 ἐπιδεῖξαι
425 1665 515 1696 αὐτοῖς
531 1664 577 1691 τὸν
605 1664 719 1700 Ἰησοῦν·
745 1667 769 1692 εὶ
792 1666 821 1693 δὲ
842 1667 879 1702 μὴ

83 1710 166 1736 τοῦτο
182 1709 308 1745 λέγοιμεν
325 1711 424 1741 αὐτοὺς
448 1710 669 1746 ὑπονενοηκέναι,
696 1711 723 1738 τί
756 1713 879 1748 φήσομεν

83 1755 187 1787 αὐτοὺς
203 1755 365 1782 πεπονθέναι
379 1756 447 1791 πρὸς
458 1755 492 1782 τὰ
506 1756 559 1783 ὑπὸ
579 1756 626 1785 τοῦ
646 1757 732 1793 Ἰησοῦ
750 1759 879 1794 γινόμενα

81 1802 229 1837 τεράστια,
238 1803 386 1837 ἀτέγκτους
399 1803 592 1839 μένοντας,καὶ
606 1805 642 1840 μὴ
654 1805 879 1840 δυσωπουμένους

82 1848 142 1876 τῶν
154 1848 305 1883 γινομένων
321 1849 355 1876 τὰ
372 1849 529 1885 παράδοξας
552 1850 613 1877 Ἐὰν
639 1850 668 1876 δέ
691 1859 732 1882 τις
757 1851 880 1886 ὑπολαμ-

84 1893 158 1930 ὀάνῃ
172 1893 318 1928 ἀπολογίας
330 1895 405 1929 ἡμᾶς
418 1894 545 1931 ἀφορμὰς
563 1895 707 1923 δεδωκέναι
729 1897 786 1927 τοῖς
799 1896 880 1931 Φαρι-

85 1939 176 1971 σαίοις
204 1940 251 1966 καὶ
275 1940 474 1972 Σαδδουκαίοις,
499 1941 564 1968 ὅπου
591 1942 639 1977 μὲν
662 1943 691 1968 ἐν
716 1941 878 1974 Βεελςεϐοὺλ

83 1986 239 2019 φάσκουσιν
263 1985 445 2021 ἐκϐεϐλῆσθαι
473 1987 525 2013 ὑπὸ
562 1987 650 2022 Ἰησοῦ
674 1987 708 2014 τὰ
732 1987 877 2023 δαιμόνια,

83 2031 155 2057 ὃπου
167 2031 196 2057 δέ
213 2031 372 2067 ἐπερωτῶσι
389 2032 459 2067 μετὰ
484 2031 531 2059 τοῦ
554 2031 695 2068 πειράζειν
712 2033 756 2059 τὸν
775 2032 878 2067 Ἰησοῦν

83 2076 153 2112 περὶ
166 2077 279 2112 σημείου
306 2077 442 2112 οὐρανίου-
464 2077 542 2110 ἴστω,
566 2078 607 2104 ὅτι
626 2077 675 2112 μὲν
701 2077 879 2112 πιθανότητός

85 2130 180 2157 φαμεν
194 2122 293 2154 αὐτοὺς
306 2123 507 2158 περιεσπᾶσθαι
532 2123 601 2159 πρὸς
619 2123 650 2150 τὸ
677 2123 714 2159 μὴ
733 2122 878 2150 πιστεῦσαι

84 2169 144 2199 τοῖς
159 2167 207 2194 τοῦ
229 2168 321 2203 Ἰησοῦ
334 2168 503 2204 παραδόξοις,
530 2169 560 2195 οὺ
576 2169 629 2204 μὴν
646 2168 716 2197 ὥστε
741 2169 789 2195 καὶ
810 2177 876 2203 συγ-
894 2180 915 2207 ι)

83 2214 227 2248 γνωστοὺς
244 2212 324 2246 εἶναι,
359 2215 395 2250 μὴ
415 2215 567 2250 ἐνορῶντας
581 2216 638 2246 τοῖς
661 2214 715 2241 τῶν
731 2214 878 2250 προφητῶν

84 2259 179 2294 λόγοις
192 2260 391 2295 πληρουμένοις
412 2261 441 2287 ἐν
449 2262 511 2292 ταῖς
530 2261 646 2296 πράξεσι
660 2261 708 2287 τοῦ
727 2261 825 2296 Ἰησοῦ,
845 2261 878 2293 ἃς

83 2306 215 2341 οὐδαμῶς
229 2306 334 2341 πονηρὰ
346 2306 460 2341 δύναμις
478 2306 648 2342 μιμήσασθαι
667 2304 712 2333 οἷά
721 2315 750 2332 τε
764 2305 807 2342 ἦν.
819 2307 878 2333 Ψυ-

84 2351 138 2387 χὴν
157 2350 186 2377 δὲ
197 2350 356 2382 ἐξελθοῦσαν
371 2351 544 2386 ἐπιπρέψαι,
558 2351 628 2377 ὥστε
647 2351 698 2387 ἠδη
709 2351 815 2384 ὄζοντα,
830 2352 877 2378 καὶ

120 2420 296 2455 "Jobl,16,
311 2421 355 2449 17.
393 2422 415 2438 ⁸³
431 2422 453 2448 ll
465 2421 560 2450 Thess.
577 2431 606 2455 ιι,
625 2423 651 2450 9.
689 2423 712 2438 “
725 2422 777 2452 lsa.
793 2431 842 2455 vn,
860 2424 901 2450 ll.

123 2490 181 2526 (89)
202 2490 257 2518 Kal
270 2491 365 2526 ἐχρῆν
383 2492 494 2525 αὐτοὺς
512 2492 632 2524 εἰδέναι,
655 2500 706 2521 etc.
723 2493 785 2521 llaec
813 2494 876 2520 item

84 2527 172 2554 refert
189 2526 418 2562 Theophylactus.
437 2527 569 2555 HUETIUS.

121 2561 179 2596 (90)
192 2561 249 2588 Καὶ
274 2561 503 2595 οϊποιήσαντες
531 2563 608 2596 τρεῖς
631 2563 726 2597 ἀρχὰς
752 2562 874 2590 ἱππέων.

83 2607 138 2634 Job
162 2607 242 2643 ι,17,
266 2617 276 2633 ι
296 2608 413 2635 Chaldaei
439 2614 605 2643 posuerunt;
627 2619 635 2635 ι
654 2614 754 2639 στω-π
769 2601 872 2642 mill;

86 2643 169 2678 vertit
195 2641 348 2678 Pagninus,
369 2652 379 2668 ‹
397 2641 452 2671 tres
477 2645 577 2674 duces;
606 2654 614 2669 ι
643 2644 711 2670 LXX
736 2645 873 2678 Complut.

84 2677 153 2704 edit.
170 2682 197 2704 et
209 2677 261 2704 ms.
279 2677 436 2714 Alexandr.,
446 2679 492 2705 καὶ
507 2678 634 2705 Χαλδαῖοι
649 2679 786 2714 ἐπέθηκαν
801 2677 874 2714 τρεῖς

84 2713 191 2748 ἁρχάς’
215 2716 318 2742 ισηυκη
343 2713 394 2740 hoc
417 2714 495 2746 loco,
516 2723 525 2739 ι
542 2722 644 2741 cuneos
666 2714 794 2746 militmn,
817 2713 874 2741 tur-

86 2756 158 2780 mas,
177 2749 299 2783 agmina,
317 2756 330 2791 »ι
347 2748 491 2788 signiﬁcat,
512 2749 547 2791 ita
560 2749 631 2776 dicta
642 2749 719 2791 'qu'od
746 2757 874 2791 unaquae-

86 2791 140 2817 que
153 2791 235 2810 suout
250 2787 343 2816 caput,
359 2784 416 2810 sive
432 2792 511 2811 suum
529 2785 625 2811 ducem
642 2784 767 2810 habeant.
793 2784 875 2811 Eam-

84 2818 145 2846 dem
164 2818 270 2846 obtinet
286 2818 511 2854 signiﬁcationem
525 2818 589 2847 Jud.
604 2827 651 2854 vn,
669 2819 712 2854 l6,
727 2825 753 2847 et
774 2819 784 2846 1
799 2819 875 2847 Sam.

936 213 1016 233 neum
1038 211 1096 233 erat
1122 206 1193 233 seire
1217 206 1277 233 illos
1302 205 1385 233 multa
1401 213 1434 233 ex
1454 205 1488 232 iis
1513 205 1642 240 prodigiis
1664 214 1724 240 qua

935 252 1065 279 adversus
1080 251 1226 286 Egyptum
1246 251 1318 278 edita
1343 256 1405 278 sunt
1418 250 1517 286 Moysis
1536 251 1723 286 temporibus,

934 304 996 324 cum
1010 304 1062 323 non
1076 304 1092 323 e
1104 296 1173 323 emlo
1184 300 1285 327 essent,
1301 296 1446 323 manifesto
1459 301 1549 322 tamen
1564 295 1609 322 Dei
1624 295 1723 329 fuisse;

933 345 960 368 et
976 343 1064 376 ignem
1081 341 1128 376 qui
1140 349 1154 368 e
1166 341 1236 368 uelo
1248 341 1349 368 decidit
1365 348 1446 374 super
1458 348 1523 367 oves
1534 339 1584 367 Job
1595 340 1628 373 ",
1643 348 1659 367 a
1670 339 1725 367 Deo

935 395 988 413 non
1006 386 1106 419 fuisse;
1131 386 1252 421 ejusdem
1268 387 1368 421 quippe
1385 385 1456 420 ignis
1481 385 1525 413 ille
1549 390 1623 417 erat,
1645 386 1725 419 cujus

933 438 1011 459 erant
1025 437 1052 460 ct
1068 433 1085 459 ii
1099 433 1145 467 qui
1163 433 1189 459 in
1206 433 1388 467 captititatcm
1403 433 1592 464 abduxerunt,
1611 437 1638 459 et
1655 431 1725 459 fece-

934 483 998 505 runt
1020 483 1075 506 tres
1099 479 1220 512 equitum
1250 481 1355 505 turmas
1382 478 1514 505 adversus
1539 485 1636 512 pecora
1662 476 1722 504 Job.

933 523 1066 551 Existimo
1092 529 1182 550 autem
1211 523 1236 550 in
1265 523 1351 555 lsaia,
1381 523 1459 557 quasi
1483 522 1588 549 ostendi
1614 528 1725 557 possent

933 569 1009 603 signa
1022 573 1048 595 et
1061 576 1076 595 e
1091 573 1161 596 terra
1177 572 1203 595 et
1215 575 1230 595 e
1245 568 1326 600 coelo,
1342 575 1404 594 vera
1419 567 1528 602 quidem
1543 574 1558 593 a
1576 566 1631 594 Deo
1644 576 1651 595 ε
1666 576 1676 592 ι
1696 567 1724 594 In

931 615 1006 642 omni
1022 623 1088 642 vero
1105 615 1214 647 virtute,
1231 619 1258 641 et
1273 615 1357 649 signis
1368 635 1375 647 ,
1397 619 1423 641 et
1439 614 1569 649 prodigiis
1587 614 1725 642 mendaci-

932 661 983 688 bus
1007 661 1048 694 ⁶³;
1077 671 1087 686 ι
1115 669 1129 688 a
1154 660 1244 692 malo,
1270 661 1372 687 dictum
1389 669 1450 690 esse
1465 661 1556 687 Achaz
1573 661 1612 688 ’δε
1631 670 1640 687 ι
1659 660 1725 689 Pete

933 706 980 734 tibi
995 707 1101 741 signum
1125 715 1140 733 a
1162 706 1277 734 Domino
1294 707 1347 733 Deo
1365 711 1430 738 tuo,
1451 707 1478 733 in
1496 706 1662 741 profundum
1681 707 1723 734 in-

932 752 1012 785 lerni,
1036 753 1093 779 sive
1107 752 1134 779 in
1153 753 1290 780 excelsum
1308 760 1406 787 supra;
1425 762 1434 778 Δ
1450 760 1512 779 nam
1531 753 1553 780 si
1567 761 1619 781 non
1633 760 1725 783 essent

932 799 1008 834 signa
1029 798 1151 832 quzedam
1165 806 1198 825 ex
1215 799 1247 826 iis
1262 807 1322 833 quae
1337 803 1400 826 sunt
1415 798 1441 825 in
1458 798 1634 833 profundum,
1648 804 1674 827 et
1690 808 1724 827 ex

931 843 966 871 iis
981 851 1042 878 quae
1053 848 1118 871 sunt
1134 845 1161 870 in
1178 845 1328 876 excelsum,
1352 851 1367 870 a
1385 844 1499 871 Domino
1512 843 1567 871 Deo
1576 853 1630 872 non
1640 846 1721 880 prod-

931 890 1023 919 euntia
1035 910 1043 922 ,
1077 890 1179 917 dictum
1195 890 1315 924 proiecto
1327 897 1380 917 non
1399 893 1473 917 esset
1488 899 1494 916 :
1515 899 1526 916 ι
1542 889 1604 917 Pete
1621 890 1668 917 tibi
1684 890 1724 918 si-

930 943 1014 971 gnum
1030 943 1045 963 a
1067 935 1183 963 Domino
1208 935 1263 963 Deo
1283 941 1350 968 tuo,
1376 935 1402 962 in
1422 935 1587 970 profundum
1612 935 1723 969 inferni,

931 981 987 1009 sive
1007 981 1034 1008 in
1055 981 1192 1009 excelsum
1210 989 1302 1016 supra.
1326 991 1334 1007 ι
1351 981 1554 1016 Expositionem
1571 987 1661 1011 autem
1681 987 1724 1010 ta-

931 1026 983 1053 lem
1004 1025 1085 1060 hujus
1101 1026 1153 1053 loci
1173 1035 1179 1053 :
1202 1035 1211 1051 ι
1231 1025 1294 1052 Pete
1312 1025 1359 1052 libi
1374 1026 1483 1060 signum
1499 1033 1516 1052 a
1536 1024 1651 1052 Domino
1668 1025 1724 1053 Deo

930 1075 998 1102 tuo,
1029 1081 1037 1096 ι
1064 1071 1202 1105 aliquibus
1215 1075 1365 1098 contortam
1384 1070 1473 1097 visum
1496 1069 1530 1097 iri
1553 1075 1722 1105 perspectum

931 1116 1034 1149 habeo;
1053 1117 1101 1143 sed
1118 1116 1227 1143 adverte
1240 1115 1274 1143 ad
1289 1116 1314 1142 id
1334 1117 1406 1150 quod
1426 1115 1461 1142 ab
1474 1115 1605 1150 Apostolo
1620 1115 1722 1143 dictum

930 1167 971 1190 est
986 1163 1019 1190 de
1035 1161 1143 1189 homine
1156 1162 1270 1197 peccati,
1297 1162 1354 1188 ﬁlio
1380 1161 1556 1195 perditionis,
1583 1161 1724 1196 apparitu-

931 1217 991 1236 rum
1009 1209 1081 1236 hune
1097 1209 1273 1243 pereuntibus
1289 1218 1298 1234 ι
1317 1208 1342 1234 in
1358 1208 1432 1235 onmi
1449 1208 1558 1240 virtute,
1577 1212 1604 1234 et
1625 1208 1721 1242 signis,

929 1259 957 1281 et
974 1254 1104 1289 prodigiis
1117 1254 1294 1281 mendacibus
1305 1273 1312 1285 ,
1328 1257 1354 1280 et
1368 1253 1394 1279 in
1409 1252 1484 1279 omni
1499 1252 1657 1280 scdutztione
1674 1253 1723 1280 ini-

930 1300 1043 1335 quitatis
1063 1299 1105 1332 ",
1125 1308 1134 1325 ι
1151 1299 1273 1335 prodigia
1293 1299 1384 1326 omnia
1410 1299 1560 1326 imitantem
1579 1308 1640 1334 qua:
1660 1305 1724 1328 sunt

930 1345 1064 1373 veritatis.
1082 1345 1115 1372 Et
1137 1345 1367 1380 quemadmodum
1390 1343 1578 1380 Egyptiorum
1599 1345 1724 1373 incanta—

931 1397 1004 1419 lores
1017 1396 1045 1419 et
1061 1391 1188 1424 maleﬁci,
1204 1396 1297 1426 utpote
1319 1391 1462 1419 inferiores
1483 1393 1593 1420 homine
1609 1394 1721 1428 peccati,

930 1442 954 1464 et
973 1438 1028 1465 ﬁlio
1045 1437 1216 1472 perditionis,
1244 1439 1357 1465 virtutes
1381 1438 1512 1472 quasdam
1534 1438 1631 1466 imitati
1648 1444 1721 1471 sunt,

931 1486 957 1509 et
977 1483 1072 1517 signa,
1090 1487 1116 1509 et
1132 1482 1254 1517 prodigia
1274 1482 1414 1515 veritatis,
1440 1481 1571 1512 facientes
1598 1485 1721 1520 prodigia

932 1527 1090 1561 mendacia,
1116 1535 1150 1556 ne
1163 1527 1234 1556 veris
1256 1528 1322 1555 ﬁdes
1346 1529 1510 1561 haberetur;
1537 1529 1574 1557 ita
1595 1530 1722 1558 existimo

930 1573 1069 1601 hominem
1087 1574 1190 1608 peccati
1205 1573 1282 1609 signa
1297 1574 1464 1602 imitaturum
1481 1579 1509 1602 et
1521 1575 1644 1603 virtutes.
1660 1576 1723 1604 H220

930 1618 1049 1646 fortasse
1071 1619 1243 1654 suspicantes
1262 1623 1372 1654 propter
1389 1620 1517 1647 vaticinia
1538 1621 1571 1648 de
1587 1621 1633 1648 illo
1650 1621 1722 1649 facta

929 1663 1076 1697 Pharisaei;
1092 1673 1184 1700 quam
1200 1669 1290 1692 autem
1306 1673 1340 1692 an
1351 1665 1433 1693 etiam
1448 1665 1599 1699 Sadducaai,
1616 1670 1723 1695 tentan-

930 1715 972 1738 tes
995 1715 1158 1746 rogaverunt
1181 1709 1274 1738 Jesum
1289 1731 1296 1743 ,
1325 1715 1354 1737 ut
1378 1711 1485 1747 signum
1511 1712 1563 1740 sibi
1591 1713 1625 1740 de
1653 1713 1722 1741 coalo

930 1756 1087 1784 ostenderet
1107 1765 1114 1783 z
1134 1756 1207 1790 quod
1234 1755 1257 1783 si
1273 1755 1298 1782 id
1318 1757 1378 1783 illos
1394 1756 1506 1784 minime
1527 1757 1612 1785 fuisse
1631 1758 1722 1793 suspi-

929 1806 1006 1828 catos
1023 1801 1155 1833 dicemus,
1170 1801 1306 1835 quomodo
1318 1801 1556 1835 pronuntiabimus
1571 1810 1635 1838 erga
1659 1811 1722 1838 pro-

929 1848 1000 1882 digia
1015 1855 1029 1874 a
1042 1846 1105 1874 Jesu
1120 1847 1192 1874 edita
1205 1847 1264 1874 illos
1281 1848 1366 1875 fuisse
1383 1847 1503 1880 aﬂectos,
1521 1848 1607 1883 quiin
1623 1850 1723 1877 duritie

930 1893 1149 1928 perseverabant,
1173 1897 1201 1920 et
1224 1900 1316 1920 rerum
1332 1900 1393 1927 quae
1411 1893 1510 1920 ﬁebant
1522 1893 1652 1921 miracula
1665 1903 1720 1922 non

929 1938 1144 1966 erubescebant?
1159 1938 1237 1971 Quod
1250 1938 1273 1966 si
1285 1938 1412 1974 opinetur
1422 1939 1556 1973 quispiam
1572 1939 1722 1973 praebuisse

929 1991 980 2011 nos
995 1991 1089 2011 ansam
1103 1982 1273 2010 delensionis
1286 1982 1431 2010 Phariszeis
1440 1988 1466 2010 et
1477 1983 1642 2017 Sadducaais,
1658 1992 1720 2012 cum

930 2030 975 2058 ubi
993 2030 1020 2058 in
1037 2029 1177 2057 Beellebul
1195 2038 1208 2057 a
1224 2029 1287 2058 Jesu
1301 2030 1433 2057 daemonia
1456 2030 1517 2065 ejici
1533 2030 1638 2064 dicunt,
1664 2036 1721 2058 lum

930 2076 976 2103 ubi
1000 2084 1083 2111 super
1100 2076 1205 2104 caelesti
1233 2076 1311 2111 signo
1333 2075 1426 2104 Jesum
1451 2080 1586 2104 tentantes
1603 2077 1721 2104 interro-

929 2126 1007 2156 gant;
1027 2122 1095 2149 sciat
1110 2121 1155 2149 ille
1169 2121 1273 2149 divisse
1287 2121 1397 2156 quidem
1413 2129 1462 2149 nos
1478 2121 1559 2158 514Ι
1576 2122 1632 2150 veri
1649 2122 1724 2150 simi-

931 2167 1042 2196 litudine
1055 2169 1172 2203 quadam
1190 2168 1274 2196 fuisse
1291 2169 1352 2196 illos
1368 2169 1515 2202 adductos,
1535 2173 1563 2196 ut
1589 2169 1721 2205 prodigiis

931 2213 994 2241 JCSU
1009 2221 1062 2241 non
1079 2214 1239 2247 crederent;
1267 2218 1453 2241 verumtamen
1477 2214 1555 2243 venia
1581 2222 1635 2242 11011
1658 2222 1722 2250 pm

931 2264 1022 2294 pterea
1035 2266 1097 2286 esse
1110 2259 1222 2294 dignos;
1245 2267 1307 2286 cum
1323 2267 1377 2286 non
1402 2259 1435 2286 ad
1450 2260 1645 2295 prophetarum
1661 2268 1721 2288 ser-

931 2311 1025 2331 mones
1040 2304 1067 2330 in
1081 2303 1144 2331 Jesu
1163 2303 1241 2331 factis
1256 2304 1381 2339 impletos
1399 2307 1520 2332 animum
1538 2305 1718 2336 adverterent,

931 2358 992 2385 quae
1015 2349 1084 2377 mala
1108 2354 1229 2385 potestas
1246 2350 1359 2385 implere
1373 2351 1583 2386 haudquaquam
1605 2356 1718 2386 poterat.

942 2422 964 2438 ⁵⁸
979 2421 1001 2448 ll
1016 2421 1112 2449 Thess.
1130 2429 1159 2454 ιι,
1176 2422 1203 2455 9,
1219 2421 1265 2451 10..

930 2499 991 2523 xm,
1005 2491 1085 2525 l7,et
1097 2491 1170 2518 alibi.
1190 2490 1301 2526 Optime
1314 2470 1406 2526 itaque
1422 2490 1577 2526 Thai-gum:
1603 2500 1612 2517 ι
1635 2490 1717 2518 Cha!-

930 2539 973 2566 dai
996 2538 1197 2582 cqustituerupt
1226 2531 1316 2582 δεηθῇ.
1333 2528 1454 2582 Pathum:
1483 2541 1537 2582 tres
1560 2542 1684 2579 turmas,
1706 2545 1715 2562 ι

930 2580 995 2600 voce
1020 2573 1111 2600 Graeca
1136 2573 1212 2608 ὄχλος
1231 2572 1355 2605 servata',
1381 2578 1407 2599 et
1439 2572 1535 2606 Aquila
1555 2580 1560 2597 :
1591 2572 1717 2606 τάγματα

927 2608 1006 2670 ἶρία·
1020 2613 1046 2635 et
1064 2608 1178 2643 Vulgata
1195 2617 1202 2635 z
1220 2617 1230 2634 ί
1247 2608 1365 2635 Chaldaei
1375 2607 1496 2635 fecerunt
1509 2611 1564 2634 tres
1577 2611 1691 2633 turmas.
1704 2616 1714 2632 ι

940 2651 966 2670 ι).

940 2651 966 2670 D-

964 2677 1234 2713 (91)Μιμήσασθαι.
1246 2677 1334 2713 Codex
1350 2676 1459 2713 Regius,
1479 2675 1623 2713 μιμῆσθαι.
1640 2676 1716 2713 beri-

929 2711 1047 2740 bendum
1063 2713 1180 2739 fortasse
1196 2712 1346 2747 μιμεῖσθαι.
1363 2712 1416 2739 Sed
1433 2711 1524 2738 tamen
1538 2711 1646 2746 Origeni
1666 2711 1716 2738 lre-

929 2755 1017 2783 quens
1029 2751 1071 2774 est
1081 2747 1341 2783 aoristnmprimum
1356 2754 1405 2780 pro
1419 2747 1519 2783 futuro,
1537 2747 1577 2774 vel
1593 2747 1716 2783 prmsenti

931 2781 1073 2816 usurpare,
1094 2785 1123 2808 ut
1152 2782 1275 2816 pluribus
1295 2782 1365 2809 inira
1381 2781 1558 2815 probabimus
1581 2782 1614 2810 ad
1639 2781 1717 2812 Cam-

930 2823 1009 2845 mem.
1024 2817 1050 2844 in
1067 2816 1147 2853 Ioan.
1158 2816 1194 2844 In.
