1870 3049
82 127 136 155 νει

586 131 763 162 COMMENT.
785 134 820 162 IN
837 135 1048 165 MATTHEUM
1065 136 1187 165 TOMUS
1206 135 1263 163 ΧΠ.

1667 143 1720 173 982

84 187 156 224 μένη
169 190 284 224 σημεῖον
299 189 348 225 τῆς
360 190 435 226 παρὰ
447 190 485 227 τῷ
495 191 593 228 Παύλῳ
605 193 685 229 δηλου
691 194 774 230 μένης
787 196 816 222 έν
833 196 860 232 τᾷ

941 197 1019 232 liquis
1033 197 1182 232 Scriptnris
1197 201 1361 231 continetur,
1381 198 1460 233 cujus
1475 199 1514 227 rei
1534 200 1560 228 in
1578 203 1725 232 recentiori

86 242 98 258 ε
123 234 223 269 Ἡμεῖς
239 235 294 271 γάρ
308 235 391 271 ἐσμεν
415 237 431 272 ἠ
462 239 623 275 περιτομή.»
642 241 721 276 Ζήτει
737 241 766 267 δὲ
782 242 828 268 καὶ
846 242 879 268 σὺ

81 280 140 306 πᾶν
159 280 189 306 τὸ
204 280 260 314 (95)
272 282 301 307 ὲν
315 282 371 313 τοῖς
386 282 510 314 παλαιοῖς
520 283 668 320 Γράμμασι
681 287 793 320 σημεῖον
805 286 879 318 τίνος

80 325 115 351 ὲν
127 326 162 360 τῇ
180 326 266 361 Καινῇ
283 327 446 362 γράμματος
458 328 516 355 ἐστι
529 329 595 365 (96)·
606 331 653 357 καὶ
668 331 698 357 τὸ
712 332 740 358 ὲν
754 333 786 367 τῇ
798 333 877 368 καινῇ

78 371 206 407 Διαθήκῃ
226 373 376 408 ὀνομασθὲν
390 377 503 411 σημεῖον
520 376 592 408 τίνος
605 378 678 405 ἐστὶν
690 378 706 413 ἥ
718 379 747 405 ὲν
759 378 797 414 τῷ
814 380 878 414 μὲλ-

78 417 156 444 λοντι
167 420 244 446 αἰῶνι
258 420 419 456 δηλωτικὸν,
430 423 446 458 ἢ
462 424 508 450 καὶ
516 424 545 450 ὲν
558 426 618 457 ταῖς
631 425 743 461 ὓστερον
757 429 864 462 γενεαῖς

117 465 173 491 Καὶ
186 467 306 501 πονηρὰν
320 467 369 503 μὲν
381 467 457 496 εἶπεν
473 469 571 502 αὐτοὺς
586 472 681 505 γενεὰν
698 472 742 499 διὰ
758 472 807 509 τὴν
823 474 878 500 ἀπὸ

75 510 127 536 τοῦ
147 511 263 547 πονηροῦ
277 513 407 549 ποιότητα
418 515 458 546 είς
478 516 577 548 αὐτοὺς
604 517 799 554 ὲγγινομένην·
820 518 877 546 ἔστι

75 554 107 582 δὲ
121 558 137 589 ἡ
156 558 271 592 πονηρία
293 558 416 592 ἑκούσιος
430 562 591 588 κακοποιία·
621 563 761 597 μοιχαλίδα
781 564 809 590 δὲ
832 565 876 592 διὰ

74 601 168 633 τοῦτο,
185 602 245 628 ἐπεὶ
261 603 306 630 τδν
319 605 457 640 τροπικῶς
470 605 614 641 λεγόμενον
630 607 724 643 ἄνδρα,
743 608 792 644 τῆς
808 609 875 645 ἀλη-

75 645 156 678 θείας
170 647 258 682 λόγον,
275 649 292 684 ἢ
311 649 392 684 νόμον
409 651 605 684 καταλιπόντες
624 653 648 679 οἱ
669 653 810 688 Φαρισαῖοι
827 656 875 682 καὶ

73 693 261 727 Σαδδουκαῖοι,
276 695 476 732 ἑμοιχεύθησαν
490 698 543 725 ὑπὸ
557 698 604 725 τοῦ
625 699 739 734 ψεύδους
762 701 808 727 καὶ
828 701 874 727 τοῦ

72 738 161 773 νὸμου
175 739 223 775 τῆς
240 741 376 776 ἁμαρτίας
392 742 458 778 (97).
474 743 504 770 El
520 743 574 779 γὰρ
590 744 637 770 δύο
649 745 702 772 eiet
717 745 804 780 νόμοι,
818 747 832 773 6
845 755 874 773 τε

72 793 85 809 ‹
104 784 133 809 ὲν
148 787 204 817 τοῖς
220 786 328 820 μέλεσιν
348 787 428 822 ἡμῶν
448 789 727 826 ἀντιστρατευόμενος
739 791 778 827 τῷ
799 793 874 828 νόμῳ

70 829 122 856 τοῦ
140 831 217 863 νοὸς,
237 841 246 857 ι
263 833 310 859 καὶ
330 833 344 859 6
361 833 408 859 τοῦ
429 833 488 865 νοὸς
499 855 506 865 ,
525 834 646 868 λεκτέον,
662 836 702 863 ὄτι
721 837 736 863 6
751 837 801 872 μὲν
826 838 873 865 τοῦ

933 243 1066 277 scriptura
1083 243 1191 278 signum
1215 243 1268 276 sit;
1294 248 1320 270 et
1334 244 1407 278 quod
1419 245 1446 271 in
1461 244 1536 273 Novo
1550 246 1726 277 Testamento

933 288 1040 322 signum
1065 288 1231 321 nominatur,
1251 295 1430 323 ecquanmam
1455 297 1512 316 rem
1536 290 1672 325 signillcet
1684 293 1726 319 vel

932 333 959 360 in
984 333 1074 361 futuro
1094 334 1204 367 saeculo,
1229 335 1271 361 vel
1293 338 1366 362 certe
1383 335 1409 361 in
1428 334 1529 363 futuris
1545 337 1724 372 temporibus,

931 382 1076 414 pestquam
1094 378 1195 406 factum
1217 378 1298 406 fuerit
1320 379 1426 413 signum
1442 380 1517 408 illud.

905 427 975 463 μετὰ
989 427 1019 454 τὸ
1033 427 1174 462 γεγονέναι
1192 427 1222 454 τὸ
1237 429 1358 463 σημεῖον.

966 472 993 500 4.
1016 474 1054 501 Ac
1073 473 1274 508 generationem
1298 474 1407 508 quidem
1434 475 1534 502 malam
1558 475 1628 503 dixit
1649 476 1721 510 illos.

928 524 1040 555 propter
1053 520 1211 554 qualitatem
1225 527 1308 554 quam
1321 527 1334 546 a
1350 520 1422 548 malo
1435 525 1645 555 contraxerant;
1663 530 1718 550 ma»

927 565 985 593 lilia
999 570 1089 593 autem
1115 570 1155 593 est
1176 566 1327 593 voluntaria
1346 567 1523 594 maleficentia
1546 577 1553 596 :
1571 569 1721 597 adulteram

930 617 1031 644 autem,
1050 617 1191 647 propterea
1208 613 1280 646 quod
1304 612 1433 640 Pharisari
1450 617 1476 641 et
1490 613 1634 642 Sadducaei
1658 616 1722 643 reli-

928 661 988 689 cto,
1015 658 1061 692 qui
1077 658 1118 684 vir
1135 658 1236 692 tropice
1249 659 1415 693 appellatur,
1434 659 1558 687 veritatis
1582 668 1720 695 sermone,

926 703 967 730 vel
981 704 1050 738 lege,
1077 710 1092 730 a
1117 703 1258 731 mendacio
1278 710 1304 731 ct
1321 705 1378 740 lege
1394 706 1497 739 peccati
1514 707 1648 734 adulterio
1662 708 1722 742 pol-

926 748 976 775 luti
1002 752 1075 775 sunt.
1100 745 1167 777 Nam
1192 749 1214 776 si
1231 749 1291 776 duae
1308 753 1371 776 sunt
1385 750 1468 786 leges,
1492 756 1519 779 et
1534 759 1565 779 ea
1584 760 1645 787 qua:
1664 762 1673 778 ι
1692 753 1719 779 in

926 795 1057 822 membris
1075 794 1176 822 nostris
1201 801 1333 830 repugnat
1353 796 1405 832 legi
1431 797 1529 824 mentis
1546 798 1580 831 "',
1600 807 1611 823 ›
1626 803 1654 826 et
1677 798 1719 826 lex

926 840 1039 872 mentis;
1061 840 1205 867 dicendum
1222 845 1265 868 est
1283 841 1366 876 legem
1387 842 1497 874 mentis,
1516 843 1567 870 hoc
1581 847 1623 870 est
1639 844 1720 878 spiri—

70 876 144 908 vo‘2q,
161 877 301 905 τουτέστιν
327 879 340 905 6
363 880 562 915 πνευματικὸς,
580 881 651 917 ἁνήρ
667 883 735 914 ἐστι,
761 884 829 919 πρὸς
844 885 860 911 ὃη

941 885 1035 918 uatem,
1062 885 1150 912 virum
1177 893 1248 919 esse,
1265 887 1307 913 cui
1324 895 1338 913 a
1359 886 1412 914 Deo
1436 888 1533 915 tradita
1552 893 1595 916 est
1608 889 1634 915 in
1653 897 1719 917 nxo-

68 922 200 958 ήρμόσθη
210 923 264 950 ὰπδ
275 923 342 951 Θεοῦ
359 924 428 960 γυνὴ
440 925 455 959 ὴ
467 925 550 961 ψυχὴ,
564 925 642 962 ἀνδρὶ
655 926 694 962 τῷ
704 927 788 963 νόμῳ,
803 929 872 956 κατὰ

69 968 102 994 τὸ
126 968 334 1004 γεγραμμένον·
361 979 370 996 ι
391 970 470 1007 Παρὰ
493 971 521 997 δὲ
543 971 611 998 Θεοῦ
628 973 779 1008 ἁρμόζεται
796 975 872 1011 ἀνδρὶ

68 1015 159 1048 γυνή·
184 1015 218 1042 »ὁ
233 1014 260 1041 δὲ
278 1015 357 1047 ἄλλος
382 1016 475 1052 μοιχός
493 1017 551 1043 ἐστι
574 1017 624 1052 τῆς
648 1018 872 1057 ὑποτασσομένης

68 1059 148 1094 αὐτῷ
161 1059 259 1095 ψυχῆς,
272 1061 319 1087 καὶ
332 1061 366 1087 δι’
375 1062 456 1089 αὑτὸν
475 1062 627 1098 μοιχαλίδος
636 1071 687 1099 χρη
693 1065 869 1101 ματιζούσης.

69 1106 135 1132 Ὀτι
150 1106 178 1132 δὲ
192 1107 206 1132 6
221 1107 301 1141 νόμος
315 1107 384 1143 ἀνὴρ
400 1108 449 1143 τῆς
465 1108 554 1144 ψυχῆς
570 1109 654 1142 ἐστιν,
674 1111 768 1145 σαφῶς
790 1113 817 1138 ὲν
837 1115 870 1149 τῇ

68 1151 142 1186 πρὸς
161 1152 314 1188 Ῥωμαίους
333 1154 388 1189 (98)
401 1155 415 1180 6
430 1155 537 1189 Παῦλος
548 1159 670 1194 παριστᾷ
690 1157 794 1191 λέγων,
817 1159 869 1191 ὅτι,

70 1207 80 1222 ε
112 1198 142 1224 '0
157 1198 238 1234 νόμος
257 1200 379 1235 κυριεῦει
404 1201 451 1228 τοῢ
475 1203 620 1239 ἀνθρώπου
636 1205 678 1240 ἐφ’
696 1205 757 1231 ὅσον
775 1205 870 1240 χρόνον

66 1242 103 1277 ζῇ
116 1251 124 1258 ⁸
143 1244 159 1278 ἡ
183 1244 237 1280 γὰρ
257 1244 392 1281 ὕπανδρος
404 1247 472 1283 γυνὴ
489 1247 528 1282 τῷ
553 1248 635 1280 ζῶντι
656 1249 734 1285 ἀνδρὶ
754 1249 867 1282 δέδεται,

66 1289 128 1315 ὄντι
142 1289 231 1325 νόμῳ·
253 1299 262 1316 ›
275 1291 322 1317 καὶ
342 1291 376 1318 τὰ
401 1292 475 1327 ἑξῆς.
501 1294 623 1330 Πρόσχες
637 1295 690 1331 γὰρ
707 1297 736 1322 ὲν
752 1295 867 1329 τούτοις,

66 1334 111 1360 ὅτι
125 1335 140 1362 6
161 1335 242 1371 νόμος
254 1337 377 1372 κυριεύει
392 1338 438 1365 τοῦ
454 1339 599 1376 ἀνθρώπου
609 1361 616 1372 ,
640 1342 682 1377 ἐφ’
698 1342 761 1369 ὅσον
773 1343 868 1378 χρόνον

66 1379 104 1416 ζῇ
121 1381 136 1406 6
153 1381 243 1416 νόμος,
257 1382 294 1415 ὡς
306 1384 375 1421 ἀνὴρ
388 1386 534 1419 γυναικός·
546 1388 562 1423 ἡ
575 1387 628 1423 γὰρ
642 1387 777 1424 ὕπανδρος
788 1389 866 1426 γυνὴ,

66 1427 85 1462 ἡ
103 1427 155 1454 ὑπὸ
169 1428 215 1455 τὸν
231 1429 313 1465 νόμον
330 1430 414 1467 ψυχὴ,
427 1432 465 1468 τῷ
483 1433 564 1465 ζῶντι
580 1435 657 1471 ἀνδρὶ
683 1435 799 1468 δέδεται,
811 1436 867 1463 ὄντι

64 1474 161 1509 νόμῳ·
180 1474 228 1501 ἐὰν
244 1475 271 1502 δὲ
289 1476 411 1514 ἀποθάνῃ
429 1479 443 1505 6
460 1479 540 1516 ἀνὴρ,
560 1481 574 1507 6
594 1481 674 1516 νόμος
695 1483 867 1519 κατήργηται

65 1519 122 1546 ἀπὸ
132 1519 178 1546 τοῦ
187 1520 282 1556 νόμου,
297 1522 326 1554 ὃς
337 1524 411 1550 ἐστιν
423 1525 504 1561 ἀνὴρ.
524 1526 704 1563 Ἀποθνήσκει
715 1529 742 1555 δὲ
757 1530 770 1555 6
785 1529 867 1565 νόμος

925 937 982 956 rem
1006 930 1109 962 anima,
1133 938 1230 965 nempe
1255 931 1314 958 viro
1336 931 1398 966 legi,
1421 931 1499 966 juxta
1515 932 1540 959 id
1556 933 1629 967 quod
1650 934 1720 961 scr-io

923 979 999 1009 ptum
1024 979 1066 1002 cst
1091 975 1115 991 ⁷³
1140 984 1147 1003 :
1172 985 1182 1001 ι
1212 977 1235 1002 Α
1256 975 1311 1003 Deo
1337 981 1428 1004 autem
1452 978 1630 1013 conjungitur
1658 979 1718 1006 viro

923 1027 1007 1054 uxor;
1031 1029 1040 1046 ι
1065 1021 1178 1048 alteram
1191 1029 1256 1049 vero
1270 1022 1370 1057 legem,
1386 1023 1535 1050 adulteram
1550 1031 1612 1051 esse
1627 1025 1718 1059 subje-

922 1071 972 1094 ctae
998 1067 1036 1094 illi
1061 1067 1170 1100 animm,
1194 1073 1220 1095 et
1246 1073 1355 1103 propter
1377 1069 1450 1096 illam
1469 1070 1597 1097 adultera:
1619 1078 1717 1098 nomen

922 1117 1083 1140 consecutae.
1103 1113 1180 1147 Quod
1200 1119 1290 1142 autem
1310 1115 1352 1142 lex
1370 1115 1411 1142 vir
1431 1115 1529 1143 animae
1546 1116 1581 1143 sit
1599 1116 1718 1144 dilucide

921 1158 947 1185 id
962 1159 1040 1186 docet
1056 1159 1158 1188 Paulus
1173 1160 1198 1187 in
1212 1160 1334 1194 Epistula
1357 1161 1390 1189 ad
1412 1161 1550 1190 Romanos
1576 1163 1668 1190 dicens
1681 1163 1715 1195 7“,

923 1212 932 1228 ι
952 1204 1036 1239 legem
1052 1205 1079 1231 in
1096 1205 1205 1233 homine
1217 1206 1353 1234 dominari
1371 1212 1473 1242 quanto
1490 1214 1612 1244 tempore
1628 1209 1714 1236 vivit:

920 1248 998 1282 Nam,
1016 1258 1076 1285 qua:
1099 1252 1150 1278 sub
1173 1252 1232 1279 viro
1253 1257 1295 1280 est
1318 1253 1425 1285 mulier,
1453 1254 1553 1282 viventi
1578 1255 1714 1290 alligatam

920 1302 981 1322 esse
1003 1296 1061 1323 viro
1076 1317 1083 1328 ,
1104 1298 1151 1331 qui
1177 1302 1218 1325 est
1244 1298 1303 1330 lex;
1327 1307 1337 1324 ι
1356 1303 1383 1326 et
1406 1307 1467 1334 qua:
1489 1304 1553 1328 sunt
1575 1300 1713 1336 deinceps.

919 1341 1036 1369 Adverte
1061 1343 1161 1377 quippe
1186 1343 1213 1370 in
1241 1343 1283 1371 his
1311 1344 1396 1378 legem
1426 1345 1561 1372 dominari
1589 1346 1713 1380 homini,

919 1385 1039 1420 quandiu
1063 1386 1128 1413 vivit
1151 1386 1204 1418 lex,
1230 1388 1458 1422 quemadmodum
1479 1390 1520 1417 vir
1537 1391 1626 1419 uxori.
1644 1391 1713 1420 Nam

919 1431 977 1458 viro
991 1431 1098 1458 subdita
1112 1440 1191 1463 uxor,
1209 1433 1299 1460 anima
1317 1434 1441 1462 videlicet
1453 1443 1514 1470 quae
1525 1441 1565 1464 est
1577 1438 1629 1465 sub
1643 1438 1711 1473 lege,

918 1477 1018 1504 viventi
1033 1477 1142 1513 alligata
1158 1483 1200 1506 est
1212 1479 1281 1511 viro,
1302 1479 1349 1514 qui
1363 1485 1404 1507 est
1421 1481 1478 1514 lex;
1496 1482 1519 1509 si
1533 1486 1623 1510 autem
1639 1492 1712 1511 mor-

919 1528 981 1551 tuus
999 1523 1080 1551 fuerit
1102 1525 1152 1555 \‘ir,
1178 1524 1229 1553 hoc
1249 1531 1290 1552 est
1305 1526 1363 1558 lex,
1390 1527 1502 1555 liberata
1528 1533 1569 1556 est
1591 1536 1606 1556 a
1632 1529 1710 1564 lege,

63 1566 106 1601 τῷ
119 1567 251 1594 ἀναϐάντι
264 1569 310 1595 ἐπὶ
322 1569 372 1605 τὴν
392 1571 581 1607 μακαριότητα
591 1593 598 1605 ,
621 1574 668 1600 καὶ
689 1575 787 1610 μηκέτι
812 1576 860 1602 ὺπέ

941 1576 976 1595 1a:
990 1573 1032 1596 est
1044 1569 1095 1596 vir.
1113 1568 1227 1597 Moritur
1242 1575 1332 1598 autem
1355 1572 1396 1598 lex
1416 1572 1439 1599 ei
1462 1574 1508 1607 qui
1531 1576 1655 1602 ascendit
1675 1576 1711 1603 ad

64 1612 152 1648 νόμον
164 1613 381 1651 πολιτευομένῳ·
394 1616 451 1643 ἀλλ’
463 1617 500 1649 ὡς
512 1618 525 1644 6
539 1619 655 1654 Χριστὸς
671 1620 809 1655 πράττων,
825 1620 864 1652 ὃς,

63 1658 90 1684 ci
108 1658 157 1684 καὶ
181 1659 293 1693 γέγονεν
314 1660 366 1687 ὑπὸ
390 1661 472 1698 νόμον
494 1662 538 1689 διὰ
554 1664 618 1695 τοὺς
638 1664 690 1690 ὑπὸ
712 1665 804 1701 νόμον,
823 1665 865 1692 ἵνα

63 1703 130 1736 τοὺς
150 1704 203 1731 ὑπὸ
214 1705 296 1740 νόμον
309 1706 441 1743 κερδήσῃ,
454 1707 509 1733 οὔτ’
522 1707 629 1743 ἔμεινεν
642 1709 694 1736 ὑπὸ
709 1709 800 1745 νόμον,
810 1709 864 1737 οὔτ’

63 1748 176 1784 ἀφῆκεν
199 1750 252 1776 ὑπὸ
273 1751 356 1786 νόμον
372 1752 436 1784 τοὺς
447 1753 493 1779 ὑπ’
506 1753 590 1780 αὑτοῦ
609 1754 844 1791 ἐλευθερωθέντας
856 1764 863 1772 ·

61 1794 190 1830 ἀνήγαγε
207 1796 261 1832 γὰρ
271 1797 369 1829 αὐτοὺς
383 1798 441 1834 ἅμα
456 1799 546 1835 ἐαυτῷ
560 1800 606 1826 ἐπὶ
617 1801 666 1836 τὴν
685 1801 754 1838 ὑπὲρ
766 1802 811 1828 τὸν
822 1802 865 1829 νό-

63 1849 116 1875 μον
134 1840 210 1868 θείαν
230 1842 378 1876 πολιτείαν,
397 1845 442 1871 τὸν
465 1846 639 1882 περιέχοντα,
656 1847 694 1879 ὡς
710 1848 778 1883 πρὸς
801 1849 865 1880 τοὺς

60 1887 279 1923 ἀτελεστέρους,
304 1890 351 1916 καὶ
372 1891 412 1917 ἔτι
435 1893 660 1928 ἁμαρτάνοντας,
683 1893 778 1926 θυσίας
800 1895 864 1930 περὶ

60 1932 189 1966 ἀφέσεως
202 1934 418 1970 ἁμαρτημάτων.
439 1937 467 1963 '0
479 1935 524 1964 οὖν
534 1938 727 1974 ἀναμάρτητος
738 1939 804 1975 (99),
816 1940 863 1967 καὶ

62 1977 165 2013 μηκέτι
184 1978 310 2014 δεόμενος
334 1980 388 2007 τῶν
402 1982 523 2017 νομικῶν
549 1982 664 2015 θυσιῶν,
690 1984 862 2021 ὑπερϐέϐηκε

60 2022 220 2055 τελειωθεὶς
239 2024 309 2059 τάχα
322 2026 369 2052 καὶ
381 2026 427 2052 τὸν
440 2028 626 2063 πνευματικὸν
639 2028 720 2064 νόμον
731 2048 737 2061 ,
752 2030 799 2057 καὶ
817 2030 864 2065 γέ-

60 2076 142 2102 γονεν
156 2070 184 2095 ὲν
195 2069 235 2105 τῷ
247 2070 317 2107 ὑπὲρ
331 2071 417 2108 αὐτὸν.
426 2072 507 2108 λόγῳ,
521 2074 595 2106 ὅστις
605 2075 661 2106 τοῖς
677 2075 725 2110 μὲν
739 2076 768 2102 ὲν
781 2077 863 2112 σαρκὶ

60 2112 132 2145 ζῶσι
142 2113 211 2150 σὰρξ
225 2116 346 2151 ἐγεγόνει
356 2126 362 2132 ·
381 2119 437 2150 τοῖς
450 2118 478 2145 δὲ
495 2119 626 2155 μηδαμῶς
640 2120 680 2147 έτι
692 2121 763 2148 κατὰ
774 2122 864 2158 σάρκα

62 2161 302 2196 στρατευομένοις,
317 2162 355 2195 ὡς
365 2161 438 2199 ἦν.ὲν
452 2165 524 2200 ἀρχῇ
537 2165 605 2200 πρὺς
621 2166 687 2193 Θεὸν
699 2167 765 2199 Θεὸς
776 2167 862 2202 Λόγος

918 1613 1123 1648 beatitudinem,
1140 1623 1190 1643 nec
1203 1617 1322 1651 amplius
1338 1617 1389 1644 sub
1406 1618 1463 1652 lege
1477 1619 1556 1653 vivit;
1575 1621 1622 1647 sed
1639 1620 1710 1647 idem

917 1659 981 1688 facit
996 1662 1068 1695 quod
1085 1662 1221 1694 Christus,
1245 1663 1291 1698 qui
1307 1664 1413 1691 etiamsi
1429 1665 1480 1700 legi
1497 1673 1526 1693 se
1548 1666 1709 1699 subdiderit,

917 1711 1027 1741 propter
1044 1717 1053 1733 ι
1073 1715 1120 1735 eos
1138 1710 1184 1743 qui
1199 1709 1249 1736 sub
1261 1710 1318 1745 lege
1331 1715 1404 1743 sunt,
1423 1715 1451 1738 ut
1462 1718 1509 1739 eos
1524 1712 1570 1746 qui
1587 1713 1638 1739 sub
1654 1713 1711 1747 lege

915 1758 993 1780 erant
1016 1753 1187 1782 lnerifaceret
1211 1756 1244 1789 ⁷⁵,
1272 1765 1280 1782 ι
1307 1763 1394 1791 neque
1425 1759 1526 1785 mansit
1555 1759 1606 1785 sub
1631 1759 1708 1794 lege,

915 1807 1003 1834 neque
1019 1800 1070 1835 legi
1087 1801 1229 1836 subiacere
1243 1809 1341 1836 passus
1353 1806 1404 1835 est,
1427 1810 1498 1838 quos
1513 1803 1539 1830 in
1556 1804 1708 1832 libertatem

915 1845 1117 1880 vindicaverat;
1143 1847 1193 1874 hos
1207 1847 1278 1874 enim
1300 1855 1393 1875 secum
1407 1848 1439 1875 ad
1453 1849 1574 1876 divinum
1592 1850 1652 1878 vita:
1670 1850 1710 1876 in-

914 1891 1039 1919 stitutum
1059 1892 1157 1925 evexit,
1177 1893 1249 1927 quod
1262 1897 1304 1920 est
1318 1901 1401 1928 supra
1416 1894 1511 1929 legem,
1528 1902 1588 1929 quae
1604 1895 1708 1922 sacriti-

914 1937 955 1965 cia
980 1945 1029 1973 pro
1051 1942 1224 1973 peccatorum
1244 1938 1326 1974 516
1341 1939 1516 1972 remissione,
1541 1944 1633 1974 utpote,
1658 1947 1708 1975 pro

914 1983 1006 2012 minus
1028 1983 1175 2019 perfectis,
1203 1988 1230 2012 et
1247 1985 1396 2012 etiamnum
1419 1986 1595 2020 peccantibus
1620 1986 1708 2013 conti-

913 2030 1005 2058 nebat.
1030 2030 1082 2064 Qui
1103 2038 1168 2066 ergo
1187 2036 1299 2066 peccato
1311 2031 1446 2059 obnoxius
1466 2039 1520 2059 non
1546 2037 1597 2066 est,
1620 2041 1708 2068 neque

913 2078 1030 2112 amplius
1048 2077 1189 2105 sacriﬁciis
1204 2078 1336 2113 legalibus
1359 2078 1471 2113 indiget,
1497 2078 1611 2106 fortasse
1633 2085 1707 2114 post-

913 2132 993 2159 quam
1009 2124 1203 2160 perfectionem
1217 2128 1260 2152 est
1274 2128 1427 2158 assecutus,
1444 2125 1611 2160 spiritualrm
1625 2125 1705 2152 etiam

913 2168 998 2205 legem
1013 2174 1221 2205 praetergressus
1238 2175 1290 2203 est,
1304 2174 1331 2198 ct
1345 2169 1379 2198 ad
1397 2171 1508 2198 verbum
1529 2171 1602 2206 quod
1624 2179 1706 2206 supra

59 2203 111 2237 ὣν,
127 2205 282 2242 θεωρεῖται,
301 2209 349 2235 καὶ
372 2210 560 2238 ἀποκαλύπτει
577 2211 623 2238 τὸν
646 2212 766 2249 Πατέρα.
792 2214 860 2250 Τρία

943 2203 986 2242 am
1004 2203 1056 2249 est,
1079 2216 1211 2251 pervenit,
1235 2216 1308 2252 quod
1334 2217 1368 2244 iis
1384 2216 1432 2252 qui
1446 2216 1542 2245 vivunt
1561 2217 1589 2244 in
1612 2225 1705 2251 carne,

58 2251 153 2278 τοίνυν
169 2253 241 2279 κατὰ
257 2254 302 2281 τὸν
322 2255 405 2282 τόπον
425 2257 577 2292 νομιστέον,
592 2259 709 2292 γυναῖκα
725 2259 860 2296 ὕπανδρον

941 2268 977 2288 iro
990 2260 1091 2289 factum
1110 2265 1166 2296 est;
1185 2262 1219 2290 iis
1236 2251 1327 2290 autem
1343 2263 1389 2298 qui
1406 2271 1460 2290 non
1477 2263 1594 2299 amplius
1609 2271 1703 2292 secun-

60 2297 116 2344 ὐτοὺ
130 2298 214 2334 ἄνδρα
227 2300 273 2326 τὸν
285 2302 366 2337 νόμον
375 2311 381 2318 ·
398 2303 445 2329 κα)¹
462 2306 579 2338 γυναῖκα
593 2306 744 2341 μοιχαλίδα,
757 2307 860 2339 ζῶντος

941 2315 977 2334 rm
994 2314 1103 2335 carnem
1120 2308 1246 2342 militant,
1263 2309 1290 2336 id
1305 2297 1388 2344 quod,
1408 2317 1471 2338 eum
1486 2297 1604 2338 Verbum
1621 2314 1704 2343 esset,

58 2343 109 2390 τοῦ
123 2344 220 2380 ἀνδρὸς
239 2346 322 2382 νόμου
339 2350 485 2386 γινομένην
508 2351 585 2386 ἀνδρὶ
604 2351 706 2388 ἑτέρῳ,
725 2353 764 2388 τῷ
780 2353 855 2390 νόμῳ

957 2354 1092 2389 principio
1116 2359 1175 2382 erat
1198 2355 1270 2390 apud
1298 2343 1383 2383 lieum
1409 2356 1492 2388 Deus,
1516 2356 1654 2389 cernitur,
1679 2361 1705 2384 et

58 2387 112 2422 τῆς
130 2389 232 2424 σαρκὸς
242 2391 292 2427 τὴν
308 2392 406 2428 ψυχήν·
420 2394 468 2421 καὶ
486 2396 603 2429 γυναῖκα
621 2395 660 2431 τῷ
677 2387 783 2433 ἀδελφῷ
806 2387 853 2425 τοῧ

941 2387 1015 2427 Itrem
1036 2387 1145 2436 detegit.
1163 2387 1227 2429 Tria
1252 2401 1335 2438 igitur
1358 2402 1386 2429 in
1407 2403 1529 2430 animum
1551 2402 1704 2431 inducenda

98 2457 121 2473 "'
143 2456 222 2485 Rom.
241 2467 289 2493 vn,
302 2460 348 2489 ‘23.
387 2461 409 2477 ⁷³
420 2461 503 2490 Marc.
523 2471 549 2496 x,
564 2463 591 2493 9.
630 2464 652 2480 ⁷⁸
669 2463 748 2492 Rom.
764 2465 847 2498 vu,l,

969 2468 1012 2495 ⁷³1
1027 2468 1092 2497 Cor.
1108 2477 1145 2503 lx,
1163 2470 1207 2497 21.

97 2539 156 2577 (95)
169 2539 255 2572 Ζήτει
272 2540 312 2577 ,δὲ
334 2542 384 2569 καὶ
409 2541 450 2569 σὺ
474 2542 537 2570 πᾶν
552 2544 586 2571 τό
598 2565 604 2577 ,
630 2549 683 2573 etc.
701 2544 831 2574 Erasmus
846 2555 852 2573 :

61 2584 83 2616 εἰ
92 2574 227 2616 Quintum
242 2576 325 2616 etiam
343 2585 435 2616 quaere
452 2578 578 2613 signum;
596 2574 606 2606 3
633 2580 734 2616 legerat
751 2590 756 2607 :
773 2581 854 2614 Ζήτει

103 2610 152 2646 καὶ
167 2609 206 2646 σὺν
216 2609 499 2646 regnem—Hunnus.

97 2644 155 2683 (_96)
176 2644 259 2683 Τίτςοςί
272 2646 308 2683 ἐν
318 2646 356 2681 τῇ
363 2647 457 2682 Καινῇ
467 2648 635 2683 γράμματός
646 2649 720 2677 ἐστι.
740 2652 778 2678 lta
792 2652 852 2679 cod.

61 2679 155 2720 Holm_.
177 2681 256 2720 cujus
268 2679 396 2720 ad__oiani
419 2679 551 2720 attentum
573 2679 632 2711 erai
652 2686 740 2713 aliena
760 2694 853 2720 manu,

59 2716 165 2756 γραφῇ.
185 2714 258 2756 Lege
273 2717 368 2749 εΤίνος
385 2719 414 2756 έν
424 2719 456 2753 τῇ
472 2720 656 2756 καινῇ-γραφῇ
674 2722 742 2748 ἐστι.
756 2714 857 2756 δυρριά

61 2751 190 2791 σημεῖον,
203 2755 235 2791 pt
251 2759 332 2791 supra
349 2763 355 2780 :
373 2753 404 2791 το
419 2751 530 2791 σημεῖον
539 2751 656 2787 “Iuni,”
664 2756 712 2791 τῆς
727 2756 774 2783 τοῦ
797 2751 855 2784 ἲὶο-

59 2783 145 2822 τῆρος
156 2785 236 2821 ἡμῶν
252 2783 485 2821 ἦν’ὰναστάσεῶς.
501 2788 577 2817 Hanc
590 2783 730 2818 lectionem
746 2796 856 2820 secutus

59 2826 103 2848 est
121 2820 276 2859 Erasmus:
299 2831 308 2848 ‹
330 2824 410 2859 cujus
429 2823 536 2859 signum
552 2825 587 2855 sit
616 2826 643 2854 in
665 2825 740 2854 Novo
765 2826 856 2855 'l‘csla-

59 2845 276 2884 iiénibf'i'ii'.”
302 2845 308 2848 “
332 2845 410 2859 ””³““
429 2845 469 2859 ”’⁰

944 2548 1000 2584 (97)
1016 2548 1107 2577 Codex
1119 2550 1232 2586 Regius,
1250 2551 1331 2586 νόμου
1345 2551 1391 2577 καὶ
1405 2550 1455 2586 τῆς
1471 2551 1619 2587 ἁμαρτίας.

943 2605 998 2643 (98)
1015 2607 1120 2643 Σαφῶς
1135 2607 1170 2633 ἐν
1184 2607 1222 2642 τῇ
1239 2607 1313 2641 πρὸς
1323 2606 1494 2642 Ῥωμαίους,
1509 2612 1561 2635 etc.
1573 2607 1702 2643 Origenes

909 2641 935 2668 in
953 2642 1025 2669 hunc
1039 2642 1115 2669 Pauli
1132 2643 1233 2674 locum,
1252 2644 1340 2677 capite
1350 2641 1446 2677 nempe
1459 2651 1505 2675 vn,
1523 2643 1570 2670 lib.
1585 2641 1634 2675 vt,
1651 2643 1702 2670 do—

908 2676 1024 2704 ctrinam
1046 2678 1116 2705 hanc
1136 2678 1196 2705 fuse
1207 2676 1382 2712 persequitur
1397 2676 1424 2705 ei.
1438 2679 1546 2706 asserit.
1567 2678 1699 2706 Hermus.

946 2735 1002 2770 (99)
1021 2735 1047 2761 '0
1066 2733 1123 2763 οὖν
1138 2735 1355 2770 ἀναμάρτητος.
1378 2735 1541 2764 Damnosam
1568 2735 1612 2763 hic
1631 2736 1702 2763 ἀπα-

911 2771 985 2802 θείας
997 2775 1024 2797 et
1034 2770 1243 2806 ἀναμαρτησίας
1254 2770 1407 2797 doctrinam
1422 2771 1550 2833 progenit
1570 2771 1702 2806 Origenes

911 2811 937 2833 et
947 2806 1008 2833 aliis
1025 2813 1135 2833 ouonue
1160 2806 1226 2833 locis
1240 2805 1286 2833 nui
1304 2806 1332 2831 in
1346 2806 1448 2833 nostris
1491 2807 1631 2833 riaeniauis
1650 2813 1700 2833 no-

910 2811 937 2833 et
947 2806 1008 2833 aliis
1025 2813 1135 2840 quoque
1160 2806 1226 2833 locis
1240 2806 1286 2841 (lui
1304 2806 1332 2831 in
1346 2806 1448 2833 nostris
1465 2806 1631 2841 Origeniauis
1650 2813 1700 2833 no-

912 2842 960 2869 tati
980 2846 1054 2874 sunt,
1071 2841 1118 2868 lib.
1138 2849 1166 2872 ιι,
1187 2848 1246 2875 cap.
1261 2840 1288 2871 2,
1305 2845 1401 2868 υυωεῑ.
1416 2840 1439 2872 7,
1461 2840 1537 2869 num.
1563 2841 1605 2868 l8.
1621 2842 1659 2870 In.
