1870 3049
165 116 214 143 987

161 173 277 206 scendit,
303 178 332 201 ut
353 181 384 200 ea
409 181 470 208 quae
485 173 685 201 Pliarismorum
699 177 726 200 et
744 173 956 201 Sadducaeorum

161 225 224 248 sunt
243 228 297 247 non
330 220 392 255 quis
414 220 566 251 nadmittat,
594 219 641 246 sed
665 221 834 248 comedendo
864 221 955 247 vivum

161 270 189 292 et
204 274 297 293 verum
316 273 412 300 panem
432 266 524 292 animo
543 267 729 294 conﬁrmetur.
753 267 780 294 Id
802 275 867 294 vero
881 267 956 302 quod

161 312 264 338 dictum
277 317 328 343 est,
343 316 495 346 opportune
517 312 551 339 iis
567 313 745 346 applicemus.
761 313 807 348 qui
819 313 955 340 Christia-

164 366 260 384 norum
276 365 349 384 more
363 358 494 388 viventes,
509 358 685 392 corporaliter
701 364 830 393 praetcrea
847 358 956 386 Iudaeo-

161 410 221 429 rum
245 411 321 430 more
343 403 431 430 vivere
449 404 542 430 volunt
559 413 566 430 :
586 404 612 431 hi
636 404 709 431 enim
739 412 792 431 non
816 405 955 432 intuentur

161 455 250 482 neque
274 453 369 475 cavent
391 457 406 475 a
432 448 564 476 fermento
583 449 781 477 Pharisaeorum
805 455 832 477 et
850 450 955 478 Saddu-

161 501 300 527 (ut-orum;
334 495 381 521 scd
410 499 508 528 praeter
529 495 695 522 voluntatem
726 495 790 523 Jcsu
819 496 864 530 qui
888 496 952 523 illud

161 540 310 574 prohibuit,
336 539 534 567 Pharisaeorum
550 547 646 575 panem
662 541 819 568 comedunt.
845 541 877 568 Et
896 542 956 577 qui-

159 593 283 620 cunque,
306 585 419 620 opinor,
445 587 566 613 animum
595 586 724 613 inducere
749 587 844 614 nolunt
867 587 952 621 legem

158 639 219 658 esse
240 632 426 666 spiritualem,
444 636 472 659 et
496 632 651 659 futurorum
675 633 809 660 bonorum
828 633 952 660 umbram

158 677 307 709 continere,
328 682 354 704 et
368 677 493 704 umbram
506 685 568 704 esse
581 677 735 705 futurorum
754 678 787 711 ι’,
810 686 859 705 nec
877 686 953 713 quae-

159 725 224 748 runt
245 723 391 756 cujusnam
417 722 502 749 futuri
527 723 590 750 boni
618 723 713 750 umbra
733 724 768 750 sit
785 731 953 758 unaquzeque

158 769 198 796 lex
208 790 215 802 ,
232 777 286 796 non
306 769 463 801 intuentur,
488 777 577 804 neque
590 776 686 797 cavent
701 779 716 797 a
733 770 866 798 fermento
881 770 953 797 l’ha-

157 815 317 848 ris-morum;
334 816 380 850 qui
391 820 482 842 autem
497 821 524 842 et
537 821 707 844 mortuorum
723 817 951 844 resurrectionem

157 861 313 896 improbant
326 883 334 892 .
357 870 411 888 non
426 868 522 889 cavent
539 870 553 889 a
571 862 703 889 fermento
720 862 951 896 Sadducmorum;

157 912 184 934 ct
200 907 276 934 multi
297 908 406 942 quidem
431 909 500 935 inter
517 916 564 936 eos
586 909 632 943 qui
653 909 769 936 diversis
786 909 820 936 ab
832 908 951 936 Ecclesia

158 954 336 988 opinionibus
366 954 524 987 adhaerent,
556 960 666 989 propter
686 962 765 982 suam
782 955 855 982 circa
879 962 953 981 mor-

158 1004 271 1026 tuorum
287 1001 516 1027 resurrectionem
539 1001 768 1034 incredulitatem,
788 1001 805 1027 ii
827 1005 891 1028 sunt
905 1000 951 1035 qui

157 1045 293 1073 fermento
324 1045 536 1073 Saddueaeorum
568 1052 633 1074 sunt
667 1047 775 1074 imbuti.
802 1047 870 1074 Dum
894 1047 952 1074 hmo

156 1092 260 1120 diceret
279 1091 374 1124 Jesns,
402 1093 556 1127 cogitabant
575 1093 718 1128 discipuli,
735 1101 787 1120 non
802 1093 874 1120 clara
890 1093 952 1127 qui-

156 1140 217 1165 dem
240 1146 324 1171 voce,
350 1138 396 1166 sed
419 1140 445 1165 in
470 1140 552 1166 corde
573 1147 623 1166 suo
650 1140 805 1168 dicentes"
825 1149 831 1168 :
854 1150 863 1166 ‹
882 1140 951 1173 Quia

156 1191 241 1218 panes
265 1192 319 1211 non
338 1185 503 1219 accopimus.
529 1195 538 1211 ι
554 1186 592 1213 Ac
610 1186 672 1213 talia
695 1185 779 1214 ferme
796 1191 875 1213 erant
891 1194 952 1221 qum

156 1230 299 1262 dicebant;
316 1230 339 1257 si
354 1230 464 1264 quidem
483 1231 645 1259 haberemus
659 1239 751 1267 panes,
768 1233 801 1259 de
819 1232 952 1259 fermento

156 1274 357 1303 Pharisaeorum
369 1281 395 1303 et
411 1275 624 1304 Sadducworum
640 1286 696 1304 non
713 1285 889 1311 caperemus;
905 1277 950 1304 sed

156 1320 284 1352 quoniam
309 1328 364 1355 prae
384 1329 484 1355 panum
509 1322 599 1356 inopia
629 1321 779 1357 periculum
801 1325 842 1349 est
862 1329 896 1348 ne
918 1321 952 1348 de

157 1365 290 1393 fermento
314 1366 424 1394 illorum
448 1368 601 1402 capiamus,
630 1376 684 1394 non
707 1368 765 1395 vult
780 1372 869 1395 autem
888 1367 951 1394 Ser-

157 1415 235 1437 vator
256 1419 306 1438 nos
329 1411 362 1438 ad
386 1411 495 1438 illorum
512 1412 664 1440 doctrinam
683 1413 781 1440 iterum
799 1420 949 1445 recurrere,

157 1461 298 1490 propterea
317 1457 381 1484 illud
400 1458 479 1486 nobis
503 1458 572 1485 dixit
587 1459 607 1474 ⁹¹
631 1467 637 1485 :
659 1468 668 1484 ι
691 1459 849 1491 Intuemini,
869 1464 895 1486 et
910 1466 952 1486 ca-

157 1508 216 1529 vete
240 1509 255 1529 a
275 1503 410 1531 fermento
425 1503 625 1531 Pharisaeorum
648 1509 674 1531 et
694 1504 917 1532 Sadduczxorum.
938 1514 948 1530 ι

157 1547 191 1574 Et
209 1548 267 1575 haec
289 1549 399 1583 quidem
421 1550 457 1576 illi
479 1550 636 1584 cogitabant
662 1560 668 1577 :
695 1549 775 1578 Jesus
801 1555 890 1577 autem
918 1559 949 1579 ea

156 1601 218 1627 qua:
242 1594 268 1620 in
292 1594 400 1621 illorum
420 1599 499 1622 erant
520 1595 650 1623 cordibus
670 1596 828 1631 respiciens,
848 1601 874 1623 et
892 1604 951 1624 ser-

908 113 1069 142 ORIGENIS

1748 114 1801 141 988

972 177 995 205 Α
1008 174 1057 209 τὴν
1065 173 1163 209 ψυχήν.
1173 174 1228 201 Καὶ
1242 174 1272 200 τὸ
1287 175 1367 210 ῥητὸν
1377 174 1405 201 δὲ
1413 174 1547 210 εὐκαίρως
1555 174 1589 201 ἂν
1598 174 1802 209 προσ-φέρωμεν

994 221 1064 251 urat:
1080 219 1213 255 μετὰ-τοῦ
1231 221 1431 256 Χριστιανίζειν
1445 221 1618 256 αἱρουμένοις
1634 220 1667 246 τὺ
1685 228 1803 254 σωματιι

1007 268 1064 299 κῶς
1085 268 1239 300 Ἰουδαΐζειν
1250 277 1256 283 ·
1272 265 1347 295 οὗτοι
1362 269 1416 304 γὰρ
1427 270 1475 304 οὐχ
1487 269 1598 304 ὁρῶσιν,
1616 268 1680 294 οὐδὲ
1707 266 1802 302 προσέ-

1006 321 1099 347 χουσιν
1120 313 1173 339 ἀπὺ
1195 314 1245 349 τῆς
1263 313 1351 349 ζύμης
1373 314 1426 340 τῶν
1445 314 1600 349 Φαρισαίων
1621 314 1670 339 καὶ
1691 313 1803 339 216%.»-

1006 355 1101 387 καίων,
1122 356 1190 383 ἀλλὰ
1203 357 1278 392 παρὰ
1297 357 1327 384 τὸ
1348 357 1471 392 βούλημα
1494 358 1541 384 τοῦ
1561 358 1803 392 ἀπαγορεύσαντος

1005 401 1089 436 αὐτὴν
1106 402 1193 437 Ἰησοῦ
1205 402 1250 428 τὸν
1264 403 1416 437 Φαρισαίων
1429 403 1510 438 ἄρτον
1523 403 1656 429 ἐσθίουσι.
1667 404 1726 429 Καὶ
1739 402 1803 428 πάν-

1004 456 1050 479 τες
1066 448 1099 480 δ’,
1119 447 1205 483 οἶμαι,
1219 449 1275 475 ὅσοι
1290 449 1320 475 οὐ
1336 449 1476 484 βούλονται
1492 450 1618 484 φρονεῖν,
1636 449 1679 475 ὅτι
1695 450 1710 475 ὁ
1725 449 1803 483 νόμος

1005 494 1189 528 πνευματικός
1212 495 1295 525 ἐστιν,
1319 494 1366 520 καὶ
1390 494 1468 520 σκιὰν
1484 493 1539 528 ἕχει
1562 493 1618 520 τῶν
1649 493 1802 528 μελλόντων

1004 538 1124 572 ἀγαθῶν,
1143 539 1189 565 καὶ
1207 539 1270 565 σκιά
1286 540 1343 565 ἐστι
1358 539 1411 566 τῶν
1427 539 1588 574 μελλόντων,
1605 539 1669 565 οὐδὲ
1694 539 1803 574 ζητοῦσι

1004 584 1076 616 τίνος
1092 584 1233 620 μέλλοντος
1246 584 1348 619 ἀγαθοῦ
1357 587 1414 611 ἐστι
1426 585 1489 612 σκιὰ
1502 585 1618 616 ἕκαστος
1631 585 1688 610 τῶν
1702 584 1802 619 νόμων,

1003 630 1052 664 οὐχ
1067 630 1183 665 ὁρῶσιν,
1205 630 1265 657 οὐδὲ
1285 631 1466 666 προσέχουσιν
1492 630 1546 657 ἀπὸ
1562 631 1613 665 τῆς
1638 630 1732 666 ζύμης
1751 630 1803 657 τῶν

1003 675 1170 711 Φαρισαίων·
1182 676 1207 701 οἱ
1224 675 1253 702 δὲ
1269 677 1315 703 καὶ
1327 677 1374 712 τὴν
1383 677 1436 702 τῶν
1447 676 1552 712 νεκρῶν
1566 676 1732 707 ἀθετοῦντες
1742 677 1803 703 ἀνά-

1004 729 1100 748 στασιν
1117 722 1147 747 οὐ
1166 721 1345 756 φυλάττονται
1361 721 1415 748 ἀπὺ
1430 722 1477 757 τῆς
1498 722 1589 757 ζύμης
1606 722 1662 748 τῶν
1687 722 1802 748 Σαδδου-

1004 767 1091 794 καίων
1122 767 1170 793 καὶ
1185 767 1276 793 πολλοί
1291 775 1323 801 γε
1336 769 1364 794 ὲν
1375 769 1430 799 τοῖς
1444 767 1607 802 έτεροδόξοις
1618 768 1665 794 διὰ
1675 768 1727 801 τὴν
1743 769 1803 803 περὶ

1003 814 1177 846 ἀναστάσεως
1190 814 1295 849 νεκρῶν
1307 813 1435 841 ἀπιστίαν
1447 815 1514 841 εἰσὶν
1526 815 1550 840 oi
1566 814 1756 850 ὲμφυρόμενοι
1771 815 1802 849 τῇ

1788 869 1792 876 1

971 859 990 885 Β
1004 860 1058 887 τῶν
1083 860 1268 886 Σαδδουκαίων
1305 860 1389 896 ζύμῃ.
1421 859 1514 886 Ταῦτα
1535 860 1567 895 δὴ
1599 860 1732 894 λέγοντος
1758 859 1803 886 τοῦ

1009 908 1096 944 Ἰησοῦ
1109 909 1286 944 διελογίζοντο
1301 910 1331 936 οὐ
1347 909 1466 943 γεγωνὸς
1482 909 1607 944 λέγοντες
1619 909 1657 944 (5)
1678 910 1703 935 οἰ
1719 909 1804 944 μαθη-

1003 956 1059 986 ταὶ,
1076 955 1133 982 ἀλλ’
1149 957 1177 983 ὲν
1192 958 1251 988 ταῖς
1268 956 1391 991 καρδίαις
1404 956 1508 983 ἑαυτῶν
1518 965 1525 971 ·
1541 965 1551 982 ι
1566 956 1626 983 ’Ότι
1643 956 1746 991 ἄρτους
1756 956 1803 981 οὑκ

1003 1001 1144 1037 ἐλάϐομεν.
1167 1012 1176 1028 ›
1192 1002 1247 1029 Καὶ
1267 1003 1348 1029 οἱονεὶ
1364 1002 1475 1029 τοιαῦτα
1491 1000 1525 1038 ἦν
1543 1002 1561 1028 ἃ
1574 1001 1685 1035 ἔλεγον·
1704 1002 1738 1028 Εἰ
1757 1001 1805 1035 μὲν

1003 1048 1112 1082 εἴχομεν
1129 1047 1238 1083 ἄρτους,
1250 1048 1299 1074 οὐκ
1314 1047 1346 1075 ἂν
1359 1048 1413 1074 ἀπὸ
1424 1048 1473 1083 τῆς
1484 1047 1573 1083 ζύμης
1583 1047 1639 1073 τῶν
1646 1048 1804 1083 Φαρισαίων

1003 1094 1049 1120 καὶ
1076 1093 1262 1132 Σαδδορκαίων
1275 1094 1447 1130 εἰλήφειμενο
1468 1093 1529 1119 ἐπεὶ
1545 1093 1573 1120 δὲ
1590 1093 1696 1128 ἀπορία
1714 1094 1805 1128 ἄρτων

1002 1138 1193 1172 κινδυνεύομεν
1208 1139 1261 1165 ἀπὸ
1274 1139 1324 1174 τῆς
1339 1139 1450 1165 ἐκείνων
1464 1137 1553 1174 ζύμης
1569 1137 1675 1169 λαϐεῖν,
1695 1139 1727 1164 οὐ
1743 1138 1805 1173 βού-

1002 1183 1077 1210 λεται
1093 1184 1114 1209 δ’
1128 1184 1200 1219 ἡμᾶς
1211 1185 1225 1210 ὀ
1239 1184 1334 1220 Σωτὴρ
1350 1183 1539 1218 παλινδρομεῖν
1561 1183 1608 1209 ἐπὶ
1635 1185 1668 1218 τῇ
1693 1184 1805 1210 ἐκείνων

1002 1229 1169 1264 διδασκαλίᾳ,
1192 1229 1236 1256 διὰ
1259 1230 1338 1256 τοῦτο
1358 1231 1424 1264 ἡμῖν
1447 1227 1508 1255 εἷπε
1521 1229 1568 1255 τό·
1596 1238 1605 1254 ι
1627 1229 1739 1264 Ὁρᾶτε,
1760 1230 1805 1256 καὶ

1003 1275 1149 1310 προσέχετε
1164 1276 1217 1302 ἀπὸ
1230 1275 1279 1310 τῆς
1293 1275 1382 1310 ζύμης
1396 1275 1449 1302 τῶν
1462 1274 1617 1310 Φαρισαίων
1632 1275 1679 1301 καὶ
1692 1275 1805 1301 Σαδδου-

1002 1321 1098 1347 καίων.
1126 1330 1134 1346 ι
1155 1322 1209 1347 Καὶ
1229 1321 1316 1347 ταῦτα
1331 1321 1380 1356 μὲν
1405 1321 1503 1347 ἐκεῖνοι
1522 1320 1721 1353 διελογίζοντοη
1743 1322 1758 1347 ὀ
1776 1320 1804 1347 δὲ

1003 1366 1108 1401 βλέπων
1127 1366 1229 1402 Ἰησοῦς
1240 1367 1274 1393 τὰ
1285 1368 1313 1393 ὲν
1321 1367 1379 1398 ταῖς
1388 1365 1512 1402 καρδίαις
1520 1365 1621 1396 αὐτῶν,
1635 1365 1684 1391 καὶ
1697 1365 1804 1392 ἁκούων

1001 1412 1056 1439 τῶν
1070 1414 1098 1440 ἐν
1113 1413 1208 1444 αὐταῖς
1223 1412 1319 1446 λόγων,
1329 1412 1366 1444 ὡς
1378 1412 1431 1439 τῶν
1440 1411 1558 1448 καρδιῶν
1569 1412 1723 1444 ἐπίσκοπος
1736 1411 1803 1447 ἀλη-

1003 1459 1062 1495 θὴς,
1081 1459 1245 1494 ἐπιπλήσσει
1261 1459 1360 1489 αὺτοῖς,
1375 1458 1413 1490 ὡς
1426 1457 1457 1484 οὑ
1472 1457 1592 1488 νοοῦσιν,
1611 1457 1673 1484 οὐδὲ
1697 1466 1802 1492 μεμνηο

1005 1505 1095 1540 μένοις
1108 1505 1207 1540 ἄρτων,
1222 1501 1259 1530 ὧν
1271 1504 1336 1539 παρ’
1351 1503 1431 1530 αὑτοῦ
1445 1503 1584 1539 εἰλήφασι,
1600 1503 1634 1529 δι’
1651 1502 1701 1534 οὓς
1717 1503 1766 1529 καὶ
1775 1504 1803 1528 ὲν

1002 1551 1104 1586 ἀπορίᾳ.
1121 1550 1263 1581 δοκοῦντες
1279 1547 1349 1576 εἶναι
1364 1549 1464 1584 ἄρτων,
1480 1549 1529 1575 οὐκ
1545 1548 1663 1584 ἔχρῃζον
1685 1549 1734 1584 τῆς
1752 1549 1803 1575 τῶν

1003 1596 1158 1632 Φαρισαίων
1171 1595 1217 1622 καὶ
1228 1595 1413 1621 Σαδδουκαίων
1429 1594 1528 1630 ζύμης.

157 1649 252 1670 mones
268 1643 314 1676 qui
331 1643 357 1670 in
377 1643 431 1671 illis
453 1643 622 1671 habebantur
637 1645 768 1675 audiens.
785 1648 879 1679 utpote
898 1644 1023 1671 cordium
1042 1651 1123 1670 verus
1146 1643 1292 1676 inspector.
1322 1641 1461 1668 insimulat
1491 1641 1562 1674 illos,
1588 1646 1724 1676 tanquam
1750 1650 1802 1670 non

157 1690 338 1722 advertentes,
358 1697 446 1724 neque
461 1698 596 1717 memores
616 1698 716 1725 panum
743 1697 813 1725 quos
835 1690 869 1717 ab
890 1690 949 1724 ipso

977 1693 1154 1724 acceperant;
1173 1693 1284 1723 propter
1312 1695 1393 1722 quos,
1421 1687 1527 1715 etiamsi
1545 1687 1664 1722 panibus
1681 1689 1803 1725 indigere

158 1736 330 1767 viderentur,
352 1734 485 1762 fermento
505 1740 594 1762 tamen
616 1735 817 1763 Pharisaeorum
841 1739 869 1762 et
883 1735 1095 1762 Sadducaeorum
1110 1741 1161 1760 non
1179 1733 1303 1768 egebant.

192 1783 220 1809 6.
241 1782 342 1809 Deinde
365 1790 505 1816 exponens
533 1787 560 1810 et
587 1785 708 1818 apertius
731 1783 889 1818 signiﬁcans
915 1783 950 1811 iis

155 1835 227 1862 quos
242 1828 316 1854 varia
343 1828 421 1862 panis
441 1832 469 1856 et
494 1828 621 1856 fermenti
643 1829 805 1864 significatio
831 1829 950 1856 incertos

156 1873 284 1906 faciebat,
311 1882 365 1901 non
382 1874 416 1901 de
439 1875 532 1902 sensili
550 1882 619 1909 pane
638 1882 666 1902 se
683 1875 736 1902 illis
754 1876 886 1907 locutum,
904 1874 951 1902 sed

155 1919 190 1946 de
211 1919 342 1946 fermento
365 1919 391 1946 in
414 1920 536 1947 doctrina
561 1924 709 1951 contento,
739 1920 876 1947 subnectit
893 1921 916 1936 "
942 1928 950 1948 :

159 1975 169 1989 ι
195 1964 285 1998 Quare
309 1973 362 1992 non
390 1965 541 2001 intelligitis
573 1966 636 2000 quia
663 1973 717 1992 non
742 1966 776 1992 de
801 1973 869 1999 pane
895 1965 950 1992 dixi

155 2012 245 2044 vobis,
268 2012 314 2039 sed
330 2017 423 2039 cavete
440 2019 454 2038 ο
474 2012 608 2039 fermento
627 2011 826 2038 Plini-iecorum
841 2015 867 2038 et
883 2011 951 2038 Sad—

156 2058 340 2085 ducmorum?
367 2067 377 2083 ι
407 2057 519 2085 Etiamsi
551 2058 802 2092 interpretationem
833 2057 950 2085 dilucide

155 2112 212 2131 non
225 2104 406 2136 declarasset,
423 2104 470 2130 sed
484 2104 634 2130 etiamnum
661 2104 687 2130 in
711 2104 880 2139 tropologico
892 2111 952 2132 ser-

159 2156 239 2175 mone
255 2148 422 2183 pcrsisteret.
446 2149 638 2176 intellexerunt
654 2149 778 2184 discipuli
796 2157 951 2177 sermonem

156 2194 241 2228 519
271 2194 370 2221 habere
397 2193 567 2222 Servatorem
593 2195 627 2222 de
653 2195 798 2228 doctrina,
829 2195 949 2230 tropice,

156 2240 333 2272 fermentum,
355 2241 438 2274 dicta,
458 2249 518 2276 qum
540 2250 554 2269 a
578 2241 724 2269 Phariswis
746 2247 773 2269 ct
795 2241 951 2270 Sadduczeis

156 2286 326 2314 tradebatur.
346 2286 472 2320 Quaudiu
489 2288 572 2322 igitur
589 2287 732 2315 nobiscum
755 2288 887 2315 habemus
904 2286 951 2315 Je—

155 2340 219 2358 sum
232 2333 398 2367 promissum
414 2332 555 2360 facientem
572 2333 645 2367 quod
665 2333 717 2360 tale
731 2338 773 2361 est
791 2333 815 2350 “
830 2342 836 2360 ε
855 2342 864 2359 ι
879 2332 950 2360 Ecce

154 2385 207 2412 ego
232 2378 372 2405 vobiscum
388 2386 447 2406 sum
463 2379 590 2407 omnibus
603 2379 712 2412 diebus,
730 2387 817 2414 usque
831 2380 864 2406 ad
881 2387 949 2406 con—

155 2423 368 2451 summationem
385 2425 488 2457 saeculi,
500 2434 509 2451 ι
522 2425 647 2460 jejunarc
661 2434 714 2453 non
727 2433 885 2460 possumus,
899 2433 950 2452 nec

155 2467 294 2496 alimentis
316 2469 448 2504 indigere,
465 2471 501 2498 ita
519 2474 548 2498 ut
560 2476 670 2506 propter
689 2471 797 2498 illorum
818 2471 948 2505 inopiam,

191 2552 213 2567 ⁸³
232 2551 313 2580 llebr.
331 2560 357 2585 ι,
376 2553 513 2586 l;Colos.
531 2561 561 2586 ιι,
580 2554 625 2580 17.
663 2555 685 2570 ⁹⁰
702 2553 798 2580 Matth.
815 2561 858 2580 xvi
870 2573 877 2584 ,
894 2553 920 2580 7.

1026 2553 1075 2585 id.,
1091 2552 1118 2581 ϐ,
1155 2553 1178 2569 ¹¹
1193 2552 1271 2586 ibid.,
1289 2552 1331 2579 Η.

193 2643 292 2680 (5)-οὺ
305 2645 433 2679 γεγωνὸς
445 2644 598 2679 λέγοντες.
617 2645 749 2673 Erasmus
763 2654 768 2671 ε
787 2655 795 2671 ι
814 2645 872 2672 Non
885 2647 948 2680 qni—

156 2678 219 2715 dem
236 2677 350 2715 fatentes
362 2677 432 2713 quod
450 2677 597 2711 acciderat,
613 2690 621 2705 ι
642 2681 742 2715 legerat
759 2690 765 2707 :
783 2681 813 2707 οὺ
835 2677 947 2714 γεγονὸς

158 2711 293 2750 λέγοντες,
320 2711 387 2750 δοιιί
398 2719 503 2742 veteres
515 2715 575 2742 libri
588 2711 770 2748 reclamitant,
785 2711 866 2750 atque
875 2711 947 2743 adeo

159 2747 218 2785 ipse
231 2754 349 2785 sensus;
366 2749 396 2774 τδ
412 2750 542 2783 γεγωνός,
555 2751 596 2776 vel
617 2751 690 2784 quod
711 2751 782 2778 idem
799 2747 850 2781 est.
864 2759 948 2785 γεγω-

159 2780 216 2810 νόν.
233 2782 304 2814 apud
323 2780 497 2823 I‘Ii‘sychidlli,
512 2780 740 2823 egregdgomqy.
762 2780 882 2823 Opponit
896 2780 945 2823 ita-

158 2822 225 2848 que,
242 2817 360 2848 γεγωνὸς
380 2817 479 2852 λέγειν,
497 2819 534 2854 τῷ
558 2822 585 2846 ὲν
602 2822 634 2855 τῇ
650 2821 747 2855 καρδίᾳ
762 2817 849 2855 λέγειν
863 2829 870 2847 :
897 2822 948 2848 hoc

1038 1779 1105 1808 Εἶτα
1116 1802 1123 1814 ,
1148 1780 1320 1816 σαφηνίζων,
1346 1780 1393 1806 καὶ
1408 1780 1572 1816 γυμνότερον
1593 1782 1734 1817 παριστὰς
1751 1784 1803 1816 τοῖς

1004 1825 1226 1862 περιελκομένοις
1243 1824 1287 1851 διὰ
1299 1825 1349 1860 τὴν
1366 1825 1524 1860 ὁμωνυμίαν
1539 1824 1622 1859 ἄρτου
1639 1826 1689 1852 καὶ
1703 1825 1802 1862 ζύμης,

1003 1876 1044 1902 ὅτι
1061 1874 1097 1910 μὴ
1114 1873 1178 1908 περὶ
1194 1871 1323 1907 αἰσθητοῦ
1338 1871 1430 1906 ἔλεγεν
1442 1872 1532 1903 αὐτοῖς
1544 1870 1642 1906 ἄρτου,
1658 1871 1729 1898 ἀλλὰ
1740 1872 1802 1908 περὶ

1003 1921 1054 1956 τῆς
1070 1921 1098 1946 ὲν
1112 1920 1144 1954 τῇ
1161 1918 1320 1953 διδασκαλίᾳ
1339 1917 1439 1952 ζύμης,
1456 1917 1580 1952 ἐπιφέρει
1592 1917 1639 1943 τό·
1663 1927 1672 1943 ε
1692 1918 1756 1950 Πῶς
1772 1919 1802 1945 οὑ

1004 1968 1099 1997 νοεῖτε,
1113 1966 1153 1991 ὅτι
1173 1965 1202 1991 οὐ
1227 1964 1290 2000 περὶ
1310 1964 1392 1999 ἄρτου
1418 1962 1493 1990 εἷπον
1510 1964 1584 1998 ὑμῖν,
1610 1964 1762 1999 προσέχετε
1775 1965 1801 1991 δὲ

1004 2012 1057 2038 ἀπὸ
1077 2011 1126 2046 τῆς
1146 2010 1235 2046 ζύμης
1254 2009 1308 2036 τῶν
1326 2009 1480 2045 Φαρισαίων
1503 2009 1551 2036 καὶ
1567 2009 1775 2041 Σαδδουκαίων;
1790 2020 1800 2036 ι

1004 2058 1100 2085 Καίτοι
1122 2057 1190 2093 μηδὲ
1209 2056 1402 2092 γυμνώσαντος
1418 2055 1500 2082 αὑτοῦ
1518 2055 1555 2091 (6)
1569 2055 1620 2090 τὴν
1639 2056 1800 2092 ἐρμηνείαι,

1000 2104 1058 2130 ἀλλ’
1071 2103 1111 2130 ἔτι
1126 2102 1301 2138 ἐπιμένοντος
1315 2103 1347 2137 τῇ
1363 2101 1528 2136 τροπολογίᾳ
1538 2120 1545 2132 ,
1562 2101 1688 2135 συνῆκαν
1709 2104 1734 2129 οἰ
1750 2111 1800 2137 μι-

1000 2150 1091 2184 θηταὶ,
1108 2150 1148 2176 ὅτι
1162 2149 1176 2175 ό
1199 2148 1277 2182 λόγος
1293 2147 1331 2182 τῷ
1351 2147 1458 2183 Σωτῆρι
1473 2144 1506 2182 ἦν
1518 2147 1583 2182 περὶ
1601 2147 1800 2181 διδασκαλίας,

999 2195 1137 2230 τροπικῶς
1153 2193 1241 2229 ζύμης
1254 2193 1403 2229 εἰρημένης
1416 2212 1423 2224 ,
1442 2193 1475 2228 ἢν
1496 2192 1637 2219 ἐδίδασκον
1653 2194 1800 2230 Φαρισαῖοι

1000 2241 1048 2267 καὶ
1063 2240 1244 2267 Σαδδουκαῖοι.
1261 2239 1340 2266 Ὅσον
1357 2239 1406 2274 μὲν
1425 2237 1471 2265 οὖν
1486 2238 1582 2274 ἔχομεν
1599 2239 1638 2272 (7)
1663 2241 1714 2267 σὺν
1738 2242 1801 2276 ἡμῖν

968 2287 1046 2320 υτον
1072 2286 1174 2321 Ἰησοῦν
1201 2285 1330 2312 ποιοῦντα
1352 2285 1401 2320 τὴν
1425 2285 1583 2319 φάσκουσαν
1612 2286 1799 2320 ἐπαγγελίαν·

1005 2342 1014 2359 ι
1044 2333 1109 2359 Ἰδοὺ
1125 2331 1180 2365 ἐγὼ
1198 2331 1256 2366 μεθ’
1273 2331 1348 2366 ὑμῶν
1362 2331 1420 2366 εἰμι
1435 2331 1526 2362 πάσας
1535 2331 1584 2362 τὰς
1597 2331 1711 2367 ἡμέρας
1721 2352 1728 2363 ,
1750 2333 1802 2364 ἕως

1002 2379 1052 2413 τῆς
1067 2377 1220 2409 συντελείας
1233 2377 1277 2404 τοῦ
1296 2376 1402 2408 αἰῶνος,
1424 2387 1433 2402 ›
1452 2377 1481 2403 οὺ
1493 2376 1632 2411 δυνάμεθα
1646 2377 1799 2412 νηστεύειν,

1001 2425 1062 2451 οὐδὲ
1077 2425 1189 2460 ἀπορεῖν
1206 2424 1317 2460 τροφῆς,
1333 2423 1370 2454 ὡς
1384 2423 1429 2450 διὰ
1444 2423 1491 2458 τὴν
1504 2423 1622 2459 ἀπορίαν
1643 2424 1733 2460 αὐτῆς
1755 2424 1801 2460 ζη-

1002 2472 1057 2498 τεῖν
1073 2470 1125 2498 κᾶν
1137 2470 1214 2506 παρὰ
1227 2469 1381 2505 Φαρισαίων
1392 2469 1440 2496 καὶ
1451 2468 1638 2496 Σαδδουκαίων
1655 2469 1710 2505 τῆς
1728 2471 1799 2505 ἀπηο

1369 2551 1394 2568 ’³
1410 2551 1503 2580 Matth.
1517 2559 1614 2584 xxvm,
1635 2553 1684 2579 ‘10.

1002 2649 1044 2673 est
1058 2644 1223 2680 προφορικδν
1234 2643 1321 2680 λᾷγον,
1336 2642 1409 2680 λόγῳ
1421 2641 1575 2680 ὲνδιαθέτῳ.
1588 2641 1726 2680 liberius:

1034 2652 1044 2671 ῑ
1058 2652 1223 2680 προφορικον
1235 2652 1321 2705 Λοέον,
1338 2652 1409 2678 Αογῳ
1421 2652 1575 2676 ενοιαυετῳ.
1589 2652 1726 2670 HUETIUS.

1033 2679 1071 2715 (6)
1089 2680 1190 2706 Καίτοι
1201 2679 1262 2713 μηδ
1288 2677 1503 2715 γιιμνῴσαῖτος
1517 2677 1622 2715 αὑτοῦ,
1636 2683 1691 2715 etc.
1708 2677 1795 2712 Chry-

995 2712 1136 2742 sostmnus
1153 2723 1158 2740 :
1178 2712 1274 2740 καίτοι
1293 2712 1378 2740 αὑτοῦ
1401 2712 1481 2739 τοῦτο
1498 2712 1535 2748 μὴ
1560 2712 1793 2748 ἐρμηνεύσαντος,

998 2749 1035 2776 Ita
1055 2755 1081 2776 et
1095 2750 1172 2776 Brev.
1192 2749 1316 2776 Enarvat.
1336 2749 1373 2775 lo.

1034 2785 1072 2817 (7)
1092 2785 1182 2810 Ὅσον
1194 2784 1249 2818 μὲν
1260 2782 1316 2811 οὖν
1328 2785 1446 2816 ἔχομεν,
1460 2786 1512 2809 ctr.
1528 2782 1679 2818 AlilItlil_ﬂd
1697 2781 1792 2809 Matth.

998 2828 1036 2850 ιι,
1056 2819 1100 2852 15;
1116 2816 1199 2847 Μαι-(ιζ
1218 2827 1247 2850 ιι,
1263 2819 1305 2850 l9,
1321 2819 1370 2851 20;
1388 2818 1454 2846 Luc.
1473 2826 1499 2848 ν,
1512 2818 1558 2850 54,
1575 2817 1621 2844 55.
1637 2816 1678 2845 In.
