1870 3049
178 92 225 120 991

905 89 1064 118 ORlGENlS

1747 87 1793 114 993

178 152 262 179 tnottii
280 151 464 184 commiserit,
489 152 534 179 sed
561 156 664 178 tantum
686 157 714 178 ut
728 152 774 186 qui
801 152 864 178 talia
887 153 955 179 cordi

1046 150 1227 184 ιλασθήσεται,
1245 149 1391 183 καὶτοῦτο,
1405 151 1429 177 εἰ
1443 149 1507 185 παρ’
1521 148 1602 175 αὑτὸν
1620 148 1658 183 μὴ
1676 144 1737 182 ἦλθε
1757 146 1797 172 καὶ

178 197 282 228 fecerit.
302 197 427 231 punit-tur
442 201 524 231 atque
538 197 564 223 id
580 196 700 230 quidem,
715 197 737 223 si
753 203 800 230 per
815 195 903 230 ipsum
919 203 966 223 so-

178 243 233 269 lum
252 243 373 275 steterit,
396 243 542 278 quominus
566 242 599 269 ad
624 241 757 268 nefarium
785 241 890 269 facinus
906 249 968 277 per-

177 290 339 324 petrandum
364 290 518 316 accessetit.
543 287 610 315 Nam
642 288 664 315 si
690 293 869 323 praeterquam
894 289 966 324 quod

178 335 273 366 \oluit,
291 335 431 361 attentarit
445 334 565 369 quidem,
595 334 641 361 sed
667 342 762 368 parum
781 335 965 369 processerit;

178 380 270 406 itidem
289 381 424 416 punietur,
450 385 478 407 ut
494 380 539 414 qui
560 388 612 407 non
629 381 687 407 solo
703 381 794 413 corde,
818 380 864 408 sed
886 388 967 414 opere

178 426 237 460 ipso
255 427 416 460 peccaverit.
438 426 476 452 Ad
494 426 550 453 haze
563 426 661 460 aliquis
675 426 839 461 qumsiverit,
857 434 890 453 an
905 427 966 461 quis

176 472 259 499 Corde
286 472 344 499 solo
364 472 541 503 adulteratur,
568 471 631 499 licet
645 472 733 506 ipsum
754 472 878 499 adulterii
898 480 967 507 opus

176 524 229 543 non
243 517 392 549 admiserit,
411 518 455 545 sed
473 518 531 544 solo
547 518 630 545 corde
652 518 837 552 intemperans
851 518 897 545 sit.
921 517 966 545 Si-

175 564 239 591 mile
266 564 349 591 facies
370 564 404 591 de
430 564 542 598 reliquis
561 565 642 592 rebus
663 565 741 592 laude
756 564 856 599 dignis.
882 563 966 592 Habet

174 615 264 637 autent
291 610 392 645 aliquid
419 610 496 638 locus
526 611 595 643 iste,
623 618 678 645 quo
706 611 883 645 probabiliter
908 610 965 638 falli

174 655 328 689 possimus,
343 656 416 690 quod
436 663 483 686 ea.
506 656 623 690 opinor,
646 656 754 684 ratione
771 658 965 685 removendum

172 706 223 728 est.
240 701 410 731 Adulterium
425 704 450 730 iu
465 703 547 730 corde
560 704 722 737 admissum,
742 705 831 731 minus
844 711 884 732 est
901 713 962 739 pec-

171 751 274 779 eatum,
290 756 371 782 quam
390 749 412 776 si
427 749 488 783 quis
505 756 574 784 opus
598 749 686 784 ipsum
703 749 868 784 adjunxerit.
894 749 964 777 Fieri

171 796 262 819 autem
281 800 334 819 non
359 799 446 828 potest
468 794 624 828 pudicitiam
647 802 707 822 esse
728 795 755 821 in
778 796 879 828 corde,
903 804 964 830 qua:

170 837 306 864 actionem
325 839 449 873 pudicam
469 839 598 873 impediat
616 849 623 866 ε
643 839 694 866 nisi
710 840 772 874 quis
791 847 872 874 super
886 848 916 867 ea
935 848 964 867 re

171 887 293 909 assumat
319 883 346 909 itt
372 883 544 918 exemplum,
566 884 645 918 juxta
661 884 766 919 legem,
788 885 919 920 virginem
938 887 964 912 in

171 927 316 955 solitudine
338 929 464 956 violatam
489 930 522 956 ³⁸.
550 929 671 957 Ponatur
688 931 759 957 enim
785 939 831 958 cor
849 932 965 966 alicujus

170 982 230 1002 esse
246 974 443 1009 purissimum;
464 976 518 1002 vim
540 980 631 1003 autem
655 976 681 1003 in
699 984 728 1004 re
747 977 882 1012 impudica
902 985 966 1005 cor-

172 1020 229 1053 pori
254 1024 329 1047 casto
354 1021 450 1047 vitium
473 1021 607 1049 intulisse.
634 1021 695 1049 Hazc
719 1024 827 1058 quidem
846 1024 912 1050 mihi
937 1025 964 1051 itt

170 1066 278 1093 occulto
298 1071 372 1094 casta
397 1067 510 1094 omnino
534 1075 594 1095 esse
618 1068 743 1101 videtur;
765 1077 879 1103 corpore
899 1078 965 1097 vero

171 1120 225 1138 non
250 1112 313 1139 item
329 1121 395 1147 pura
411 1121 486 1145 esse,
502 1114 590 1148 qualis
608 1119 667 1141 erat
687 1119 749 1142 ante
769 1115 821 1142 vim
839 1115 939 1142 illatam
956 1125 963 1144 :

171 1158 217 1184 sed
234 1166 286 1184 tton
307 1165 446 1193 propterea
463 1160 533 1194 quod
555 1168 607 1186 non
625 1168 691 1194 pura
718 1161 762 1193 sit,
783 1161 839 1196 jam
862 1167 889 1189 et
914 1163 965 1188 im-

171 1203 267 1236 pudica
282 1209 332 1232 est.
350 1204 412 1232 lla-c
427 1210 516 1232 autem
533 1206 604 1233 dicta
621 1211 694 1238 sunt,
710 1212 818 1241 propter
836 1207 901 1234 illud
915 1209 937 1224 θ’
957 1217 963 1234 :

173 1259 182 1274 ι
201 1249 360 1284 Cogitabam
377 1251 447 1277 inter
462 1259 491 1277 se
510 1251 642 1284 dicentes,
666 1252 729 1286 quia
755 1260 838 1286 panes
855 1261 908 1280 non
923 1261 966 1281 ac-

170 1296 312 1330 cepimus:
341 1306 349 1322 ι
376 1297 418 1324 cui
445 1297 619 1331 subjungitur
644 1297 708 1324 illud
723 1297 731 1312 ¹
753 1307 759 1324 :
778 1308 787 1323 ι
807 1298 902 1325 Sciens
916 1306 965 1325 au-

171 1347 225 1368 tem
241 1341 321 1370 Iesus
334 1343 421 1370 dixit:
438 1343 551 1370 Modicse
572 1343 650 1376 ﬁdei,
667 1343 733 1379 quid
748 1345 874 1380 cogitatis
895 1345 965 1372 inter

171 1388 242 1415 vos?
268 1399 278 1415 ι
306 1394 332 1417 et
355 1399 415 1426 qua:
434 1398 606 1428 sequuntur;
635 1402 698 1421 nam
714 1395 827 1429 expendi
842 1403 890 1430 par
907 1400 966 1422 erat

168 1434 332 1469 vituperium
351 1444 445 1465 eorum
465 1447 525 1474 quae
550 1446 613 1467 sunt
636 1440 662 1467 in
681 1442 807 1475 occulto;
827 1447 854 1469 et
881 1442 963 1470 simul

168 1480 276 1508 laudem
292 1490 387 1510 eorum
404 1493 464 1520 quae
482 1491 546 1512 sunt
566 1486 593 1513 in
613 1487 731 1515 occulto.

203 1526 230 1553 8.
249 1526 333 1555 Miror
356 1534 446 1556 autem
463 1531 624 1566 discipulos,
642 1539 789 1568 antequam
807 1542 897 1563 sermo
914 1543 962 1563 οι-

169 1571 286 1605 plicatus
311 1573 364 1602 illis
387 1575 468 1603 fuerit
491 1585 506 1604 a
528 1577 591 1605 Jesu
605 1599 611 1611 ,
636 1579 661 1606 in
679 1580 800 1608 animum
820 1582 962 1610 induxisse

170 1624 250 1643 suum
267 1619 375 1646 sancire
395 1621 446 1647 sibi
473 1628 664 1657 praeceptorem
683 1632 714 1652 ac
729 1625 885 1658 Dominum,
900 1631 929 1653 ut
947 1634 962 1653 a

170 1661 369 1692 Pharisaeorum
394 1674 426 1693 ac
450 1666 662 1696 Sadducworum
694 1670 786 1698 sensili
804 1671 938 1699 fermento
953 1694 960 1705 ,

171 1713 299 1744 tanquam
325 1719 378 1738 non
404 1721 484 1747 puro,
509 1722 542 1741 ac
558 1720 700 1750 propterea
720 1718 803 1745 vetito
823 1723 938 1746 caveant
955 1728 961 1746 :

169 1754 237 1781 adeo
251 1761 288 1788 ut,
306 1765 367 1784 cum
382 1759 462 1789 etiam
477 1768 560 1795 panes
573 1769 627 1788 non
643 1765 853 1798 assumpserint,
866 1773 961 1793 eorum

169 1800 302 1829 fermento
327 1811 380 1831 non
407 1809 527 1834 utantur.
553 1806 648 1835 Sitnilc
668 1813 759 1836 autem
778 1818 962 1845 qumreremus

168 1849 196 1870 et
216 1845 242 1872 in
266 1847 349 1880 aliis;
375 1849 472 1877 sullieit
495 1857 584 1879 autent
599 1873 606 1886 ,
625 1855 741 1889 exempli
760 1863 843 1883 causa
859 1875 865 1887 ,
883 1855 961 1891 521

169 1892 242 1925 qqu
267 1892 301 1919 de
328 1892 499 1923 Samaritana
523 1898 656 1932 scriptum
681 1904 723 1926 est
751 1900 793 1927 his
818 1901 909 1928 verbis
929 1903 962 1928 ἐ

171 1945 180 1960 ι
202 1935 297 1965 Omnis
314 1939 361 1973 qui
385 1940 453 1968 bibit
468 1949 498 1968 ex
515 1951 585 1978 aqua
601 1944 660 1976 hac,
679 1945 750 1972 sitiet
771 1946 869 1973 iterum
885 1956 891 1973 :
910 1946 962 1980 Qui

169 1985 261 2009 autem
282 1983 380 2011 biberit
399 1993 432 2012 ex
450 1994 532 2021 aqua,
547 1996 628 2023 quant
641 1997 692 2024 ego
713 1990 784 2018 dabo
805 1992 839 2024 ei,
857 1999 910 2019 non
927 1992 965 2019 si-

169 2026 217 2054 tiet
240 2028 267 2055 in
289 2035 443 2064 attentum;
467 2042 476 2058 ι
501 2033 555 2061 illic
578 2035 669 2068 enim,
693 2044 742 2071 pro
765 2038 964 2073 significatione

169 2075 325 2108 verborum,
343 2076 516 2106 Samaritana
533 2080 667 2109 videbitur
686 2083 843 2112 existimare
862 2092 962 2119 aquam

169 2120 296 2148 scnsiletn
315 2124 473 2156 promittere
499 2125 669 2155 Servalorcm
683 2149 690 2161 ,
715 2137 777 2156 cum
792 2131 831 2158 ait
849 2140 856 2158 :
876 2141 885 2157 ι
908 2131 960 2165 Qui

1018 196 1065 222 ἐπὶ
1080 196 1130 231 τὴν
1145 195 1284 231 μοχθηρὰν
1297 197 1406 229 πρᾶξιν.
1422 197 1453 223 Εἰ
1471 195 1527 232 γὰρ
1541 195 1609 230 πρὸς
1620 194 1659 228 τῷ
1684 192 1799 227 βεϐουλῆο

1019 241 1079 268 σθαι
1096 242 1251 277 ἐνεχείρησε
1274 242 1323 277 μὲν
1334 263 1341 274 ,
1356 243 1386 269 οὐ
1398 242 1508 277 τέτευχε
1523 241 1552 269 δὲ
1562 261 1569 273 ,
1596 240 1796 275 κολασθήσεται,

1018 287 1067 322 οὐχ
1079 287 1117 318 ὼς
1127 288 1160 322 τῇ
1173 287 1271 323 καρδίᾳ
1289 287 1367 324 μόνῃ,
1384 287 1451 314 ἀλλὰ
1464 287 1511 314 καὶ
1524 288 1557 322 τῇ
1569 286 1668 322 πράξει
1683 287 1800 321 ἡμαρτη-

1018 333 1083 364 κὼς.
1099 334 1218 369 Ζητήσαι
1235 333 1256 360 δ’
1274 333 1306 360 ἄν
1323 342 1365 365 τις
1379 333 1447 368 πρὸς
1459 333 1492 360 τὰ
1506 332 1627 363 τοιαῦτα,
1645 333 1670 358 εί
1689 332 1799 367 μοιχεύει

1019 381 1068 414 μέν
1083 388 1124 411 τις
1138 381 1166 407 ἐν
1182 381 1215 415 τῇ
1230 379 1329 415 καρδίᾳ
1342 380 1420 416 μόνῃ,
1435 379 1485 406 κᾶν
1501 379 1539 415 μὴ
1556 379 1594 414 (9)
1610 379 1640 405 τὺ
1658 378 1736 414 ἔργον
1754 378 1799 412 τὴς

1019 426 1139 460 μοιχείας
1155 427 1266 462 ποιήσῃ,
1284 427 1314 452 οὐ
1331 428 1465 462 σωφρονεῖ
1478 426 1506 452 δὲ
1519 426 1548 452 ἐν
1562 426 1632 461 μόνῃ
1651 427 1685 460 τῇ
1699 425 1798 460 καρδίᾳ.

1018 472 1054 497 Τὸ
1073 471 1263 507 παραπλήσιον
1279 471 1308 498 δὲ
1325 472 1371 498 καὶ
1395 472 1458 507 περὶ
1479 471 1533 499 τῶν
1555 471 1657 498 λοιπῶν
1689 472 1800 506 ποιήσεις

1017 517 1176 544 ἐπαινετῶν.
1196 518 1272 552 Ἔχει
1288 518 1317 544 δέ
1333 526 1359 544 τι
1379 517 1501 549 πιθανῶς
1525 518 1599 553 ἡμᾶς
1621 516 1800 552 παραλογίσα-

1018 562 1079 589 σθαι
1090 563 1240 598 δυνάμενον
1254 564 1267 590 ὸ
1281 563 1379 594 τόπος,
1397 565 1466 598 ὅπερ
1477 563 1582 595 τοῦτον,
1595 561 1675 597 οἶμαι
1684 581 1692 594 ,
1706 563 1802 597 καθαρ-

1016 608 1076 634 τέον
1092 608 1137 635 τὸν
1151 609 1252 644 τρόπον
1261 617 1267 622 ·
1285 608 1400 643 Μοιχεία
1414 608 1463 643 μὲν
1477 608 1609 644 γενομένη
1624 608 1653 634 ἐν
1664 609 1697 643 τῇ
1711 607 1802 642 καρδίᾳ

1016 654 1127 681 ἔλαττόν
1145 656 1218 681 ἐστιν
1232 654 1396 690 ἁμάρτημα,
1413 655 1429 689 ἦ
1443 656 1467 681 εί
1484 654 1615 690 προσθείη
1631 663 1675 685 τις
1693 655 1738 680 καὶ
1758 654 1802 688 τὴν

1017 700 1132 735 πρᾶξιν·
1155 701 1295 735 ἀμήχανον
1315 700 1343 727 δὲ
1359 700 1535 735 σωφροσύνην
1554 697 1625 726 εἶναι
1643 701 1673 726 ἐν
1693 699 1802 735 καρδίᾳ.

1017 746 1213 780 ἐμποδίζουσαν
1233 748 1265 782 τῇ
1283 749 1436 782 σωφρονικῇ
1460 747 1574 783 πράξει·
1588 748 1613 773 εί
1635 746 1673 782 μὴ
1692 746 1745 782 ἄρα
1766 755 1803 778 τις

1017 791 1063 817 καὶ
1076 791 1121 817 ἐπὶ
1132 791 1226 817 τούτου
1245 791 1294 827 τὴν
1309 792 1338 818 ἐν
1350 792 1452 827 ἐρημίᾳ
1475 792 1631 827 βιασθεῖσαν
1645 791 1805 826 παραὶ-ἀσοι,

1015 838 1085 864 κατὰ
1095 838 1140 864 τὸν
1153 838 1245 873 νόμον,
1257 838 1296 869 είς
1306 838 1481 873 παράδειγμα
1495 838 1638 872 παρθένον.
1658 838 1748 864 Ἔστω
1756 837 1805 872 γὰρ

1013 883 1063 918 τὴν
1085 883 1196 919 καρδίαν
1217 884 1289 915 τινὸς
1308 881 1377 911 εἶναι
1399 884 1595 919 καθαρωτάτην
1610 904 1617 914 ,
1634 885 1685 919 τὴν
1702 884 1731 910 δὲ
1748 883 1805 917 βίαν

1015 929 1192 964 πεποιηκέναι
1203 930 1231 956 ἐν
1244 929 1282 964 τῷ
1294 929 1433 965 ἀκολάστῳ
1445 930 1493 965 τήν
1505 929 1608 965 φθορὰν
1618 930 1665 957 τοῦ
1686 928 1805 964 σώματος

1014 976 1064 1011 τῆς
1078 975 1215 1011 σώφρονος
1230 976 1285 1010 (10)
1296 985 1302 990 ·
1322 975 1391 1011 αὕτη
1408 976 1440 1011 δὴ
1456 975 1529 1002 δοκεῖ
1548 983 1593 1010 μοι
1620 975 1736 1009 σώφρων
1761 974 1807 1009 μὲν

1015 1022 1123 1054 πάντως
1135 1019 1210 1048 ἐἶναι
1237 1021 1316 1057 ἐντῷ
1330 1021 1454 1057 κρυπτῷ,
1470 1021 1509 1057 τῷ
1533 1022 1563 1048 δέ
1587 1020 1695 1055 σώματι
1719 1020 1807 1047 οὐκέτι

1014 1066 1084 1094 εἶναι
1098 1068 1216 1104 καθαρὰ,
1230 1068 1310 1094 ὁποία
1324 1067 1375 1103 πρὸ
1393 1068 1442 1103 τῆς
1453 1067 1514 1102 βίας
1525 1065 1558 1103 ἦν
1568 1076 1575 1082 ’
1589 1067 1646 1093 ἀλλ’
1663 1067 1735 1101 οὐχὶ,
1750 1067 1809 1092 ἐπεὶ

1015 1115 1045 1140 οὺ
1063 1113 1188 1149 καθαρὰ,
1208 1114 1259 1149 ήδη
1275 1114 1322 1140 καὶ
1345 1113 1505 1144 ἀκόλαστος.
1521 1113 1542 1139 Τ
1544 1113 1614 1139 αὔτα
1628 1113 1676 1139 καὶ
1697 1112 1742 1138 διὰ.
1762 1112 1806 1137 τό·

1018 1168 1027 1184 ι
1054 1159 1222 1193 Ἐλογίζοντο
1242 1160 1269 1185 ἐν
1291 1159 1397 1190 ἑαυτοῖς
1413 1158 1555 1192 λέγοντες,
1575 1158 1616 1183 ὅτι
1639 1157 1740 1192 ἄρτους
1762 1156 1809 1182 οὐκ

1015 1206 1164 1240 ἐλάϐομεν·
1181 1215 1189 1231 ι
1206 1202 1228 1239 ᾧ
1244 1206 1403 1240 ἐπιφέρεται
1419 1205 1463 1231 τό·
1482 1213 1490 1229 ι
1512 1205 1594 1235 Γνοὺς
1615 1203 1644 1230 δὲ
1667 1205 1681 1230 ὁ
1707 1203 1809 1238 Ἰησοῦς

1016 1251 1105 1278 εἶπεν·
1124 1252 1314 1286 Ὀλιγόπιστοι,
1328 1251 1353 1277 τί
1362 1250 1544 1284 διαλογίζεσθε
1559 1251 1588 1276 ἐν
1600 1251 1707 1280 ἑαυτοῖς
1718 1257 1725 1281 ;
1737 1259 1746 1274 ι
1763 1249 1809 1275 καὶ

1015 1297 1049 1324 τὰ
1061 1297 1125 1332 ἑξῆς
1135 1306 1142 1312 ·
1158 1297 1211 1323 ἔδει
1225 1297 1279 1332 γὰρ
1294 1297 1339 1324 τὸν
1353 1297 1417 1332 περὶ
1430 1296 1483 1322 τῶν
1499 1296 1527 1322 ἐν
1540 1295 1580 1331 τῷ
1598 1295 1714 1331 κρυπτῷ
1727 1295 1810 1329 ψόγον

1015 1343 1203 1378 ἐξετασθῆναι,
1228 1344 1275 1370 καὶ
1296 1342 1539 1378 παρανακειμένως
1559 1342 1634 1377 αὐτῷ
1656 1341 1711 1368 τῶν
1727 1342 1756 1368 ἐν
1770 1340 1811 1376 τῷ

1016 1390 1129 1426 κρυπτῷ
1145 1390 1200 1425 (Η)
1215 1389 1334 1417 ἔπαινον.

1049 1536 1187 1572 Θαυμάζω
1195 1538 1249 1564 δἐι
1262 1538 1285 1564 οἱ
1300 1537 1418 1573 μαθηταὶ
1431 1537 1523 1572 ᾤοντο,
1533 1538 1596 1573 πρὶν
1609 1538 1809 1574 σαφηνισθῆψιιι

1013 1583 1103 1615 αὐτοῖς
1116 1583 1168 1609 ὑπὸ
1181 1583 1227 1609 τοῦ
1245 1583 1332 1619 Ἰησοῦ
1342 1583 1388 1610 τὸν
1403 1583 1495 1617 λόγον,
1511 1584 1552 1610 ὅτι
1569 1584 1741 1621 ἀπαγορεύει
1762 1585 1810 1611 αὒ-

1013 1630 1069 1661 τοῖς
1083 1630 1096 1655 ό
1110 1628 1268 1661 διδάσκαλος
1280 1630 1327 1656 καὶ
1341 1631 1355 1656 ὁ
1368 1629 1470 1665 Κύριος
1482 1629 1613 1665 αἰσθητὴν
1622 1630 1714 1665 ζύμην
1725 1631 1809 1665 Φαρι-

1015 1674 1099 1701 σαίων
1113 1673 1129 1710 ἢ
1145 1674 1331 1701 Σαδδουκαίων
1353 1674 1532 1708 φυλάξασθαι,
1557 1675 1595 1705 ὡς
1619 1675 1650 1700 οὐ
1672 1674 1808 1709 καθαρὰν,

1015 1721 1061 1747 καὶ
1076 1720 1120 1746 διὰ
1131 1720 1210 1747 τοῦτο
1224 1721 1474 1757 ἀπαγορευομένην.
1493 1721 1536 1747 ἵνα
1555 1721 1628 1756 μηδ’,
1648 1721 1690 1747 ὃτι
1710 1721 1810 1756 ἄρτους

1014 1767 1064 1793 οὐκ
1089 1767 1260 1802 εἰλήφεισαν,
1278 1768 1310 1802 τῇ
1327 1767 1438 1793 ἐκείνων
1455 1766 1528 1802 ζύμῃ
1550 1767 1721 1802 χρήσωνται.
1738 1766 1776 1792 Τὸ
1788 1766 1809 1791 δ’

1015 1814 1106 1849 ὅμοιον
1127 1813 1172 1840 καὶ
1192 1813 1235 1839 ἐπ’
1248 1813 1303 1848 (12)
1321 1813 1406 1839 ἄλλων
1424 1813 1472 1848 μὲν
1488 1813 1669 1849 ζητήσαιμεν,
1686 1813 1772 1848 ἀρκεῖ
1783 1812 1811 1838 δὲ

1015 1859 1235 1896 παραδείγματος
1243 1859 1321 1895 χάριν
1333 1859 1363 1885 τὸ
1371 1860 1434 1895 περὶ
1446 1859 1495 1894 τῆς
1506 1858 1702 1894 Σαμαρείτιδος
1716 1860 1746 1884 ἐν
1761 1858 1810 1892 τῷ·

1018 1915 1027 1932 ι
1047 1906 1104 1937 Πᾶς
1114 1907 1128 1932 ὁ
1146 1906 1231 1932 πίνων
1245 1907 1276 1932 ἐκ
1287 1905 1333 1932 τοῦ
1351 1905 1447 1936 ὕδατος
1461 1905 1557 1931 τούτου
1571 1904 1680 1940 διψήσει
1709 1904 1809 1930 πάλιν

1014 1952 1044 1984 ὃς
1055 1952 1077 1978 δ’
1092 1952 1124 1979 ἂν
1140 1951 1187 1987 πίῃ
1202 1953 1233 1978 ἐκ
1247 1952 1293 1978 τοῦ
1307 1951 1412 1983 ὓδατος,
1425 1949 1454 1978 οὗ
1463 1951 1517 1985 ἐγὼ
1528 1951 1607 1978 δώσω
1623 1950 1710 1986 αὐτῷ,
1727 1951 1759 1976 οὐ
1775 1949 1811 1985 μὴ

1015 1997 1122 2034 διψήσει
1136 1999 1175 2030 εἰς
1190 1998 1236 2024 τὸν
1250 1997 1335 2024 αἰῶνα
1345 2006 1351 2012 ·
1370 2007 1379 2023 ι
1402 1998 1449 2024 καὶ
1465 1997 1519 2032 γὰρ
1533 1997 1608 2027 ἐκεῖ,
1632 1997 1696 2023 ὅσον
1711 1996 1760 2022 ἐπὶ
1778 1996 1810 2029 τῇ

1015 2043 1096 2076 λέξει,
1113 2045 1129 2078 ή
1145 2044 1309 2079 Σαμαρεῖτις
1324 2042 1392 2073 δόξει
1405 2042 1507 2069 οἴεσθαι
1520 2042 1583 2076 περὶ
1598 2041 1697 2072 ὕδατος
1715 2040 1812 2074 αἰσθη-

1014 2088 1061 2114 τοῦ
1079 2088 1293 2122 ἐπαγγέλλεσθαι
1308 2087 1354 2114 τὸν
1373 2087 1485 2122 ἃυτῆρα
1502 2087 1628 2121 λέγοντα·
1645 2095 1654 2111 ι
1677 2087 1729 2117 ’ος
1745 2086 1768 2113 δ’
1780 2086 1811 2112 ἂν

1015 2135 1063 2170 πίῃ
1080 2136 1112 2163 ἐκ
1124 2134 1170 2161 τοῦ
1184 2134 1289 2167 ὓδατος,
1306 2131 1336 2160 οὗ
1351 2133 1406 2168 ἐγὼ
1417 2133 1495 2160 δώσω
1512 2132 1601 2168 αὐτῷ,
1623 2133 1655 2159 οὐ
1675 2133 1717 2168 μὴ
1730 2132 1812 2167 διψή-

169 2170 261 2193 autent
274 2167 372 2195 biberit
385 2177 417 2196 ex
434 2178 515 2205 aqua,
537 2180 618 2207 quam
636 2181 686 2209 ego
709 2175 781 2203 dabo
797 2177 833 2209 ei,
852 2185 905 2204 non
922 2178 955 2205 si-

1047 2190 1055 2207 ι
1069 2182 1108 2213 εἰς
1125 2181 1170 2207 τὸν
1182 2181 1276 2207 αίῶνα.
1297 2190 1307 2204 ι
1323 2181 1443 2207 Κάκεῖνα
1453 2178 1500 2207 οὖν
1516 2179 1748 2215 τροπολογητέον,
1765 2179 1813 2208 καὶ

170 2211 220 2239 tiet
235 2211 262 2238 in
288 2218 429 2242 mternum.
451 2226 460 2242 ι
485 2217 547 2245 Ηίεε
571 2219 652 2254 igitur
674 2222 777 2255 tropice
800 2223 958 2257 explicanda

168 2262 252 2289 sunt.
277 2263 304 2286 et
328 2262 514 2290 contendenda
540 2272 609 2299 aqua
632 2265 713 2294 fontis
738 2267 843 2300 Jaeob.
867 2277 882 2296 e
903 2277 958 2303 quo

169 2303 310 2332 hauriebat
327 2305 508 2341 Satuaiitana,
525 2318 587 2338 cum
605 2320 675 2346 aqua
699 2312 762 2340 Jesu
791 2323 798 2341 :
824 2318 851 2341 et
869 2315 958 2343 sunilc

169 2352 221 2380 hoc
233 2353 290 2380 loco
306 2354 459 2383 faciendum
478 2363 519 2385 est
533 2367 539 2391 ;
559 2358 675 2388 fortasse
686 2362 758 2388 enim
773 2369 860 2396 neque
873 2370 957 2396 panes

167 2399 236 2426 cocti
258 2403 346 2431 erant.
366 2402 412 2429 sed
432 2404 546 2431 crudum
569 2405 702 2433 duntaxat
718 2406 892 2440 fermentum,
907 2408 956 2435 do-

166 2444 253 2471 ctrina
269 2445 467 2476 Pharisaam'um
482 2454 509 2477 et
523 2450 744 2479 Sadducaaorum.

203 2493 226 2509 "
242 2493 322 2521 Deut.
343 2503 410 2528 χιιι,
424 2497 469 2524 25.
507 2497 529 2513 θ’
546 2497 640 2526 Matth.
662 2507 718 2532 xw,
732 2501 757 2526 7.
798 2501 805 2515 ‘
821 2501 898 2534 ibid.,
915 2502 942 2530 8.

197 2554 241 2593 Δ(9)
259 2556 323 2582 Κᾶν
331 2555 384 2593 μὴ,
401 2562 454 2585 etc.
471 2557 508 2585 ita
527 2563 599 2586 recte
618 2560 697 2587 codd.
712 2559 875 2593 Vaticanus,
898 2562 955 2589 An-

167 2590 290 2632 glicanus
298 2597 325 2632 et
338 2591 624 2632 Tat'inianus._.Editio
639 2603 703 2622 vero
723 2595 810 2632 l_Iuetii
822 2617 828 2628 ,
845 2590 890 2623 καὶ
906 2599 954 2632 μή,

167 2631 220 2650 etc.
243 2624 327 2664 Paulo
346 2633 408 2664 post
418 2629 497 2664 codd.
514 2627 665 2664 Vaticanus
679 2634 706 2657 et
724 2624 955 2664 Tarinianus,"l"8

167 2661 356 2701 παραπλήσιον
369 2663 415 2701 κλαὶ
429 2663 474 2701 ἐπὶ
485 2663 538 2701 τῶν
550 2663 650 2701 λοιπῶν
663 2666 784 2701 ποιήσεις
796 2661 956 2695 ἐπαινετῶν.

185 2729 190 2731 _
205 2695 259 2733 (ιο)
274 2695 359 2735 Codd.
378 2697 487 2735 Regius,
502 2698 660 2735 Vaticanus,
670 2695 847 2735 iAn'glic-auus
858 2706 884 2728 et
904 2702 958 2729 Ta-

170 2731 302 2769 rii-ianum,
318 2731 368 2766 τῆς
387 2732 532 2768 σώφρονος.
553 2733 641 2761 Editio
655 2731 745 2763 lluot‘ii
765 2737 791 2763 in
811 2741 895 2768 textu,
911 2737 957 2763 τοῦ

172 2770 316 2796 σωφρονος.

209 2797 265 2832 (ll)
282 2798 341 2825 Τῶν
353 2800 386 2826 ἐν
402 2801 440 2833 τῷ
460 2804 585 2836 xpendi.
603 2805 647 2832 Sic
668 2811 738 2833 recte
756 2806 871 2834 habebat
890 2815 960 2835 lllllIS

1013 2227 1218 2260 συνεξεταστὲον
1236 2227 1307 2264 ὕδωρ
1316 2227 1406 2262 πηγῆς
1418 2226 1465 2253 τοῦ
1485 2225 1591 2257 Ἰακὼϐ,
1608 2227 1653 2260 ἀφ’
1667 2224 1703 2262 ἦς
1716 2226 1813 2261 ήντλει

1012 2274 1028 2308 ἡ
1050 2273 1229 2308 Σαμαρεῖτις,
1254 2272 1330 2299 ὕδατι
1356 2271 1404 2298 τοῦ
1433 2271 1519 2307 Ἰησοῦ
1534 2291 1540 2303 ,
1564 2271 1610 2298 καὶ
1629 2271 1756 2298 ἐνταῦθα
1782 2271 1813 2297 τὸ

1011 2319 1102 2354 ὅμοιον
1121 2318 1246 2353 ποιητέον
1256 2327 1262 2333 ·
1278 2318 1349 2353 τάχα
1361 2319 1415 2353 γὰρ
1431 2318 1492 2344 οὐδὲ
1507 2318 1583 2353 ἄρτοι
1599 2315 1671 2353 ἦσαν
1687 2318 1811 2353 πεφθέν-

1010 2373 1066 2396 τες,
1085 2364 1153 2391 ἀλλά
1173 2373 1214 2396 τις
1232 2364 1304 2400 ζύμη
1322 2365 1388 2391 αὐτὸ
1402 2364 1481 2399 μόνον
1496 2363 1559 2400 ὠμὴ
1575 2364 1631 2400 (l5)
1644 2385 1652 2396 ,
1669 2365 1685 2400 ή
1709 2364 1812 2400 διδαχὴ

1008 2409 1062 2435 τῶν
1071 2409 1224 2445 Φαρισαίων
1241 2409 1288 2439 καὶ
1303 2409 1500 2441 Σαδδουκαίωνι

989 2503 998 2518 ³
1011 2501 1090 2530 Joan.
1107 2511 1141 2535 ιγ,
1162 2502 1203 2534 l3,
1228 2502 1269 2529 Η.

1009 2563 1092 2591 codex
1105 2570 1186 2597 quem
1203 2564 1378 2590 consuluerat
1390 2562 1519 2590 Tariuus.

1045 2598 1100 2633 (Ιῖ)
1121 2597 1210 2625 ΕιΙίιὶο
1236 2597 1338 2631 Huetii,
1355 2598 1401 2624 καὶ
1426 2598 1524 2630 ἄλλων,
1544 2598 1590 2626 sed
1608 2605 1709 2625 omnes
1724 2605 1810 2630 1935.,

1009 2634 1056 2660 καὶ
1070 2633 1113 2659 ἐπ’
1129 2633 1227 2659 ἄλλων.

1046 2668 1102 2702 (15)
1123 2668 1210 2694 Ἀλλά
1224 2677 1269 2701 τις
1280 2668 1352 2702 ζύμη
1368 2667 1440 2694 αὐτὺ
1450 2668 1546 2701 μόνον
1558 2668 1634 2702 Qui},
1649 2673 1705 2695 etc.
1724 2667 1810 2694 Erat.-

1011 2711 1072 2730 ntus
1088 2703 1167 2730 aliter
1180 2703 1251 2730 huttc
1267 2703 1356 2730 locum
1380 2703 1494 2737 legerat:
1515 2703 1555 2730 sic
1576 2708 1667 2730 autem
1691 2703 1779 2729 vertit
1800 2710 1807 2728 :

1013 2747 1021 2763 ι
1043 2737 1094 2765 Sed
1112 2737 1272 2765 fermentum
1295 2739 1375 2765 ntodo
1393 2738 1528 2772 quoddam
1549 2738 1680 2766 doctrinm
1707 2737 1808 2765 Phari-

1011 2781 1126 2800 saeorum
1143 2777 1169 2800 et
1186 2773 1404 2800 Sadduczeorum.
1424 2782 1433 2798 ι
