1870 3049
56 126 129 153 Ull'l

530 125 707 154 COMMENT.
729 118 766 153 IN.
784 125 997 154 MATTIIIEUM
1019 126 1140 155 TOMUS
1158 127 1216 156 XII.

1630 135 1696 163 l0l8

52 184 102 212 τοῦ
116 183 187 211 Θεοῦ
200 183 266 220 (47).
279 195 288 210 ι
303 184 400 210 ’ἰστέον
417 183 518 219 μέντοι,
529 185 570 211 δτι
584 184 645 211 τινὰ
658 184 712 211 τῶν
724 185 790 211 ἀντι·

953 185 1167 214 itis?Christu|n
1192 186 1249 215 Dei.
1268 198 1276 213 ι
1311 187 1457 216 Sciendum
1483 198 1547 219 vero
1569 195 1691 226 quaedam

52 239 113 264 φων
135 230 182 256 τοῦ
207 229 277 256 κατὰ
292 229 431 256 Ματθαῐον
454 229 510 264 ἔχει
533 231 576 261 τὸ,
598 239 606 255 ι
631 229 807 266 ἐπετίμησεν.
839 239 849 255 ι

59 275 94 302 Ἦ
110 275 162 310 μὲν
176 272 223 301 οὖν
235 274 406 310 ὲπαπὸρησις
423 274 497 300 δοκεῖ
515 282 560 310 μοι
576 271 648 301 εἶναι
661 273 851 308 γενναιοτάτη·

52 321 133 353 λύσις
149 321 171 347 δ’
191 320 275 355 αὐτῆς
291 320 487 355 ἀνανηίρῤητος
507 319 662 355 ζητηοήτω,
678 319 712 355 ἠν
735 319 750 346 ὁ
774 319 850 354 εὑρί-

53 373 140 396 σκων,
155 365 202 390 ἐὰν
247 365 433 399 πιστικωτέρα
441 364 494 391 τῶν
503 365 550 403 ὑφ’.
561 363 853 400 ἡμῶνλεχοησομένων

52 410 91 442 ὡς
114 409 300 445 ὑπομετρίων,
321 410 362 441 εὶς
384 410 466 444 μέσον
487 410 604 444 φερέτω,
622 409 743 445 Πρόσχες
765 407 812 436 οὖν
828 410 852 436 εἰ

53 455 170 484 δύνασαι
190 456 290 490 λέγειν,
305 455 391 482 ὅτιτὸ
409 455 584 482 πιστεύεσθαι
606 455 709 490 Ἰησοῦν
727 453 797 482 εἶναι
807 456 853 482 τὸν

53 500 185 536 Χριστὸν,
202 500 311 526 ἔλαττόν
325 501 384 526 ἐστι
402 499 449 526 τοῦ
463 499 645 534 γινώσκεσθαι
658 500 690 526 τὸ
707 508 853 527 πεπιστευ-

56 546 151 580 μένον·
169 547 240 582 τάχα
252 547 281 573 δὲ
294 545 397 573 καὶτοῦ
409 545 591 580 γινώσκεσθαι
611 545 714 581 Ἰησοῦν
728 544 797 574 εἶναι
808 546 853 573 τὺν

55 593 178 627 Χριστὸν
198 592 315 628 διαφορὰ
336 593 421 623 ἐστιν,
442 591 473 618 οὑ
487 592 586 623 παντὸς
607 591 653 618 τοῦ
673 591 854 626 γινώσκοντος

55 638 158 673 ἐμοίως
174 638 254 665 αὐτὸν
271 637 462 672 γινώσκοντος.
479 637 540 664 ’Ὁτι
556 638 605 673 μὲν
620 635 666 664 οὖν
680 638 712 664 τὸ
727 637 852 664 πιστεύε-

55 683 118 710 σθαι
139 684 225 719 χωρὶς
241 683 368 718 γνώσεως
384 682 495 710 ἔλαττόν
516 683 574 710 ἐστι
593 683 641 710 τοῦ
658 683 851 718 γινώσκεσθαι,

54 729 133 764 δῆλον
152 730 184 755 ἐκ
198 728 246 755 τοῦ
267 728 337 755 κατὰ
356 728 501 764 Ἰωάννην·
528 738 537 754 ι
564 728 627 755 Ἐὰν
648 729 759 764 μείνητε
774 730 802 755 ὲν
814 728 853 763 τῷ

55 773 128 809 λόγῳ
141 773 181 809 τῷ
197 773 266 809 ἐμῷ,
281 773 418 808 γνώσεσθε
431 773 480 809 τὴν
493 773 633 809 ἀλήθειαν,
645 774 692 800 καὶ
707 775 724 809 ἡ
739 773 854 809 ἀλήθεια

55 818 237 854 ἐλευθερώσει
263 819 346 854 ὑμᾶς·
377 828 386 845 ι
413 819 453 846 ὅτι
475 819 504 846 δὲ
531 819 644 846 καὶτοῦ
671 819 853 854 γινώσκεσθαι

904 231 1069 266 exemplaria
1086 232 1225 267 Evargelii
1242 235 1392 261 secundum
1411 235 1565 263 Mattlmum
1584 238 1692 270 habere,

907 286 915 302 ι
941 277 1125 305 comminatus
1145 284 1196 306 est.
1228 289 1237 304 ι
1276 280 1397 308 Difﬁcilis
1424 281 1518 316 itaque
1551 287 1578 310 ct
1609 285 1694 312 ardua

904 323 969 350 mihi
983 323 1090 351 videtur
1102 333 1162 352 esse
1177 327 1291 359 quzestio
1308 336 1313 353 :
1329 327 1402 354 illius
1411 333 1500 355 autem
1512 329 1612 356 solutio
1623 338 1694 364 qure-

904 374 981 396 ratur
1006 378 1036 396 ea
1069 379 1129 405 quas
1153 371 1265 398 minime
1296 372 1377 407 533
1404 373 1558 407 impugnari
1587 374 1693 409 possit;

903 423 985 449 quam
1003 415 1048 450 qui
1066 416 1211 449 invenerit,
1229 417 1256 443 in
1273 418 1391 444 medium
1410 418 1539 452 proferat,
1562 420 1584 447 si
1608 420 1694 454 majo-

904 469 961 488 rem
977 461 1056 488 fidem
1073 467 1219 494 mereatur,
1245 471 1328 498 quam
1353 471 1415 498 qum
1442 472 1457 491 a
1481 465 1560 492 nobis
1580 465 1695 494 dicenda

904 511 979 539 sunt,
993 507 1071 541 quasi
1096 515 1156 541 quae
1177 507 1214 534 rei
1236 508 1310 542 paria
1329 517 1384 535 non
1405 509 1470 536 sint.
1494 509 1609 538 Adverle
1630 519 1696 546 ergo

905 560 969 579 num
986 552 1076 579 dicere
1088 553 1177 587 possis
1192 553 1264 580 credi
1283 552 1377 581 .lcsnm
1397 562 1459 582 esse
1479 554 1629 587 Chris'um,
1645 557 1697 584 mi-

905 606 956 625 nus
968 606 1031 625 esse
1053 606 1135 633 quam
1161 600 1288 633 cognosci
1317 600 1390 635 quod
1420 601 1554 634 creditur;
1580 601 1695 630 fortasse

904 649 995 685 autem
1015 649 1042 672 et
1071 645 1098 671 in
1127 644 1284 680 cognitione
1311 645 1371 677 hac,
1392 645 1484 672 Jesum
1510 646 1611 674 scilicet
1635 655 1696 674 esse

904 691 1056 723 Christum,
1076 690 1255 718 dim-renuant
1276 699 1348 724 csse,
1369 699 1430 718 cum
1453 692 1578 727 quisquis
1595 701 1696 728 cogno-

905 736 956 764 scit
970 736 1057 768 illum,
1073 736 1168 763 eodem
1183 737 1264 763 modo
1281 745 1334 764 non
1347 743 1503 772 cognoscat.
1513 738 1592 765 Crcdi
1606 738 1696 773 itaque

905 784 1009 818 absque
1024 783 1190 818 cognitione,
1207 784 1298 811 minus
1311 791 1372 811 esse
1385 792 1467 819 quam
1480 785 1617 819 cognosci,
1633 793 1695 820 per-

905 830 1030 863 spicuum
1049 834 1092 857 est
1106 838 1139 858 ex
1155 831 1208 858 hoc
1223 830 1337 858 Joannis
1349 830 1371 846 “'
1388 839 1394 857 :
1418 840 1426 855 ι
1448 830 1476 857 Si
1492 838 1539 858 vos
1561 831 1695 858 manseri-

61 866 168 900 Ἰησοῦν
177 864 246 893 εἷναι
261 866 308 893 τὸν
328 865 445 902 Χριστὸν
455 865 574 901 διαφορά
590 867 675 898 ἐστιν,
691 866 741 892 οὐκ
757 866 799 892 ἐπὶ

958 876 981 903 in
993 883 1120 904 sermone
1135 884 1205 909 meo,
1220 876 1390 911 cognoscetis
1403 876 1557 908 veritatem,
1578 882 1604 903 et
1626 877 1696 903 veri-

53 913 108 940 τῶν
123 912 313 947 γινωσκόντων
332 911 522 946 γινωσκόντων
538 912 631 945 αὑτὸν,
650 912 696 938 καὶ
714 911 784 947 αὑτὴ
805 912 855 947 μὲν

55 959 71 993 ὴ
92 959 225 993 ἐνάργεια.
256 957 293 992 τῷ
314 957 365 984 κᾶν
395 958 441 984 ἐπὶ
464 958 545 984 ποσὸν
571 958 748 993 ὲπιστήσαντι
771 957 853 993 παρί-

56 1011 135 1039 στησι
162 1003 192 1030 τὸ
210 1003 335 1038 πρᾶγμαι
362 1002 405 1034 τίς
420 1002 474 1038 γὰρ
492 1002 543 1029 οὐκ
562 1001 595 1029 ἂν
611 1002 787 1037 ὁμολογήσαι,
801 1003 852 1033 ὅτι.

55 1048 115 1082 φέρ’
135 1048 236 1079 εἰπεῖν,
261 1048 392 1083 Τιμόθεος
415 1047 558 1082 γινώσκων
589 1047 692 1084 Ἰησοῦν
712 1046 781 1075 εἶναι
808 1048 854 1074 τὸν

56 1093 183 1129 Χριστὸν,
217 1094 267 1120 οὐκ
307 1094 355 1121 ἐπὶ
388 1093 516 1120 τοσοῦτον
548 1093 705 1128 πεφώτιστο
734 1095 774 1125 εἰς
806 1093 854 1128 τὴν

56 1139 119 1174 περὶ
137 1137 223 1165 αὑτοῦ
249 1138 358 1172 γνῶσιν,
381 1138 443 1165 ὅσον
469 1139 484 1164 ὁ
506 1138 656 1169 ἀπόστολος
675 1137 781 1169 Παῦλος
805 1146 854 1164 πε-

57 1183 191 1218 omnem;
218 1184 273 1211 Kal.
294 1184 373 1211 τοῦτο
387 1184 409 1211 δ’
426 1183 460 1210 ἂν
476 1184 518 1215 τίς
535 1184 585 1210 οὐκ
606 1183 639 1210 ἂν
661 1183 852 1219 παραδέξαιτο,

57 1231 106 1261 ὅτι,
133 1229 186 1256 κᾶν
212 1230 334 1262 πλείονες
358 1229 535 1265 ἀληθεύοντες
558 1229 660 1264 λέγωσι
683 1230 748 1265 περὶ
773 1229 852 1262 Θεοῦ,

58 1278 107 1307 ὃτι,
122 1276 212 1308 Αὐτός
229 1284 273 1311 μοι
287 1275 387 1302 δέδωκε
399 1275 452 1301 τῶν
463 1275 548 1302 οντων
560 1275 661 1309 γνῶσιν
675 1275 788 1310 ἀψευδῆ,
803 1275 853 1311 οὐχ

58 1322 156 1357 ὁμοίως
176 1321 339 1356 τρανοῦντες
362 1321 410 1348 καὶ
431 1320 687 1356 καταλαμϐάνοντες
711 1320 745 1347 τὰ
772 1329 854 1355 γινω-

60 1368 189 1403 σκόμενα,
201 1367 261 1394 οὐδὲ
274 1367 312 1402 τῷ
327 1367 437 1403 ἀριθμῷ
450 1367 569 1394 τοσαῦτα
579 1367 760 1400 γινώσκοντες
774 1367 854 1394 τοῦτο

60 1414 185 1449 ipe-33w;
202 1414 240 1440 Οὐ
260 1414 341 1448 μόνον
358 1413 385 1439 δὲ
403 1412 473 1440 κατὰ
488 1413 537 1448 τὴν
557 1412 690 1448 διαφορὰν
709 1412 756 1439 τοῦ
772 1411 854 1446 γινώ-

62 1469 131 1487 ςκειν
146 1460 209 1486 ἐστὶ
233 1460 296 1491 τοὺς
316 1458 500 1493 γινώσκοντας
522 1458 559 1494 μὴ
585 1458 684 1493 ὁμοίως
697 1457 851 1492 γινώσκειν,

60 1506 123 1532 ἀλλὰ
140 1506 189 1532 καὶ
209 1505 280 1532 κατὰ
293 1505 324 1531 τὸ
339 1505 518 1539 παραστῆσαν
530 1505 579 1539 τὴν
600 1504 711 1538 γνῶσιν,
729 1504 766 1535 ὡς
783 1503 853 1530 κατὰ

60 1551 134 1578 τοῦτο
146 1552 192 1578 τὸν
208 1551 434 1586 ἀποκαλύψαντος
454 1550 500 1577 τοῦ
518 1550 625 1585 Πατρὸς
636 1549 682 1576 τὸν
693 1549 757 1576 Υἱὺν
768 1550 852 1583 ὲγνω-
865 1539 887 1567 (ἶ

62 1598 132 1630 κᾶτα,
153 1599 193 1631 ὡς
215 1599 317 1635 Πέτρος
332 1598 541 1634 μεμαρτύρηται
550 1597 710 1632 ἐγνωκέναι,
723 1597 794 1632 ἔχειν
806 1597 852 1623 τὸν

61 1644 186 1672 ἀνωτάτω
202 1644 388 1681 μακαρισμὸν.
399 1645 432 1671 Εἰ
444 1644 473 1670 δὲ
489 1643 573 1678 ὑγιῶς
592 1644 659 1679 ἡμῖν
674 1643 761 1670 ταῦτα.
775 1643 852 1679 εἴρη-

62 1698 112 1723 ται,
130 1691 289 1726 ἐπιστήσεις
304 1692 361 1718 εἰοὶ
375 1690 478 1717 δώδεκα
494 1689 626 1725 πρότερον
637 1689 685 1724 μὲν
697 1689 852 1720 ἐπίστευον,

63 1736 108 1763 οὐκ
129 1738 279 1772 ἐγίνωσκον
292 1737 329 1764 δέ·
353 1737 417 1772 ἑξῆς
435 1736 463 1762 δὲ
476 1735 515 1770 τῷ
535 1735 684 1767 πιστεύειν,
702 1735 748 1761 καὶ
764 1734 852 1771 ἀρχὰς

63 1781 129 1818 εἶχον
139 1783 186 1810 τοῦ
198 1782 354 1817 γινώσκειν.
372 1782 419 1809 καὶ
432 1781 582 1817 ὀλιγώτερα
593 1781 656 1816 περὶ
670 1780 752 1806 αὐτοῦ
761 1779 853 1814 ὲγῑνω-

65 1835 134 1855 σκον·
147 1828 262 1864 ὕστερον
280 1828 308 1854 δὲ
323 1826 494 1864 προῦκοπτον
508 1826 536 1852 ὲν
547 1825 587 1861 τῷ
597 1825 752 1860 γινώσκειν,
766 1825 803 1856 ὼς
814 1824 855 1851 δύ-

64 1872 155 1900 νασθαι
166 1873 290 1908 χωρῆσαι
307 1872 354 1908 τὴν
371 1871 425 1898 ἀπὸ
437 1871 484 1898 τοῦ
502 1870 609 1907 Πατρὸς
626 1870 737 1905 γνῶσιν,
753 1870 856 1897 ἀποκα-

63 1917 206 1950 λύπτοντες
220 1918 265 1944 τὸν
277 1918 351 1950 Υὶὺν,
365 1920 394 1945 ὲν
406 1917 488 1953 ὁποίᾳ.
502 1917 668 1944 καταστάσει
679 1917 693 1942 ὁ
704 1916 808 1951 Πέτρος
820 1913 855 1951 ἦν

63 1965 139 1999 ἡνεκι
156 1965 341 2001 ἐμακαρίσοη·
356 1963 469 1999 καὶγὰρ
485 1962 678 1999 μακαρίζεται,
690 1962 740 1988 οὐκ
754 1962 800 1988 ἐπὶ
816 1961 856 1996 τῷ

65 2011 217 2047 εἰρηκέναι·
247 2020 255 2036 ι
275 2011 314 2038 Σὺ
332 2009 356 2038 εἷ
370 2011 384 2037 ὁ
404 2009 531 2045 Χριστὸς,
549 2019 558 2035 ι
589 2009 678 2044 μόνον,
689 2007 767 2035 -ἀλλὰ
785 2006 857 2042 μετὰ

65 2056 109 2090 τῆς
123 2056 294 2092 προσθήκης,
310 2056 368 2091 τῆς,
389 2065 397 2082 ι
412 2055 498 2087 erit;
514 2054 562 2081 τοῦ
573 2053 641 2080 Θεοῦ
653 2053 700 2080 τοῦ
714 2053 826 2086 ζῶντος.
842 2063 852 2079 ›

65 2101 94 2128 01
107 2103 170 2136 γοῦν
185 2102 395 2138 ἀναγράψαντες
416 2102 530 2138 Μάρκος
550 2100 598 2127 καὶ
613 2101 720 2132 Λουκᾶς
741 2100 856 2136 ἀποκρι-

906 926 947 948 tas
959 922 1085 949 liberabit
1097 930 1156 949 vos.
1179 932 1188 948 ι
1204 921 1233 950 In
1249 922 1405 958 cognitione
1421 927 1512 949 autem
1530 922 1585 954 illa,
1603 921 1695 949 Jesum

905 967 1126 1000 esseChristum,
1144 967 1324 996 diﬂerentiam
1348 974 1418 1000 esse,
1442 975 1504 994 cum
1524 974 1619 994 omnes
1635 967 1696 1002 qni-

906 1019 1014 1046 cunque
1027 1019 1090 1039 eum
1102 1016 1270 1047 cegnoscunt
1281 1020 1314 1040 ex
1337 1020 1415 1047 aequo
1438 1019 1492 1039 non
1517 1018 1694 1047 cognoscant,

905 1057 947 1084 vel
962 1057 1105 1085 minimum
1120 1058 1270 1085 attendenti
1286 1066 1342 1085 rem
1365 1058 1486 1085 declarat
1510 1058 1567 1093 ipsa
1592 1061 1697 1094 perspi-

905 1103 993 1130 cuitas
1009 1110 1040 1130 ac
1056 1103 1201 1130 evidentia.
1222 1103 1290 1136 Quis
1303 1103 1375 1130 cnim
1400 1111 1454 1131 non
1471 1103 1588 1132 fateatur
1605 1104 1697 1132 Timo-

905 1148 1008 1181 theum,
1023 1148 1095 1175 verbi
1106 1148 1203 1183 gratia,
1215 1152 1426 1184 cognoscentem
1440 1148 1532 1177 .Iesum
1546 1157 1606 1177 esse
1617 1149 1697 1177 Chri-

905 1197 988 1224 stum,
1005 1200 1058 1220 non
1076 1197 1180 1220 tantum
1196 1192 1281 1220 fuisse
1294 1193 1327 1220 ad
1346 1193 1417 1220 illius
1431 1194 1613 1229 cognitionem
1634 1194 1696 1221 illu-

904 1242 1029 1270 stratum,
1047 1243 1179 1273 quantum
1191 1238 1343 1266 illustratus
1358 1237 1408 1265 fuit
1421 1237 1523 1266 Paulus
1537 1239 1697 1273 apostolus?

903 1283 972 1310 lllud
986 1288 1077 1311 autem
1089 1283 1150 1318 quis
1171 1291 1224 1310 nou
1244 1284 1395 1315 admiserit,
1415 1284 1487 1320 quod
1504 1284 1611 1311 etiamsi
1636 1284 1696 1319 plu-

903 1338 948 1357 res
960 1337 1022 1358 vere
1039 1330 1130 1357 dicant
1145 1330 1179 1357 de
1195 1329 1248 1357 Deo
1269 1338 1277 1358 :
1296 1329 1355 1364 Ipse
1367 1330 1432 1357 Inibi
1443 1338 1537 1358 eorum
1556 1338 1617 1366 quae
1632 1335 1696 1358 sunt

904 1375 1086 1411 cognitionem
1103 1383 1195 1403 veram
1216 1375 1290 1403 dedit
1307 1385 1314 1403 :
1337 1383 1391 1403 non
1407 1375 1473 1403 illud
1497 1376 1589 1403 dicent
1611 1376 1695 1404 simili

903 1429 966 1448 cum
989 1420 1185 1456 perspicuitate
1212 1425 1390 1456 exponentes,
1416 1426 1443 1449 et
1464 1421 1573 1456 cognita
1595 1421 1697 1456 pariter

903 1464 995 1491 animo
1015 1464 1289 1499 comprehendentes,
1316 1466 1356 1492 rcl
1387 1465 1498 1493 totidem
1520 1474 1634 1493 numero
1651 1473 1695 1495 res

904 1511 1118 1546 cognoscentes?
1128 1510 1187 1538 Non
1208 1512 1296 1539 solum
1310 1516 1399 1539 autem
1413 1520 1461 1547 per
1473 1513 1579 1540 varium
1593 1520 1695 1547 cogno-

906 1556 999 1584 scendi
1015 1557 1128 1584 modum
1141 1556 1250 1588 accidit,
1272 1562 1300 1584 ut
1329 1557 1376 1591 qui
1399 1562 1578 1592 cognoscunt,
1600 1557 1696 1585 eodem

905 1603 987 1631 modo
1001 1611 1056 1631 non
1069 1607 1247 1638 cognoscant,
1262 1603 1309 1631 sed
1323 1608 1350 1631 et
1366 1611 1413 1639 per
1432 1604 1458 1631 id
1472 1604 1543 1638 quod
1561 1604 1697 1639 cognitio—

904 1653 966 1673 nem
982 1645 1098 1678 confert,
1116 1650 1146 1674 ut
1157 1646 1236 1682 juxla
1251 1647 1329 1681 illud,
1344 1647 1367 1675 is
1379 1648 1426 1683 qui
1449 1648 1576 1682 cognovit
1598 1647 1696 1675 Filium

905 1690 1041 1718 rcvelante
1052 1689 1142 1722 Patre,
1165 1691 1395 1725 quemadmodum
1417 1692 1578 1727 cognovisse
1599 1691 1699 1720 Petrus

905 1735 1075 1771 perhibetur,
1105 1743 1262 1771 supremam
1288 1736 1481 1765 beatitudinem
1505 1743 1696 1772 consequatur.

906 1781 984 1815 Quod
1001 1781 1025 1808 si
1039 1781 1097 1808 haec
1110 1789 1125 1809 a
1138 1781 1217 1809 nobis
1234 1785 1307 1809 recte
1323 1782 1394 1810 dicta
1408 1787 1482 1816 sunt,
1500 1783 1699 1812 animadvertes

907 1836 941 1855 an
964 1826 1106 1855 duodecim
1132 1827 1249 1862 primum
1274 1827 1386 1862 quidem
1411 1828 1566 1859 credebant.
1586 1829 1699 1857 minime

905 1880 969 1901 vero
985 1872 1202 1907 cognoscebant;
1226 1873 1324 1900 deinde
1344 1877 1489 1908 postquam
1511 1874 1697 1907 crediderunt,

905 1917 1073 1953 cognitionis
1090 1917 1246 1945 rudimenta
1269 1918 1458 1953 capessebant,
1473 1922 1499 1945 et
1516 1926 1651 1954 perpauca
1666 1919 1699 1946 de

906 1965 953 1991 illo
973 1963 1193 1999 cognoscebant;
1215 1968 1354 1998 postremo
1372 1964 1480 1991 tandem
1502 1963 1529 1991 in
1546 1965 1699 1999 cognitione

908 2010 1096 2045 proﬁciebant,
1111 2013 1141 2036 ut
1155 2009 1319 2045 cognitionis
1332 2010 1403 2037 data;
1421 2017 1437 2037 a
1452 2009 1530 2037 Patre
1545 2009 1642 2036 Filium
1656 2018 1699 2038 rc-

909 2055 1015 2082 velante
1035 2062 1148 2090 capaces
1162 2060 1271 2088 essent;
1290 2054 1445 2090 cujusmodi
1468 2059 1568 2082 statum
1593 2055 1699 2082 obtine-

909 2100 956 2128 bat
968 2100 1079 2134 Petrus,
1093 2099 1204 2136 quando
1214 2100 1310 2128 beatus
1318 2100 1480 2135 praedicatus
1491 2104 1542 2128 est.
1557 2099 1612 2128 Nec
1625 2100 1697 2128 enim

667 2155 783 2183 VETUS
804 2153 1099 2184 INTERPRETATIO.

68 2216 207 2252 incipiente
223 2217 258 2244 ab
273 2217 416 2245 Antiochia
433 2217 544 2245 nomine
563 2218 626 2244 isto.
644 2214 712 2252 Illud
734 2215 815 2252 etiam
839 2215 867 2252 in
889 2215 941 2243 hoc
967 2215 1028 2244 loco
1055 2217 1232 2251 quaerendum
1257 2222 1299 2244 est
1315 2221 1417 2250 utrum,
1433 2224 1495 2244 cum
1519 2217 1700 2248 mitterentur,

70 2249 126 2288 [inf
135 2252 337 2287 cognoscebant
353 2252 481 2288 quoniam
503 2252 560 2287 ipse
572 2256 632 2280 erat
642 2251 779 2288 Christus.
796 2249 829 2277 Et
846 2250 868 2277 si
883 2249 1086 2286 eoguoscebaut
1098 2252 1166 2286 jam,
1180 2253 1265 2288 sine
1278 2252 1362 2279 dubio
1386 2252 1568 2288 cognoscebat
1589 2252 1699 2288 Petrus.

70 2285 206 2319 Quonniilo
224 2295 289 2322 ergo
307 2285 368 2322 post
383 2291 456 2314 tanta
473 2285 623 2322 interrogat
635 2293 728 2322 eoszrt
744 2285 799 2322 Vos
812 2290 902 2322 autem
920 2285 1002 2322 quoin
1025 2294 1069 2314 me
1083 2285 1268 2322 esseiilicilis?
1285 2297 1294 2312 ι
1312 2285 1466 2321 quando’et
1479 2287 1652 2322 respondenti
1673 2291 1701 2314 et

70 2322 163 2349 dicenti
179 2320 280 2349 Petro:
299 2320 314 2347 ι’
324 2322 363 2349 Tu
379 2330 409 2349 es
424 2322 552 2349 Christus
569 2320 653 2349 Filius
668 2320 717 2357 Dei
733 2320 797 2357 vivi,
816 2329 825 2345 ι
839 2320 927 2357 dixit:
945 2330 954 2346 ‹
971 2320 1071 2357 Beatus
1082 2329 1122 2354 es,
1140 2321 1234 2348 Simon
1247 2320 1375 2355 Barjdna,
1390 2321 1454 2356 quia
1466 2320 1532 2349 caro
1550 2326 1576 2348 et
1588 2322 1700 2357 sanguis

72 2363 121 2383 non
137 2357 264 2384 revelavit
280 2358 340 2389 tibi,
356 2358 402 2384 sed
417 2357 497 2384 Pater
511 2365 588 2385 meus
603 2357 648 2391 qui
667 2356 694 2382 in
709 2355 854 2391 etnliisrcst.
873 2364 885 2391 ι
901 2355 952 2382 Per
970 2356 1026 2383 haec
1040 2357 1113 2383 enim
1129 2365 1219 2384 sermo
1231 2355 1410 2387 demonstrat,
1422 2356 1550 2391 quoniam
1566 2361 1630 2383 tunc
1642 2355 1699 2391 irri-

72 2366 121 2383 uon
137 2366 264 2384 revelant
280 2366 340 2389 ιιιιι,
356 2366 402 2384 seu
417 2366 497 2384 rater
511 2366 588 2385 meus
622 2366 648 2383 ιιι
667 2366 694 2382 ιιι
709 2366 786 2383 cwlls
802 2366 854 2382 cst.
874 2366 883 2380 ι
901 2366 952 2382 rer
970 2366 1026 2383 nzec
1040 2366 1113 2383 enim
1129 2366 1219 2384 sermo
1231 2366 1410 2387 demonstrat,
1422 2366 1550 2391 quoniam
1566 2366 1630 2383 tunc
1643 2366 1699 2391 ιιι-ι-

71 2399 140 2419 mum
155 2392 299 2420 confessas
311 2392 399 2420 fuerat
414 2400 475 2419 eum
489 2391 586 2419 Petrus
602 2366 743 2426 Christum
760 2390 857 2426 Filium
872 2389 918 2426 Dei
931 2391 995 2417 vivi.
1012 2391 1043 2418 Et
1058 2392 1119 2419 vide
1138 2392 1160 2418 si
1176 2396 1252 2426 putes
1267 2391 1422 2426 hujusmodi
1439 2391 1528 2418 facere
1541 2391 1701 2425 quaestionis

73 2427 230 2462 solutionem
248 2428 353 2460 dicens,
372 2427 502 2462 quoniam
520 2427 631 2454 credere
641 2424 807 2462 ltesttttt_esse
818 2425 1077 2462 Clnjistulnginitms
1092 2431 1134 2453 est
1150 2424 1232 2462 quam
1256 2424 1430 2459 cognoscere.
1448 2424 1583 2462 Quoniam
1609 2431 1699 2462 autem

74 2461 159 2497 minus
172 2467 224 2492 est.
241 2459 432 2489 manifestatur
449 2470 482 2489 ex
498 2470 530 2489 (ευ
545 2462 617 2496 quod
635 2460 718 2488 refert
731 2459 850 2487 Joannes
865 2460 901 2497 ita
916 2470 922 2487 :
939 2470 947 2485 ι
965 2460 1075 2497 Dicebat
1091 2459 1253 2497 ergo‘Jesus
1279 2462 1312 2489 ad
1332 2469 1380 2489 eos
1402 2462 1448 2496 qui
1475 2461 1646 2489 crediderant
1661 2461 1699 2492 ei,

73 2493 194 2534 .ludzeos:
213 2497 240 2534 Si
260 2505 308 2534 vos
324 2497 483 2534 tuanscritis
498 2497 526 2534 in
542 2493 625 2534 verbo
641 2496 901 2534 nico,_cognosce_ti_s
917 2496 1069 2534 veritatem,
1091 2493 1241 2534 et'vcritas
1262 2496 1386 2523 liberabit
1403 2493 1468 2528 vos;
1486 2505 1495 2521 ι
1512 2502 1541 2534 ut
1556 2496 1700 2523 dicamus:

74 2532 177 2567 quando
195 2533 373 2559 mittebantur
386 2532 419 2558 ad
435 2532 648 2567 praedicandum,
665 2530 811 2567 credebant
825 2529 936 2567 quidem
954 2529 1047 2558 Jcsum
1069 2539 1130 2567 esse
1148 2532 1297 2564 Christum,
1309 2538 1362 2558 non
1387 2536 1476 2558 tamen
1493 2531 1582 2558 adlmc
1597 2537 1702 2567 cogno-

73 2566 188 2594 scebant.
209 2567 307 2595 Postea
328 2572 417 2594 autem
432 2564 605 2600 proficientes
620 2574 668 2600 per
680 2564 836 2601 doctriqam
851 2569 878 2601 et
891 2564 968 2601 plura
987 2566 1129 2597 Iluracula.
1148 2567 1230 2594 etiam
1242 2571 1437 2601 cognoverunt,
1454 2566 1564 2600 quando
1576 2571 1603 2592 et
1618 2564 1702 2592 inter-

75 2602 155 2636 rogati
174 2602 292 2630 coufessi
309 2607 393 2630 sunt:
411 2610 419 2626 ι
433 2598 476 2629 Tu
493 2609 523 2629 es
535 2598 663 2628 Christus
680 2599 766 2627 Filius
782 2598 910 2636 Deigvivi.
929 2609 938 2625 ι
955 2600 1009 2627 Aut
1024 2601 1046 2628 si
1061 2602 1251 2628 existimentur
1262 2598 1318 2636 jam
1337 2605 1401 2636 tunc
1412 2598 1525 2635 apostoli
1541 2601 1701 2636 cognovisse

74 2632 159 2672 Iesum
176 2645 236 2665 esse
246 2637 401 2666 Christum.
418 2638 454 2663 ita
471 2641 514 2664 est
530 2636 748 2672 respondendum
764 2643 772 2661 :
793 2634 858 2668 quia
877 2635 948 2661 inter
964 2643 1130 2672 cognoscere
1146 2641 1172 2664 et
1189 2632 1337 2672 agnoscere
1349 2632 1500 2663 ddl‘erentia
1519 2632 1701 2672 esthtpula.

75 2670 132 2703 quis
148 2673 256 2707 sapiens
271 2680 325 2699 non
342 2671 469 2707 intelligit
483 2669 614 2707 quoniam
631 2669 793 2698 Timotheus
808 2677 977 2703 cognoscens
988 2669 1081 2698 .Irsum
1099 2679 1160 2699 esse
1172 2669 1321 2705 Ch'rislum,
1336 2678 1389 2698 non
1405 2675 1507 2698 tantum
1526 2671 1551 2698 in
1563 2669 1702 2706 agnitione

107 2740 127 2756 ⁸⁹
144 2740 221 2768 .loan.
241 2749 300 2773 νιιι,
317 2742 362 2775 51,
379 2741 422 2769 3'2.

108 2801 160 2838 (li)
171 2801 263 2838 Crates
278 2801 356 2838 Reg"
370 2801 414 2828 τὸν
431 2801 494 2829 Υἱὺν
512 2801 558 2828 τοῦ
584 2800 650 2827 θεοῦ
660 2820 667 2834 ,
682 2799 845 2827 't‘ariuianus

964 2800 1056 2838 ριστὸν
1080 2801 1124 2827 τὴν
1144 2799 1207 2827 Υἱὸν
1230 2799 1275 2826 τοῦ
1292 2797 1368 2825 Θίοῦ.
1387 2797 1460 2826 Infra
1479 2797 1563 2826 codex
1583 2795 1674 2825 Turini
1690 2802 1698 2824 :

83 2833 111 2861 'll
126 2833 172 2872 μὲν
188 2835 234 2864 οὖν
249 2833 393 2873 deripi-istc.
