1870 3049
209 127 220 152 ι
226 124 276 152 007

942 118 1110 148 ORIGENIS

1779 123 1838 150 l008

207 191 294 222 portae
310 184 388 212 inferi
407 191 460 212 non
476 183 634 219 praevaient,
652 183 689 211 illi
710 187 864 219 qumrentes
881 182 990 216 intrare,

1085 190 1110 213 ος
1124 181 1174 217 μὲν
1187 179 1240 208 τῶν
1257 181 1383 218 πατέρων
1397 181 1536 218 μοχθηρᾶς
1548 181 1664 218 γνώμης
1677 182 1840 219 ἀρχιτέκτων

208 235 347 267 poterunt,
364 230 454 258 omnia
470 230 590 258 valentes
605 231 631 256 in
646 237 679 257 eo
695 229 741 264 qui
758 229 919 257 corroborat
939 236 997 262 eos,

208 277 324 305 Domino
336 276 411 304 Jesu.
427 276 515 311 Atque
528 275 564 303 ita
580 275 770 310 unusquisque
786 283 818 302 ex
834 275 868 302 iis
879 275 925 309 qui
937 282 999 309 pra-

208 331 248 350 vae
272 322 413 350 sententia:
435 325 527 356 patres
550 324 629 352 sunt,
657 320 823 347 architectus
848 319 936 347 factus
958 322 999 347 est

208 374 294 405 portm
313 367 429 402 alicujus
453 367 551 399 inferi;
572 367 618 401 qui
641 373 707 393 vero
727 365 821 393 talium
846 372 937 392 rerum
955 372 999 391 ar-

208 415 318 444 chitecti
340 415 471 442 doctrinae
496 421 575 448 opem
604 420 681 440 suam
708 417 855 448 praestant,
881 411 999 439 ministri

208 467 292 493 sunt,
312 466 338 489 et
358 461 570 495 dispensatores,
593 458 743 486 servientes
767 465 853 493 pravo
879 457 999 485 sermoni

209 506 356 542 impietatis
381 505 551 532 fabricatori.
574 505 608 531 At
623 511 685 531 eum
709 503 804 531 multae
830 503 885 530 sint
905 506 932 529 et
954 502 999 530 vix

207 551 383 580 numerandze
395 549 476 577 inferi
500 553 596 584 portae,
613 548 688 575 nulla
706 548 785 575 inferi
801 552 879 582 porta
897 555 999 582 prava-

207 599 271 626 lebit
293 598 424 625 adversus
445 600 561 631 petram,
583 595 626 623 vel
643 594 794 622 Ecclesiam
817 601 900 629 quam
918 601 1000 628 super

207 645 280 672 illam
308 643 433 671 Christus
456 642 581 669 aedificat.
603 641 798 667 Verumtamen
823 640 848 667 vi
869 639 998 666 nonnulla

206 690 308 724 pollent
320 689 360 716 hae
375 692 469 723 porta),
485 694 539 722 qua
555 686 687 720 qttosdam
700 691 827 712 evomant
840 685 887 720 qui
900 685 933 712 iis
946 692 998 711 non

206 735 349 766 resistunt,
371 740 420 760 nec
442 732 575 759 adversus
599 738 646 758 eas
668 734 809 766 pugnant;
834 734 1000 764 superantur

206 785 297 808 autem
313 779 348 806 ab
364 779 436 810 aliis,
454 777 500 812 qui
521 781 666 812 propterea
682 776 755 811 quod
778 775 813 802 ab
836 782 869 802 eo
889 783 942 802 non
958 782 1000 802 re-

206 827 306 854 cedunt
321 826 368 861 qui
383 825 449 852 dixit
463 825 485 840 "
499 833 505 850 :
521 833 529 850 ι
547 823 603 858 Ego
617 830 678 850 sum
695 822 807 854 ostium,
825 831 834 847 ι
848 829 943 848 omnes
956 821 996 848 in-

1049 227 1145 261 γέγονε
1176 226 1264 262 πύλης
1292 227 1366 259 τινὸς
1382 227 1462 263 ᾅδου·
1487 228 1512 254 οἱ
1530 228 1559 254 δὲ
1579 229 1709 264 συνεργοὶ
1739 230 1771 264 τῇ
1795 229 1838 256 τοῦ

1049 272 1239 308 ἀρχιτέκτονος
1266 272 1320 299 τῶν
1344 273 1472 300 τοιούτων
1502 273 1678 309 διδασκαλίᾳ,
1717 275 1839 310 ὑπουργοί

1049 326 1121 350 τινες
1156 318 1204 345 καὶ
1234 318 1371 359 οἰκονομοι
1404 319 1577 352 δουλεύοντες
1612 321 1744 357 μοχθηρῷ
1770 323 1838 357 ἀρχισ

1050 363 1199 398 τεκτονικῷ
1226 363 1355 395 ἀσεϐείας
1386 363 1468 399 λόγῳ.
1504 364 1613 391 Πολλῶν
1643 365 1672 392 δὲ
1689 366 1738 393 καὶ
1767 367 1839 393 δύσα-

1051 408 1190 444 ριθμήτων
1220 409 1308 437 οὐσῶν
1332 409 1385 436 τῶν
1415 409 1480 445 ᾅδου
1506 410 1610 443 πυλῶν,
1635 411 1751 447 οὐδεμία
1775 412 1839 447 πύλη

1050 455 1113 491 ᾅδου
1136 455 1294 491 κατισχύσει
1314 455 1365 491 τῆς
1385 456 1500 491 πέτρας,
1523 456 1540 492 ἢ
1567 457 1732 493 Ἐκκλησεας
1749 458 1782 493 ἦν
1800 459 1840 485 ἐπ’

1050 503 1118 539 αὐτῇ
1134 503 1252 539 Χριστὸς
1264 503 1410 538 οἰκοδομεῖ.
1427 503 1500 538 Πλὴν
1515 503 1607 538 ἔχουσί
1618 512 1682 531 τινα
1703 505 1781 540 ἰσχὺν
1798 503 1840 532 αὖ-

1049 558 1095 576 ται
1115 550 1142 575 αἱ
1163 549 1257 581 πύλαι,
1275 549 1322 584 ἀφ’
1346 546 1380 584 ἦς
1403 558 1482 576 τινων
1507 549 1556 584 μὲν
1579 547 1713 584 κρατοῦσι
1729 550 1782 576 τῶν
1807 551 1840 586 μὴ

1050 596 1256 622 ἀντιτεινόντων
1268 595 1315 622 καὶ
1326 594 1586 630 ἀνταγωνιζομένων
1599 595 1668 631 πρὸς
1681 596 1768 628 αὐτάς
1777 605 1783 611 ε
1801 597 1841 631 ir;

1051 643 1151 678 ἐτέρων
1166 642 1195 669 δὲ
1214 642 1353 674 νικῶνται,
1372 642 1426 669 τῶν
1444 642 1487 669 διὰ
1508 643 1538 669 τὸ
1554 643 1591 678 μὴ
1609 643 1779 677 ἀφίστασθαι
1799 645 1841 671 τοῦ

1050 688 1191 720 εἰπόντος’
1219 698 1228 714 ‹
1254 688 1325 723 Ἐγώ
1349 690 1406 724 ειμι
1426 689 1443 724 ἡ
1460 688 1539 725 θύρα,
1561 699 1570 714 ι
1593 689 1684 721 πάσας
1709 689 1760 722 τὰς
1784 691 1843 725 ᾆδον

1051 735 1137 767 πύλας
1151 734 1320 762 καθελόντων
1333 735 1387 762 ἀπὸ
1401 735 1449 771 τῆς
1465 735 1569 762 ἑαυτῶν
1582 735 1684 771 ψυχῆς.
1699 737 1756 763 Καὶ
1769 737 1843 763 τοῦτο

1049 780 1077 806 δὲ
1095 779 1147 815 χρὴ
1162 779 1271 811 εἰδέναι,
1284 780 1335 811 ὅτι,
1352 779 1447 816 ὥσπερ
1461 780 1489 806 αἱ
1505 779 1609 806 πόλεων
1627 780 1712 807 πύλαι
1729 782 1844 816 ὀνόματα

1051 826 1157 861 ἔχουσιν
1176 825 1278 861 ἑκάστη
1293 826 1396 858 οἰκεῖα,
1409 826 1455 853 τὺν
1470 826 1552 853 αὐτὸν
1566 826 1666 862 τρόπον
1681 827 1711 853 αἱ
1724 827 1773 854 τοῦ
1785 828 1843 862 ᾄδω

205 873 257 900 feri
270 877 363 907 portas
376 878 408 898 ex
422 870 513 897 anima
532 877 582 896 sua
597 868 787 896 deturbarunt.
799 868 888 902 Atque
901 867 927 894 id
941 867 988 902 qui

1085 872 1134 898 ›λαι
1149 871 1324 907 ὁνομασθεϊεν
1338 872 1371 899 ἂν
1389 871 1461 898 κατὰ
1479 872 1514 899 τὰ
1529 872 1586 908 εἴδη
1602 873 1658 899 τῶν
1680 874 1844 909 ἁμαρτημά-

206 919 267 947 dem
291 918 430 947 sciendum
451 920 502 949 est,
524 914 754 951 quemadmodum
779 914 888 941 urbium
913 917 998 949 porta:

205 965 319 1001 singulm
335 963 443 999 propria
463 962 565 989 habent
581 960 707 993 nomina,
726 960 820 987 eodem
839 959 919 986 modo
932 966 996 994 por-

204 1013 240 1039 tis
253 1010 331 1038 inferi
351 1017 400 1045 pro
416 1008 498 1036 variis
513 1012 688 1043 peccatorum
703 1007 800 1034 formis
818 1007 928 1033 nomina
942 1006 994 1034 im-

203 1058 267 1094 poni
286 1064 383 1092 posse;
401 1056 436 1083 ita
454 1059 484 1082 ut
508 1062 561 1082 una
580 1053 658 1081 inferi
683 1057 762 1088 porta
781 1053 928 1081 fornicatio
947 1061 994 1088 ap-

204 1104 328 1138 pelletur,
347 1110 395 1136 per
413 1109 495 1136 quam
520 1101 572 1128 iter
590 1099 694 1127 faciunt
714 1099 796 1135 528
812 1104 994 1133 scortatores;

204 1150 288 1177 altera
305 1153 395 1176 autem
418 1147 560 1180 in-iiciatio,
585 1154 632 1181 per
654 1153 737 1181 quam
763 1146 789 1172 in
816 1145 933 1172 inferum
950 1145 997 1172 de-

203 1195 349 1228 scendunt,
366 1194 412 1230 qui
429 1193 514 1221 Deum
531 1193 698 1220 inlleiantur.
712 1191 772 1218 Jam
787 1199 850 1219 vero
864 1195 890 1218 et
911 1199 998 1218 unus-

1050 926 1114 949 των,
1131 917 1169 949 ὡς
1184 917 1247 952 μίαν
1265 917 1313 952 μὲν
1325 917 1506 952 ὀνομάζεσθαι
1524 917 1612 953 πύλην
1626 918 1693 954 71.5w
1707 921 1842 955 πορνείαν,

1048 963 1082 989 δι’
1103 961 1137 999 ἦς
1151 962 1287 990 ὁδεύουσιν
1310 963 1335 989 οἱ
1351 963 1538 998 πορνεύοντεςο
1558 964 1655 999 ἑτέραν
1668 965 1700 991 δὲ
1717 966 1840 1002 ἄρνησιν,

1046 1008 1079 1035 δι’
1094 1006 1128 1044 ἧς
1139 1008 1293 1044 ἀρνησίϐεοι
1304 1009 1344 1040 εἰς
1356 1008 1419 1044 ᾆδου
1435 1008 1655 1037 καταϐαίνουσιν.
1671 1011 1747 1046 ’Πδη
1759 1012 1788 1038 δὲ
1801 1011 1843 1038 καὶ

1047 1054 1162 1085 ἕκαστος
1176 1053 1230 1080 τῶν
1245 1053 1405 1089 ἑτεροδόξων
1423 1054 1490 1089 (5η,
1513 1055 1559 1082 καὶ
1575 1056 1772 1091 γεννησάντων
1784 1058 1843 1092 ψευ-

1048 1099 1170 1135 δώνυμόν
1182 1108 1245 1126 τινα
1257 1099 1368 1134 γνῶσιν,
1380 1099 1556 1136 ᾠκοδόμησεν
1568 1101 1633 1137 ᾆδον
1646 1102 1751 1137 πύλην,
1767 1103 1845 1139 ἄλλην

1052 1146 1101 1180 μὲν
1113 1145 1256 1183 Μαρκίων,
1271 1145 1318 1172 καὶ
1334 1145 1478 1181 Βαοιλίδης
1494 1146 1587 1182 ἄλλην,
1603 1148 1652 1174 καὶ
1667 1148 1844 1181 Οὐαλεντῖνος

1051 1191 1146 1227 ἄλλην.

202 1241 321 1277 quisque
353 1239 462 1266 illorum
483 1237 528 1272 qui
551 1237 669 1264 diversis
700 1236 734 1262 ab
764 1235 884 1263 Ecclesia
907 1235 1083 1270 opinionibus
1107 1235 1247 1264 adhaerent
1269 1241 1297 1264 et
1318 1236 1437 1271 aliquam
1467 1237 1528 1265 falsi
1554 1239 1675 1267 nominis
1702 1242 1844 1269 scientiam

202 1291 355 1325 genuerunt
375 1286 411 1317 η.
432 1289 537 1320 portam
560 1283 640 1311 inferi
658 1283 811 1314 :edilieavit,
829 1283 911 1309 aliam
934 1282 1044 1317 quidem
1060 1281 1192 1316 Marcion,
1207 1283 1339 1311 Basilides
1354 1284 1448 1315 aliam,
1461 1289 1488 1312 et
1503 1285 1585 1312 aliam
1599 1284 1778 1315 Valentinus.

238 1336 283 1364 15.
305 1334 355 1362 llic
380 1333 463 1369 igitur
486 1337 571 1367 porta:
596 1331 746 1358 inferorum
771 1330 851 1358 dictae
868 1334 941 1357 sunt.
967 1329 995 1357 ln

205 1382 321 1411 Psalmis
336 1387 402 1407 vero
418 1378 518 1414 gratias
531 1377 586 1413 agit
604 1376 738 1411 Propheta
754 1377 849 1404 dicens
861 1377 902 1403 3"z
919 1385 928 1402 t
943 1375 996 1409 Qui

203 1428 310 1456 exaltas
327 1434 371 1453 me
391 1425 424 1452 de
443 1424 531 1459 portis
553 1422 660 1454 mortis,
678 1426 708 1449 ut
718 1421 880 1448 annuntiem
899 1428 996 1448 omnes

203 1473 376 1502 laudationes
394 1476 455 1498 tuas
468 1471 494 1496 in
510 1469 596 1504 portis
610 1467 672 1495 filia:
683 1466 760 1495 Sion.
774 1476 783 1493 ›
798 1467 886 1502 Atque
897 1474 931 1494 ex
944 1467 995 1494 hoc

202 1521 265 1548 loco
290 1517 422 1546 discimus
449 1514 507 1543 fieri
534 1521 673 1548 nunquam
699 1520 790 1548 posse,
815 1517 844 1539 ut
866 1512 913 1547 qui
939 1521 994 1540 non

202 1565 339 1594 exaltatus
356 1562 438 1590 fuerit
452 1561 486 1588 de
502 1560 587 1596 portis
602 1559 710 1591 mortis,
724 1563 751 1586 et
766 1558 799 1586 ad
814 1563 906 1593 portas
927 1558 992 1585 Sion

204 1618 259 1639 non
279 1609 442 1645 pervenerit,
454 1613 550 1634 omnes
567 1605 737 1632 laudationes
761 1604 807 1632 Dei
829 1605 994 1632 annuntiare

204 1657 298 1694 possit.
321 1655 410 1682 Porta:
425 1657 515 1681 autem
542 1651 609 1679 Sion
628 1651 772 1678 contraria:
791 1651 877 1686 portis
897 1651 994 1678 mortis

203 1701 316 1737 intelligi
332 1699 447 1736 possint,
464 1698 532 1726 adeo
556 1702 584 1724 ut
607 1701 684 1732 porta
699 1696 795 1724 mortis
816 1697 851 1724 sit
868 1696 991 1729 luxuria;

203 1754 281 1784 porta
296 1750 387 1774 autem
403 1744 469 1772 Sion
490 1743 618 1775 castitas;
635 1743 732 1770 mortis
749 1742 823 1775 item,
841 1741 991 1777 iniustitia;

204 1793 270 1822 Sion
286 1799 350 1820 vero
362 1790 478 1827 justitia,
492 1797 574 1825 quam
590 1788 738 1816 ostendens
752 1788 888 1824 Propheta
902 1788 969 1815 ait“
984 1796 990 1814 :

205 1850 215 1866 ‹
233 1839 296 1867 llaec
318 1842 396 1873 porta
412 1836 537 1869 Domini,
556 1835 624 1870 justi
648 1835 790 1862 intrabunt
812 1835 838 1861 in
855 1842 926 1867 eam;
943 1844 952 1861 ι
966 1840 993 1862 et

203 1892 311 1913 rursum
329 1883 426 1911 mortis
444 1886 533 1917 porta,
552 1881 588 1908 sit
603 1880 751 1913 timiditas;
771 1879 901 1907 fortitudo
917 1887 991 1913 vero,

205 1932 269 1959 Sion
291 1940 298 1958 :
324 1928 522 1964 imprudentia,
548 1927 658 1960 mortis;
676 1926 813 1954 contraria
837 1931 927 1953 autem
954 1926 992 1954 illi

202 1977 350 2013 sapientia,
376 1976 453 2004 Sion.
476 1974 610 2001 Omnibus
632 1977 723 2001 autem
757 1972 843 2008 portis
870 1972 992 2000 scientia:

203 2024 300 2051 falsum
317 2028 415 2049 nomen
434 2019 553 2056 gerentis
567 2026 621 2046 una
636 2018 774 2046 contraria
789 2022 831 2046 est
853 2023 932 2053 porta
945 2025 991 2046 ve-

1092 1330 1224 1357 Ὲνταῦθα
1243 1331 1292 1366 μὲν
1302 1329 1348 1358 οὖν
1365 1331 1446 1359 πύλαι
1462 1331 1525 1367 ᾅδου
1539 1332 1678 1368 εἴρηνται”
1698 1334 1729 1360 ἐν
1746 1335 1775 1361 δὲ
1794 1336 1844 1365 :92;

1048 1376 1171 1411 Ψαλμοῖς
1187 1377 1202 1403 ὁ
1220 1377 1367 1413 Προφήτης
1384 1377 1441 1413 (58)
1467 1377 1624 1414 εὐχαριστεῖ
1640 1379 1748 1414 λέγων·
1771 1391 1780 1406 ι
1820 1381 1846 1406 ‘U

1048 1421 1123 1457 ὑψῶν
1139 1431 1173 1458 με
1188 1424 1220 1449 ἐκ
1241 1422 1295 1450 τῶν
1309 1422 1400 1449 πυλῶν
1415 1423 1463 1450 τοῦ
1477 1423 1602 1457 Θανάτου,
1620 1425 1697 1456 ὅπως
1718 1425 1753 1452 ἂν
1768 1427 1846 1460 ἑξαγ-

1047 1469 1128 1502 γειλω
1142 1469 1232 1500 πάσας
1244 1468 1294 1500 τὰς
1307 1468 1425 1500 αἰνέσεις
1443 1477 1489 1495 σου
1505 1470 1534 1495 ἐν
1545 1472 1606 1502 ταῖς
1619 1470 1723 1503 πύλαις
1738 1471 1791 1506 τῆς
1803 1472 1847 1498 θυ-

1047 1514 1146 1550 γατρὸς
1164 1514 1242 1542 Σιών.
1268 1524 1277 1539 ι
1302 1515 1356 1541 Καὶ
1374 1515 1406 1541 ὲκ
1425 1515 1521 1542 τούτου
1537 1515 1566 1542 δὲ
1588 1516 1784 1552 μανθάνομεν,
1808 1518 1847 1544 ὅτι

1049 1560 1153 1595 μήποτε
1167 1560 1217 1595 οὐχ
1232 1557 1286 1586 οἷόν
1306 1568 1335 1586 τε
1356 1560 1429 1586 ἐστὶν
1444 1561 1534 1592 πάσας
1554 1561 1702 1597 δυνηθῆναι
1720 1562 1847 1596 ἐξαγγεῖ-

1046 1604 1090 1631 λαι
1104 1605 1153 1637 τὰς
1170 1605 1287 1638 αἱνέσεις
1299 1605 1360 1632 τινὰ
1378 1606 1425 1633 τοῦ
1439 1607 1516 1638 Θεοῦ,
1535 1607 1571 1643 μὴ
1585 1607 1730 1642 ὑψωθέντα
1747 1610 1781 1636 ἐκ
1794 1610 1847 1636 τῶν

1047 1651 1139 1677 πυλῶν
1150 1651 1198 1678 τοῦ
1216 1651 1341 1684 θανάτου,
1356 1652 1403 1679 καὶ
1417 1653 1561 1688 γενόμενον
1578 1653 1653 1689 παρὰ
1669 1655 1733 1686 ταῖς
1748 1655 1848 1686 πύλαις

1047 1696 1125 1723 Σιών.
1147 1697 1232 1724 Πύλαι
1246 1698 1274 1724 δὲ
1290 1698 1360 1725 Σιὼν
1373 1699 1504 1731 ἐναντίως
1519 1700 1640 1735 νοηθείεν
1657 1701 1721 1732 ταῖς
1745 1701 1847 1733 πύλαις

1045 1743 1092 1769 τοῦ
1109 1742 1236 1777 Θανάτου,
1254 1744 1292 1775 ὡς
1312 1743 1381 1772 εἶναι
1403 1746 1490 1781 πύλην
1513 1747 1561 1781 μὲν
1577 1746 1695 1773 θανάτου
1711 1747 1765 1783 τὴν
1783 1749 1848 1775 ἀκο-

1046 1790 1151 1822 λασίαν,
1170 1790 1257 1827 πύλην
1277 1791 1305 1818 δὲ
1329 1791 1398 1818 Σιὼν
1420 1793 1471 1828 τὴν
1497 1793 1684 1828 σωφροσύνην·
1707 1794 1759 1820 καί
1775 1795 1849 1821 οὕτω

1046 1835 1161 1862 θανάτου
1183 1837 1231 1872 μὲν
1249 1837 1299 1873 τὴν
1315 1837 1432 1870 ἀδικίαν,
1448 1838 1516 1864 Σιὼν
1536 1838 1563 1865 δὲ
1585 1839 1635 1874 τὴν
1654 1839 1848 1875 δικαιοσύνην,

1046 1881 1141 1916 ἥντινα
1152 1882 1259 1915 δεικνὺς
1273 1884 1287 1910 ὁ
1298 1884 1440 1919 προφήτης
1452 1884 1543 1919 φησίν·
1561 1893 1570 1909 ι
1586 1884 1660 1920 Αὕτη
1675 1886 1691 1919 ἡ
1708 1885 1786 1920 πύλη
1801 1887 1847 1912 τοῦ

1047 1930 1161 1966 Κυρίου,
1180 1931 1280 1958 δίκαιοι
1301 1932 1498 1959 εἰσελεύσονται
1515 1933 1544 1959 ὲν
1560 1933 1645 1969 αὐτῇ·
1664 1943 1674 1958 ι
1690 1929 1742 1961 κάι
1763 1935 1847 1962 πάλιν

1044 1975 1094 2011 τὴν
1115 1976 1163 2011 μὲν
1187 1977 1297 2010 δειλίαν,
1312 1978 1426 2005 θανάτου
1444 1978 1546 2014 πύλην·
1572 1978 1622 2014 τὴν
1644 1979 1672 2005 δὲ
1700 1980 1847 2016 ἀνδρείαν,

1045 2021 1113 2049 Σιών
1125 2030 1132 2037 ·
1149 2023 1195 2050 καὶ
1213 2024 1369 2060 ἀφροσύνην
1392 2025 1441 2060 μὲν
1462 2024 1589 2056 θανάτου,
1605 2026 1655 2060 τὴν
1669 2025 1697 2052 δὲ
1714 2027 1848 2054 ἐναντίαν

803 2076 920 2106 VETUS
940 2076 974 2104 IN
977 2077 1233 2109 TERPRETATIO.

202 2139 373 2169 scenduntin
391 2138 502 2177 inferos.
516 2138 610 2177 Tertia
621 2137 757 2173 cupiditas
773 2137 963 2177 pecuniarum,
978 2146 1027 2177 per
1043 2147 1125 2177 quam
1145 2141 1237 2177 cupidi
1260 2142 1439 2177 pecuniarum
1461 2143 1608 2175 incedunt,
1630 2151 1685 2170 non
1704 2143 1777 2177 Deo,
1798 2146 1847 2172 sed

205 2182 368 2214 mammonae
385 2175 544 2202 servientes.
561 2173 760 2214 adhueautem
774 2177 801 2200 et
814 2173 1006 2214 utinsquisqtie
1019 2173 1270 2214 hairesiarch'aruni
1279 2181 1423 2214 auctorum
1437 2178 1484 2212 qui
1498 2173 1617 2212 aliquam
1636 2177 1696 2205 falsi
1716 2173 1847 2207 nominis

203 2211 344 2246 scientiam
360 2214 523 2244 genuerunt.
537 2208 681 2246 aedificavit
695 2208 820 2246 aliquam
831 2207 910 2246 inferi
924 2207 1043 2246 portam.
1059 2210 1091 2238 Et
1108 2211 1189 2238 aliam
1207 2211 1317 2246 quidem
1335 2207 1455 2240 Marcion
1468 2218 1494 2240 et
1512 2207 1644 2240 Basilides
1660 2223 1666 2240 :
1685 2214 1775 2241 aliam
1797 2224 1847 2242 au-

202 2251 257 2274 tem
276 2243 437 2284 Valentinus
452 2249 505 2284 :_et
519 2246 559 2272 sic
574 2243 674 2284 singuli
690 2247 781 2278 patres
799 2243 1362 2284 singrulorttnrdogmatum“pefversorum
1374 2269 1381 2281 ,
1399 2248 1478 2284 quasi
1504 2248 1648 2276 architecti
1674 2249 1848 2284 impietatis,

204 2286 294 2319 portas
312 2280 418 2319 aliquas
432 2280 865 2319 inferorumconstruxerunt;_et
879 2279 958 2319 multi
970 2279 1073 2308 intrant
1090 2289 1139 2316 per
1153 2279 1276 2319 illashqui
1288 2279 1442 2317 sequuntur
1457 2283 1585 2319 dogmata
1597 2279 1798 2318 perversitatis
1814 2279 1848 2312 il;

202 2313 302 2345 lorum.
315 2313 383 2343 Cuin
397 2315 526 2354 βίοι-βε·ςο
542 2314 616 2354 mille
623 2318 653 2354 _el
665 2314 880 2354 innumerabiles
893 2313 1043 2354 inferorum
1056 2313 1151 2350 poi-tre,
1173 2313 1365 2354 nullauearu'mi
1381 2313 1510 2353 praevalet
1525 2313 1620 2345 contra
1637 2326 1701 2345 eum
1728 2321 1781 2354 qui
1799 2326 1848 2348 aut

203 2356 278 2386 petra
293 2355 350 2389 (εει,
360 2356 408 2378 aut
420 2348 551 2389 aedificata
568 2348 688 2389 Ecclesia
701 2356 784 2389 super
800 2353 916 2384 petram.
931 2348 1034 2389 Tamen
1049 2348 1135 2389 portae
1145 2348 1209 2380 ista:
1227 2352 1347 2387 aliquam
1359 2348 1460 2380 habent
1474 2353 1602 2380 virtutem
1614 2374 1622 2386 ,
1640 2348 1783 2389 quoniam
1801 2357 1836 2382 ad
1849 2373 1852 2374 ν

204 2383 299 2426 iet-sus
317 2386 423 2426 aliquos
443 2385 553 2426 quidem
568 2383 724 2424 prtevalent,
736 2383 786 2426 qui
803 2383 833 2426 se
849 2391 901 2426 non
919 2383 1209 2426 exlengutitadvgrsus
1224 2383 1291 2426 eas;
1315 2395 1404 2422 neque
1417 2395 1552 2416 conantur
1567 2383 1701 2416 resistere
1724 2389 1791 2421 eis;
1817 2392 1851 2415 ζιὶι

203 2421 264 2458 aliis
276 2425 366 2448 autent
382 2421 539 2458 vincuntur.
554 2420 601 2454 qui
618 2426 671 2445 non
688 2420 818 2446 recedunt
832 2420 866 2447 ab
881 2427 913 2447 eo
925 2420 972 2455 qui
988 2420 1057 2448 dixit
1071 2430 1078 2449 :
1097 2431 1106 2447 ι
1123 2421 1179 2458 Ego
1196 2430 1256 2450 sum
1267 2420 1367 2458 janua;_
1381 2433 1390 2449 ›
1405 2428 1432 2451 ct
1446 2423 1506 2450 ideo
1518 2424 1665 2451 destruunt
1682 2420 1792 2452 omnes
1807 2426 1848 2452 in-

204 2456 324 2483 ferorum
336 2460 427 2490 portas
443 2456 477 2482 ab
489 2455 579 2481 anima
597 2462 656 2481 sua.
721 2489 725 2490 ν
1027 2474 1029 2476 .

301 2489 406 2530 Είιιοῐι
417 2490 510 2530 solum
527 2489 570 2516 hic
584 2493 669 2530 portae
686 2489 835 2530 inferorum
848 2491 1019 2530 appellantur
1032 2497 1158 2530 peccata.
1172 2493 1219 2530 sed
1236 2493 1318 2530 etiam
1336 2493 1470 2528 Propheta
1486 2494 1589 2530 gratias
1614 2501 1702 2528 agens
1724 2493 1786 2522 Deo
1802 2496 1850 2530 qui

204 2526 330 2563 sublevat
348 2525 464 2552 humiles
479 2525 512 2563 de
529 2525 614 2563 portis
630 2525 725 2563 mortis
742 2525 871 2563 deorsum
886 2525 1111 2563 consistentibus,
1133 2528 1199 2555 dicit
1213 2537 1219 2555 :
1236 2538 1245 2554 ‹
1261 2528 1313 2561 Qui
1329 2525 1432 2556 exalias
1457 2525 1500 2555 me
1523 2529 1557 2556 de
1575 2525 1663 2563 portis
1681 2530 1801 2563 mortis,
1810 2525 1848 2556 ἰιι

206 2561 364 2600 annuntiem
383 2567 478 2600 Omnes
495 2551 588 2600 latidef»
602 2564 664 2600 tuas
684 2560 710 2586 in
726 2561 810 2599 portis
827 2551 1225 2600 quasi;i"i3§"tibc}iiixh
1572 2551 1851 2598 {si

203 2597 322 2631 aliquem
339 2603 435 2623 omnes
451 2596 544 2622 laudes
563 2594 609 2622 Dei
624 2597 800 2626 annuutiare,
815 2595 869 2621 nisi
884 2597 1020 2624 exaltatus
1033 2596 1116 2624 fuerit
1129 2597 1163 2624 de
1177 2598 1263 2633 portis
1278 2599 1384 2631 mortis,
1401 2594 1427 2626 et
1443 2598 1533 2626 factus
1549 2594 1633 2626 fuerit
1656 2600 1684 2626 in
1713 2601 1851 2627 omnibus

246 2666 270 2682 "
289 2666 366 2693 Joan.
383 2675 409 2699 κ,
427 2666 452 2698 7,
470 2665 498 2692 9.
544 2665 565 2680 ’³
586 2665 594 2691 1
612 2665 682 2692 Tim.
702 2673 738 2698 vt,
754 2665 799 2692 20.
849 2665 870 2680 ³ο
891 2664 963 2693 Psal.
981 2675 989 2693 ι

1124 2666 1146 2682 ³¹
1157 2668 1231 2696 Psal.
1250 2675 1335 2700 cxvn,
1350 2668 1395 2697 20.

238 2735 294 2769 (37)
312 2736 382 2769 Ἤδη
400 2736 433 2762 δὲ
449 2736 497 2762 καὶ
513 2736 641 2768 ἕκαστος
654 2734 714 2761 τῶν
731 2735 920 2769 ἑτεροδόξων,
933 2741 986 2763 etc.

205 2769 371 2803 Epiphanius
394 2772 420 2797 in
435 2772 561 2797 Ancarat.
576 2779 600 2796 e.
616 2771 647 2801 9;
665 2769 899 2804 Theopltylactus;
918 2770 986 2797 Gre-

206 2804 400 2864 pitsgtrtlshblagn.
416 2805 534 2840 Iz'xposit.
553 2806 583 2831 ἔμ’
595 2805 671 2831 Pan”.
687 2805 790 2838 putuit;
811 2805 983 2840 Euthymius.

305 2845 334 2864 's.

232 2845 334 2865 UETIUS.

1078 2737 1134 2775 (58)
1157 2739 1205 2775 Ἑν
1227 2739 1262 2766 δὲ
1288 2739 1350 2775 τοῖς
1378 2739 1511 2773 Ψαλμοῖς
1542 2740 1559 2765 o'
1584 2740 1768 2775 Προφήτης,
1793 2745 1848 2766 ριν.

1040 2773 1201 2809 Ambrosius
1225 2774 1271 2800 lib.
1286 2774 1323 2801 De
1347 2775 1412 2801 bono
1436 2775 1539 2806 mortis,
1566 2781 1629 2809 cap.
1648 2773 1696 2808 Ε,
1716 2782 1745 2802 et
1766 2776 1847 2803 Cam-

1040 2813 1119 2834 ment.
1133 2810 1160 2835 in
1176 2808 1240 2836 Luc:
1259 2818 1301 2842 Ix;
1322 2809 1551 2845 'l‘ltenphylacllls.
1570 2808 1607 2836 Ιῐιξ
