1870 3049
75 124 148 151 llil'l

547 124 724 154 COMMENT.
747 118 783 152 ΙΝ
801 125 1015 154 ΜΑΤΤΙΙιΕυΜ
1037 127 1158 156 TOMUS
1176 128 1234 157 XII.

1647 136 1714 164 1018

70 183 121 210 τοῦ
135 182 204 210 Θεοῦ
216 183 283 219 (d7).
296 193 304 208 I
320 183 418 210 Ὶστέον
434 183 536 218 μέντοι,
547 185 588 211 ὅτι
601 184 662 211 τινὰ
675 184 729 211 τῶν
741 185 808 211 ἀντι·

970 185 1185 214 ἱιίεἳϐΙιι-ἰειιιιιι
1210 187 1267 216 Dei.
1286 199 1294 214 ι
1329 189 1475 218 Sciendum
1501 199 1565 220 vero
1587 197 1708 227 quaedam

69 237 132 263 φων
152 228 199 255 τοῦ
223 228 293 256 κατὰ
309 229 448 255 Ματθαῖον
471 229 527 264 ἔχει
550 230 593 261 τὸ,
615 239 624 255 ι
648 230 824 266 ἐπετίμησεν.
857 239 866 255 ι

77 273 114 301 Ἦ
129 274 179 310 μὲν
193 271 240 300 οὖν
252 273 423 309 ima-tamet;
440 273 514 300 δοκεῖ
532 282 577 309 μοι
594 271 665 300 εἶναι
679 273 868 308 γενναιοτάτησ

69 319 152 351 λύσις
165 320 188 346 δ’
208 319 292 354 αὐτῆς
308 319 504 354 ἀναντίρῤητος
524 318 679 355 ζητηοήτω,
696 319 729 354 ἣν
752 319 766 346 ό
790 319 867 354 εὑρί-

71 371 158 395 σκων,
171 364 219 390 ἐὰν
263 364 450 398 πιστικωτέρα
458 363 511 390 τῶν
520 364 567 403 ὑφ’¹
578 366 594 399 ἡ
599 364 656 400 μῶν
663 363 869 400 λεχθησομένων

69 409 110 440 ὡς
133 408 317 444 ὑπομετρίων,
338 409 378 440 εἰς
401 409 483 444 μέσον
504 409 620 444 φερέτω.
639 409 760 444 Πρός-χες
781 407 828 436 οὗν
845 410 870 436 εἰ

70 454 187 483 δύνασαι
207 455 307 489 λέγειν,
322 455 408 481 ὅτιτὸ
426 454 600 482 πιστεύεσθαι
623 455 725 490 Ἰησοῦν
744 453 870 482 εἷναιτὸν

70 499 202 535 Χριστὸν,
219 499 328 525 ἔλαττόν
342 500 401 526 ἐστι
419 498 466 525 τοῦ
480 498 661 533 γινώσκεσθαι
675 500 706 526 τὸ
724 508 871 527 πεπιστευ-

73 545 168 580 μένον·
186 546 257 581 τάχα
269 546 298 572 δὲ
311 544 414 572 καὶτοῦ
426 545 608 580 γινώσκεσθαι
628 545 731 580 Ἰησοῦν
745 544 814 573 εἶναι
825 546 869 573 τὸν

70 592 194 626 Χριστὸν
214 591 332 627 διαφορά
353 592 438 623 ἐστιν,
459 591 490 617 οὐ
504 591 603 623 παντὸς
624 591 670 618 τοῦ
690 591 870 626 γινώσκοντος

70 637 175 672 ὁμοίως
191 637 271 664 αὑτὸν
288 636 479 671 γινώσκοντος.
495 636 556 663 ’Ὁτι
573 637 621 673 μὲν
637 635 683 664 οὖν
697 638 728 664 τὸ
743 637 870 664 πιστεύε-

70 682 136 709 σθαι
158 683 242 718 χωρὶς
257 682 385 717 γνώσεως
401 682 511 709 ἔλαττόν
532 683 591 709 ἐστι
609 683 657 709 τοῦ
674 682 868 718 γινώσκεσθαι,

68 727 152 763 δῆλον
170 728 202 754 ἐκ
215 727 262 754 τοῦ
284 727 354 755 κατὰ
373 728 518 764 Ἰωάννην
545 737 554 754 ι
581 728 643 755 Ἐὰν
665 728 776 764 μείνητε
791 729 819 754 ὲν
830 728 870 764 τῷ

69 773 146 808 λόγῳ
159 773 199 808 τῷ
214 773 283 808 ἐμῷ,
298 772 435 808 γνώσεσθε
447 772 496 809 τὴν
509 773 649 809 ἀλήθειαν,
661 773 708 800 καὶ
723 774 740 809 ἡ
756 773 870 809 ἀλήθεια.

69 818 253 854 ἐλευθερώσει
280 819 363 854 ὑμᾶς·
394 828 403 844 ι
429 819 470 845 ὅτι
491 818 520 845 δὲ
547 818 593 845 καὶ
613 818 661 845 τοῦ
688 818 870 853 γινώσκεσθαι

922 231 1087 266 exemplaria
1103 232 1242 268 Evargelii
1260 236 1409 262 seculidum
1429 236 1583 265 Manlianum
1601 240 1710 272 habere,

924 286 933 302 ι
958 277 1142 306 comminatus
1162 285 1213 307 est.
1245 290 1254 306 ι
1293 281 1415 309 Difﬁcilis
1442 283 1535 318 itaque
1568 289 1596 311 et
1626 286 1711 313 ardua

922 324 987 350 mihi
1001 324 1108 351 videtur
1119 333 1180 353 csse
1194 327 1308 360 qumstio
1325 337 1331 354 ;
1347 328 1419 355 illius
1428 335 1517 356 autem
1529 331 1629 357 solutio
1641 339 1712 366 quae

921 374 998 396 ratur
1023 378 1054 397 ea
1086 379 1146 405 qua:
1170 372 1282 399 minime
1314 373 1394 408 533
1422 374 1574 409 impugnari
1604 376 1710 410 possit;

921 423 1002 449 quam
1020 416 1065 450 qui
1083 416 1227 450 invenerit,
1246 418 1273 444 in
1290 419 1408 445 medium
1427 419 1556 454 proferat,
1579 421 1601 448 si
1624 422 1712 456 majo-

921 469 978 488 rem
994 462 1073 488 tidem
1089 467 1236 495 mereatur,
1262 472 1345 498 quam
1370 473 1431 499 qum
1459 474 1473 492 a
1498 466 1577 494 nobis
1597 467 1712 495 dicenda

921 511 996 539 sunt,
1010 507 1088 541 quasi
1112 516 1172 542 qua:
1194 509 1231 536 rei
1253 509 1327 543 paria
1346 518 1400 537 non
1422 511 1486 537 sint.
1511 511 1626 539 Adverte
1647 521 1712 548 ergo

922 560 986 579 num
1003 552 1093 580 dicere
1105 553 1193 588 possis
1209 555 1281 581 credi
1300 553 1393 582 Jesum
1414 563 1475 583 esse
1495 555 1646 589 Chris'um,
1661 559 1714 585 mi-

921 606 973 626 nus
986 606 1048 626 esse
1069 606 1151 633 quam
1178 601 1305 634 cognosci
1333 601 1406 636 quod
1436 602 1570 635 creditur;
1596 603 1712 631 fortasse

921 649 1011 685 autem
1032 649 1058 672 et
1088 645 1114 672 in
1143 645 1300 681 cognitione
1327 647 1388 678 hac,
1408 646 1500 674 Jcsuin
1526 648 1627 675 scilicet
1651 656 1712 676 esse

921 691 1072 723 Christum,
1093 691 1271 719 diﬂ‘crcntiam
1293 700 1364 726 esse,
1385 701 1446 719 eum
1469 693 1594 728 quisquis
1611 702 1713 730 cogno-

922 736 973 763 scit
986 737 1074 768 illum,
1090 737 1185 764 eodem
1199 737 1280 764 modo
1297 746 1350 765 non
1363 744 1519 773 cognoscat.
1529 739 1608 766 Credi
1622 740 1712 774 itaque

921 783 1025 818 absque
1040 784 1206 817 cognitione,
1224 784 1315 811 minus
1328 792 1389 812 esse
1402 793 1483 820 quam
1496 787 1633 820 cognosci,
1648 795 1711 821 per-

922 829 1047 863 spicuum
1065 834 1108 858 est
1122 838 1156 857 ex
1172 831 1224 858 hoc
1239 830 1354 858 Joannis
1366 831 1387 847 ⁸*
1405 840 1411 858 :
1434 841 1443 856 ι
1464 831 1492 858 Si
1508 839 1556 859 vos
1577 833 1711 859 manseri-

75 865 185 900 Ἰησοῦν
195 863 263 892 εἶναι
278 865 325 892 τὸν
345 865 461 901 Χριστὸν
472 865 590 900 διαφορᾶ
606 866 691 898 ἐστιν,
707 866 757 892 οὐκ
773 866 813 891 ἐπι

974 875 997 903 in
1010 883 1136 904 sermone
1151 885 1221 909 meo.
1237 877 1407 911 cognoscetis
1421 877 1574 909 veritatem,
1595 883 1620 904 et
1643 878 1712 904 veri-

66 912 126 939 τῶν
141 911 329 946 γινωσκόντων
349 911 538 946 γινωσκόντων
554 911 648 944 αὑτὸν,
666 912 713 937 καὶ¹
731 911 800 947 αὑτὴ
822 912 871 947 μὲν

68 958 87 992 ἡ
110 957 242 992 ἐνάργεια
272 956 310 992 τῷ
330 956 381 984 κᾶν
411 958 457 984 ἐπὶ
480 957 562 983 ποσὸν
588 957 765 992 ὲπιστήσαντι
788 957 870 993 παρί-

68 1011 154 1038 στησι
179 1002 210 1028 τὸ
226 1003 352 1038 πρᾶγμαθ
379 1002 421 1034 τις
436 1001 490 1038 γὰρ
509 1001 559 1028 οὐκ
578 1001 611 1029 ἂν
628 1001 804 1037 ὁμολογήσαι,
817 1003 868 1032 ὅτι,

68 1047 133 1082 φέρ’
154 1048 253 1078 εἰπεῖν,
277 1047 408 1082 Τιμόθεος
431 1046 574 1081 γινώσκων
605 1047 708 1083 Ἰησοῦν
728 1045 797 1074 εἶναι
823 1047 871 1074 τὸν

68 1092 201 1128 Χριστὸν,
232 1093 283 1119 οὐκ
323 1093 371 1120 ἐπὶ
405 1092 532 1120 τοσοῦτον
565 1092 721 1127 πεφώτιστο
750 1094 790 1125 εἰς
822 1093 870 1128 τὴν

68 1137 137 1173 περὶ
155 1136 239 1164 αὑτοῦ
264 1137 374 1171 γνῶσιν,
397 1137 460 1164 ὅσον
485 1137 500 1163 ὁ
522 1137 672 1169 ἀπόστολος
691 1137 797 1169 Παῦλος
821 1146 870 1164 πε-

68 1183 208 1218 φώτιστο;
234 1183 289 1209 Καὶ
310 1182 389 1210 τοῦτο
403 1183 425 1210 δ’
442 1182 475 1210 ἂν
492 1183 535 1215 τις
551 1183 602 1210 οὐκ
623 1183 656 1210 ἂν
677 1183 869 1218 παραδέξαιτο,

68 1230 124 1260 ὅτι,
152 1229 203 1256 κᾶν
228 1229 350 1261 πλείονες
373 1229 551 1265 ἀληθεύοντες
574 1229 676 1264 λέγωσι
699 1230 763 1265 περὶ
789 1229 868 1262 θεοῦ,

68 1277 123 1307 "ms.
140 1275 228 1307 Αὐτός
244 1283 289 1310 μοι
303 1274 402 1301 δέδωκε
415 1274 469 1300 τῶν
480 1274 564 1301 ὅντων
576 1275 677 1309 γνῶσιν
691 1275 804 1310 ἀψευδῆ,
819 1275 869 1311 οὐχ

68 1321 174 1356 ὁμοίως
193 1320 354 1356 τρανοῦντες
378 1320 426 1347 καὶ
446 1320 704 1356 καταλαμὸἀνοντες
727 1320 761 1347 τὰ
788 1328 870 1355 γινω-

70 1367 206 1402 σκόμενα,
218 1367 277 1393 οὐδὲ
290 1366 328 1401 τῷ
343 1366 453 1402 ἀριθμῷ
466 1366 585 1393 τοσαῦτα
595 1366 776 1400 γινώσκοντες
789 1366 869 1394 τοῦτο

69 1414 203 1449 ipe-33w;
219 1413 255 1439 Οὔ
276 1413 356 1448 μόνον
373 1412 401 1438 δὲ
418 1412 489 1439 uti
503 1412 553 1448 τὴν
573 1412 706 1448 διαφορὰν
725 1411 772 1438 τοῦ
788 1410 869 1445 γινώ-

70 1468 149 1485 σκειν
164 1459 224 1485 ἐστὶ
249 1459 312 1490 τοὺς
332 1457 515 1492 γινώσκοντας
537 1458 574 1493 μὴ
600 1458 700 1493 ὁμοίως
713 1457 867 1492 γινώσκειν,

68 1505 141 1531 ἀλλὰ
158 1505 206 1531 καὶ
226 1504 295 1531 κατὰ
309 1504 339 1530 τὸ
354 1504 534 1539 παραστῆσαν
546 1504 595 1539 τὴν
617 1503 727 1537 γνῶσιν,
745 1503 782 1535 ὡς
798 1502 869 1530 κατὰ

68 1551 152 1577 τοῦτο
164 1550 209 1577 τὸν
224 1551 450 1586 ἀποκαλύψαντος
470 1549 516 1576 τοῦ
533 1549 640 1584 Πατρὸς
652 1549 697 1575 τὸν
708 1549 773 1575 Υἱὺν
784 1549 868 1583 ἐγνω-

70 1598 150 1628 κότα,
172 1598 209 1630 ὡς
230 1598 332 1634 Πέτρος
347 1598 556 1633 μεμαρτύρηται
565 1597 726 1631 ἐγνωκέναι,
739 1596 810 1632 ἔχειν
822 1596 868 1623 τὸν

69 1644 204 1671 ἀνωτάτω
219 1643 403 1679 μακαρισμόν.
415 1644 447 1670 Εἰ
459 1643 488 1669 δὲ
505 1643 589 1677 ὑγιῶς
608 1643 674 1678 ἡμῖν
690 1643 777 1669 ταῦτα
791 1642 868 1678 εἴρη-

69 1698 128 1722 ται,
147 1690 305 1725 ἐπιστήσεις
319 1691 376 1716 εἰοῐ
390 1689 494 1716 δώδεκα
509 1689 642 1725 πρότερον
653 1689 702 1724 μὲν
713 1688 868 1720 ἐπίστευον,

69 1736 122 1763 οὐκ
146 1736 294 1770 ἐγίνωσκον
307 1736 344 1763 δέ·
368 1735 433 1771 ὲξῆς
450 1735 479 1761 δὲ
492 1735 531 1770 τῷ
551 1734 699 1767 πιστεύειν,
718 1735 764 1761 καὶ
780 1733 868 1771 ἀρχὰς

69 1780 146 1817 εἶχον
157 1781 203 1808 τοῦ
215 1781 370 1816 γινώσκειν.
388 1781 435 1808 καὶ
448 1780 598 1816 ὀλιγώτερα
609 1780 671 1816 περὶ
686 1779 767 1806 αὑτοῦ
777 1779 869 1814 ὲγίνω-

71 1834 151 1854 σκον·
164 1826 227 1853 ὖστε
233 1836 277 1863 ρον
295 1827 324 1853 δὲ
338 1825 510 1863 προῦκοπτον
523 1826 552 1852 ὲν
563 1825 602 1861 τῷ
613 1824 768 1860 γινώσκειν,
781 1824 819 1856 ὡς
830 1823 871 1851 δύ-

69 1871 172 1899 νασθαι
183 1872 305 1907 χωρῆσαι
322 1871 370 1907 τὴν
387 1870 441 1898 ἀπὸ
453 1871 499 1897 τοῦ
517 1870 625 1906 Πατρὸς
641 1870 752 1904 γνῶσιν,
768 1870 872 1897 ἀποκα-

69 1918 221 1949 λύπτοντες
235 1917 280 1943 τὸν
291 1917 366 1949 Υὶὸν,
380 1918 409 1944 ὲν
421 1916 503 1952 ὁποίᾳ
517 1916 684 1943 καταστάσει
695 1916 708 1942 ὁ
719 1916 823 1951 Πέτρος
835 1913 870 1951 ἦν

69 1965 155 2000 ήνίκα
173 1964 356 2000 ὲμακαρίσθη·
371 1963 485 1999 καὶγὰρ
501 1962 693 1998 μακαρίζεται,
705 1961 755 1988 οὐκ
769 1962 815 1987 ἐπὶ
831 1960 871 1996 τῷ

70 2010 233 2047 εἰρηκέναι’
262 2019 270 2036 ι
290 2010 329 2037 Σὺ
347 2009 372 2036 εἴ
385 2011 400 2036 6
419 2009 547 2046 Χριστὸς,
564 2019 573 2034 ι
604 2008 694 2043 μόνον,
705 2007 782 2034 am
800 2006 872 2042 μετὰ

69 2056 122 2091 τῆς
138 2055 309 2092 προσθήκης,
325 2056 384 2090 τῆς,
404 2065 413 2081 ι
428 2055 513 2086 ὀΥἱδς
529 2054 577 2081 τοῦ
589 2053 657 2080 Θεοῦ
668 2053 716 2080 τοῦ
729 2052 841 2085 ζῶντος.
858 2063 867 2079 ι

71 2102 105 2129 υἱ
119 2102 186 2136 γοῦν
202 2101 410 2137 ἀναγράᾲαντες
431 2101 545 2137 Μάρκος
565 2099 613 2127 καὶ
628 2100 735 2132 Λουκᾶς
756 2100 871 2135 ἀποκρι-

923 926 963 948 tas
975 922 1101 949 liberabit
1113 930 1172 950 vos.
1195 932 1204 948 ι
1221 921 1250 950 in
1266 923 1422 958 cognitione
1437 927 1529 950 autem
1547 923 1602 954 illa,
1619 922 1711 950 Jesum

922 967 1142 1000 esseChristum,
1160 967 1340 996 diﬂereutiam
1364 975 1436 1000 esse,
1458 975 1520 994 cum
1541 975 1636 995 omnes
1651 968 1713 1003 qui-

922 1019 1030 1046 cunque
1044 1019 1106 1039 eum
1119 1017 1330 1047 coguoseuntex
1353 1020 1432 1047 atquo
1454 1020 1509 1040 non
1533 1018 1710 1048 cognoscant,

921 1057 963 1084 vel
977 1057 1121 1085 minimum
1136 1058 1286 1085 attendenti
1303 1066 1358 1085 rem
1382 1058 1503 1086 declarat
1526 1059 1584 1094 ipsa
1610 1061 1714 1095 perspi-

921 1103 1009 1129 cuitas
1025 1110 1057 1130 ac
1072 1103 1217 1130 evidentia.
1238 1103 1306 1136 Quis
1319 1103 1391 1130 enim
1416 1111 1470 1131 non
1487 1104 1603 1132 fateatur
1622 1105 1713 1132 Timo-

921 1148 1025 1181 theum,
1039 1148 1112 1175 verbi
1122 1149 1219 1183 gratia,
1231 1153 1442 1183 cognoscentem
1456 1148 1549 1177 Jesum
1561 1158 1621 1177 esse
1633 1149 1713 1177 Chri-

921 1197 1005 1223 stum,
1021 1200 1075 1220 non
1092 1197 1196 1220 tantum
1212 1192 1297 1220 fuisse
1310 1193 1343 1220 ad
1362 1193 1433 1220 illius
1447 1194 1629 1229 cognitionem
1651 1194 1712 1221 illu-

920 1242 1045 1270 stratum,
1063 1242 1195 1273 quautum
1207 1237 1359 1266 illustratus
1373 1237 1424 1265 fuit
1438 1238 1539 1266 Paulus
1553 1239 1712 1273 apostolus?

920 1283 988 1310 Illud
1003 1288 1092 1310 autem
1105 1283 1167 1318 quis
1188 1291 1240 1310 nou
1260 1284 1411 1315 admiserit,
1431 1284 1503 1320 quod
1520 1284 1626 1312 etiamsi
1652 1284 1712 1319 plu-

919 1338 963 1357 res
976 1337 1038 1357 vere
1055 1329 1147 1357 dicant
1161 1329 1195 1357 de
1211 1329 1265 1357 Deo
1286 1338 1293 1358 :
1312 1329 1371 1364 Ipse
1383 1330 1448 1357 mihi
1459 1338 1553 1358 eorum
1572 1339 1633 1366 qua:
1647 1336 1712 1358 sunt

920 1375 1102 1410 cognitionem
1119 1383 1211 1402 veram
1231 1375 1330 1403 dedit:
1353 1383 1407 1403 non
1423 1375 1489 1403 illud
1513 1376 1605 1403 dicent
1627 1377 1710 1404 simili

919 1429 982 1448 cum
1005 1420 1201 1456 perspicuitate
1228 1425 1406 1456 exponentes,
1431 1426 1459 1449 et
1480 1422 1588 1457 cognita
1611 1422 1713 1457 pariter

919 1464 1011 1491 animo
1031 1464 1304 1499 comprehendentes,
1331 1466 1372 1493 vel
1403 1465 1513 1493 totidem
1536 1474 1650 1494 numero
1667 1474 1711 1495 res

920 1511 1134 1545 cognoscentes?
1143 1510 1202 1538 Non
1223 1511 1312 1539 solum
1326 1516 1415 1539 autem
1428 1520 1476 1547 per
1489 1513 1594 1540 varium
1609 1520 1712 1548 cogno-

921 1556 1015 1583 sccndi
1031 1557 1143 1584 modum
1156 1556 1266 1588 accidit,
1288 1562 1316 1584 ut
1345 1558 1392 1592 qui
1414 1562 1594 1592 cognoscunt,
1615 1558 1712 1585 eodem

922 1603 1003 1631 modo
1017 1610 1071 1630 non
1085 1607 1263 1638 cognoscant,
1277 1603 1325 1631 sed
1338 1608 1365 1631 et
1382 1611 1429 1639 per
1448 1604 1473 1630 id
1488 1604 1559 1639 quod
1577 1604 1712 1639 cegnitio-

920 1653 982 1673 nem
998 1645 1113 1677 confert,
1132 1650 1162 1674 ut
1173 1647 1252 1682 juxla
1267 1647 1345 1681 illud,
1359 1648 1383 1675 is
1395 1648 1441 1683 qui
1464 1648 1592 1682 cognovit
1614 1648 1712 1676 Filium

920 1690 1057 1718 revelante
1068 1689 1157 1722 Patre,
1180 1691 1411 1725 quemadmodum
1433 1692 1593 1727 cognovisse
1615 1692 1714 1721 Petrus

921 1735 1090 1771 perhibetur,
1120 1743 1278 1771 supremam
1303 1736 1497 1765 beatitudinem
1521 1743 1712 1772 consequatur.

922 1781 999 1815 Quod
1016 1781 1040 1808 si
1055 1781 1113 1808 haec
1125 1789 1140 1808 a
1153 1782 1233 1809 nobis
1250 1786 1323 1809 recte
1338 1782 1410 1810 dicta
1424 1787 1498 1816 sunt,
1515 1784 1714 1812 animadvertes

922 1836 956 1855 an
979 1826 1122 1854 duodecim
1148 1827 1264 1861 primum
1290 1827 1401 1862 quidem
1426 1828 1582 1860 credebant,
1602 1829 1714 1857 minime

921 1880 985 1900 vero
1001 1872 1218 1907 cognoscebant;
1241 1873 1339 1901 deinde
1360 1877 1505 1908 postquam
1526 1874 1712 1908 crediderunt,

921 1917 1089 1953 cognitionis
1106 1917 1262 1945 rudimenta
1284 1918 1473 1953 capessebant,
1488 1923 1515 1946 et
1531 1926 1666 1954 perpauca
1681 1920 1714 1947 de

922 1964 968 1991 illo
988 1963 1208 1998 cognoscebant;
1231 1969 1369 1998 postremo
1388 1964 1495 1992 tandem
1517 1964 1544 1991 in
1561 1965 1714 2000 cognitione

923 2010 1111 2045 proficiebant,
1126 2014 1156 2036 ut
1170 2009 1334 2045 cognitionis
1348 2010 1418 2037 datae
1437 2018 1452 2037 a
1467 2009 1546 2038 Patre
1560 2010 1657 2037 Filium
1671 2019 1714 2038 rc-

923 2055 1030 2082 velante
1050 2062 1164 2090 capaces
1177 2060 1286 2088 essent;
1305 2054 1460 2090 cuiusmodi
1483 2059 1584 2082 statum
1609 2056 1715 2082 obtine-

924 2100 971 2128 bat
983 2099 1094 2134 Petrus,
1109 2099 1219 2136 quando
1230 2100 1325 2128 beatus
1333 2100 1496 2135 pmdicatus
1506 2105 1557 2128 est.
1572 2100 1627 2128 Nec
1641 2101 1712 2128 enim

682 2154 798 2183 VETUS
818 2153 1114 2183 INTERPRETATIO.

73 2217 222 2252 incipiente
238 2217 273 2243 ab
288 2216 432 2244 Antiochia
448 2217 559 2244 nomine
577 2217 641 2244 isto.
659 2214 727 2252 illud
749 2214 830 2252 etiam
854 2215 882 2252 iu_
904 2215 956 2243 hoc
983 2216 1043 2243 loco
1070 2217 1247 2251 quaerendum
1272 2222 1314 2244 est
1330 2222 1432 2250 utrum,
1448 2224 1510 2244 cum
1534 2217 1715 2249 mitterentur,

74 2249 352 2287 jam-cognoscebant
368 2252 497 2287 quoniam
518 2252 575 2286 ipse
587 2255 647 2279 erat
657 2250 794 2287 Christus.
810 2249 844 2276 Et
861 2250 883 2277 si
897 2249 1101 2286 cognoscebant
1113 2252 1181 2286 jam,
1207 2253 1267 2279 sine
1293 2252 1377 2279 dubio
1401 2249 1583 2287 cognoscebat
1607 2252 1714 2280 Petrus.

74 2285 222 2322 Quomodo
239 2294 304 2321 ergo
322 2285 383 2322 post
398 2291 471 2314 tanta
488 2285 638 2322 interrogat
649 2293 701 2322 eos_
711 2294 742 2322 ελ(
760 2285 814 2322 Vos
827 2289 917 2322 autem
935 2294 1016 2322 que_m
1040 2294 1084 2313 me
1098 2285 1283 2322 essedicitisr?
1300 2297 1309 2312 ι
1327 2285 1481 2321 quando‘et
1494 2287 1667 2322 respondenti
1688 2292 1716 2314 et

74 2319 178 2350 dicenti
193 2319 295 2357 Petro:
313 2319 378 2348 (Tu
394 2330 424 2349 es
432 2322 566 2357 filii-istius
584 2319 668 2348 Filius
683 2320 732 2357 Dei
747 2319 813 2357 vivi,
831 2329 841 2345 ι
853 2319 948 2357 dixit}
960 2330 968 2345 ι
985 2320 1086 2357 Beatus
1097 2330 1137 2354 es,
1155 2321 1249 2349 Simon
1262 2319 1390 2355 Barjona,
1405 2322 1469 2356 quia
1481 2319 1547 2349 card
1565 2327 1592 2348 et
1603 2323 1716 2357 sanguis

76 2365 130 2384 non
149 2356 279 2392 revelavit
295 2357 355 2392 tibi,
371 2357 417 2383 sed
432 2356 517 2392 Pater
526 2364 603 2384 meus
618 2356 663 2392 qui
677 2356 709 2392 in
723 2355 869 2392 cmlisAest.
888 2364 902 2392 )_
916 2355 969 2392 Per
984 2356 1045 2392 haec
1055 2356 1127 2383 enim
1144 2365 1234 2384 sermo
1246 2355 1425 2387 demonstrat,
1437 2357 1565 2392 quoniam
1581 2361 1645 2384 tunc
1656 2355 1714 2391 pri-

76 2365 130 2384 non
149 2365 279 2384 revelavit
295 2365 355 2388 tim,
371 2365 417 2383 seu
433 2365 512 2384 ratcr
526 2365 603 2384 meus
637 2365 663 2382 ιιι
683 2365 709 2382 ιιι
723 2365 802 2382 cwus
817 2365 869 2382 est.
888 2365 897 2380 ι
916 2365 967 2382 rer
984 2365 1042 2383 nate
1055 2365 1127 2383 enim
1144 2365 1234 2384 sermo
1246 2365 1425 2387 demonstrat,
1437 2365 1565 2392 quoniam
1581 2365 1645 2384 tunc
1658 2365 1714 2391 pri-

75 2400 151 2420 mum
168 2391 313 2419 confessus
326 2391 414 2419 fuerat
429 2399 490 2418 eum
504 2391 601 2418 Petrus
617 2365 758 2426 Ebrislum
775 2389 872 2426 Filium
887 2389 933 2426 Dei
946 2390 1010 2417 vivi.
1027 2390 1058 2418 Ει
1073 2392 1134 2418 vide
1153 2392 1175 2419 si
1192 2397 1266 2426 potes
1282 2392 1437 2426 liujusmodi
1454 2392 1543 2418 facere
1556 2391 1716 2425 qumstiouis

75 2427 245 2454 solutionem
262 2427 368 2459 dicens,
387 2426 517 2461 quoniam
535 2426 646 2454 credi-re
656 2424 822 2461 Jesuni_esse
832 2425 986 2461 Christum,
1001 2426 1092 2453 minus
1107 2431 1149 2454 est
1165 2424 1247 2461 quam
1271 2424 1444 2460 cog-noscere.
1463 2424 1597 2459 Quoniam
1623 2431 1714 2453 autem

77 2463 172 2497 minus
186 2466 241 2497 est,
256 2459 447 2488 manifestatur
464 2469 497 2497 ex
513 2470 545 2488 eo
560 2461 632 2497 quod
650 2460 733 2487 refert
745 2459 865 2487 Joannes
880 2459 916 2497 ita
931 2469 937 2486 :
953 2470 962 2485 ‹
980 2460 1090 2497 Dicebat
1106 2459 1268 2497 ergo—Iesus
1293 2462 1326 2489 ad
1347 2469 1395 2489 eos
1416 2462 1463 2496 qui
1490 2461 1661 2489 crediderant
1677 2462 1714 2492 ei,

74 2496 209 2524 Judazos:
228 2496 255 2523 Si
274 2504 323 2524 vos
339 2496 498 2524 manseritis
514 2496 540 2523 in
557 2496 640 2522 verbo
656 2502 727 2525 meo.
744 2495 916 2529 cognoscetis
932 2496 1084 2528 veritatem,
1105 2495 1256 2524 et'veritas
1277 2497 1401 2524 liberabit
1417 2495 1483 2528 vos;
1501 2506 1510 2521 ι
1527 2502 1556 2522 ιιι
1570 2497 1714 2524 dicamus:

76 2532 191 2567 quando
209 2532 387 2567 mittebantur
401 2531 434 2558 ad
449 2531 663 2567 praedicandum,
679 2529 826 2567 credebant
839 2529 950 2567 quidem
969 2529 1062 2558 Iesum
1083 2539 1144 2559 esse
1163 2532 1311 2564 Christum,
1323 2539 1377 2558 non
1402 2537 1490 2558 tamen
1507 2531 1597 2558 adhuc
1613 2538 1717 2566 cogno-

76 2564 202 2596 scebant.
223 2566 322 2594 Postea
342 2571 432 2593 autem
447 2564 619 2601 proficientes
635 2573 683 2600 per
695 2564 851 2601 doctrinam
865 2569 892 2601 et
906 2565 982 2601 plura
1001 2567 1144 2597 miracula.
1163 2567 1244 2594 etiam
1256 2571 1451 2601 cognoverunt,
1469 2566 1579 2600 quando
1591 2571 1618 2593 et
1633 2564 1717 2593 initer-

77 2602 166 2636 rogati
187 2601 307 2629 confessi
324 2606 388 2629 sunt
402 2610 407 2628 :
426 2610 434 2626 ι
448 2598 491 2628 ⁷Τιι
508 2608 538 2628 es
551 2598 677 2628 Christus
695 2599 780 2636 Filius
797 2598 925 2636 Dci_\'ivi.
944 2609 953 2625 ι
970 2601 1024 2627 Aut
1038 2601 1060 2628 si
1077 2602 1266 2629 existimentur
1277 2598 1333 2636 jam
1351 2605 1416 2628 tunc
1426 2598 1539 2635 apostoli
1556 2601 1716 2636 cognovisse

76 2633 171 2664 Iesum
188 2644 251 2664 esse
261 2636 469 2672 Christnmtita
486 2640 528 2663 cst
545 2635 762 2672 respondendum
779 2643 786 2660 :
807 2633 872 2668 quia
891 2634 962 2661 inter
979 2643 1144 2672 cognoscere
1161 2641 1187 2664 et
1203 2633 1351 2672 agnoscere
1364 2633 1515 2663 dxﬂ‘ereutia
1534 2633 1716 2672 estIUtputa,

77 2672 141 2707 quis
157 2672 271 2707 sapiens
286 2679 340 2698 non
357 2671 483 2706 intelligit
498 2669 629 2706 quoniam
646 2669 808 2697 Timotheus
823 2676 992 2703 cognoscens
1002 2669 1096 2698 Ji-sum
1113 2679 1174 2699 esse
1186 2669 1335 2705 Clu-istum,
1350 2679 1403 2698 non
1419 2675 1522 2698 tantum
1540 2671 1566 2698 iu
1577 2669 1717 2706 agnitione

113 2742 134 2758 δ’
153 2741 235 2768 ¹Ιοιιιι.
255 2748 314 2772 νιιι,
331 2741 376 2774 51,
393 2740 437 2768 52.

112 2802 170 2837 (i7)
182 2800 277 2837 (huic);
293 2800 370 2837 Reg,
384 2800 428 2827 τὸν
445 2799 509 2828 Υἱὸν
527 2799 573 2826 τοῦ
598 2799 681 2833 θεοῦ,
697 2798 850 2826 'l'arinianu:

979 2800 1070 2837 ριστὺν
1094 2800 1138 2826 τον
1158 2799 1221 2826 Υἱὸν
1245 2799 1290 2825 τοῦ
1306 2798 1382 2826 Θ;οῦ.
1401 2797 1474 2826 Infra
1494 2797 1578 2826 codex
1598 2796 1713 2826 Tarini:

84 2834 121 2865 Ἠ
132 2834 183 2874 μέν
200 2834 248 2863 οὖν
264 2834 408 2872 ἀπόρὴσις,
