1870 3049
69 126 139 155 1053

544 121 723 152 COMMENT.
745 121 778 150 IN
797 119 1006 149 MATTIIEUM
1026 120 1145 149 TOMITS
1164 119 1223 148 XII.

1635 124 1702 152 1035

104 186 181 221 ’Λμα
194 183 224 211 δὲ
241 184 394 220 συγκρινείς
408 183 422 210 ὃ
445 191 471 210 τι
491 183 558 219 πρὸς
573 183 621 219 μὲν
638 183 683 210 τὸν
699 183 800 218 Πέτρον
816 179 839 208 εἷ

963 180 986 207 2.
1009 179 1096 207 Simul
1121 184 1212 207 autem
1235 179 1362 208 conteres
1385 181 1458 215 quod
1483 180 1564 208 Petro
1583 181 1652 210 dixit
1663 184 1701 210 "2

67 239 119 257 πεν
132 239 140 247 υ
156 241 165 256 ι
184 229 294 264 ’Ὕπαγε
311 229 399 256 ὀπίσω
413 238 475 265 μου,
493 230 600 256 Σατανᾶ
611 238 617 244 ·
646 239 655 254 ι
679 229 748 265 πρὸς
769 229 796 254 δὲ
813 228 858 254 τὸν

66 276 190 303 διάϐολον
215 276 325 303 ειπόντα
347 275 436 311 αὐτῷ·
461 285 471 300 ε
490 276 581 302 Πάντα
605 284 644 302 σοι
668 275 754 302 ταῦτα
769 274 858 306 δώσω,

66 322 116 349 ὲὰν
128 322 218 349 πεσὼν
231 322 424 358 προσκυνήσῃς
447 330 501 357 μοι·
521 322 641 356 ἰ’παγε,
651 322 769 353 Σατανᾶ,
788 331 796 347 ›
807 330 860 356 χω-

69 369 112 403 ρὶς
123 368 182 403 τῆς,
204 377 213 393 ι
233 368 320 394 ὀπίσω
343 376 405 403 μου,
427 377 436 393 ι
452 367 628 403 προσθήκης·
644 367 675 393 τὸ
695 367 749 403 γὰρ
772 367 859 393 ὀπίσω

66 412 114 438 τοῦ
129 411 216 448 Ἰησοῦ
228 409 297 438 εἶναι
312 411 414 446 ἀγαθόν
426 412 484 438 ἐστι
495 420 502 427 ·
517 411 557 438 διὸ
570 412 678 447 εἴρηται
688 412 718 438 τό
730 420 737 427 ³
752 421 761 438 ι
778 412 859 438 Δεῦτε

67 457 157 484 ὀπίσω
185 465 246 492 μου,
272 457 319 484 καὶ
345 457 451 492 ποιήσω
466 457 539 492 ὑμᾶς
561 457 646 489 ἁλιεῖς
666 456 827 493 ἀνθρώπων.
847 467 856 483 ι

69 501 196 530 Τοιοῦτον
211 502 240 529 δέ
256 504 314 529 ἐστι
330 503 377 529 καὶ
393 503 438 529 τό·
450 512 460 528 ι
475 503 524 534 ’³ος
539 503 590 529 οὐκ
603 503 674 538 αἴρει
686 502 732 529 τὸν
744 503 859 538 σταυρὸν

69 548 161 580 αὐτοῦ,
172 548 219 575 καὶ
228 548 368 575 ἀκολουθεῖ
378 548 465 576 ὀπίσω
479 557 540 584 μου,
552 549 602 575 οὐκ
615 548 671 575 ἐστι
686 557 735 584 μου
747 548 831 583 ἄξιος.
847 560 856 574 ι

69 595 124 621 Καὶ
136 593 304 628 ἁπαξαπλῶς
314 594 394 630 τήρει
404 594 464 629 τὴν,
480 604 490 619 ‹
503 594 600 627 ὀπίσω,
615 604 624 620 ι
640 594 722 627 λέξιν,
737 595 777 622 ὃτι
793 595 860 629 ἁγα-

70 640 117 667 θδν
142 641 191 676 μὲν
211 640 269 667 ἔστι
294 641 422 676 πρᾶγμα,
437 641 480 667 ὅτε
503 640 590 667 ὀπίσω
610 640 713 676 Κυρίου
727 640 775 667 τοῦ
791 640 858 667 Θεοῦ

67 694 111 717 τις
136 686 291 721 πορεύεται,
321 685 368 711 καὶ
396 684 484 711 ὀπίσω
509 684 555 712 τοῦ
585 684 704 721 Χριστοῦ
733 684 857 719 vlva-raw

66 730 188 756 ἐναντίον
202 730 241 762 δὲ,
258 730 302 756 ὅτε
320 730 410 766 ῥίπτει
425 738 465 762 τις
484 730 548 761 τοὺς
562 729 659 764 λόγους
673 729 720 756 τοῦ
736 729 803 756 Θεοῦ
820 730 860 761 εἰς

64 775 100 802 τὰ
113 775 209 808 ὀπίσω,
218 775 235 810 ἢ
248 775 292 801 ὅτε
303 773 524 809 παραϐαίνειτὴν
533 773 663 808 λέγουσαν
672 773 782 808 ἐντολήν
792 773 858 808 (66)-

68 831 80 848 ι
111 821 214 848 Ὀπῖσω
237 821 290 848 τῶν
307 820 460 856 ἐπιθυμιῶν
477 828 524 846 σου
543 820 580 855 μὴ
597 819 724 855 πορεύου.
746 829 755 845 ι
774 819 830 846 Kal.
845 819 859 844 ὁ

915 225 1004 253 tVade
1026 230 1087 261 post
1107 233 1160 259 me,
1185 226 1302 259 Satana;
1318 236 1327 252 ι
1352 231 1378 254 et
1399 227 1508 254 diabolo
1533 228 1558 255 ei
1583 228 1701 257 dicenti:

915 282 923 297 ι
944 272 1006 300 ﬂare
1030 272 1122 300 omnia
1146 273 1193 300 tibi
1214 273 1285 300 dabo
1298 292 1305 304 ,
1321 273 1344 300 si
1358 274 1458 302 cadens
1472 275 1630 303 adoraveris
1641 284 1702 303 me:

913 319 997 353 Vade,
1006 319 1134 352 Satana,»
1147 320 1249 354 absque
1259 320 1454 354 additamento,
1469 326 1546 356 «post
1554 330 1624 349 me.»
1638 322 1705 350 Post

911 365 1004 393 Iesum
1025 366 1125 400 quippe
1149 373 1210 394 esse
1236 367 1336 393 bonum
1362 372 1577 403 est:propterea
1599 368 1702 396 dictum

912 416 954 439 est
964 411 986 427 ⁷³
999 419 1006 437 :
1021 420 1030 436 ι
1047 411 1142 438 Venite
1159 416 1219 446 post
1232 419 1288 444 me,
1308 417 1335 439 et
1349 412 1448 440 faciam
1465 421 1514 441 vos
1535 414 1592 441 lieri
1610 414 1703 449 pisca-

914 459 985 482 tores
1000 455 1240 485 hominum..Tale
1257 461 1284 484 et
1302 456 1368 484 illud
1382 461 1424 485 est
1436 458 1460 473 ⁷⁸
1473 466 1480 484 :
1497 467 1506 483 ι
1521 457 1572 491 Qui
1587 467 1642 486 non
1658 467 1704 488 ac-

913 502 976 537 cipit
999 509 1108 529 crucem
1134 510 1228 535 suam,
1253 508 1281 530 et
1301 504 1427 538 sequitur
1447 512 1503 538 me,
1528 512 1582 532 non
1602 511 1645 533 est
1661 513 1705 533 me

912 547 1021 583 dignus.
1044 558 1053 574 ι
1084 547 1119 575 Ει
1137 548 1163 575 in
1184 549 1342 576 universum
1366 549 1445 585 54],
1465 551 1580 578 observa
1597 559 1703 585 vocem,

915 602 925 619 ι
938 598 1014 629 post;
1029 603 1038 619 ι
1064 594 1167 621 bonum
1185 595 1285 630 quippe
1301 600 1354 627 est,
1376 603 1438 623 cum
1459 596 1522 631 quis
1535 601 1597 632 post
1611 597 1704 625 Domi-

913 647 978 666 num
991 639 1076 667 Deum
1094 641 1226 674 ambulat,
1242 646 1269 668 et
1286 646 1347 676 post
1357 641 1496 669 Christum
1511 651 1518 669 ι
1536 648 1631 670 contra
1652 651 1704 672 au-

913 689 978 718 tem,
993 693 1054 713 cum
1071 687 1132 721 quis
1149 694 1289 714 Sermones
1303 687 1349 715 Dei
1366 692 1439 715 retro
1451 688 1570 723 projicit,
1586 689 1627 716 vel
1640 697 1703 717 cum

913 732 1113 767 transgreditur
1130 732 1288 760 mandatum
1308 733 1373 760 illud
1385 734 1408 749 "
1430 742 1438 760 :
1463 733 1548 762 «Post
1572 735 1704 770 concupi-

913 778 1034 805 scentias
1052 782 1114 806 tuas
1131 785 1184 804 non
1203 786 1260 805 eas.
1278 789 1286 804 ι
1312 778 1345 806 Ει
1362 778 1434 806 Elias
1451 780 1531 808 tertio
1548 780 1702 815 Regnorum

913 823 1013 857 populo
1025 823 1091 850 dicit
1101 824 1139 850 ’σε
1156 833 1165 849 ι
1186 823 1332 860 Usquean
1349 825 1509 853 claudicatis
1522 826 1549 853 in
1560 826 1628 854 duas
1637 835 1702 862 par~

71 867 166 898 Ἢλίας
181 866 209 893 δὲ
220 868 249 893 ἐν
262 868 295 902 τῇ
307 866 385 901 τρίτῃ
401 865 455 892 τῶν
496 865 644 892 Βασιλειῶν
657 865 726 901 πρὸς
736 865 781 891 τὸν
794 864 809 891 λ

963 868 1008 896 lSi
1024 868 1157 897 Dominus
1171 875 1212 897 est
1224 870 1306 903 Deus,
1321 871 1465 906 sequimini
1477 879 1539 899 eum
1552 880 1558 898 :
1573 872 1596 900 si
1611 877 1701 900 autem

65 922 148 948 φησιν
161 921 168 928 ·
189 921 198 938 ‹
220 913 292 944 Ἕως
305 912 371 938 πότε
383 912 463 947 ὑμεῖς
474 912 618 947 χωλανεῖτε
633 912 676 938 ἐπ’
689 912 859 947 ἀμφοτέραις

63 960 126 990 ταῖς
155 958 279 993 ἰγνύαιςς
301 958 332 984 El
359 957 416 983 ἔστι
443 957 545 992 Κύριος
567 957 581 982 ὁ
607 956 683 988 Θεὸς,
709 955 858 992 πορεύεσθε

64 1004 155 1031 ὀπίσω
171 1003 265 1031 αὑτοῦ.
281 1004 313 1030 Εἰ
329 1003 358 1030 δέ
381 1004 438 1029 ἐστι
458 1002 560 1038 Κύριος
573 1004 587 1029 ὁ
604 1002 688 1034 Βάαλ,
710 1001 859 1038 πορεύεσθε

64 1051 154 1078 ὀπίσω
173 1050 264 1077 αὑτοῦ.
286 1059 295 1075 ι
312 1049 364 1076 Καὶ
379 1049 453 1084 λέγει
466 1049 545 1075 τοῦτο
557 1047 596 1084 τῷ
612 1048 708 1084 Πέτρῳ
723 1049 738 1074 ὁ
757 1047 860 1083 Ἰησοῦς

66 1095 210 1131 στραφεὶς,
224 1095 272 1121 καὶ
284 1094 364 1121 τοῦτο
380 1094 531 1131 εὐεργετῶν
542 1095 624 1120 ποιεῖ.
638 1094 692 1120 Καὶ
705 1093 737 1120 σὺ
750 1093 799 1128 μὲν
813 1090 860 1119 οὖν

66 1142 179 1168 πλείονα
197 1140 357 1175 συναγαγὼν
372 1141 583 1177 παραδείγματα
593 1141 652 1172 τοῦ,
667 1151 676 1166 ε
692 1140 831 1176 στραφεὶς,
848 1150 857 1165 ι

64 1187 113 1213 καὶ
138 1186 255 1222 μάλιστα
273 1186 320 1212 ἐπὶ
334 1186 381 1212 τοῦ
403 1186 491 1222 Ἰησοῦ
505 1186 669 1222 τεταγμένα,
690 1187 738 1213 καὶ
752 1185 861 1218 συνεξε-

63 1233 152 1264 τάσας
166 1233 236 1260 αὐτὰ
251 1232 385 1268 ἀλλήλοις,
402 1232 492 1268 εὕροις
508 1232 541 1260 ἂν
553 1233 583 1260 οὺ
600 1232 791 1269 παρελκόντως
811 1232 860 1267 τὴν

63 1280 140 1313 λέξιν
164 1279 293 1315 κειμένην
304 1288 311 1296 ·
325 1280 406 1314 ἀρκεῖ
419 1279 448 1306 δὲ
469 1279 516 1305 ἐπὶ
530 1279 577 1306 τοῦ
595 1279 726 1316 παρόντος
741 1278 862 1315 παραθέ-

65 1326 131 1353 σθαι
142 1325 195 1352 ἀπὸ
204 1325 251 1352 τοῦ
263 1325 333 1352 κατὰ
349 1326 475 1362 Ἰωάννην
483 1334 490 1341 ·
509 1336 517 1351 ι
532 1326 665 1361 Στρσφεις
676 1326 704 1353 δὲ
714 1327 728 1352 ὁ
745 1325 859 1362 Ἰησοῦς,

66 1372 114 1400 καὶ
137 1371 304 1407 Θεασάμενος
328 1372 427 1404 αὐτοὺς
447 1381 456 1397 ι
473 1371 592 1407 δηλονότι
611 1372 714 1408 Πέτρον
730 1372 778 1398 καὶ
798 1371 858 1398 Ἀν-

65 1418 148 1454 ὁρέαν
170 1427 180 1444 ι
199 1417 424 1450 ἀκολουθοῦντας,
440 1418 512 1452 λέγει
529 1418 636 1450 αὐτοῖς·
653 1417 685 1444 Τί
700 1417 826 1453 ζητεῖτε;
847 1426 856 1443 ι

66 1466 140 1501 Ὅρα
153 1464 218 1500 γὰρ,
230 1466 270 1492 ὅτι
283 1465 330 1492 καὶ
342 1466 371 1493 ὲν
384 1465 499 1497 τούτοις,
515 1473 525 1490 t
544 1464 685 1500 στραφεὶς,
702 1474 711 1490 ι
726 1465 768 1491 ἐπ’
781 1464 859 1500 εὐερ-

64 1512 148 1548 γεσίᾳ
163 1512 267 1546 γίνεται
282 1511 336 1539 τῶν
352 1511 419 1547 πρὸς
434 1510 481 1543 οὓς
497 1510 632 1547 ἐστράφη.

912 912 988 945 Baal,
1011 915 1159 949 sequimini
1185 915 1271 943 illum.
1290 925 1299 942 ›
1324 915 1356 943 Ει
1372 916 1424 944 hoc
1441 917 1552 951 quidem
1574 917 1700 946 dicitPe-

912 962 955 985 tro
969 958 1050 987 Jesus
1077 967 1237 992 conversus,
1261 966 1287 988 et
1307 961 1332 988 id
1356 961 1419 989 facit
1432 963 1457 988 ei
1473 962 1639 997 gratiﬁcans.
1661 962 1702 990 Tn

913 1009 1003 1032 autem
1018 1005 1097 1041 plura
1111 1007 1234 1042 exempla
1257 1007 1388 1042 colligens
1406 1007 1542 1040 vocabuli,
1564 1017 1573 1033 ι
1589 1016 1704 1036 conver-

913 1056 972 1083 sus,
988 1059 998 1076 ι
1021 1052 1138 1079 maxime
1155 1059 1216 1086 qua!
1232 1053 1265 1079 ad
1280 1052 1372 1080 .lcsnm
1395 1054 1558 1088 pertineant,
1575 1059 1602 1082 et
1618 1061 1651 1081 ea
1665 1054 1703 1082 si--

913 1094 970 1121 mul
989 1096 1169 1128 contendens,
1185 1098 1304 1131 reperies
1324 1105 1378 1124 non
1397 1106 1628 1132 supervacaneam
1642 1106 1702 1127 esse

913 1147 1006 1167 vocem
1029 1141 1109 1168 hanc.
1136 1141 1240 1169 Sulllcit
1270 1148 1360 1170 autem
1393 1143 1419 1170 in
1447 1145 1590 1178 praesentia
1617 1145 1643 1172 id
1668 1153 1700 1173 ex

914 1184 1061 1220 Evangelia
1080 1186 1194 1214 Joannis
1211 1187 1333 1222 proferre
1345 1189 1365 1204 ⁷⁷
1379 1196 1386 1214 :
1407 1198 1416 1214 ι
1431 1188 1587 1217 Conversus
1611 1195 1701 1217 autem

913 1230 1003 1264 Jesus,
1020 1236 1047 1259 et
1060 1233 1155 1260 videns
1174 1240 1221 1260 eos
1238 1233 1359 1268 (Petrun
1375 1234 1500 1262 videlicet
1515 1240 1542 1262 et
1553 1235 1700 1272 Andream)
1739 1232 1745 1235 ”

913 1283 1058 1314 sequentes
1075 1287 1114 1313 se,
1129 1279 1196 1306 dicit
1208 1279 1249 1307 cis
1261 1291 1267 1306 :
1281 1279 1351 1313 Quid
1368 1281 1509 1316 quaeritis?
1523 1291 1532 1307 ι
1567 1281 1616 1309 llic
1629 1283 1701 1310 enim

914 1326 1035 1359 adverte,
1049 1333 1111 1353 cum
1132 1335 1142 1351 ι
1157 1333 1307 1354 conversus
1321 1336 1330 1349 ι
1348 1332 1400 1360 est,
1417 1327 1517 1355 factum
1536 1327 1601 1355 illud
1616 1327 1702 1356 fuisse

913 1370 941 1398 in
957 1379 1052 1399 eorum
1068 1372 1182 1407 gratiam
1196 1376 1223 1400 et
1237 1372 1399 1400 beneﬁcium
1415 1373 1448 1400 ad
1465 1380 1536 1409 quos
1551 1380 1702 1401 conversus

912 1421 966 1444 ρει.

669 1599 785 1628 VETUS
807 1598 1099 1627 INTERPRETATII).

102 1669 148 1696 22.
172 1669 259 1697 Simul
277 1674 367 1697 autem
384 1672 527 1699 considera
550 1672 730 1699 dillerentiam
755 1671 855 1706 verbi;
873 1671 1004 1706 quoniam
1022 1671 1056 1698 ad
1075 1670 1186 1698 Petrum
1211 1671 1321 1705 quidem
1337 1670 1406 1697 dixit
1423 1679 1428 1697 :
1451 1680 1460 1696 ι
1479 1669 1553 1698 Vade
1570 1675 1632 1706 post
1646 1678 1700 1703 me,

65 1704 188 1740 Satana,
203 1715 212 1730 ι
232 1706 264 1732 ad
282 1706 420 1733 diabolum
436 1711 525 1734 autem
541 1707 677 1735 dicentem
694 1706 746 1733 sibi
767 1715 773 1732 :
795 1716 804 1731 ι
827 1704 888 1733 Haec
902 1707 994 1733 omnia
1010 1706 1057 1733 tibi
1074 1707 1155 1737 dabo,
1170 1706 1192 1733 si
1207 1704 1352 1740 procidcns
1375 1706 1533 1733 adoraveris
1549 1704 1609 1739 me;
1631 1715 1641 1731 ι
1659 1706 1701 1732 di-

65 1741 118 1770 xit,
141 1739 243 1776 (“Vade
259 1739 372 1770 Satana,
392 1750 401 1766 ι
421 1744 479 1768 sine
495 1743 681 1769 additantento
701 1750 709 1766 ι
730 1745 790 1775 post
808 1749 860 1776 me.
879 1750 888 1766 I
910 1740 978 1767 Nam
996 1742 1035 1767 ire
1048 1746 1110 1776 post
1127 1739 1231 1773 Jt-sum,
1250 1741 1417 1776 bonumrest.
1439 1740 1585 1775 Propterea
1603 1748 1702 1768 secun-

63 1776 133 1802 dum
149 1774 269 1802 Marcum
288 1775 328 1803 sic
343 1776 410 1803 dicit
424 1785 430 1803 :
452 1786 461 1802 ε
483 1776 555 1804 Vidit
569 1777 708 1804 Simonem
726 1774 753 1803 et
766 1775 902 1802 Andream
926 1775 1037 1803 fratrem
1048 1774 1129 1810 ejus,
1149 1781 1175 1802 et
1188 1776 1256 1802 dixit
1270 1775 1310 1802 eis
1326 1784 1333 1802 :
1355 1774 1447 1802 Venite
1461 1774 1522 1810 post
1537 1783 1581 1803 me
1593 1795 1601 1807 ,
1621 1780 1649 1802 et
1662 1776 1701 1803 l'a-

63 1811 140 1839 ciam
156 1818 205 1837 vos
223 1811 373 1845 piscatores
388 1811 542 1839 hominum.
563 1822 572 1838 r
595 1812 660 1839 Tale
681 1816 722 1838 est
739 1811 820 1838 etiam
846 1811 910 1837 illud
926 1811 998 1844 quod
1018 1811 1085 1838 dicit
1101 1820 1107 1838 z
1129 1820 1138 1836 ι
1155 1810 1183 1837 Si
1201 1810 1264 1844 quis
1282 1817 1336 1836 non
1352 1810 1422 1837 tollit
1437 1818 1545 1837 erucem
1563 1818 1638 1837 suam
1650 1831 1658 1843 ,
1675 1817 1702 1838 et

63 1845 194 1907 oeqlpitur
211 1854 264 1877 me,
278 1853 331 1875 non
348 1850 390 1873 est
402 1854 445 1873 me
456 1847 566 1882 dignus.
581 1857 590 1872 ι
611 1846 643 1873 Ει
658 1851 688 1874 ut
702 1846 820 1873 breviter
832 1845 932 1877 dicam,
943 1845 1088 1873 considera
1109 1846 1265 1880 ubicunque
1280 1845 1380 1872 dicitur
1393 1845 1506 1872 verbum
1525 1855 1534 1870 ι
1547 1849 1607 1880 post
1622 1854 1675 1878 me,
1689 1856 1698 1872 ι

64 1881 95 1907 in
132 1888 185 1907 ono
201 1881 312 1907 dicitttr.
333 1880 437 1907 Bonum
451 1888 493 1907 est
506 1882 578 1907 enim
598 1882 709 1907 quando
724 1881 787 1907 uuis
806 1886 866 1907 nost
880 1880 1025 1907 Dominum
1044 1881 1118 1907 vadit
1133 1890 1139 1907 :
1158 1881 1326 1907 coniti-arium
1344 1884 1446 1907 autem.
1475 1881 1584 1907 quando
1601 1881 1698 1907 aliquis

64 1881 95 1907 in
112 1880 185 1907 bono
201 1881 312 1908 dicitttr.
332 1880 437 1916 Donum
451 1880 578 1910 est—enim
598 1882 709 1916 quando
724 1881 787 1915 quis
806 1886 866 1916 post
880 1880 1025 1907 Dominum
1044 1881 1118 1907 vadit
1133 1890 1139 1907 :
1158 1881 1326 1916 contrarium
1344 1884 1446 1912 autem,
1475 1881 1584 1914 quando
1601 1881 1700 1915 aliquis

64 1915 160 1950 rejicit
174 1923 314 1951 sermones
331 1915 436 1943 Domini
453 1922 512 1951 post
527 1925 556 1944 se
571 1927 576 1943 :
590 1914 632 1944 vel
648 1917 694 1951 qui
711 1914 910 1951 transgreditur
927 1916 992 1942 illud
1010 1916 1168 1943 mandatum
1186 1925 1192 1942 :
1213 1925 1222 1940 ‹
1242 1914 1307 1942 Post
1329 1915 1566 1951 concupiscentias
1589 1914 1653 1942 tuas
1667 1922 1700 1941 ne

63 1951 164 1977 vadas.
184 1960 193 1976 ι
214 1952 278 1977 Item
294 1950 367 1977 Elias
381 1951 406 1977 in
424 1950 502 1980 tertio
515 1950 671 1985 Regnorum
689 1951 758 1978 libro
777 1950 809 1977 ad
826 1951 956 1985 populum
974 1951 1059 1978 dicit:
1080 1960 1089 1976 ι
1106 1951 1254 1985 Usquequo
1275 1950 1436 1977 claudicatis
1451 1957 1499 1976 vos
1512 1950 1699 1985 trtrisque_pe—

63 1985 151 2012 dibns
168 1985 286 2012 vestris?
304 1986 332 2011 Si
347 1985 478 2014 Dominus
493 1992 534 2014 est
549 1983 639 2018 Deus,
665 1986 700 2013 ite
723 1990 784 2020 post
806 1983 902 2012 Deum.
923 1985 950 2012 Si
969 1991 1058 2013 autem
1083 1983 1297 2013 BaaI'Dominus
1310 1989 1361 2020 est,
1381 1985 1416 2012 ite
1430 1983 1618 2020 postrillumft
1638 1983 1700 2011 llatc

65 2025 162 2046 autem
187 2020 294 2055 dicens,
312 2025 420 2054 propter
442 2023 514 2055 quod
539 2019 743 2048 divertcbantur
758 2021 790 2047 ad
801 2021 963 2055 diabolum,
982 2022 1044 2054 quia
1070 2021 1127 2055 ipse
1142 2026 1183 2048 est
1199 2020 1326 2047 Satanas.
1341 2019 1374 2046 Et
1390 2028 1442 2046 non
1453 2039 1461 2051 ,
1480 2019 1554 2046 Vade
1568 2024 1632 2046 ante
1644 2027 1698 2052 me,

65 2055 185 2088 Satana,
201 2055 234 2082 ad
250 2054 361 2082 Petrum
377 2055 415 2082 ait
432 2065 438 2082 :
452 2054 502 2084 sed
515 2077 521 2087 ,
540 2066 549 2082 ι
569 2056 642 2084 Vade
660 2059 722 2090 post
732 2063 786 2087 me,
797 2054 908 2085 Satana,
923 2065 932 2080 ι
949 2063 974 2082 et
992 2056 1042 2083 hoc
1054 2054 1120 2083 dicit
1133 2055 1213 2083 Petro
1223 2055 1301 2082 Jestts
1317 2063 1466 2082 conversus
1481 2055 1514 2082 ad
1531 2063 1592 2082 eum
1611 2064 1617 2081 ε
1637 2062 1699 2081 nam

61 2095 91 2117 et
106 2090 161 2116 hoc
177 2090 340 2124 prodilieans
359 2090 382 2117 ei
398 2089 471 2118 fecit.
491 2091 523 2117 Et
539 2092 634 2118 beatus
648 2089 682 2117 ad
696 2097 775 2125 quem
791 2090 958 2117 convertitur
971 2090 1107 2122 Christus,
1125 2091 1206 2118 etiam
1223 2091 1245 2117 si
1264 2089 1429 2123 corripiendi
1456 2097 1540 2117 causa
1558 2090 1699 2117 converti--

62 2131 128 2156 tur,
147 2126 218 2152 sicut
235 2132 385 2161 conversus
397 2131 439 2153 est
453 2126 486 2153 ad
503 2125 623 2154 Petrum.
645 2125 678 2152 Et
693 2130 725 2161 tur
734 2125 843 2160 quidem
859 2126 961 2159 poteris
979 2126 1056 2159 plura
1073 2133 1238 2161 congregare
1263 2125 1419 2161 lmjusmodi
1433 2125 1555 2160 exernpla
1567 2144 1574 2157 ,
1594 2125 1621 2151 in
1637 2125 1698 2159 qui-

61 2162 116 2188 bus
134 2161 252 2195 positum
268 2163 320 2192 est,
335 2169 358 2195 ﬁt?
367 2160 522 2189 Conversus
541 2172 546 2189 :
569 2171 578 2187 ι
596 2167 623 2189 et
638 2160 759 2189 invenies
776 2161 936 2195 plerumque
950 2162 983 2188 ad
1001 2160 1144 2187 utilitatem
1162 2168 1256 2187 eorum
1273 2160 1391 2194 positum
1411 2168 1481 2191 esse.
1500 2161 1533 2187 ad
1549 2168 1619 2195 quos
1636 2168 1701 2187 con-

60 2197 182 2223 vertitur
208 2194 298 2222 Jesns.
314 2230 319 2231 γ
334 2194 399 2222 Mihi
427 2201 517 2223 autem
534 2197 657 2231 proferre
680 2195 779 2224 sullicit
795 2195 822 2222 in
838 2197 965 2231 praesenti
993 2196 1064 2231 illud
1081 2196 1270 2230 propheticum
1284 2195 1378 2231 dicens
1395 2204 1401 2221 :
1425 2204 1437 2231 (ν
1452 2194 1627 2231 Convertere.
1645 2195 1699 2222 D0-

59 2231 151 2263 nrine,
169 2230 380 2265 aliquantulutn.
399 2239 408 2256 ›
431 2231 496 2258 Item
515 2240 521 2258 :
536 2229 552 2256 ‘c
568 2231 724 2258 Conversus
737 2230 858 2265 respexit
872 2229 993 2258 Petrum.
1014 2241 1022 2256 ι
1044 2230 1094 2258 Ubi
1108 2229 1139 2258 et,
1151 2231 1331 2257 conversione
1350 2230 1409 2264 ejus
1423 2230 1591 2257 illuminatus
1604 2229 1701 2257 Petrus

59 2265 196 2300 cognovit
212 2270 353 2300 peccatum
371 2273 466 2300 suum,
484 2271 511 2294 et
527 2267 700 2294 amarissime
716 2265 798 2292 ﬂevit.
820 2266 886 2292 Item
903 2267 1053 2293 secundum
1069 2265 1202 2292 Joannem
1220 2275 1226 2292 :
1247 2275 1256 2290 ‹
1276 2265 1309 2291 Et
1332 2265 1478 2292 audierunt
1500 2266 1555 2292 duo
1571 2265 1698 2300 discipuli

57 2299 137 2335 ejus,
155 2304 181 2327 et
197 2299 282 2327 secuti
298 2305 362 2336 sunt
372 2299 476 2336 Iesum.
496 2301 652 2329 Conversus
669 2305 759 2328 autern
774 2300 865 2332 Jesus,
882 2300 951 2328 vidit
968 2301 1029 2328 illos
1044 2305 1190 2336 sequentes
1205 2308 1244 2334 se,
1263 2305 1289 2327 et
1303 2299 1372 2327 dixit
1386 2300 1425 2327 eis
1445 2309 1451 2327 :
1469 2300 1540 2333 Quid
1554 2299 1676 2335 qumritis
1690 2301 1702 2326 ‘3

57 2341 90 2363 at
104 2335 144 2362 illi
162 2335 290 2363 dixerunt
302 2335 327 2363 ei
345 2345 351 2362 :
370 2335 507 2370 Magister,
524 2337 568 2363 ubi
584 2337 696 2364 manes?
713 2345 723 2362 ›

97 2420 122 2436 ⁷¹
135 2421 230 2450 Matth.
245 2430 284 2455 1r,
296 2420 341 2448 10.
378 2420 401 2436 ⁷³
409 2418 490 2446 Marc.
506 2425 524 2450 l,
537 2417 581 2444 17,
618 2416 733 2443 “Marc.
745 2424 772 2448 κ,
784 2415 828 2442 58.

959 2414 984 2441 li.
995 2413 1126 2446 xvtn,50.
1163 2414 1187 2429 ⁷⁸
1199 2413 1232 2441 111
1245 2413 1310 2450 Reg.
1322 2423 1399 2446 xvnt,
1411 2414 1456 2441 ‘2I.
1494 2413 1515 2430 ⁷⁷
1525 2412 1605 2441 Joau.
1620 2421 1638 2445 ι,
1652 2411 1697 2440 53.

96 2492 157 2525 (66)
185 2491 363 2525 Παραϐαίνει
385 2489 443 2524 τὴν
462 2489 615 2525 ,λέγουσαν
640 2485 780 2525 ἐῃολήν,
799 2490 852 2525 etc.

56 2521 162 2554 Exstat
186 2521 344 2553 mandatum
371 2521 437 2552 illqu
461 2521 544 2551 I‘Sccli.
562 2530 639 2552 xvnt,
652 2521 697 2554 50,
713 2529 729 2549 e
741 2529 795 2556 quo
811 2521 855 2548 de-

56 2567 191 2597 prompta
213 2562 376 2597 documenta
399 2567 461 2597 cum
477 2559 668 2597 mandatorum
685 2557 739 2584 vim
756 2556 855 2583 habere

55 2593 177 2637 censeat
205 2596 354 2638 Qriqepes,
384 2596 492 2638 videtur
517 2593 716 2638 libratur-blitum
740 2599 790 2626 pro
807 2599 855 2618 ca-

55 2632 165 2660 nonico
194 2627 351 2659 admisisse.
388 2630 458 2657 Idem
482 2630 540 2664 ipse
558 2629 586 2655 in
607 2627 762 2664 M'altlta'um
779 2635 854 2664 arti,

57 2668 95 2694 I5
108 2672 138 2694 et
152 2675 229 2701 seq.:
249 2665 370 2692 Ἰουδαῖοι
385 2665 432 2701 ἅτε
449 2661 517 2691 ἰδίαν
533 2663 641 2701 ξχοντες
656 2662 704 2701 τὴν
720 2661 792 2701 ματᾴ
808 2662 854 2688 τὸν

54 2697 288 2736 Μωσέως’νόμον
304 2700 488 2736 διδασκαλίαν,
503 2697 703 2736 ξιαΐπολιτεξαν
714 2697 853 2736 ἀπεξενω-

56 2738 148 2773 μένην
169 2732 220 2772 τῆς
238 2732 295 2762 τῶν
316 2735 401 2762 ἐθνῶν
424 2735 553 2777 ἀγωγῆς,
571 2734 618 2760 καὶ
639 2732 853 2774 δόγμα-ἔχοντες

53 2773 87 2799 τὸ
109 2773 208 2807 λέγον·
229 2772 301 2807 Ἕως
328 2771 442 2807 θανάτου
462 2777 600 2807 ναγιονισαι
626 2769 690 2807 περὶ
704 2776 764 2807 ’της
785 2768 853 2807 ἀλη-

53 2788 87 2799 Ίνυ
109 2788 192 2807 Λιῐυν
242 2788 300 2803 μιν»
329 2788 442 2798 vta-vqut!
469 2788 600 2803 υιιυυιινιρ·
630 2788 690 2804 ..ηι-
719 2788 763 2802 ..μ
785 2788 836 2802 -..Ἰ

53 2809 148 2840 θείας,
176 2807 224 2834 καὶ
239 2805 600 2842 Κύριοςνπολεμῄσει-περὶ
617 2804 674 2830 σοῦ.
694 2802 792 2842 Locus
810 2802 853 2828 Inc

53 2837 177 2872 habetur
200 2837 386 2870 Ecclesiastic.
404 2837 440 2874 tv;
457 2837 500 2867 35.
521 2837 592 2867 Idem
610 2844 669 2866 esto
684 2838 717 2866 de
732 2837 853 2873 Chryso-

221 2889 361 2920 Pu'mL.
379 2889 438 2918 (in.
468 2887 557 2918 ΧΙΙΙ.

904 2490 993 2513 stomo
1017 2484 1167 2521 judicium,
1195 2492 1260 2521 eum
1281 2484 1449 2521 Scripturam
1477 2484 1696 2521 eumwappellet:

905 2521 1047 2556 Ἄκουσον,
1063 2520 1160 2555 inquit,
1176 2520 1226 2554 τῆς
1240 2519 1353 2556 Γραφῆξ
1368 2520 1500 2556 λεγούσης
1511 2528 1518 2534 ·
1539 2520 1586 2556 ξΩς
1599 2520 1613 2545 ὁ
1627 2519 1697 2556 ἀπο-

903 2555 1006 2581 κτενὼν
1027 2556 1080 2591 Ατὸν
1114 2555 1170 2581 υἱὸν
1200 2554 1282 2582 αὑτοῦ
1307 2554 1482 2591 ἔμπροσθεν
1505 2555 1552 2581 τοῦ
1582 2554 1696 2591 πατρὸς.

907 2600 916 2615 α
931 2591 1000 2617 Audi
1023 2589 1193 2624 Scripturam
1218 2589 1352 2617 dicentem
1368 2589 1471 2623 {Quasi
1498 2590 1544 2624 qui
1567 2590 1700 2616 occiderit

905 2626 990 2653 lilium
1006 2633 1098 2652 ceram
1113 2630 1203 2660 patre;
1217 2634 1226 2650 ι
1245 2626 1268 2652 is
1281 2626 1353 2652 enim
1371 2626 1448 2653 huius
1463 2633 1496 2653 ex
1510 2624 1697 2660 Ecclesiastici

908 2669 1001 2693 xxxiv,
1016 2661 1051 2687 ΞΔ»
1062 2681 1069 2692 ,
1087 2659 1188 2696 petitus
1200 2665 1253 2688 est.
1274 2661 1447 2696 Augustinus
1460 2668 1527 2695 vero
1545 2659 1698 2696 itLSpeculo

909 2696 1077 2731 Sapientiam
1092 2701 1118 2722 et
1128 2695 1351 2723 Ecclesiasticuin
1367 2704 1382 2723 a
1396 2696 1551 2723 Servatoris
1563 2695 1696 2731 Ecclesia,

909 2739 963 2757 non
981 2738 996 2757 a
1009 2730 1110 2757 Iudaeis
1123 2735 1245 2764 receptos
1261 2730 1344 2758 fuisse
1359 2731 1448 2761 docet,
1466 2732 1592 2765 quamvis
1606 2730 1698 2765 Ecde-

908 2766 1049 2802 siasticutn
1068 2773 1082 2792 a
1095 2765 1196 2792 Jltdtﬂls
1211 2774 1320 2802 quoque
1336 2764 1488 2793 admissum
1506 2771 1622 2794 testetur
1637 2764 1697 2793 Ori-

908 2808 999 2836 genes.
1017 2800 1147 2829 lIuertus.

1499 2881 1539 2912 33
