1870 3049
105 109 162 137 l0”

572 106 751 136 COMMENT.
773 106 805 134 IN
824 102 1033 134 MATTHA‘LUM
1053 101 1170 130 TOMUS
1189 100 1234 127 Xll

1652 101 1721 128 1062

130 177 141 193 ‹
161 161 209 197 ’ος
226 166 281 201 γὰρ
302 165 335 193 ἂν
349 165 413 202 οέλῃ
426 165 474 200 τὴν
493 165 582 201 ψυχὴν
599 166 681 193 αὑτοῦ
704 166 801 198 σῶσαι,
818 167 884 192 ἀπο‹

973 162 1016 189 26.
1040 171 1049 188 ι
1065 161 1118 194 Qui
1144 161 1217 188 enim
1241 159 1358 186 voluerit
1385 158 1505 186 animam
1530 165 1608 186 suam
1625 159 1728 187 salvam

98 211 164 238 λέσει
179 210 272 245 αὐτήν.
296 220 304 236 i
331 210 494 246 Ἀμφίϐολος
510 212 526 246 ἡ
544 211 640 248 πρώτη
655 211 727 244 λέξις
743 212 812 247 (7⁸))⁶
829 211 885 238 ἐστι

98 256 147 292 γὰρ
158 256 205 283 ἀπ’
220 256 305 290 αὐτῆς
318 255 379 282 καθ’
390 256 438 282 ἕνα
451 255 499 291 μὲν
513 256 614 292 τρόπον
637 257 721 284 ταῦτα
737 258 846 293 νοῆσαι·
861 258 887 284 el

97 310 135 333 τις
148 301 185 332 ὡς
197 300 338 335 φιλόζωος,
353 301 399 327 καὶ
419 301 541 337 οἰόμενος
557 302 606 337 τὴν
620 303 798 338 ἐνεστηκυῖαν
817 301 885 329 εἶναι

100 347 164 382 ζωὴν
183 347 295 381 ἀγαθὸν,
317 347 443 382 περιέπει
464 348 513 383 τὴν
535 348 632 375 ἑαυτοῦ
656 348 745 384 ψυχὴν
765 349 833 384 πρὸς
855 349 886 375 τὸ

99 394 124 419 ἐν
147 392 228 427 σαρκὶ
251 392 311 427 ζῇν,
340 392 508 428 φοϐούμενος
534 393 692 426 ἀποθανεῖν,
713 394 751 425 ὠς
772 393 817 421 διὰ
838 393 885 420 τοῦ

100 437 208 464 θανάτου
234 437 374 464 ἀπολέσων
401 438 503 474 αὑτήν·
526 436 603 470 οὗτος
629 440 658 465 ὲν
682 438 756 474 αὑτῷ
779 439 818 474 τῷ
840 439 885 465 θέ-

98 483 150 511 λειν
162 483 216 519 (71)
227 483 273 510 τὸν
283 483 384 519 τρόπον
400 484 495 511 τοῦτον
510 484 605 516 σώζειν
618 485 667 521 τὴν
683 485 772 521 ψυχὴν
787 485 885 513 ἑαυτοῦ

99 529 221 557 ἀπολέσει
237 530 332 566 αὐτὴν,
347 530 399 562 ἔξω
411 530 497 557 ποιῶν
512 531 598 567 αὐτὴν
609 532 663 558 τῶν
682 532 752 568 ὅρων
767 532 823 567 (72)
836 531 886 567 τῆς

101 575 304 610 μακαριότητος,
324 575 354 601 Et
371 574 400 601 δέ
416 583 469 607 τις,
487 576 664 611 καταφρονῶν
682 576 727 602 τοῦ
744 575 886 611 ἐνεστηκό-

99 629 139 653 τος
149 621 198 656 ζῇν
208 620 252 647 διὰ
262 621 308 646 τὸν
318 621 384 656 ἐμὸν
394 621 473 655 λόγον
481 621 612 648 πείσαντα
621 621 684 657 περ)¹
692 621 801 648 αἰωνίου
814 620 886 656 ζωῆς

101 666 175 702 μέχρι
191 666 306 693 θανάτου
323 667 504 701 ἀγωνίζεσθαι
521 667 590 703 ὑπὲρ
605 666 743 702 ἀληθείας,
757 667 886 694 ἀπολλύοι

99 711 144 746 τὴν
157 711 252 738 ἑαυτοῦ
267 712 366 747 ψυχὴν,
381 713 545 747 παραδιδοὺς
561 712 644 749 αὐτὴν
657 713 726 748 ὑπὲρ
746 713 886 744 εὐσεϐείας

99 757 134 792 τῷ
153 758 304 794 κοινότερον
327 758 518 794 ὀνομαζομένῳ
545 759 671 794 θανάτῳ·
694 756 780 792 οὗτος,
796 758 834 790 ὡς
853 758 886 785 δι’

98 804 145 838 ἐμὲ
157 804 292 836 ἀπολέσας
308 805 357 840 τὴν
373 804 472 839 ψυχὴν,
495 804 576 831 σώσει
600 804 686 840 αὐτὴν
718 803 817 839 μᾶλλον
839 803 886 831 καὶ

941 207 1039 240 facere,
1066 207 1160 242 perdet
1181 213 1242 234 eam
1258 205 1292 232 “.
1313 213 1322 230 ι
1352 204 1516 239 Ambiguum
1542 208 1585 231 est
1609 203 1634 230 id
1654 204 1728 238 quod

941 253 1058 288 primum
1085 252 1196 280 dicitur.
1223 251 1288 277 Inde
1311 249 1384 277 enim
1409 257 1464 277 uno
1481 249 1591 284 quidem
1607 249 1687 276 modo
1702 249 1728 276 ld

939 298 1051 334 intelligi
1067 301 1169 333 potest:
1194 296 1222 323 Si
1243 296 1306 331 quis
1317 302 1414 322 amans
1428 294 1500 328 vitae,
1519 298 1546 322 et
1562 294 1644 321 vitam
1660 302 1729 329 pra:-

939 349 1043 372 sentem
1059 343 1160 371 bonum
1176 350 1237 370 esse
1248 342 1362 374 ducens,
1378 341 1498 367 animam
1515 347 1593 368 suam
1609 339 1730 367 studiose

939 394 1094 421 conservat,
1112 394 1142 416 ut
1157 389 1184 416 in
1200 395 1282 416 carne
1295 387 1379 419 vivat,
1405 389 1521 413 mortem
1535 385 1728 417 reformidans,

939 434 1018 469 quasi
1043 438 1129 462 morte
1151 440 1212 461 eam
1236 432 1407 463 amissurus;
1431 431 1455 458 is
1469 431 1591 457 animam
1604 438 1682 457 suam
1697 437 1730 457 eo

939 485 1019 515 pacto
1031 471 1098 507 dum
1112 485 1220 507 servare
1231 477 1332 508 studet,
1350 483 1410 503 eam
1425 480 1502 503 extra
1517 475 1656 504 felicitatis
1672 481 1729 502 ter-

939 525 1028 553 minos
1039 525 1194 556 eliminans,
1205 523 1319 550 amittet.
1333 521 1362 549 Si
1371 522 1433 556 quis
1446 526 1537 549 autem
1553 526 1664 557 propter
1674 529 1730 549 ser-

939 578 1047 598 monem
1060 577 1161 603 meum,
1173 577 1228 604 quo
1241 568 1273 596 ad
1286 573 1399 595 mortem
1409 575 1496 602 usque
1512 567 1546 595 de
1561 567 1615 594 vita
1627 572 1728 595 aeterna

938 624 988 652 pro
1003 616 1116 643 veritate
1129 616 1269 643 decertare
1287 614 1367 650 51.5
1380 621 1528 649 persuasus
1544 611 1593 640 fuit
1606 633 1612 645 .
1643 613 1728 640 vitam

939 667 1098 698 praesentem
1112 665 1306 694 contemnens,
1324 660 1443 687 animam
1460 667 1537 687 suam
1552 658 1657 694 perdit.
1674 666 1729 693 prae

940 710 1038 744 pietate
1051 716 1112 736 eam
1127 708 1236 735 tradens
1251 708 1275 735 ei
1287 707 1360 742 quod
1375 706 1455 742 vulgo
1470 713 1546 733 mors
1558 705 1727 740 appellatur;

940 756 975 788 is,
1001 759 1093 790 utpote
1116 755 1163 790 qui
1187 754 1269 781 vitam
1297 761 1375 781 suam
1394 757 1504 787 propter
1526 759 1570 779 me
1593 751 1726 783 amiserit,

940 800 1059 828 servabit
1080 807 1140 826 eam
1157 799 1247 834 potitus
1271 804 1296 825 et
1313 798 1443 825 tuebitur.
1475 796 1536 823 Alio
1549 796 1630 824 etiam
1646 796 1728 823 modo

100 850 313 885 περιποιήσεται.
335 851 390 877 Καὶ
406 850 468 877 καθ’
485 851 577 886 ἕτερον
598 850 626 877 δὲ
637 850 737 886 τρόπον
753 850 840 881 οὕτως
854 849 887 877 ἂν

985 845 1057 880 quod
1070 845 1172 872 dictum
1188 848 1229 872 est
1241 843 1366 878 accipere
1390 850 1548 878 possumus.
1581 842 1609 869 Si
1622 842 1684 877 quis
1700 842 1726 868 in

98 896 270 932 ὲκδεχοίμεθα
297 896 328 923 τὸ
356 897 455 932 ῥητῶν
478 896 513 922 Εἴ
535 905 587 929 τις,
609 896 709 931 νοήσας
732 896 746 923 ὅ
769 905 795 922 τι
822 897 888 923 ποτέ

99 941 168 968 ἐστιν
182 942 199 977 ἡ
216 941 349 977 σωτηρία,
366 941 490 977 βούλεται
509 942 673 977 κομίσασθαι
689 942 738 978 τὴν
753 942 888 979 σωτηρίαν

98 986 144 1022 τῆς
163 987 261 1014 ἑαυτοῦ
283 987 381 1022 ψυχῆς,
407 985 484 1019 οὗτος
504 987 709 1023 ἀποταξάμενος
736 988 825 1024 τούτῳ
848 989 888 1024 τῷ

100 1032 155 1068 βίῳ,
172 1034 220 1060 καὶ
240 1033 428 1070 ἀρνησάμενος
450 1034 542 1066 αὑτὸν,
560 1034 607 1061 καὶ
622 1035 689 1070 ἄρας
710 1034 755 1061 τὸν
773 1035 888 1071 σταυρὸν

98 1079 187 1112 αὑτοῦ,
202 1080 250 1106 καὶ
272 1079 428 1106 ἀκολουθῶν
445 1088 500 1115 μοι,
519 1080 661 1107 ἀπολλύτω
675 1080 713 1116 τῷ
729 1081 824 1116 κόσμῳ
840 1081 888 1117 τὴν

97 1125 181 1161 ψυχὴν
194 1125 292 1152 ἑαυτοῦ
304 1134 310 1140 ·
327 1125 394 1160 ἐμοῦ
408 1125 463 1161 γὰρ
478 1125 570 1152 ἕνεκεν
591 1126 638 1152 καὶ
659 1126 750 1161 πάσης
767 1135 817 1162 μου
838 1127 887 1162 τῆς

98 1170 269 1202 διδασκαλίας
282 1170 400 1203 ἀπολλὺς
413 1170 508 1207 αὐτὴν,
521 1171 598 1203 τέλος
612 1171 661 1206 τῆς
671 1171 799 1207 τοιαύτης
813 1172 888 1199 ἀπω-

98 1216 167 1249 λείας
181 1216 327 1252 κομίσεται
337 1217 388 1253 τὴν
404 1217 550 1253 σωτηρίαν.
670 1248 674 1253 ,

134 1263 207 1298 ’Δμα
224 1263 253 1289 δὲ
272 1263 319 1290 καὶ
336 1263 424 1299 τήρει,
439 1263 479 1289 ὅτι
493 1264 523 1290 ὲν
541 1263 590 1298 μὲν
608 1265 641 1300 τῇ
662 1264 733 1300 ἀρχῇ
753 1264 795 1297 τὸ,
811 1275 820 1291 ι
840 1266 888 1298 ’ος

98 1307 129 1334 ἂν
139 1307 213 1344 θέλῃ,
228 1318 237 1334 ι
253 1308 370 1343 εἴρηται,
383 1307 447 1342 ἑξῆς
457 1307 485 1334 δὲ
497 1308 537 1339 τὸ,
549 1317 558 1334 ι
574 1309 622 1339 Ὃς
635 1309 756 1345 ἀπολέσῃ
769 1309 864 1344 αὑτήν.
875 1319 885 1336 ι

98 1354 222 1386 Θέλοντες
237 1352 284 1381 οὖν
299 1354 383 1389 αὐτὴν
402 1353 548 1387 σώζεσθαι,
563 1354 740 1391 ἀπολέσωμεν
754 1356 838 1392 αὐτὴν
849 1356 890 1392 τῷ

98 1400 199 1436 κόσμῳ,
214 1400 254 1432 ὼς
270 1399 379 1435 Χριστῷ
398 1399 639 1436 ιϊυςιτταυρούμενοι⁷
656 1402 703 1428 καὶ
724 1402 761 1434 ὼς
781 1402 889 1438 ἔχοντες

99 1444 226 1481 καύχημα
240 1445 272 1471 τὸ
288 1445 317 1471 ὲν
332 1444 371 1480 τῷ
385 1444 494 1480 σταυρῷ
507 1444 554 1471 τοῦ
570 1445 672 1480 Κυρίου
693 1445 773 1480 ἡμῶν
800 1446 888 1481 Ἰησοῦ

100 1490 225 1526 Χριστοῦ,
245 1491 278 1517 δι’
298 1487 328 1517 οὗ
349 1491 363 1516 ὁ
383 1490 484 1525 κόσμος
502 1491 568 1525 ἡμῖν
587 1491 818 1526 σταυρωοήσεται,
841 1492 888 1519 καὶ

99 1536 175 1572 ἡμεῖς
190 1537 230 1573 τῷ
251 1539 355 1572 κόσμῳ,
377 1535 420 1562 ἵνα
434 1535 611 1572 κομισώμεθα
628 1537 658 1564 τὺ
679 1537 754 1570 τέλος
770 1537 819 1572 τὴν
835 1547 887 1565 σω-

938 892 1059 919 animum
1077 891 1210 918 inducens
1227 897 1307 917 suum
1325 888 1390 924 quid
1404 888 1440 916 sit
1452 888 1537 921 salus,
1560 888 1659 915 animae
1672 895 1728 914 suae

939 937 1053 965 salutem
1079 936 1208 971 consequi
1225 940 1311 971 optat,
1337 936 1399 963 vita:
1416 935 1480 962 huic
1493 934 1617 962 nuntium
1635 935 1727 961 remit-

939 990 1009 1015 tens,
1026 990 1141 1018 eamque
1156 983 1278 1018 ejurans,
1302 988 1328 1009 et
1341 989 1450 1009 crucem
1471 988 1548 1008 suam
1563 980 1671 1012 tollens,
1696 988 1728 1008 ae

939 1037 982 1057 me
995 1037 1122 1060 sequens,
1147 1029 1267 1056 animam
1291 1035 1368 1055 suam
1387 1027 1493 1054 ratione
1507 1026 1601 1054 mundi
1616 1026 1726 1061 perdat;

938 1081 1001 1100 nam
1021 1073 1066 1108 qui
1082 1081 1142 1100 eam
1156 1078 1265 1108 propter
1282 1080 1325 1100 me
1346 1077 1373 1100 et
1396 1079 1505 1099 omnem
1520 1079 1607 1099 meam
1626 1071 1728 1098 doctri-

939 1126 1001 1146 nam
1015 1119 1172 1153 perdidcrit,
1185 1119 1300 1147 salutem
1313 1118 1487 1153 adipiscetur,
1503 1117 1583 1145 tinem
1600 1117 1728 1152 perditio-

939 1164 982 1191 nis
997 1164 1090 1199 hujus.

973 1267 1018 1295 Ἦ.
1039 1266 1128 1295 Simul
1152 1265 1234 1294 etiam
1248 1266 1363 1293 observa
1379 1265 1482 1292 dictum
1505 1271 1567 1292 esse
1589 1263 1666 1291 initio
1679 1263 1700 1279 ³⁷
1719 1272 1726 1290 :

942 1325 951 1341 ι
969 1314 1021 1348 Qui
1046 1314 1180 1344 voluerit,
1197 1323 1207 1339 ι
1235 1313 1332 1340 deinde
1353 1319 1417 1339 vero
1441 1321 1448 1338 :
1476 1321 1484 1337 ι
1505 1310 1557 1344 Qui
1582 1310 1729 1345 perdiderit

939 1369 1011 1388 eam.
1030 1370 1040 1386 ι
1069 1359 1098 1386 Si
1111 1359 1227 1387 velimus
1242 1365 1307 1394 ergo
1321 1357 1424 1385 salvam
1441 1356 1513 1383 illam
1529 1362 1607 1387 esse,
1632 1354 1727 1382 mundi

940 1407 1045 1434 ratione
1065 1412 1125 1432 eam
1142 1405 1305 1440 perdamus,
1328 1403 1406 1439 quasi
1429 1409 1491 1430 eum
1507 1401 1618 1429 Christo
1639 1403 1729 1431 eruci-

940 1451 1003 1483 ﬁxi,
1016 1455 1043 1477 et
1060 1449 1248 1485 gloriationem
1265 1449 1398 1475 habentes
1415 1448 1442 1474 iu
1457 1454 1538 1474 cruce
1554 1446 1659 1473 Domini
1676 1453 1728 1472 no-

940 1494 989 1522 stri
1005 1493 1067 1521 Jesu
1082 1493 1194 1525 Christi,
1222 1500 1270 1528 per
1283 1500 1364 1527 quem
1387 1491 1506 1518 mundus
1524 1490 1603 1518 nobis
1617 1490 1727 1518 crucili-

940 1548 992 1567 xus
1008 1540 1059 1566 erit
1070 1560 1077 1572 ,
1103 1543 1129 1566 et
1151 1546 1201 1566 nos
1217 1538 1320 1566 mundo
1332 1538 1355 1554 ’⁸
1367 1559 1374 1572 ,
1390 1543 1420 1566 ιιι
1441 1538 1557 1566 salutem
1574 1543 1727 1564 animarum

695 1593 813 1622 VETUS
831 1594 1126 1623 lNTERPltETATIO.

131 1653 177 1681 26.
195 1663 205 1679 ι
222 1654 274 1687 Qui
288 1654 361 1691 enim
376 1654 496 1691 voluerit
511 1654 615 1691 salvam
631 1653 723 1682 facere
737 1655 858 1691 animam
872 1664 961 1689 suam,
975 1656 1069 1691 perdet
1085 1655 1170 1682 illam.
1186 1655 1238 1688 Qui
1255 1659 1345 1682 autem
1356 1655 1504 1690 perdiderit
1517 1654 1727 1691 animamsuam

101 1693 208 1723 propter
223 1697 277 1720 Ine.
292 1690 411 1717 inveniet
426 1697 496 1717 eam.
510 1689 579 1722 Quid
592 1694 681 1716 autem
694 1690 800 1724 prolicit
815 1690 908 1724 homo,
923 1692 945 1719 si
958 1689 1044 1718 totum
1060 1691 1190 1718 mundum
1209 1691 1340 1723 lucretur,
1355 1689 1382 1717 et
1398 1691 1496 1718 anima;
1511 1698 1568 1718 sua!
1580 1689 1730 1717 detrimen-

100 1727 156 1760 tum
170 1724 265 1760 {acia}?
279 1725 333 1752 Aut
346 1733 428 1759 quam
445 1724 520 1760 dabit
533 1725 616 1760 homo
632 1725 875 1753 commutationem
889 1734 938 1760 pro
956 1727 1047 1753 anima
1060 1726 1131 1753 sua?
1149 1736 1158 1751 ι
1177 1725 1325 1759 Dupliciter
1343 1733 1491 1760 possumus
1507 1725 1658 1759 intelligere
1676 1724 1729 1760 hoc

99 1759 219 1786 verbum.
238 1758 361 1796 Primum
374 1761 426 1787 hoc
439 1759 519 1796 modo
533 1768 539 1786 :
556 1759 583 1785 Si
598 1760 781 1796 quisamator
795 1761 857 1788 vita;
871 1758 1021 1796 praesentis,
1034 1765 1060 1787 et
1078 1765 1177 1796 putaris
1190 1758 1260 1787 hanc
1277 1758 1359 1786 vitam
1385 1765 1545 1796 praesentem
1570 1758 1632 1796 esse
1656 1758 1728 1796 opti-

102 1800 184 1829 mam,
201 1795 291 1829 parcit
307 1796 405 1822 anima:
418 1802 474 1822 suae
496 1795 592 1821 timens
605 1794 685 1824 mori,
705 1798 731 1821 et
747 1799 845 1829 putans
861 1794 980 1822 animam
996 1794 1139 1829 suam’per
1157 1795 1226 1822 hanc
1240 1799 1355 1821 mortem
1372 1795 1472 1829 perire,
1492 1795 1543 1822 iste
1566 1795 1661 1821 volens
1678 1794 1730 1820 hoc

100 1828 178 1864 modo
194 1828 304 1856 salvarc
319 1830 439 1857 animam
459 1837 548 1862 suam,
563 1829 658 1864 perdet
671 1828 755 1861 illam,
770 1831 884 1858 alienam
901 1830 1004 1858 faciens
1019 1838 1079 1857 eam
1093 1828 1108 1856 ᾗ
1124 1830 1179 1856 vita
1192 1833 1303 1856 aeterna.
1319 1829 1347 1856 Si
1364 1828 1426 1864 quis
1440 1834 1530 1856 autem
1547 1835 1727 1856 contemnens

100 1862 179 1890 vitam
197 1869 359 1899 prtesentem
376 1869 486 1899 propter
502 1862 603 1891 Christi
621 1864 745 1897 verbum,
765 1869 791 1892 et
807 1866 945 1893 conlidens
958 1865 991 1892 de
1004 1866 1059 1892 vita
1074 1869 1187 1896 teterua,
1203 1872 1290 1898 usque
1305 1865 1337 1891 ad
1350 1862 1464 1891 ni'ortem
1478 1872 1527 1898 pro
1540 1863 1653 1891 veritate
1669 1871 1725 1890 cer-

100 1899 210 1931 taverit,
229 1900 325 1935 perdet
342 1900 449 1934 quidem
465 1899 583 1935 animam
599 1907 679 1935 suam
690 1904 822 1934 quantum
840 1900 873 1928 ad
889 1901 971 1928 vitam
988 1904 1161 1935 praesentem,
1180 1899 1291 1926 tradens
1305 1907 1366 1926 eam
1383 1907 1431 1934 pro
1446 1899 1546 1934 pietate
1558 1899 1584 1935 in
1600 1903 1728 1935 mortem,

100 1940 158 1968 quae
173 1933 288 1970 abusive
303 1933 402 1961 dicitur
419 1942 493 1970 mors
512 1942 518 1960 :
535 1934 581 1961 sed
596 1934 727 1970 quoniam
742 1940 851 1969 propter
868 1933 1006 1963 Christum
1022 1935 1138 1970 perdidit
1152 1935 1271 1970 animam
1283 1942 1377 1970 suam,
1392 1934 1479 1968 magis
1491 1942 1550 1960 eam
1574 1933 1654 1970 faciet
1676 1933 1730 1959 sal-

101 1975 159 1994 vam
173 1969 200 1996 in
217 1969 272 1996 vita
285 1973 397 1996 acterna.
413 1969 473 1996 Alio
487 1973 577 2005 autem
594 1969 676 1996 modo
693 1969 732 2005 sic
745 1968 922 2005 intelligimus
939 1968 1042 1998 textum
1062 1979 1068 1997 ε
1084 1969 1112 1997 Si
1128 1970 1190 2004 quis
1204 1969 1331 2003 intelligit
1347 1977 1407 2003 quae
1431 1973 1473 1996 cst
1492 1977 1555 1995 vera
1577 1968 1652 2005 salus
1665 1987 1673 1999 ,
1698 1971 1727 1993 et

101 2004 242 2038 acquirere
258 2005 315 2031 vult
330 2012 389 2031 eam
406 2005 520 2031 salutem
534 2004 633 2030 anima:
647 2011 713 2036 suae,
726 2004 777 2031 iste
792 2004 991 2033 abrenuntians
1007 2006 1077 2032 hanc
1090 2005 1183 2035 vitam,
1201 2005 1338 2038 denegans
1352 2011 1381 2031 se
1397 2005 1497 2038 ipsum.
1513 2008 1540 2030 et
1557 2004 1653 2030 tollens
1666 2010 1729 2029 cru-

99 2037 155 2065 cem
171 2047 265 2071 suam,
281 2044 308 2066 et
323 2046 441 2074 sequens
450 2039 600 2069 Christum,
618 2038 704 2073 perdit
715 2044 847 2073 quantum
867 2041 900 2067 ad
917 2041 1071 2067 voluntates
1087 2041 1209 2067 carnales
1224 2037 1343 2066 animam
1360 2037 1437 2066 suam
1454 2043 1564 2074 propter
1575 2037 1728 2074 Christum,

100 2078 126 2108 et
141 2079 254 2108 propter
267 2072 374 2101 omnem
389 2074 543 2101 doctrinam
558 2072 629 2107 ejus}
644 2078 670 2100 et
687 2072 804 2107 perdens
824 2075 943 2102 animam
966 2083 1043 2102 suam
1063 2075 1114 2102 hoc
1127 2075 1225 2107 modo,
1242 2074 1330 2100 salvat
1356 2081 1415 2100 eam
1434 2072 1481 2108 per
1500 2072 1583 2108 Opera
1609 2072 1728 2107 pietatis.

99 2106 222 2143 Denique
234 2109 314 2144 quasi
329 2109 363 2145 ad
381 2109 523 2145 superiora
544 2109 662 2145 reddens
673 2106 792 2145 rationes
806 2130 813 2142 ,
831 2109 871 2145 sic
896 2110 1016 2145 adjecit:
1034 2119 1044 2135 ‹
1062 2109 1113 2142 Qui
1139 2111 1212 2136 enim
1230 2109 1347 2136 voluerit
1365 2106 1468 2136 salvam
1491 2106 1581 2136 facere
1608 2106 1729 2134 animam

99 2150 191 2179 suam.
204 2143 302 2178 perdet
318 2144 402 2171 illam.
418 2143 432 2169 ⁷»
446 2143 591 2179 Dicendo:
611 2152 631 2179 «ν
645 2143 697 2175 Qui
713 2144 786 2170 enim
804 2143 936 2177 voluerit,
956 2154 965 2170 ι
983 2145 1179 2179 praecedentem
1199 2148 1226 2171 et
1249 2148 1407 2178 sequentem
1427 2151 1511 2171 unum
1539 2151 1650 2171 sensum
1667 2149 1728 2169 esse

99 2178 229 2214 ostendit.
253 2179 283 2206 Si
301 2186 366 2213 ergo
379 2178 451 2214 quod
467 2179 593 2213 superius
607 2178 695 2214 dixit:
714 2187 722 2203 ι
738 2179 859 2214 Abneget
872 2178 1058 2213 semetipsum,
1071 2184 1097 2206 ct
1110 2179 1185 2206 tollat
1197 2186 1304 2206 crucem
1322 2186 1411 2210 suam,
1435 2184 1462 2206 et
1488 2183 1618 2213 sequatur
1645 2184 1698 2208 me,
1717 2185 1726 2201 ι

102 2213 134 2239 tle
146 2219 235 2240 morte
247 2214 306 2241 sola
322 2213 401 2245 dixit,
417 2219 444 2240 et
458 2214 509 2240 hoc
523 2213 594 2248 quod
610 2213 676 2239 dcit
691 2222 696 2239 :
715 2222 724 2238 ‹
741 2213 792 2246 Qui
808 2214 923 2241 voluerit
940 2215 1044 2241 salvam
1059 2213 1148 2241 facere
1163 2214 1281 2240 animam
1295 2221 1383 2246 suam,
1402 2214 1495 2248 perdet
1508 2214 1593 2244 illam,
1611 2223 1620 2239 ι
1634 2220 1731 2239 conse-

99 2254 215 2280 quenter
234 2249 269 2275 de
285 2249 342 2276 sola
363 2252 449 2275 morte
461 2248 563 2276 dictum
585 2248 738 2282 intelligere
751 2249 892 2276 debemus.
910 2248 938 2276 Si
954 2254 1043 2276 autem
1058 2249 1203 2283 abnegare,
1219 2253 1246 2275 et
1261 2249 1355 2276 tollere
1373 2256 1494 2281 crucem,
1513 2256 1566 2275 non
1584 2248 1672 2275 solum
1688 2253 1732 2283 est

102 2283 167 2310 mori
185 2291 236 2318 pro
253 2284 375 2319 Christo,
386 2283 433 2311 sed
450 2283 588 2319 carnalem
602 2284 839 2310 conversationem
853 2284 983 2319 rejicere;
998 2284 1058 2311 sine
1072 2282 1156 2311 dubio
1168 2289 1195 2311 et
1209 2284 1321 2318 perdere
1337 2284 1470 2316 animam,
1482 2291 1537 2310 non
1555 2283 1645 2311 solum
1659 2282 1729 2309 mori

97 2319 148 2353 est;
165 2319 211 2345 sed
225 2319 310 2345 etiam
326 2318 460 2353 deponere
478 2318 631 2345 voluntates
647 2319 782 2346 carnales.
883 2318 886 2319 ⁷
1221 2352 1226 2353 γ
1715 2337 1724 2343 ,

134 2352 182 2389 Ξῖ.Δ
197 2353 288 2381 Simul
303 2352 392 2389 autem
406 2353 558 2386 considera,
569 2353 697 2387 quoniam
708 2353 734 2379 in
747 2353 879 2388 principio
888 2354 998 2389 quidem
1014 2361 1067 2380 non
1083 2353 1166 2389 dicit:
1183 2361 1192 2378 ι
1212 2352 1421 2389 Quisalvavcrit
1434 2352 1732 2389 animam_suam._per-

101 2387 145 2414 det
156 2387 255 2421 illamp
267 2389 314 2416 sed
329 2400 334 2416 :
349 2387 400 2420 Qui
414 2388 530 2415 voluerit
541 2388 660 2415 animam
680 2396 758 2415 suam
773 2387 999 2424 salvarefperdct
1013 2396 1083 2424 eam.
1100 2388 1128 2415 ln
1143 2388 1321 2424 sequentibus
1334 2392 1493 2424 autemnon
1509 2387 1578 2424 dicit
1596 2395 1602 2413 :
1615 2387 1664 2424 Qui
1683 2394 1732 2413 au—

100 2426 152 2449 tein
167 2423 286 2450 voluerit
301 2424 420 2450 animam
433 2431 510 2450 suam
526 2424 640 2458 perdere
652 2427 760 2458 propter
774 2431 827 2458 me,
842 2423 885 2451 hic
902 2422 1005 2451 salvam
1021 2423 1100 2450 faciet
1113 2431 1173 2450 eam
1184 2422 1196 2450 ':
1214 2423 1260 2450 sed
1275 2423 1312 2450 ita
1329 2432 1336 2450 :
1357 2432 1365 2448 ι
1383 2422 1434 2455 Qui
1449 2422 1598 2457 perdiderit
1608 2422 1729 2458 animam

100 2465 176 2484 suam
192 2462 310 2494 propter
323 2466 375 2490 me,
392 2459 436 2484 hic
449 2456 558 2494 salvainr
572 2456 737 2494 fait-ict'eain.
756 2467 765 2483 ι
782 2457 912 2486 Volentes
924 2467 989 2492 ergo
1005 2459 1111 2485 salvare
1124 2458 1243 2494 animam
1262 2463 1397 2489 nostram,
1414 2456 1653 2494 perdamusﬂeztni_
1665 2456 1730 2483 huic

99 2491 212 2526 mundo,
231 2491 313 2527 quasi
331 2493 453 2520 crucilixi
466 2501 527 2519 cum
540 2493 662 2523 Christo.
678 2498 705 2520 et
719 2493 853 2520 habentes
868 2491 1056 2527 gloriatione")
1076 2493 1102 2519 in
1124 2501 1207 2520 cruce
1225 2493 1332 2520 Domini
1356 2493 1441 2520 nostri
1464 2491 1528 2519 Jcsu
1554 2491 1667 2521 Christi,
1684 2499 1732 2525 per

99 2535 178 2560 quem
194 2529 277 2555 nobis
292 2529 439 2555 cruciﬁxus
453 2533 494 2554 est
510 2528 638 2559 mundus,
653 2531 680 2555 et
696 2535 744 2555 nos
760 2529 872 2559 mundo,
887 2534 917 2555 ut
929 2536 1131 2562 consequamur
1146 2528 1262 2555 salutem
1278 2528 1432 2554 animarum
1449 2531 1602 2554 nostrarum
1620 2527 1649 2562 ini
1664 2533 1734 2552 con-

99 2569 255 2590 versatione
274 2563 334 2589 vitae
348 2562 476 2590 melioris.
494 2562 586 2597 Itaque
599 2563 750 2590 secundum
763 2572 795 2590 ea
811 2571 872 2598 quae
884 2561 1142 2596 dixitnus,rvidetur
1157 2563 1224 2590 mihi
1243 2562 1334 2591 simile
1348 2571 1409 2591 esse
1423 2563 1475 2590 hoc
1494 2562 1519 2590 ei
1539 2561 1613 2597 quod
1635 2561 1704 2589 dixit.
1718 2568 1726 2587 :

432 2634 455 2650 ⁹⁷
467 2633 534 2662 Ibid.
574 2634 596 2650 νδ
609 2634 668 2662 Gal.
684 2643 721 2666 vr,
738 2635 780 2662 M.

133 2633 156 2648 ⁹⁶
167 2633 266 2660 Matth.
281 2641 336 2666 xvi,
348 2634 393 2661 25.

133 2701 392 2738 (70)N'Ap5qt6‘o.loc
415 2701 435 2735 ἡ
453 2701 671 2738 πρώτηγλέξις,
686 2706 740 2728 etc.
772 2701 889 2729 llabctur

973 2711 1005 2730 tu.
1024 2703 1051 2729 in
1065 2702 1129 2730 Luc.
1144 2702 1239 2738 H.225.

100 2734 162 2773 hem
183 2734 253 2763 illud
269 2734 314 2773 in
333 2734 433 2764 eodem
453 2734 671 2772 supra‘laudato
702 2742 842 2764 conmteut.
865 2738 892 2764 in
944 2734 958 2738 ”
979 2738 1035 2773 (72)
1051 2737 1258 2773 Ὅρων.ίέοᾴοΧ
1275 2736 1351 2771 Reg,
1371 2734 1509 2771 ὁρώντων,
1527 2735 1615 2770 male,
1641 2734 1670 2762 ni
1692 2734 1731 2763 le-

101 2770 340 2809 llufq.vil_l.55._
402 2808 408 2809 γ
438 2806 451 2809 _
487 2770 512 2809 ξ
567 2806 571 2809 ,

973 2770 1031 2800 itur"
1041 2770 1111 2809 ὅρών
1127 2772 1180 2799 τῶν
1197 2772 1255 2806 τῆς.

132 2807 190 2843 (7t)
209 2804 309 2840 Οὗτος
327 2806 363 2834 ἐν
375 2806 455 2840 αὐτῷ
477 2807 517 2840 τῷ
540 2806 648 2840 θέλειν,
666 2812 717 2835 etc.
748 2807 813 2835 Vide
828 2808 891 2835 Oti-
