1870 3049
201 111 266 138 1091

945 110 1112 139 ORIGENIS

1770 112 1828 140 H39"!

196 170 341 197 seven-abit.
354 170 388 197 At
399 170 421 197 si
438 169 507 197 forte
523 178 570 205 per
584 171 656 198 vices
668 175 821 206 cognoscet;
838 171 878 198 vel
891 179 971 198 unum

1079 179 1134 208 μα’
1152 172 1254 208 ἄπειρα
1270 171 1323 207 γὰρ
1336 172 1369 207 τῇ
1388 171 1467 206 φύσει
1484 171 1540 207 (57)
1552 171 1603 206 οὐχ
1624 168 1683 197 οἷόν
1709 178 1739 197 τε
1759 179 1828 207 περτ-

197 217 324 251 quodque
340 222 486 252 antequam
503 217 606 244 oriatur
617 222 772 251 cognOscet;
791 217 831 244 vel
847 217 986 250 nonnulla,

196 265 224 287 et
238 269 345 287 rursum
362 261 458 288 deinde
473 261 525 288 alia
543 270 549 288 :
568 262 625 288 lieri
651 263 748 296 quippe
772 270 825 288 non
853 267 940 297 potest
958 267 987 289 ut.

197 314 258 340 qua:
272 312 367 333 natura
386 307 490 334 inﬁnita
504 312 577 339 sunt,
594 308 747 342 cognitione
767 309 857 335 omnia
879 309 986 344 cognita

196 357 229 377 ex
249 356 345 377 natura
359 359 408 378 sua
425 353 533 379 ﬁniente
546 353 810 387 comprehcndantur
833 363 840 381 :

862 354 924 380 inde
939 362 988 381 au-

1040 217 1227 253 λαμϐάνεσθαι
1239 219 1272 253 τῇ
1287 217 1420 252 περατοῦν
1438 218 1576 253 πεφυκυίᾳ
1595 218 1632 244 τὰ
1648 217 1829 252 γινωσκόμενα

1040 263 1155 298 γνώσει·
1176 263 1262 298 τούτῳ
1279 263 1306 290 δὲ
1324 263 1465 290 ἀκολουθεῖ
1485 263 1552 298 μηδὲ
1572 262 1746 298 προφητείας
1760 263 1828 289 δύνα-

1041 307 1101 334 σθαι
1116 306 1243 342 γενέσθαι
1256 307 1318 343 περὶ
1335 308 1443 335 πάντων
1456 307 1634 340 ὡντινωνοῦν,
1647 307 1695 333 ἆτε
1715 307 1828 342 ἁπίρων

1038 353 1122 380 ὄντων
1136 353 1190 381 τῶν
1201 354 1319 381 πάντων.

197 403 249 424 tem
274 399 412 433 sequitur,
438 408 488 427 nec
510 401 542 427 dc
573 401 654 428 rebus
681 402 809 429 erunibus
834 402 1000 436 quibuslibet
1027 401 1234 429 vaticinationes
1260 401 1304 429 edi
1326 408 1420 436 posse,
1444 408 1507 428 cum
1531 408 1575 428 res
1599 408 1698 428 omnes
1723 400 1829 428 inlinit:

196 445 263 472 sint.

230 492 257 519 2.
277 491 392 519 Necesse
409 497 498 520 autem
512 493 639 520 habuisse
656 501 699 520 me
713 494 839 522 existimo
858 495 939 530 570
957 495 984 522 in

196 538 277 572 hujus
298 539 331 565 de
354 539 515 571 migratione
535 540 689 566 animarum
713 540 741 567 in
768 541 843 567 varia
869 549 984 575 corpora

194 586 351 621 qtlwstionis
363 586 553 620 disquisitione
567 587 686 614 studium
710 591 736 614 et
752 595 860 622 operam
874 597 983 623 ponere,

194 637 304 667 propter
313 632 493 666 quormndam
505 633 699 667 suspicionem,
713 634 813 668 quibus
824 642 983 668 persuasum

192 682 234 705 est
250 678 368 705 animam
385 679 455 706 hanc
470 678 502 705 de
519 686 572 712 qua
587 679 686 714 agitur,
706 680 828 707 eamdem
845 688 905 707 esse
919 681 984 708 Elite

192 731 224 751 ac
238 722 361 755 Joannis,
378 725 496 759 primum
514 725 625 759 quidem
640 725 723 752 tiliam
740 726 912 760 appellatam,
935 727 983 754 dc-

191 770 255 798 inde
263 778 327 797 vero
338 770 480 804 Joannem;
494 779 543 798 nec
557 772 620 798 item
633 772 691 799 sine
706 772 753 799 Dei
768 777 833 799 nutu
850 772 981 800 Joannem

192 816 294 842 dictum
314 816 389 843 illum
408 815 491 844 fuisse
504 817 621 851 opinor,
648 822 678 843 ut
699 825 732 844 ex
758 825 791 844 eo
815 822 888 852 patet
908 819 981 852 quod

192 861 304 896 angelus
320 861 458 888 Zachariae
476 862 551 888 visus
570 861 668 889 dixerit
683 862 708 889 ei
724 863 734 878 ⁷
753 871 760 890 :
785 872 794 888 ι
813 861 852 889 Ne
875 863 981 895 timeas,

193 906 336 938 Zacharia,
351 907 479 941 quoniam
496 908 623 934 exaudita
638 913 679 935 est
695 908 851 942 deprecatio
869 913 915 936 tua
926 930 932 941 ,
955 914 982 936 et

193 961 263 980 uxor
277 957 322 980 tua
340 953 476 980 Elisabeth
496 954 580 988 pariet
593 953 639 979 tibi
656 953 752 986 tilium,
772 957 799 980 et
811 954 922 981 vocabis
938 962 983 981 no—

193 1007 254 1026 men
273 999 330 1034 ejus
343 999 484 1032 Joannem;
506 1009 514 1024 ι
534 1005 560 1026 ct
574 1008 606 1027 ex
624 1007 657 1027 eo
674 999 745 1034 quod
762 1008 854 1027 vocem
870 1008 983 1035 recupe-

193 1045 292 1072 raverit
307 1045 464 1078 Zacharias,
479 1050 621 1080 postquam
638 1044 769 1072 Joannem
784 1054 845 1072 cum
859 1054 919 1073 esse
934 1054 982 1081 ap-

191 1091 345 1126 pellandum
360 1092 406 1126 qui
421 1099 503 1118 natus
514 1097 582 1124 ciat,
599 1092 623 1118 in
637 1091 732 1118 tabella
755 1092 863 1126 scripsit
874 1093 894 1117 '.
905 1091 982 1124 Quod

191 1138 213 1164 si
229 1138 318 1164 anima
333 1138 390 1164 lucc
405 1138 477 1164 Elias
488 1142 556 1170 erat,
570 1137 711 1172 oportebat
726 1138 801 1164 illum
817 1137 902 1164 Eliam
917 1146 982 1173 quo-

191 1192 243 1217 que
257 1184 398 1218 appellari,
418 1191 479 1210 cum
499 1184 593 1210 iterum
610 1188 690 1210 natus
706 1188 758 1216 est,
777 1183 818 1210 vel
835 1189 908 1211 certe
932 1184 980 1210 ali-

189 1236 271 1264 quam
287 1229 401 1264 proferri
417 1229 548 1256 rationem
564 1237 614 1256 cur
626 1234 758 1256 nmtatulu
774 1237 873 1256 nomen
888 1229 979 1262 fuerit;

190 1276 419 1310 quemadmodum
434 1275 467 1302 de
479 1275 590 1305 Abram,
606 1279 632 1301 et
650 1275 799 1308 Abraham;
815 1275 847 1302 de
860 1274 937 1307 Sara,
955 1280 982 1303 et

191 1321 284 1354 Sarra;
301 1321 334 1348 de
348 1320 441 1353 Jacob,
456 1326 483 1348 et
498 1321 591 1353 lsrael;
609 1326 635 1347 et
651 1321 684 1348 de.
699 1320 820 1354 Simone,
843 1325 869 1349 et
888 1321 978 1349 Petro.

190 1366 290 1394 Verum
305 1375 338 1394 ne
353 1367 393 1394 sic
405 1367 513 1402 quidem
530 1374 578 1401 par
591 1367 686 1394 eratin
703 1367 755 1394 illis
764 1367 842 1400 ratio;
855 1367 897 1395 his
906 1368 979 1395 enim

189 1421 259 1448 quos
275 1414 406 1445 diximus,
424 1413 450 1439 in
464 1421 516 1440 una
531 1413 679 1448 eademque
691 1413 745 1441 vita
756 1414 920 1441 mutationes
930 1422 980 1441 no-

190 1459 294 1486 minum
311 1459 389 1486 facta:
402 1463 474 1486 sunt.
492 1458 652 1492 Quaesiverit
662 1463 751 1486 autem
766 1459 875 1494 aliquis,
888 1459 911 1486 si
924 1467 980 1487 non

189 1506 280 1534 anima
295 1505 368 1532 Elias
384 1502 501 1540 primum
516 1510 574 1533 erat
591 1506 617 1532 in
635 1505 775 1538 Thesbita,
791 1511 817 1532 et
840 1505 938 1533 deinde
952 1506 978 1532 in

190 1552 312 1584 Joanne,
337 1552 402 1586 quid
426 1552 533 1579 tandem
556 1553 621 1579 illud
645 1557 703 1579 erat
719 1551 792 1586 quod
819 1551 846 1578 in
863 1556 980 1586 utroque

1079 492 1247 527 Ἀναγκαίως
1269 491 1290 517 δ’
1306 488 1383 526 οἶμαι
1402 489 1634 526 ὲνδιατετριφέναι
1652 490 1685 525 τῇ
1712 488 1828 521 ὲξετιὶςει

1036 538 1082 565 τοῦ
1100 538 1164 574 περὶ
1193 535 1463 572 μετενσωματώσεως
1489 536 1568 570 λόγου
1582 555 1590 567 ,
1607 535 1653 561 διὰ
1679 536 1732 570 τήν
1754 544 1828 562 τινων

1037 586 1163 613 ὑπόνοιαν
1173 584 1319 620 οἰηθέντων
1334 583 1422 618 ψυχὴν
1437 581 1516 614 εἶναι,
1533 583 1596 618 περὶ
1609 580 1643 617 ἧς
1654 582 1668 608 ὁ
1680 581 1774 615 λόγος,
1786 582 1827 616 τὴν

1036 632 1120 667 αὐτὴν
1143 630 1232 657 Ἡλίου
1246 630 1292 656 καὶ
1310 629 1443 660 Ἰωάννου,
1461 628 1594 664 πρότερον
1620 628 1670 662 μὲν
1684 627 1829 662 κληοείσιν

1042 679 1144 709 Ἠλίαν,
1162 676 1287 712 δεύτερον
1300 676 1328 702 δὲ
1349 676 1488 710 Ἰωάννην·
1507 675 1554 701 καὶ
1574 675 1625 701 οὐκ
1643 673 1722 700 ἁθεεί
1740 682 1773 708 γε
1790 682 1828 699 κε-

1035 724 1149 759 κλῆσθαι
1169 723 1294 757 Ἰωάννην
1308 721 1400 753 αὐτὸν,
1409 721 1446 752 ὡς
1458 721 1535 756 δῆλον
1544 721 1576 747 ἐκ
1588 720 1636 746 τοῦ
1651 721 1699 746 τὸν
1715 720 1828 754 meam

1034 769 1148 804 ἄγγελον
1164 769 1203 804 τῷ
1228 769 1349 805 Ζαχαρίᾳ
1362 768 1501 803 εἰρηκέναι
1518 766 1592 802 αὐτῷ
1603 775 1611 781 ⁸
1638 775 1647 792 ε
1668 767 1718 802 Μὴ
1737 766 1826 800 com-3,

1033 816 1165 851 Ζαχαρία,
1182 815 1249 841 διότι
1262 814 1425 850 εἰσηκούσθη
1439 815 1455 850 ἡ
1472 813 1564 849 δέησίς
1581 822 1628 840 σου
1639 822 1647 828 ·
1661 813 1711 839 καί
1734 814 1751 848 ἡ
1763 814 1827 846 γυνή

1034 870 1081 888 σου
1115 861 1253 888 Ἐλισάϐετ
1277 861 1402 896 γεννήσει
1430 860 1486 886 ιιιόν
1503 868 1554 891 σοι,
1583 860 1631 886 καὶ
1650 859 1780 890 καλέσεις
1803 857 1828 884 τὸ

1032 908 1117 944 ὄνομα
1131 907 1212 934 αὐτοῦ
1236 907 1361 942 Ἰωάννην
1371 915 1377 921 “
1395 916 1404 933 ι
1424 907 1471 933 καὶ
1483 906 1516 932 ἐκ
1527 905 1574 932 τοῦ
1587 905 1774 940 ἀπειληφέναι
1786 904 1827 930 τὸν

1033 953 1169 989 Ζαχαρίαν
1182 953 1231 988 τὴν
1248 952 1349 988 φωνὴν,
1365 951 1435 978 κατὰ
1451 951 1499 986 τὴν
1510 951 1538 977 ὲν
1559 951 1592 986 τῇ
1611 949 1737 977 πινακίδι
1762 957 1826 984 γρα-

1033 1000 1084 1035 φὴν
1098 1001 1161 1035 περὶ
1181 999 1228 1026 τοῦ
1248 999 1373 1034 Ἰωάννην
1394 998 1532 1025 καλεῖσθαι
1550 998 1596 1024 τὸν
1614 997 1825 1032 γεγεννημένον.

1032 1047 1118 1082 Εἴπερ
1134 1046 1189 1081 δὲή
1205 1046 1278 1082 ψυχὴ
1299 1045 1391 1077 Ἠλίας
1404 1043 1447 1080 ἦν,
1464 1045 1548 1081 ἐχρῆν
1567 1045 1616 1071 καὶ
1631 1043 1764 1079 δεύτερον
1781 1043 1826 1070 αὐ-

1031 1091 1076 1118 τὸν
1084 1091 1252 1127 γεννώμενον
1264 1090 1395 1126 κληθῆναι
1410 1090 1512 1121 Ἠλίαν,
1529 1090 1546 1126 ἢ
1565 1090 1655 1117 αἰτίαν
1668 1089 1733 1116 τινὰ
1745 1090 1827 1124 φανῆ-

1032 1147 1074 1164 ναι
1099 1138 1149 1172 τῆς
1174 1137 1356 1172 μετωνυμίας,
1372 1137 1410 1168 ὡς
1433 1136 1479 1163 ἐπὶ
1501 1135 1549 1162 τοῦ
1569 1135 1679 1171 ’Δὸρὰμ
1707 1135 1756 1162 καὶ
1784 1135 1827 1161 τοῦ

1038 1184 1178 1219 Ἀϐραὰμ,
1196 1184 1243 1210 καὶ
1264 1184 1313 1219 τῆς
1338 1184 1426 1219 Σάρας
1445 1184 1492 1210 καὶ
1505 1185 1555 1219 τῆς
1570 1184 1699 1219 Σάρρας,
1718 1183 1768 1209 καὶ
1782 1182 1826 1209 τοῦ

1037 1230 1132 1256 Ἰακὼϐ
1159 1231 1205 1256 καὶ
1225 1230 1342 1266 Ἰσραὴλ,
1358 1231 1405 1257 καὶ
1426 1229 1474 1256 τοῦ
1491 1229 1612 1264 Σίμωνος
1633 1230 1682 1256 καὶ
1710 1229 1826 1264 Πέτρου.

1030 1276 1159 1310 Καίτοιγε
1183 1276 1238 1302 οὐδ’
1254 1276 1340 1308 οὕτως
1355 1278 1369 1303 ὁ
1391 1275 1469 1310 λόγος
1483 1277 1512 1302 ὲν
1529 1276 1621 1306 αὐτοῖς
1645 1274 1783 1307 ἐσώζετω
1801 1277 1826 1301 ἐν

1032 1325 1081 1359 μιᾷ
1096 1323 1150 1359 γὰρ
1164 1324 1210 1350 καὶ
1222 1325 1255 1359 τῇ
1269 1324 1337 1359 αὐτῇ
1353 1322 1407 1359 ζωῇ
1419 1324 1475 1354 τοῖς
1487 1322 1699 1359 προειρημένοις
1710 1322 1826 1356 γεγόνα-

1031 1378 1073 1396 σιν
1090 1370 1118 1395 αἱ
1143 1370 1318 1405 μετωνυμίαι.
1337 1370 1456 1405 Ζητήσαι
1470 1368 1491 1395 δ’
1503 1369 1536 1396 ἄν
1555 1377 1607 1399 τις,
1623 1369 1649 1394 εἰ
1664 1367 1702 1404 μὴ
1719 1369 1736 1403 ἡ

1037 1415 1127 1447 Ἠλίας
1144 1417 1201 1442 ἐστὶ
1215 1416 1347 1451 πρότερον
1360 1416 1388 1442 ἐν
1404 1415 1442 1450 τῷ
1455 1415 1585 1450 Θεσϐίτῃ,
1595 1415 1643 1441 καὶ
1654 1413 1785 1449 δεύτερον
1801 1415 1826 1440 ἐν

1029 1460 1068 1496 τῷ
1091 1461 1211 1497 Ἰωάννῃ,
1228 1460 1296 1487 τίειν
1314 1459 1357 1495 εἴη
1373 1460 1402 1487 τὸ
1425 1459 1524 1496 κληθὲν
1546 1460 1600 1486 ὑπὸ
1620 1459 1671 1486 τοῦ
1697 1459 1826 1494 Σωτῆρος

1030 1507 1058 1533 ὲν
1072 1507 1235 1542 ἀμφοτέροις
1254 1506 1363 1539 Ἦ).ίας;
1381 1507 1434 1533 Kal
1449 1515 1519 1541 φημι
1533 1506 1579 1533 τὸν
1595 1505 1718 1541 Γαϐριὴλ
1730 1507 1759 1532 ὲν
1769 1508 1826 1537 τοῖς

1030 1553 1098 1588 πρὸς
1127 1553 1264 1588 Ζαχαρίαν
1282 1553 1371 1587 λόγοις
1397 1543 1613 1588 ὗποϐεὸληκέναι
1639 1553 1683 1584 τίς
1709 1553 1726 1587 ἡ
1754 1553 1824 1586 αὕτη

188 1598 263 1626 Elias
279 1607 293 1626 a
310 1598 455 1626 Servatore
472 1598 670 1633 appellabatur?
688 1597 742 1632 Ego
756 1605 820 1625 vero
842 1597 903 1625 dico
923 1597 971 1625 Ga-

1079 1598 1105 1625 ία
1125 1599 1153 1624 ὲν
1183 1597 1260 1633 Ἠλίᾳ
1276 1599 1322 1624 καὶ
1339 1597 1465 1633 Ἰωάννῃ·
1479 1597 1546 1632 φησὶ
1562 1597 1633 1633 γάρ·
1655 1606 1665 1622 ε
1680 1597 1742 1623 Τῶν
1759 1598 1824 1623 υἱῶν

189 1644 300 1672 brielem
319 1652 442 1678 quamam
458 1644 551 1671 eadem
565 1648 636 1671 esset
654 1643 681 1670 in
696 1643 753 1670 Elia
768 1648 795 1671 et
807 1643 912 1672 Joanne
927 1652 976 1671 na-

189 1695 250 1718 tura
267 1691 293 1717 in
314 1698 439 1718 sermone
455 1698 516 1717 cum
539 1690 670 1717 Zacharia
687 1690 779 1717 habito
793 1690 972 1726 suggessisse;

189 1737 227 1763 ait
246 1737 318 1763 enim
335 1737 345 1752 ⁹
365 1745 372 1764 :
391 1745 400 1762 ι
416 1736 514 1764 Multos
534 1736 651 1763 ﬁliorum
673 1735 755 1764 Israel
776 1741 916 1764 convertet
941 1737 974 1764 ad

190 1782 334 1810 Dominum
350 1782 434 1809 Deum
449 1783 580 1818 ipsorum,
593 1789 619 1811 et
634 1783 691 1818 ipse
706 1783 840 1818 pt'tecedet
859 1788 922 1811 ante
942 1783 975 1810 il-

187 1828 245 1855 lum
263 1828 289 1856 in
305 1828 401 1864 spiritu
416 1833 442 1856 et
458 1829 558 1856 virtute
574 1829 647 1856 Elite.
669 1838 677 1854 ι
693 1829 810 1856 Atzende
822 1829 895 1857 enim
920 1837 973 1856 non

189 1874 290 1901 dixisse
303 1874 390 1906 illum,
407 1883 416 1900 ι
437 1875 462 1901 in
479 1874 569 1902 anima
586 1874 660 1908 Elia},
679 1884 688 1901 ι
706 1879 734 1903 ut
761 1875 851 1902 locum
877 1875 974 1902 habeat

1033 1644 1140 1680 Ἰσραὴλ
1152 1644 1265 1676 πολλοὺς
1282 1644 1439 1680 ἐπιστρέψει
1454 1645 1500 1671 ἐπὶ
1512 1644 1614 1679 Κύριον
1630 1643 1678 1670 τὸν
1688 1644 1758 1670 Θεὸν
1777 1644 1824 1670 αὺ-

1027 1690 1081 1717 τῶν
1091 1700 1097 1705 ·
1111 1692 1158 1717 καὶ
1173 1691 1253 1723 αὐτὸς
1265 1690 1456 1726 προελεύσεται
1472 1691 1585 1717 ἐνώπιον
1597 1690 1682 1717 αὑτοῦ
1696 1691 1727 1716 ὲν
1741 1690 1823 1717 πνεύ-

1029 1744 1092 1771 ματι
1107 1736 1153 1762 καὶ
1165 1735 1276 1770 δυνάμει
1299 1735 1398 1762 Ἠλίου.
1416 1745 1425 1761 ›
1441 1735 1562 1771 Πρόσχες
1574 1735 1640 1772 γὰρ,
1659 1736 1711 1762 οὐκ
1733 1733 1823 1767 εἶπεν,

1030 1790 1038 1806 ι
1059 1781 1088 1806 ἐν
1102 1781 1173 1816 ψυχῇ
1191 1780 1289 1813 Ἠλίου,
1304 1791 1313 1806 ι
1323 1780 1356 1807 't'v‘
1370 1780 1425 1816 ἔχοι
1441 1781 1546 1816 τόπονή
1561 1782 1822 1816 μετενσωμάτωσις.

1027 1826 1096 1858 ἀλλ’,
1116 1836 1125 1852 ι
1141 1827 1169 1853 ὲν
1188 1826 1318 1862 πνεύματι
1337 1827 1384 1853 καὶ
1399 1826 1511 1862 δυνάμει
1530 1827 1632 1854 Ἠλίου.
1652 1837 1663 1853 ι
1683 1828 1822 1862 Σαψῶςὸὲ

1027 1871 1095 1900 οἶδεν
1105 1873 1159 1908 (58)
1180 1874 1196 1908 ἡ
1211 1873 1306 1908 Γραφὴ
1318 1873 1448 1909 διαφορὰν
1464 1873 1620 1909 πνεύματος
1635 1874 1707 1910 πρὸς
1720 1874 1812 1910 ψοχὶν

785 1931 903 1959 VETUS
923 1930 1208 1959 lNTEBPRETATlO.

188 1979 280 2006 omnia
296 1983 388 2005 autem
409 1978 496 2005 nescit
512 1986 518 2005 :
534 1985 594 2013 qua!
611 1977 683 2005 enim
701 1983 762 2005 nata
777 1983 841 2006 sunt
855 1979 913 2006 sine
928 1979 990 2011 ﬁne,
1003 1978 1161 2006 deﬁnitione
1180 1977 1270 2012 aliqua
1282 1976 1545 2013 compreheudinon
1559 1982 1677 2010 possunt
1695 1986 1702 2004 :
1716 1982 1744 2004 et
1754 1986 1820 2005 enn-

187 2021 226 2043 set
239 2021 304 2040 uens
315 2018 357 2042 est
372 2018 401 2040 ut
412 2021 461 2040 nec
473 2011 619 2047 prophetiae
635 2014 739 2047 possint
750 2013 808 2040 ticri
824 2015 856 2041 de
874 2014 1011 2045 omnibus,
1028 2013 1106 2048 quasi
1122 2013 1181 2039 sine
1194 2011 1247 2039 line
1259 2012 1385 2039 omnibus
1399 2011 1564 2038 constitutis.

223 2022 249 2074 ἑ.
266 2048 361 2074 Adlme
372 2049 488 2074 dicimus
500 2048 539 2074 eis
549 2049 595 2074 aui
611 2053 707 2074 nutant
719 2049 837 2074 animam
853 2048 964 2074 Joannis
977 2050 1095 2074 animam
1110 2048 1192 2074 fuisse
1203 2047 1277 2074 Eliaa.
1293 2054 1318 2074 et
1331 2047 1446 2074 primum
1461 2048 1564 2074 uuiden

223 2047 249 2075 '2.
266 2048 361 2075 Adhuc
372 2049 488 2075 dicimus
500 2048 539 2075 eis
549 2049 595 2082 qui
611 2053 707 2082 putant
719 2049 837 2075 animam
853 2048 964 2076 Joannis
977 2047 1095 2075 animam
1110 2048 1192 2074 fuisse
1203 2047 1277 2080 Eliaa,
1293 2054 1318 2074 et
1328 2047 1446 2108 Erimum
1461 2048 1570 2081 quidem
1584 2051 1711 2074 vocatam
1722 2047 1819 2078 Etiam.

225 2088 280 2108 stea
302 2083 445 2108 Joannem.
467 2091 552 2108 ouare
573 2084 686 2108 anuelus
698 2084 744 2108 oui
758 2085 832 2108 risus
846 2089 888 2108 est
904 2083 1041 2108 Zachariae
1056 2084 1091 2108 ita
1107 2083 1175 2108 dixit
1192 2091 1198 2107 :
1214 2092 1222 2108 ι
1243 2082 1312 2108 Ecce
1352 2082 1466 2108 lisabellt
1480 2089 1548 2108 uxor
1565 2086 1610 2108 tua
1626 2083 1778 2108 concipiet.
1796 2090 1819 2108 et

187 2088 280 2118 postea
302 2083 445 2115 Joannem,
467 2091 552 2116 quare
573 2084 686 2117 angelus
698 2084 744 2117 qui
758 2085 832 2111 visus
846 2089 888 2111 est
904 2083 1041 2110 Zachariae
1056 2084 1091 2110 ita
1107 2083 1175 2110 dixit
1192 2091 1198 2107 :
1214 2092 1222 2108 ι
1243 2082 1312 2110 Ecce

1352 2082 1466 2109 lisabeth
1480 2089 1548 2108 uxor
1565 2086 1610 2108 tua
1626 2083 1778 2117 concipiet.
1796 2090 1821 2110 et

187 2116 274 2153 pariet
288 2120 335 2145 tibi
349 2118 445 2147 lilium,
457 2123 484 2145 et
496 2116 716 2144 vorauishomen
729 2118 788 2152 ejus
798 2118 951 2146 Joannem?
968 2128 976 2144 ι
987 2118 1014 2145 Si
1026 2119 1097 2146 enim
1112 2118 1202 2144 anima
1216 2118 1272 2152 ipsa
1286 2118 1337 2144 fuit
1353 2116 1427 2150 Elnc,
1444 2117 1565 2151 oportuit
1581 2121 1609 2153 et
1624 2116 1750 2145 secunda
1762 2127 1821 2145 vce

188 2158 283 2179 natum
302 2154 390 2179 vocari
410 2153 505 2185 Etiam,
523 2158 570 2179 aut
583 2153 688 2188 ostendi
714 2155 831 2188 aliquam
858 2155 954 2180 mutati
975 2154 1094 2180 nominis
1111 2161 1231 2184 causam,
1248 2153 1318 2180 sient
1334 2153 1360 2179 in
1374 2152 1484 2188 Abram,
1498 2157 1525 2178 et
1537 2153 1564 2178 in
1578 2152 1742 2187 Abraham;
1756 2160 1780 2179 et
1794 2155 1819 2180 in

188 2188 296 2218 Sat-ain,
308 2193 334 2214 et
350 2189 376 2214 in
393 2188 529 2217 Sarra;et
543 2188 568 2214 in
583 2187 676 2220 Jaeob,
697 2193 724 2215 et
742 2186 769 2215 in
786 2188 882 2222 Israel;
901 2193 929 2216 et
951 2190 977 2215 in
999 2189 1149 2220 Simonem,
1164 2193 1190 2214 et
1210 2188 1236 2214 in
1261 2187 1380 2214 Petrum.
1398 2186 1499 2214 Tamen
1521 2195 1570 2214 nec
1587 2188 1628 2214 sic
1645 2189 1718 2215 ratio
1732 2190 1820 2215 valida

186 2223 315 2260 vincitur,
330 2223 458 2260 quoniam
480 2223 586 2260 illorum
602 2223 628 2249 iu
653 2231 704 2260 una
725 2225 874 2260 eademque
888 2225 940 2251 vita
962 2229 1063 2260 mutata
1082 2228 1144 2260 sunt
1163 2224 1283 2260 nomium.
1307 2223 1359 2250 Sed
1377 2223 1448 2260 dicit
1457 2221 1557 2260 aliquis
1571 2230 1671 2260 eorum
1693 2232 1703 2249 :
1717 2224 1747 2251 Si
1765 2232 1818 2250 non

186 2256 251 2284 Elite
266 2257 317 2284 fuit
335 2256 425 2294 anima
445 2257 567 2289 Joannis,
589 2266 673 2292 quare
689 2258 812 2286 Salvator
828 2256 912 2286 Eliam
927 2259 1071 2294 appellavit
1084 2258 1215 2294 Joannem
1226 2261 1236 2284 1'
1248 2257 1280 2284 Et
1297 2263 1361 2292 puto
1377 2257 1449 2294 quod
1467 2257 1688 2294 Gabi'icll'erbis
1704 2268 1767 2293 qua:
1779 2261 1819 2285 lo-

186 2297 265 2329 cutus
282 2298 323 2320 est
337 2293 487 2325 Zachariae,
499 2293 696 2320 demonstravit
710 2295 775 2329 quid
792 2294 855 2322 Elia:
869 2292 1030 2321 translatum
1049 2300 1091 2321 est
1106 2294 1132 2320 in
1149 2293 1280 2319 Joannem
1296 2293 1379 2319 :dicit
1398 2293 1469 2319 enim
1483 2293 1518 2329 ita
1533 2300 1564 2329 ιγ(
1586 2292 1620 2319 Ει
1636 2293 1697 2327 ipse
1716 2292 1818 2328 prece-

186 2327 231 2354 det
250 2334 312 2355 ante
329 2336 390 2355 cum
414 2329 439 2355 in
460 2328 557 2362 spiritu
577 2334 604 2355 et
621 2327 725 2356 virtute
735 2329 808 2361 Elite,
828 2335 986 2357 convertere
1006 2331 1088 2356 corda
1113 2334 1218 2362 patrum
1235 2330 1267 2355 ad
1286 2329 1366 2357 lii-os.
1385 2333 1412 2354 et
1428 2327 1582 2363 incredulos
1597 2328 1630 2354 ad
1648 2327 1817 2363 sapientiam

186 2368 354 2390 sanctorum.
375 2373 384 2388 ι
404 2363 436 2389 Et
449 2371 502 2390 non
519 2364 586 2390 dixit
601 2373 607 2390 :
621 2363 679 2398 Ipse
696 2366 827 2398 praecedet.
844 2370 905 2391 ante
922 2372 984 2392 eum
1008 2364 1035 2391 in
1053 2363 1143 2390 anima
1161 2363 1225 2390 Iuli-te
1244 2372 1250 2390 :
1266 2364 1416 2398 manifeste
1424 2363 1495 2389 enim
1513 2362 1656 2397 Scriptura
1673 2362 1818 2398 cognoscit

185 2398 258 2425 aliud
273 2406 332 2425 esse
346 2398 476 2432 animant,
491 2398 563 2425 aliud
579 2397 668 2425 autem
687 2397 747 2426 esse
766 2400 902 2433 spiritum,
917 2401 988 2426 sicut
1002 2403 1115 2426 testatur
1135 2399 1234 2426 l'aulus
1249 2399 1342 2425 dicens
1355 2407 1361 2424 :
1379 2407 1388 2422 ι
1404 2397 1475 2424 Deus
1491 2403 1580 2433 autem
1599 2397 1757 2426 sanctiticet
1769 2408 1817 2427 vus

185 2434 218 2470 ad
229 2434 390 2470 perfectum,
408 2439 435 2460 et
448 2434 551 2470 integer
566 2435 680 2470 spintus
693 2432 791 2470 vester,
811 2440 838 2461 ct
854 2435 955 2466 anima,
975 2439 1002 2461 et
1019 2442 1118 2468 cui-pus
1140 2439 1315 2460 conservetur
1326 2434 1359 2470 _in
1378 2433 1493 2470 adventu
1511 2432 1619 2470 D_oi_nini
1642 2436 1732 2470 nostri
1749 2434 1815 2462 Jesu

185 2467 296 2496 Christi.
315 2478 324 2494 ι
338 2468 371 2496 Ει
388 2470 457 2504 apud
472 2467 625 2496 Dianelcin:
644 2479 652 2494 (
671 2468 834 2501 Benedicite,
856 2470 968 2503 spiritus
988 2474 1014 2496 et
1035 2467 1132 2496 anima:
1144 2475 1312 2502 sanctorum,
1326 2467 1478 2495 Dominum.
1498 2477 1507 2493 ι
1522 2467 1596 2496 Elias
1611 2477 1678 2504 ergo
1692 2469 1816 2497 Joannes

220 2527 229 2542 ⁷
250 2526 316 2553 Luc.
333 2533 352 2559 ι,
372 2526 411 2553 15.
460 2527 470 2542 ⁸
489 2526 569 2558 ibid.,
590 2526 633 2552 65.
684 2525 771 2553 1’Luc.
791 2526 903 2558 xw,17.

221 2584 275 2619 (57-)
296 2584 413 2618 Ἄπειρα
429 2583 484 2619 γὰρ
506 2583 544 2617 τῇ
561 2584 660 2618 φύσει,
682 2587 733 2611 etc.
755 2583 866 2617 Omnes,
895 2585 968 2612 verbi

171 2618 282 2655 ,gratia,
301 2618 437 2650 homines,
447 2619 493 2652 qui
509 2627 523 2645 a
538 2618 593 2646 Deo
609 2619 695 2655 creari
713 2624 838 2655 possunt,
852 2620 892 2646 vel
909 2627 969 2646 0m-

187 2654 234 2681 iies
248 2655 404 2690 angelorum
426 2659 472 2680 aut
484 2655 623 2690 beatorum
636 2654 812 2688 cogitationes
827 2663 873 2690 per
885 2660 967 2682 totam

185 2688 360 2724 tetu-nitatem
385 2688 492 2719 futurae,
505 2688 617 2715 inﬁnita:
629 2694 701 2721 sunt,
719 2694 745 2716 et
765 2688 853 2716 tamen
868 2698 968 2724 cogno-

170 2717 299 2750 3scuntur
313 2732 327 2750 a
345 2723 416 2756 Deo;
430 2724 476 2751 sed
487 2717 558 2750 tales
575 2724 627 2750 illa:
644 2717 856 2759 cognoscuntur,
871 2717 965 2759 qtliiles

171 2768 173 2771 ι
187 2763 268 2790 sum;
293 2766 346 2784 non
359 2763 422 2786 sunt
434 2764 523 2785 autem
538 2759 648 2786 inﬁnita:
662 2760 810 2793 collective,
824 2765 852 2786 ut
865 2760 966 2787 schola:

187 2793 274 2818 Verbis
289 2797 362 2828 utar,
385 2794 451 2824 sive,
472 2798 501 2819 ut
521 2794 640 2828 loquitur
657 2795 830 2826 Aristotcles,
848 2795 886 2826 ὡς
905 2795 965 2821 τάδε

188 2833 224 2856 τι.
250 2827 294 2852 sed
317 2827 501 2859 distributive,
522 2829 578 2856 sive
606 2829 643 2861 ὡς
667 2829 758 2864 ἕτερον
788 2831 834 2857 καὶ
861 2830 962 2865 ἕτερον.

1022 2584 1099 2618 Quod
1115 2585 1230 2621 aitﬂergo
1242 2584 1372 2621 Origenes
1397 2593 1440 2612 res
1458 2585 1580 2612 inﬁnitas
1596 2593 1651 2612 non
1669 2594 1753 2621 posse
1766 2595 1813 2615 co-

1022 2621 1137 2655 gnoscia
1157 2620 1221 2652 Deo,
1235 2621 1297 2655 quia
1314 2621 1467 2654 cognitione
1482 2620 1699 2653 hactiuirentur,
1713 2623 1753 2649 sic
1769 2623 1812 2648 in-

1023 2655 1136 2690 telligo:
1157 2663 1209 2682 non
1233 2663 1312 2689 posse
1339 2663 1385 2692 eas
1407 2656 1532 2692 cognosci
1560 2660 1590 2681 ul
1616 2657 1669 2683 hoc
1695 2658 1811 2692 aliquid,

1022 2691 1085 2724 quia
1114 2691 1164 2717 hac
1188 2692 1342 2726 cognitione
1363 2691 1673 2722 circmnscriherrntur;
1707 2694 1752 2719 Sl‘ll
1782 2697 1811 2719 ut

1020 2726 1104 2757 aliud,
1121 2730 1147 2751 et
1160 2726 1243 2757 aliuJ,
1263 2727 1335 2760 quod
1353 2727 1433 2753 rebus
1458 2727 1574 2760 cognitis
1592 2728 1674 2753 lincln
1702 2728 1810 2754 nullum

1019 2760 1122 2787 statuit.
1144 2760 1273 2787 HUETIL‘S.

1017 2830 1033 2857 J
1055 2796 1110 2830 (58)
1124 2796 1229 2857 Suggilla-
1253 2797 1287 2823 δὲ
1313 2796 1404 2828 εἶδεν,
1435 2801 1484 2823 etc.
1517 2795 1582 2823 Vide
1608 2795 1754 2832 Origenem
1781 2798 1809 2824 iu

1037 2839 1097 2857 uan.
1114 2839 1172 2857 xm.
1187 2836 1205 2857 ξ.
1223 2851 1229 2857 .

1037 2839 1097 2858 uan.
1114 2839 1172 2865 xm,
1187 2836 1229 2857 ιιι.
