1870 3049
65 117 144 146 I093

62 173 105 207 ὥς
117 177 149 201 τὸ
159 184 166 190 ·
179 185 188 201 ι
210 175 239 201 Ὀ
251 174 280 201 δὲ
297 174 362 207 Θεὸς
379 175 490 210 ἁγιάσαι
508 175 579 210 ὑμᾶς
590 175 733 207 ὁλοτελεῖς,
745 175 791 202 καὶ
805 175 864 202 ὁλό-

63 221 119 256 κλη
125 230 172 257 ρον
181 221 257 257 ὑμῶν
268 221 297 247 τὸ
305 222 423 257 πνεῦμα,
432 221 478 248 καὶ
490 222 506 257 ἡ
516 221 589 257 ψυχὴ
599 222 645 248 καὶ
653 222 684 248 τὸ
693 221 772 257 σῶμα
780 230 865 257 τηρη-

64 267 129 302 θείη
142 267 296 303 ἀμέμπτως
312 269 341 294 ὲν
355 269 386 303 τῇ
399 268 535 303 παρουσίᾳ
546 268 591 294 τοῦ
604 268 705 303 Κυρίου
721 268 799 304 ἡμῶν
813 268 865 303 Ἰη-

67 313 116 339 uoti
125 313 246 349 Χριστοῦ
256 322 262 328 ·
276 323 285 339 r
296 314 341 340 καὶ
354 313 396 340 τό·
411 324 419 338 ι
432 314 584 348 Εὑλογεῑτε,
600 313 743 349 πνεύματα
765 314 812 341 καὶ
824 314 864 340 δι-

65 359 158 386 καίων
172 359 269 394 ψυχαὶ,
283 369 292 386 ›
309 360 338 386 ὲν
347 359 386 394 τῷ
399 359 468 386 κατὰ
479 359 542 390 τοὺς
558 359 757 396 Ἑϐδομήχοντα
767 359 865 394 Δανιὴλ

68 405 233 440 φερόμενον,
252 405 400 440 παρίστησι
422 405 470 440 τὴν
494 405 624 441 διαφορὰν
646 405 799 441 πνεύματος
818 406 865 432 καὶ

67 449 172 485 ᾀυχῆς.
191 450 283 481 Ἠλίας
296 448 340 476 οὖν
356 451 370 475 ὁ
385 449 511 485 Ἰωάννης
526 450 556 476 οὺ
570 450 614 476 διὰ
625 450 674 486 τὴν
686 450 776 485 ψυχὴν
792 451 865 477 λέλε-

67 504 145 527 κται,
159 495 226 523 ἀλλὰ
239 495 283 522 διὰ
295 495 325 522 τὸ
334 494 440 530 πιεῦμα
453 496 500 523 καὶ
510 496 559 531 τὴν
567 495 690 531 δύναμιν,
703 496 781 523 ἅτινα
791 497 866 523 οὐδὲν

66 540 150 567 λυπεῖ
164 541 210 567 τὸν
223 540 448 576 ἐκκλησιαστικὸν
465 540 554 574 λόγον,
573 541 597 566 εἰ
614 541 745 576 πρότερον
764 541 812 576 μὲν
832 539 866 576 ἦν

66 588 98 614 ὲν
111 587 202 623 Ἠλίᾳ,
212 586 325 623 ὕστερον
335 587 362 614 δὲ
372 587 483 621 γέγονεν
491 587 519 613 ἐν
534 586 654 622 ’ίωέιννῃι
665 596 673 611 ι
685 587 740 612 Καὶ
748 586 868 622 πνεύμα-

65 641 103 659 τα
117 633 150 659 δὲ
162 634 309 670 προφητῶν
327 634 382 670 (59)
399 634 550 670 προφήταις
566 633 758 665 ὑποτάσσεται,
780 643 789 659 ι
806 634 866 668 οὐχὶ

65 679 95 705 δὲ
110 679 198 715 ψυχαὶ
212 680 357 716 προφητῶν
371 681 524 716 προφήταις
536 679 718 706 ὑποτάσσεται
728 687 735 695 ’
750 679 797 706 καὶ
814 679 844 706 τό
858 687 864 694 '

69 734 79 750 ι
103 725 220 761 Πνεῦμα
238 725 328 752 Ἡλίου
345 725 536 752 ἀναπέπαυται
552 725 599 752 ἐπὶ
617 722 762 752 Ἐλισσαιέ.
787 735 795 751 ι
812 727 865 761 Ζη-

64 771 166 805 τητέον
182 771 210 797 δὲ
224 771 336 807 πότερον
350 771 446 798 ταύτόν
460 772 518 798 ἐστι
533 771 563 798 τὺ
578 770 686 806 πνεῦμα
709 771 755 798 τοῦ
777 771 866 798 Ἠλίου

64 816 108 852 τῷ
121 817 151 842 ὲν
173 817 250 853 Ἠλίᾳ
267 818 401 852 πνεύματι
418 817 484 844 Θεοῦ
499 836 506 849 ,
521 817 537 852 ἢ
552 817 634 852 ἕτερα
646 817 722 843 ταῦτ’
736 817 808 843 ἐστὶν
823 817 868 843 ἀλ-

63 861 175 898 λήλων·
193 864 240 889 καὶ
255 865 278 890 εί
300 862 450 899 παράδοξόν
466 872 491 890 τι
509 863 539 889 τὸ
554 863 662 898 πνεῦμα
680 861 714 898 ἦν
735 863 824 889 Ἠλίου
837 862 868 889 τὸ

63 908 97 935 ἐν
112 908 189 943 αὐτῷ
205 909 282 944 παρὰ
295 910 325 936 τὸ
342 909 448 945 πνεῦμα
470 909 517 936 τοῦ
535 908 680 944 ἀνθρώπου
699 909 813 936 ἑκάστου
835 908 866 935 τὸ

64 954 97 980 ἐν
113 953 205 989 αὐτῷ·
229 955 277 980 καὶ
293 954 347 990 γὰρ
365 954 458 989 σαιρῶς
483 955 497 980 ὁ
517 954 677 986 Ἀπόστολος
697 953 866 989 παρέστησεν

63 999 164 1035 ἕτερον
187 997 302 1026 εἶναιτὸ
324 1000 369 1027 τοῦ
387 1000 454 1026 Θεοῦ
477 1000 600 1035 πνεῦμα,
624 999 674 1026 κᾶν
699 1000 728 1026 ἐν
752 1001 817 1035 ἡμῖν
836 998 864 1036 ᾗ,

65 1044 147 1080 παρὰ
157 1044 188 1070 τὸ
204 1044 312 1080 πνεῦμα
325 1046 440 1072 ἑκάστου
456 1045 601 1082 ἀνθρώπου
618 1045 648 1072 τὸ
663 1046 691 1072 ὲν
703 1045 786 1081 αὐτῷ,
798 1046 865 1072 ὅπου

67 1090 120 1124 μὲν
133 1090 236 1124 λέγων’
257 1101 266 1116 ι
278 1092 349 1118 Αὐτὸ
364 1092 394 1118 τὸ
406 1091 514 1127 πνεῦμα
529 1093 721 1128 συμμαρτυρεῖ
733 1091 772 1127 τῷ
785 1092 866 1118 πνεύ-

67 1144 139 1171 ματι
155 1137 248 1171 ἡμῶν,
263 1138 303 1164 ὅτι
321 1138 403 1173 ἐσμὲν
415 1139 497 1165 τέκνα
513 1137 580 1164 Θεοῦ
591 1147 597 1153 ’
617 1147 626 1163 ι
643 1138 709 1164 ὅπου
722 1138 750 1164 δέ
762 1146 769 1153 ·
788 1147 797 1164 ι
814 1138 865 1164 Οὑ-

65 1182 126 1213 δεὶς
150 1180 221 1210 οἶδεν
243 1183 393 1220 ἀνθρώπων
414 1184 448 1210 τὰ
468 1184 516 1210 τοῦ
540 1183 685 1220 ἀνθρώπου
716 1185 740 1210 εί
770 1184 807 1221 μὴ
834 1184 865 1210 τὸ

67 1227 182 1263 πνεῦμα
195 1229 241 1255 τοῦ
257 1229 400 1265 ἀνθρώπου
415 1231 445 1257 τὸ
462 1231 490 1257 ὲν
504 1229 578 1266 αὐτῷ
588 1238 594 1245 ·
612 1229 683 1256 οὓτω
697 1229 742 1256 καὶ
765 1229 799 1256 τὰ
818 1229 864 1256 τοῦ

66 1273 141 1300 Θεοῦ
162 1275 248 1307 οὐδεὶς
272 1273 341 1302 οἶδεν
365 1277 389 1303 εἰ
408 1277 445 1312 μὴ
461 1277 491 1304 τὸ
507 1276 616 1311 πνεῦμα
630 1275 676 1302 τοῦ
693 1274 771 1302 Θεοῦ.
792 1285 802 1301 ›
818 1275 867 1311 Μὴ

68 1319 196 1356 θαύμαζε
216 1322 244 1348 δὲ
267 1322 298 1348 τὸ
321 1323 384 1358 περὶ
405 1322 451 1349 τοῦ
468 1323 558 1349 Ἠλίου
571 1342 578 1355 ,
593 1323 623 1349 εί
638 1321 732 1358 ὥσπερ
749 1321 822 1355 ξένον
838 1331 864 1349 τι

67 1367 229 1403 ἀπήντησεν
243 1368 316 1403 αὐτῷ
330 1367 406 1404 παρὰ
418 1369 480 1400 τοὺς
491 1368 751 1404 ἀναγεγραμμένους
761 1368 866 1401 πάντας

68 1413 177 1447 ἁγίους,
195 1413 239 1439 διὰ
248 1413 278 1439 τὺ
291 1414 477 1449 ἀναληφθῆναι
495 1414 524 1440 ὲν
538 1414 694 1450 συσσεισμῷ
708 1415 747 1446 εἰς
761 1414 806 1441 τὸν
821 1414 865 1442 οὺ-

69 1458 164 1494 ρανὺν,
177 1458 263 1490 οὕτως
279 1458 414 1494 ἐξαίρετόν
427 1468 452 1486 τι
467 1456 523 1495 εἶχε
537 1460 568 1487 τὸ
587 1460 695 1496 πνεῦμα
711 1460 793 1487 αὐτοῦ
804 1482 810 1494 ,
826 1461 863 1493 ὡς

66 1505 103 1532 οὐ
125 1505 205 1540 μόνον
230 1505 474 1533 ὲπαναπαύσασθαι
497 1506 536 1542 τῷ
556 1502 717 1542 Ἐλισσαίῳ,
737 1507 804 1534 ἀλλὰ
817 1508 863 1535 καὶ

66 1552 110 1587 τῷ
131 1552 241 1588 Ἰωάννῃ
261 1553 464 1589 συγκαταϐῆναι
481 1554 521 1585 είς
536 1553 586 1589 τὴν
611 1553 730 1588 γένεσιν,
751 1554 797 1580 καὶ
817 1553 863 1581 τὸν

75 1598 204 1634 Ἰωάννην
222 1599 275 1634 ίδίᾳ
290 1599 338 1634 μὲν
359 1609 368 1625 ‹
386 1600 545 1635 Πνεύματος
568 1600 646 1634 ἁγίου
667 1599 864 1635 πεπληρῶσθαι

68 1643 113 1670 ἔτι
134 1644 167 1671 ἐκ
187 1645 289 1676 κοιλίας
305 1645 407 1681 μητρὸς
427 1645 508 1672 αὑτοῦ
523 1646 637 1683 ιίδίᾳδὲι
651 1644 864 1681 προεληλυθέναι

67 1691 188 1718 ἐνώπιον
213 1691 260 1718 τοῦ
292 1691 409 1727 Χριστοῦ
441 1693 469 1718 ὲν
501 1691 635 1726 πνεύματι
668 1692 715 1718 καὶ
748 1691 863 1727 δυνάμει

74 1737 178 1764 Ἠλίου.
199 1747 208 1763 ›
234 1738 288 1764 Καὶ
312 1738 365 1772 γὰρ
384 1737 495 1764 δυνατὸν
513 1736 623 1763 πλείονα
643 1736 697 1772 (60)
720 1737 863 1773 πνεύματα

66 1781 140 1810 εἶναι
158 1784 186 1809 ἐν
200 1783 239 1818 τῷ
252 1783 337 1818 αὐτῷ,
352 1784 382 1810 οὐ
401 1784 479 1818 μόνον
490 1783 608 1818 χείρονα,
622 1782 690 1809 ἀλλὰ
706 1783 754 1810 καὶ
770 1782 863 1818 κρείτ-

65 1837 151 1856 τονα·
170 1829 240 1856 αίτεῐ
255 1829 320 1863 γοῦν
335 1830 349 1855 ὁ
364 1829 446 1856 Δαυῒδ
462 1829 641 1865 στηριχθῆναι
665 1829 714 1864 μὲν
728 1828 863 1864 πνεύματι

65 1875 228 1910 ἡγεμονικῷ
242 1875 314 1910 (61),
332 1875 534 1911 ὲγκαινισθῆναι
554 1875 582 1902 δὲ
605 1877 633 1902 ὲν
656 1877 711 1907 τοῖς
737 1875 863 1910 ὲγκάτοις

66 1921 154 1948 αὑτοῦ
171 1921 279 1956 πνεῦμα
288 1921 376 1953 εὐθές.
388 1921 420 1947 Et
433 1921 471 1953 δὲ,
483 1922 526 1948 ἵνα
540 1921 646 1956 μεταδῴ
662 1921 728 1956 ἡμῖν
742 1922 756 1948 ὸ
767 1920 862 1956 Σωτὴρ

69 1975 81 1992 l
101 1966 256 2001 πνεύματος
273 1968 368 2002 σοφίας
383 1968 431 2002 καὶ
439 1967 582 2000 συνέσεως,
594 1967 749 2002 πνεύματος
765 1966 864 2002 βουλῆς

67 2013 119 2039 καὶ
133 2013 241 2048 ἰσχύος,
257 2013 409 2048 πνεύματος
425 2013 550 2048 γνώσεως
566 2013 612 2039 καὶ
633 2012 772 2044 εὐσεϐείας
785 2033 793 2046 ,
817 2012 864 2039 καὶ

67 2059 221 2095 ἐνεπλήσθη
244 2060 397 2095 πνεύματος
424 2059 507 2094 φόϐου
532 2058 616 2086 Θεοῦ’
642 2068 651 2085 ι
679 2059 790 2085 δυνατὸν
816 2059 867 2086 καὶ

552 116 731 145 COMIIENT.
754 117 784 144 IN
807 116 1016 144 ΜΔΤΤΗᾸΞΕΜ
1037 117 1155 145 TOMUS
1176 117 1244 144 XIII.

1639 123 1705 151 1091

879 177 904 207 Α
917 174 962 202 illa
975 175 1009 202 de
1024 174 1177 202 animarum
1196 183 1210 203 e
1225 182 1340 211 corpore
1356 176 1382 203 in
1401 184 1499 212 corpus
1515 179 1630 207 transitu
1651 182 1711 216 opi-

915 220 972 252 nio,
985 219 1032 248 sed
1048 230 1057 246 ‹
1075 221 1101 248 in
1118 221 1215 256 spiritu
1231 226 1257 249 et
1272 223 1371 250 virtute
1386 223 1461 257 Elim;
1478 234 1486 250 ι
1504 225 1606 260 optime
1618 232 1706 255 autem

915 265 1064 292 discrimen
1081 265 1161 292 callet
1175 266 1326 301 Scriptura,
1345 267 1417 302 quod
1441 268 1511 294 inter
1534 269 1653 296 animam
1680 274 1709 298 et

916 311 1041 345 spiritum
1058 310 1210 346 intercedit;
1225 314 1454 347 quemadmodum
1471 314 1536 342 illud
1553 315 1575 330 ¹⁰
1590 324 1596 342 z
1612 325 1622 340 ι
1635 315 1710 345 Deus

916 362 1006 384 autem
1022 357 1172 386 sanctiﬁcet
1186 366 1234 385 vos
1248 367 1294 393 per
1307 360 1410 392 omnia,
1427 365 1456 388 ut
1473 361 1578 396 integer
1593 362 1707 397 spiritus

916 406 1014 434 vester,
1030 406 1056 428 et
1071 401 1173 433 anima,
1187 407 1213 429 et
1225 410 1324 437 corpus
1341 404 1399 431 sine
1415 404 1524 439 querela
1549 406 1575 433 in
1589 407 1707 434 adventu

916 445 1024 474 Domini
1046 447 1133 474 nostri
1158 447 1223 475 Jesu
1250 449 1352 476 (lhrisli
1377 455 1520 483 servetur;
1549 461 1558 478 ι
1585 457 1613 480 et
1639 453 1707 480 illud

916 493 989 527 quod
1000 492 1115 520 habetur
1125 492 1152 520 in
1161 493 1230 520 libro
1244 493 1347 527 Daniel,
1358 500 1439 528 prout
1451 499 1618 532 exslatapud
1627 499 1709 526 inter-

916 543 1007 573 pretes
1019 538 1194 575 Septuaginta
1210 540 1230 555 ”
1242 550 1248 567 :
1260 550 1268 565 ι
1281 540 1442 574 Bcnedicite,
1455 543 1566 577 spiritus
1574 549 1599 571 et
1610 545 1709 573 animae

914 584 1064 619 justorum,
1081 585 1203 619 Domino,
1222 595 1232 612 ι
1249 587 1360 622 spiritus
1374 592 1400 614 et
1415 589 1513 615 anima:
1526 589 1706 619 diIl‘erentiam

917 631 1053 665 exprimit.
1068 630 1187 659 Joannes
1202 632 1293 667 igitur,
1307 640 1360 659 non
1373 633 1481 666 animat,
1494 635 1540 662 sed
1553 635 1664 670 spiritus
1681 643 1707 665 et

916 677 1025 704 virtutis
1035 677 1150 710 ratione,
1160 678 1232 706 Elias
1240 679 1386 711 dictusest,
1394 688 1454 714 qua:
1463 681 1571 715 quidem
1581 681 1707 710 Ecclesiae

918 719 995 755 571
1014 720 1167 748 doctrinam
1185 730 1239 749 non
1259 723 1370 755 laedunt,
1393 723 1415 752 si
1440 725 1558 760 primum
1584 727 1611 754 in
1637 727 1706 762 Elia,

918 765 1016 793 deinde
1036 774 1100 794 vero
1116 767 1218 796 fuerint
1237 768 1264 796 in
1288 769 1393 797 Joanne
1409 780 1415 797 :
1431 780 1440 796 ι
1455 771 1487 798 Et
1506 772 1618 807 spiritus
1640 782 1705 808 pro—

917 810 1060 845 phetarum
1084 813 1226 847 prophetis
1250 813 1365 848 subjecti
1387 820 1452 842 sunt
1466 816 1498 847 ",
1517 825 1525 842 ι
1544 817 1643 845 anima:
1656 826 1706 845 au-

883 860 904 887 B
920 860 972 884 tem
991 858 1184 893 prophetarum
1201 861 1340 895 prophetis
1355 861 1485 896 subjecta:
1497 871 1551 890 non
1565 869 1643 898 sunt;
1655 870 1682 892 et
1694 873 1704 893 :

921 911 931 928 ‹
949 902 1095 938 chuievit
1119 905 1230 940 spiritus
1254 905 1320 934 Elite
1342 915 1425 942 super
1450 907 1576 936 Elisatum
1593 911 1624 937 ".
1644 920 1653 936 ι
1670 911 1707 939 At

917 950 1093 982 quzerendum
1114 950 1188 978 venit
1209 956 1300 979 utrum
1316 952 1386 980 idem
1405 954 1440 981 sit
1454 953 1518 981 Elia:
1533 955 1656 990 spiritus,
1673 965 1706 985 ac

917 994 1030 1029 spiritus
1046 994 1091 1022 Dei
1105 996 1150 1030 qui
1167 996 1192 1023 in
1205 996 1262 1024 Elia
1275 1002 1334 1031 est;
1351 1006 1384 1025 an
1400 999 1515 1027 invicem
1533 1000 1703 1036 discrepent;

917 1045 944 1067 et
959 1045 1050 1068 utrum
1066 1041 1193 1070 insolitus
1208 1048 1267 1070 erat
1281 1044 1326 1071 hic
1341 1043 1405 1071 Elim
1420 1045 1505 1079 quiin
1519 1045 1565 1073 illo
1576 1052 1633 1074 erat
1649 1047 1706 1082 spi-

917 1085 996 1118 ritus,
1012 1092 1111 1121 praeter
1133 1088 1349 1124 uniuscujusque
1366 1090 1485 1118 hominis
1500 1091 1636 1126 spiritum,
1656 1093 1703 1128 qui

917 1132 943 1159 in
960 1133 1019 1167 ipso
1036 1138 1085 1161 est.
1109 1133 1212 1161 Etenim
1226 1141 1325 1170 praeter
1343 1136 1561 1173 uniuscujusque
1584 1139 1717 1174 hominis

916 1178 1041 1212 spiritum
1064 1179 1110 1214 qui
1138 1179 1165 1206 in
1189 1188 1222 1207 eo
1247 1186 1298 1215 est,
1325 1182 1408 1210 alium
1424 1184 1536 1218 insuper
1558 1191 1619 1212 esse
1643 1185 1703 1217 Dei,

916 1223 1022 1251 etiamsi
1038 1224 1064 1251 in
1082 1225 1161 1253 nobis
1183 1231 1316 1259 versetur,
1335 1228 1473 1263 spiritum,
1498 1229 1650 1257 luculenter
1665 1232 1702 1258 si-

916 1270 1054 1305 gniﬁcavit
1067 1271 1225 1306 Apostolus,
1242 1273 1323 1301 modo
1336 1273 1430 1303 dicens
1442 1275 1465 1291 ¹⁸
1480 1284 1487 1302 :
1507 1285 1516 1301 ι
1535 1275 1594 1310 Ipse
1618 1278 1702 1311 spiri~

916 1320 960 1343 tus
977 1317 1162 1345 testimonium
1179 1318 1268 1347 reddit
1286 1320 1393 1355 spiritui
1407 1326 1502 1349 nostro
1517 1323 1589 1358 quod
1605 1331 1702 1352 sumus

915 1361 963 1389 ﬁlii
976 1361 1039 1396 Dei;
1057 1372 1066 1388 ι
1085 1363 1152 1392 alias
1166 1372 1231 1392 vero
1244 1365 1266 1381 ¹⁵
1278 1373 1285 1392 :
1298 1375 1307 1391 ι
1323 1365 1407 1394 Nemo
1422 1368 1561 1396 hominum
1577 1370 1628 1396 scit
1642 1378 1703 1405 qua:

916 1413 982 1436 sunt
996 1409 1128 1440 hominis.
1143 1411 1194 1438 nisi
1210 1411 1322 1446 spiritus
1337 1412 1455 1441 hominis
1467 1415 1513 1449 qui
1527 1415 1553 1442 in
1569 1416 1627 1450 ipso
1641 1421 1700 1450 cst;

913 1452 949 1479 ita
972 1458 998 1480 et
1021 1463 1079 1489 quae
1102 1456 1148 1482 Dei
1173 1463 1236 1484 sunt
1261 1467 1341 1486 nemo
1362 1462 1496 1495 cognovit.
1515 1462 1566 1488 nisi
1590 1463 1702 1497 spiritus

912 1499 969 1527 Dei.
992 1510 1000 1526 ι
1016 1502 1092 1534 Quod
1115 1503 1147 1530 ad
1167 1505 1251 1532 Eliam
1270 1511 1360 1534 autem
1379 1508 1506 1542 pertinet,
1529 1517 1564 1536 ne
1581 1510 1699 1544 mireris,

912 1549 945 1582 si,
961 1552 1187 1585 quemadmodum
1210 1554 1366 1584 inusitatum
1385 1558 1449 1592 quid
1471 1559 1507 1585 illi
1517 1564 1621 1593 .praeler
1636 1567 1697 1586 san-

910 1603 969 1626 ctos
981 1608 1077 1628 omnes
1097 1602 1130 1629 de
1150 1603 1249 1638 quibus
1266 1605 1395 1640 scriptum
1411 1611 1451 1633 est
1466 1607 1578 1641 contigit
1593 1615 1654 1634 cum
1671 1607 1699 1634 in

915 1649 1013 1676 emtum
1039 1656 1086 1683 per
1107 1649 1241 1677 turbinem
1259 1655 1369 1679 evectus
1384 1656 1425 1679 est
1450 1652 1482 1684 ",
1505 1652 1541 1680 ita
1563 1654 1703 1688 peculiare

914 1693 1015 1728 aliquid
1033 1694 1145 1728 spiritus
1162 1694 1221 1729 ejus
1237 1695 1341 1729 habuit,
1359 1697 1426 1724 adeo
1443 1700 1474 1724 ut
1489 1704 1544 1724 non
1561 1698 1702 1733 requieve-

914 1739 950 1766 rit
971 1739 1059 1766 solum
1088 1747 1171 1774 super
1200 1739 1326 1768 Elis-.eum
1343 1761 1350 1774 ,
1375 1742 1422 1769 sed
1446 1747 1472 1770 et
1491 1750 1554 1770 cum
1576 1742 1700 1777 Joanne.

916 1791 978 1811 cum
1006 1784 1029 1811 is
1052 1789 1219 1817 nasceretur,
1242 1785 1422 1820 descenderit,
1436 1792 1462 1815 et
1487 1787 1608 1817 Joannes
1628 1798 1703 1818 seor-

915 1837 976 1857 sum
995 1830 1105 1864 quidem
1134 1839 1143 1856 (
1165 1829 1267 1865 Spiritu
1289 1837 1384 1859 sancto
1406 1833 1524 1868 repletus
1547 1834 1629 1862 fuerit
1654 1836 1703 1863 ad-

915 1875 970 1902 huc
987 1882 1019 1902 ex
1038 1879 1114 1902 IIICI‘O
1132 1877 1228 1902 matris
1245 1883 1318 1909 sua);
1338 1886 1347 1902 ι
1372 1885 1495 1905 seorsum
1519 1887 1584 1906 vero
1603 1890 1613 1906 1
1632 1888 1701 1915 pra-\—

918 1921 1030 1949 cesserit
1043 1925 1106 1948 ante
1117 1920 1255 1949 Christum
1271 1922 1298 1949 in
1314 1922 1412 1958 spiritu
1427 1928 1453 1951 et
1464 1925 1563 1953 virtute
1574 1925 1638 1954 Elite
1649 1928 1698 1953 ".-

919 1967 1037 2002 Spiritus
1053 1967 1125 1994 enim
1147 1974 1200 1993 non
1214 1975 1330 2002 nequam
1347 1969 1446 2000 solum,
1471 1971 1518 1997 sed
1539 1975 1566 1998 et
1589 1972 1651 1999 boni
1673 1973 1699 2000 in

918 2013 1011 2040 eodem
1025 2013 1116 2047 plures
1135 2020 1196 2039 esse
1215 2018 1345 2047 possunt;
1364 2015 1482 2049 postulat
1501 2016 1602 2051 quippe
1615 2017 1700 2046 David

921 2068 931 2084 ‹
950 2059 977 2085 in
997 2058 1093 2094 spiritu
1123 2058 1264 2094 principali
1290 2060 1457 2094 conﬁrmari,
1486 2062 1611 2096 spiritum
1635 2072 1700 2092 vero

877 1536 897 1564 C

676 2127 791 2156 VETUS
811 2127 1102 2156 INTERPRETATIO.

67 2195 124 2215 non
140 2192 250 2222 propter
266 2188 383 2216 animam
400 2193 441 2215 est
454 2188 612 2222 appellatus.
627 2186 673 2214 sed
690 2191 798 2221 propter
814 2188 937 2222 spiritum
953 2191 979 2214 et
992 2187 1118 2213 virtutem
1137 2193 1215 2221 :ane
1229 2194 1282 2212 non
1298 2188 1460 2215 contristant
1474 2189 1600 2216 virtutem
1619 2190 1696 2218 Scri-

66 2221 158 2257 ptura:
173 2221 199 2250 si
212 2224 327 2258 primum
347 2223 396 2249 fuit
413 2223 438 2249 iu
453 2221 510 2250 Elia
528 2224 649 2258 spiritus,
661 2227 700 2258 ret
723 2226 814 2257 postea
832 2223 864 2249 in'
876 2221 979 2249 Joanne
996 2221 1084 2248 factus
1107 2225 1158 2252 cst,
1182 2221 1253 2248 sicut
1271 2224 1463 2250 convenienter
1477 2223 1624 2258 Apostolus
1638 2227 1676 2252 ait
1691 2235 1696 2254 2

70 2268 81 2284 ι
100 2257 220 2296 Spiritus
245 2259 436 2292 prophetarum
455 2257 592 2292 prophetis
607 2257 811 2296 suhjcrtnsest,
829 2267 837 2282 ι
857 2258 1024 2296 nonanimre
1044 2257 1233 2296 prophetarum
1245 2258 1393 2296 prophetis
1407 2257 1536 2296 subjectae
1553 2265 1627 2287 sunt.
1644 2261 1698 2287 Ad-

68 2293 124 2320 huc
141 2293 173 2329 ad
186 2291 419 2329 continuationem
435 2291 528 2320 eorum
544 2301 604 2327 qua
617 2292 728 2329 angelus
743 2292 829 2329 dixit:
846 2292 977 2329 (_Etyipse
993 2294 1125 2326 pnecedet
1140 2291 1166 2317 in
1184 2291 1280 2329 spiritu
1301 2298 1328 2319 et
1339 2293 1439 2329 virtute
1455 2293 1529 2327 Elite,
1548 2304 1558 2320 ι
1580 2296 1698 2329 accipia-

67 2335 132 2363 ruus
149 2327 182 2354 de
196 2333 292 2363 quarto
309 2328 378 2355 libro
395 2326 559 2363 Iit-gnarum,
584 2326 663 2363 quod
678 2331 719 2354 est
740 2327 793 2363 tale
807 2335 813 2353 :
829 2336 837 2351 ι
855 2327 888 2363 Et
902 2327 1003 2354 factum
1021 2330 1144 2363 L'SILCUIII
1163 2326 1316 2363 transisset,
1332 2328 1401 2354 dixit
1415 2329 1486 2355 Iilias
1498 2334 1530 2356 a-l
1546 2326 1671 2357 Elisarurn
1689 2343 1696 2359 .-

67 2336 132 2354 mus
149 2336 182 2354 ae
215 2336 292 2355 llal'll)
309 2336 378 2355 111)Γο
395 2336 558 2363 ιιι-διιοπυω,
584 2336 655 2362 (111011
678 2336 719 2354 851.
740 2336 793 2353 ιιιιο
807 2336 813 2353 Ξ
829 2336 837 2351 1
855 2336 888 2353 bl.
902 2336 1003 2354 tactum
1021 2336 1062 2353 ρει
1084 2336 1144 2353 CUIII
1163 2336 1316 2358 ll'allSISSCl,
1332 2336 1401 2354 (lIXII.
1415 2336 1486 2355 lanas
1498 2336 1530 2356 a-I
1546 2336 1671 2357 bIlSiIllIIII
1689 2343 1696 2359 .'

66 2362 134 2389 Pete
151 2336 214 2397 quiiI
233 2363 328 2390 faciam
343 2363 400 2401 tibi_.
418 2364 577 2401 priusquam
590 2362 670 2401 tollar
690 2370 703 2389 a
719 2367 754 2388 te.
773 2361 806 2401 Et
820 2362 890 2389 dixit
905 2363 1018 2401 Etisaeus
1034 2369 1041 2387 :
1061 2361 1119 2401 Ij‘iat
1133 2361 1249 2401 spiritus
1266 2367 1329 2389 tuus
1345 2363 1445 2397 duplex
1462 2364 1499 2401 in"
1509 2371 1560 2391 me.
1581 2364 1613 2401 Iit
1628 2365 1697 2394 dixit

65 2397 159 2424 Elius:
178 2398 247 2426 Dure
263 2399 362 2432 petisti.
379 2397 480 2434 Tamen
496 2397 517 2425 si
534 2398 633 2434 videris
650 2405 691 2434 mc
706 2398 897 2434 ascendentem
912 2405 925 2424 a
942 2402 977 2430 te,
991 2398 1037 2434 Iiat
1053 2397 1102 2434 tibi
1117 2397 1157 2434 sic
1173 2405 1179 2423 :
1193 2397 1216 2423 si
1232 2402 1322 2434 autem
1339 2406 1403 2429 non,
1416 2400 1541 2434 noniiiat.
1558 2408 1568 2425 ι
1582 2399 1615 2426 Et
1628 2409 1695 2434 quo-

66 2433 142 2459 niam
157 2431 284 2460 dixerat:
307 2443 315 2458 ι
335 2434 362 2459 Si
378 2433 476 2460 videris
499 2441 552 2464 me,
575 2433 622 2460 ﬁat
640 2432 682 2467 :si
697 2440 761 2463 non,
777 2440 830 2459 non
847 2432 911 2465 ﬁat;
927 2442 937 2458 ι
956 2432 1050 2459 volens
1065 2431 1206 2466 Scriptura
1224 2433 1369 2460 ostendere
1387 2434 1450 2467 quia
1471 2433 1570 2460 factum
1593 2431 1644 2462 est'
1656 2436 1697 2463 sic

66 2467 167 2495 Elisaeo
181 2468 251 2495 sicut
270 2469 326 2502 ipse
340 2468 464 2503 petierat,
482 2469 520 2495 sic
534 2468 608 2496 addit
624 2476 630 2493 :
647 2477 656 2492 ι
673 2466 703 2503 Et
715 2467 837 2494 ascendit
856 2467 928 2494 Elias
947 2468 973 2494 in
989 2467 1170 2503 commotione
1183 2467 1261 2501 quasi
1279 2475 1364 2502 usque
1375 2466 1402 2494 in
1416 2469 1526 2500 caelum,
1541 2474 1568 2495 et
1580 2468 1694 2498 Elisaeus

66 2503 235 2535 intuebatur,
245 2508 271 2530 et
281 2501 526 2538 ipse—exclamavit,
539 2508 565 2530 et
576 2503 642 2530 dixit
655 2511 661 2529 :
676 2501 763 2533 Pater,
776 2504 1003 2538 paterLagitator
1013 2502 1104 2533 Israel,
1119 2506 1146 2528 et
1163 2510 1216 2529 non
1230 2502 1296 2529 vidit
1313 2501 1374 2530 cum
1389 2504 1515 2537 amplius.
1535 2514 1544 2529 ι
1559 2504 1692 2537 Quoniam

65 2545 133 2574 ergo
148 2538 225 2574 vidit,
240 2537 381 2574 propterea
400 2539 531 2573 requievit
546 2538 737 2574 spiritus,»nou
752 2537 924 2574 animajliw
941 2539 967 2564 in
985 2537 1092 2574 Elisgeo.
1112 2538 1176 2563 Item
1192 2541 1337 2574 postquam
1356 2547 1365 2563 ι
1384 2539 1518 2573 percussit
1532 2547 1616 2574 aquas
1631 2539 1695 2566 Jor-

65 2573 147 2600 danis
165 2572 325 2605 Eiisxusmt
336 2573 428 2609 δείξεις
439 2572 507 2600 sunt
520 2572 581 2609 inde
592 2578 619 2600 et
629 2572 1011 2609 indeLtransiiLEliszeusLet
1024 2573 1148 2599 viderunt
1165 2580 1227 2609 eum
1248 2573 1499 2609 tiliiprophctarum
1514 2572 1563 2609 qui
1575 2580 1654 2601 erant
1667 2576 1693 2602 in

63 2607 186 2639 Jericho,
199 2613 227 2635 et
247 2608 394 2635 dixerunt:
409 2607 553 2643 Requievit
569 2608 681 2642 spiritus
700 2606 762 2634 Elia:
779 2607 806 2633 in
824 2606 934 2635 Elisao.
958 2607 991 2634 Et
1012 2611 1142 2634 venerunt
1156 2608 1263 2634 obviam
1285 2606 1319 2641 ei,
1341 2606 1369 2636 et
1390 2606 1571 2637 adoraverunt
1587 2617 1649 2636 eum
1666 2611 1695 2639 in

51 2666 55 2682 '
102 2667 125 2682 ¹⁶
148 2666 157 2693 I
171 2665 268 2693 Thess.
284 2675 310 2697 ν,
328 2667 373 2694 25.
413 2667 434 2683 “
448 2666 516 2693 Dan.
532 2673 573 2697 tn,
585 2665 630 2692 86.
669 2665 690 2680 “
703 2663 713 2690 Ι
725 2665 789 2692 Cor.

963 2665 986 2680 ¹³
999 2664 1032 2692 IV’
1043 2665 1109 2699 Reg.
1127 2672 1159 2699 ιι,
1173 2664 1215 2691 15.
1257 2664 1278 2680 ’⁸
1291 2664 1371 2692 Rom.
1390 2673 1451 2699 vut,
1473 2665 1515 2693 I6.
1569 2666 1590 2683 "
1605 2666 1692 2696 ICor.

48 2711 95 2749 ἠ,
122 2702 166 2729 Η.
206 2701 274 2728 ἐιν
291 2701 356 2737 Reg.
372 2710 401 2735 ιι,
420 2702 464 2729 II.
504 2702 524 2716 ¹⁷
544 2700 698 2733 Luc.|,15,
716 2699 760 2727 I7.

904 2758 1027 2787 stituitur
1043 2766 1058 2784 e
1073 2757 1166 2784 codice
1179 2756 1321 2784 Vaticano.

940 2794 995 2829 (Gl)
1018 2791 1202 2829 Ήγεμρνιδιῷ.
1225 2791 1304 2829 Deest
1320 2792 1421 2826 pariter
1436 2794 1461 2820 in
1483 2794 1601 2823 editione
1615 2795 1688 2825 IIue-
1710 2792 1716 2829 ἓ

904 2827 951 2862 lii;
969 2829 1014 2857 sed
1031 2827 1170 2863 suppletur
1182 2834 1196 2854 c
1208 2827 1300 2854 codice
1315 2828 1473 2863 Angit-ano.
1713 2827 1719 2887 |l

100 2759 158 2789 (59)
174 2759 230 2786 Kal
244 2759 398 2795 «(reditura
409 2760 443 2786 δὲ
456 2757 625 2794 προφητῶν,
634 2763 685 2786 etc.
701 2757 766 2786 Vide
774 2758 850 2795 Orig.

62 2803 131 2826 tom.
152 2799 190 2819 vn
208 2796 236 2820 in
250 2793 331 2822 Joan’.
345 2803 363 2826 I,
382 2796 424 2827 19,
439 2795 484 2822 ‘20.

99 2829 155 2865 (60)
175 2829 317 2857 Πλείογα.
341 2829 418 2859 Deest
435 2831 462 2858 in
477 2829 597 2858 editione
611 2828 718 2863 Iluetii;
737 2830 783 2858 sed
811 2836 851 2857 re-
