1870 3049
167 100 232 126 1105

897 98 1058 128 ORIGENlS

1719 98 1782 124 Ηιτιι

165 157 241 192 quasi
255 156 384 191 epilcpsia
405 157 532 191 quadam,
549 164 580 184 ea
601 164 697 192 nempe
725 165 784 192 quae
807 157 840 184 ab
866 157 948 184 animi

1039 156 1180 191 ιιζομένας
1195 155 1324 190 ὑγιαίνειν
1339 155 1367 181 ἐν
1385 152 1544 190 σωςρροσῦνῃ
1561 154 1607 180 καὶ
1620 155 1679 185 ταῖς
1696 154 1781 185 dum;

164 203 414 237 perturbationibus
423 205 519 236 oritur,
533 204 726 238 corripiuntur,
742 208 766 230 et
780 203 814 230 ab
827 211 860 230 eo
876 208 946 230 statu

163 249 303 282 decidunt,
312 256 367 283 quo
379 255 451 276 stare
462 249 631 282 videbantur,
643 253 670 276 et
683 256 746 282 erga
760 249 850 276 szecnli
867 249 947 282 hujus

164 293 300 321 fallaciam
322 294 495 329 reliquasque
511 294 669 329 cupiditates
686 295 838 328 rapiuntur.
861 295 950 321 Forsi-

166 343 212 366 tan
230 346 295 374 ergo
309 339 421 366 minime
439 339 618 372 abcrraveris,
639 340 660 366 si
673 340 796 366 homines
813 340 947 374 ejusmodi

164 383 212 419 qui
240 391 254 410 a
279 392 288 409 t
309 384 495 418 spiritualibus
517 383 643 417 nequitiae
662 384 688 410 in
712 384 868 412 coelestibus
892 384 914 400 ³⁸
936 394 945 410 ι

165 429 340 464 dejiciuntur,
359 430 466 464 spiritu.
490 434 518 456 ut
538 430 572 457 ita
603 429 703 462 dicam,
734 430 868 457 lunaticos
888 437 948 462 esse

167 477 252 507 dicas,
267 481 294 503 et
306 484 424 511 persaape
439 476 508 503 male
525 484 554 503 sc
570 476 679 509 habere,
695 484 750 511 quo
765 477 868 504 scilicet
882 482 949 504 tem-

166 530 232 557 pore
248 522 354 549 animos
370 523 475 549 illorum
498 523 716 556 perturbationes
737 527 763 550 et
775 523 887 550 allectus
905 524 947 550 in—

165 569 276 600 vadunt,
293 568 418 595 cadentes
428 576 623 603 nonnunquam
638 569 663 595 in
678 569 767 603 ignem
793 568 948 596 inﬂamma-

165 614 279 646 tionnm,
295 615 416 648 quando,
429 615 505 647 juxta
519 622 549 640 ea
562 622 622 648 qua:
640 614 666 640 in
679 614 748 641 Osee
765 615 898 642 habentur
913 616 947 647 ’9,

167 668 176 683 ‹
194 659 379 686 adulterantes
404 659 485 695 576
511 660 589 694 quasi
611 660 735 688 clibanus
761 667 910 688 succensus
934 668 948 687 a

164 706 272 731 tiamma
299 704 331 731 ad
358 705 508 731 coctionem
539 705 675 738 ambusti;
704 715 713 730 1
746 705 892 740 aliquando
922 706 948 732 in

164 757 273 784 aquam,
289 749 399 783 quando
412 757 458 776 rex
473 749 595 775 «ininium
610 749 656 783 qui
675 749 700 776 in
716 749 794 784 aquis
811 754 874 776 sunt
888 750 950 777 dra-

165 802 275 827 conum,
295 802 309 821 a
326 794 516 829 respirationis
532 794 656 822 libertate
670 802 723 829 qua
749 794 803 821 frui
821 794 950 821 videban-

165 845 219 869 tur,
237 847 284 867 eos
310 840 337 866 in
361 839 527 874 profundum
557 839 686 867 fluctuum
714 841 797 867 maris
824 840 950 868 humana:

165 885 227 911 vita:
241 884 341 919 dcjicit.
356 883 441 912 Nobis
453 889 543 911 autem
567 885 599 911 ad
615 892 674 911 eam
690 893 772 920 quam
796 893 878 919 super
909 885 950 912 lu-

165 930 255 957 natico
269 930 434 964 protulimus
456 930 666 965 expositionem,
690 930 810 964 proderit
826 930 848 956 is
862 929 907 963 qui
923 929 948 955 in

166 974 303 1009 Sapientia
322 975 354 1001 de
367 974 434 1008 justi
450 975 559 1008 quidem
579 975 762 1010 aequabilitate
776 978 803 1001 et
822 978 951 1001 constano-

166 1021 202 1053 tia
217 1020 254 1046 ait
272 1020 279 1034 ¹
298 1029 304 1047 ;
321 1031 330 1045 ι
346 1019 473 1046 Narratio
488 1019 522 1054 pii
542 1027 648 1054 semper
663 1024 704 1046 est
722 1019 873 1054 sapientia;
893 1028 901 1044 ι
918 1019 950 1046 de

167 1065 199 1092 iis
217 1069 306 1092 autem
324 1072 440 1099 quorum
461 1072 544 1098 supra
559 1065 735 1092 meminimus
758 1066 767 1080 ‘
784 1074 790 1092 :
812 1073 821 1089 ‹
845 1063 950 1092 Stultus

166 1117 254 1138 autem
270 1111 341 1138 sicut
356 1111 420 1137 luna
439 1115 570 1137 nntlatur.
602 1120 610 1135 ι
641 1110 679 1137 Ac
700 1111 726 1137 in
758 1110 817 1137 istis
841 1111 949 1144 quidem

165 1156 298 1191 ejusmodi
318 1156 435 1190 impetus
453 1160 547 1183 notare
558 1156 630 1187 licet,
653 1156 699 1190 qui
716 1156 750 1183 ab
773 1156 817 1183 his
833 1156 917 1182 etiam
935 1163 950 1182 a

165 1202 266 1237 quibus
278 1202 373 1229 levitas
390 1209 484 1229 eorum
505 1207 531 1229 et
554 1202 738 1229 inconstantia
760 1201 949 1228 animadversa

166 1254 219 1274 non
238 1251 290 1279 est,
304 1246 398 1273 laudes
411 1250 574 1280 extorquere
593 1245 699 1280 possint
712 1253 719 1278 ;
733 1245 801 1272 adeo
823 1250 851 1272 ut
863 1245 950 1280 pleni-

166 1291 270 1318 lunium
286 1291 312 1317 in
329 1291 362 1317 iis
377 1298 448 1323 esse,
466 1290 506 1316 vel
530 1290 724 1324 propemodum
741 1293 814 1316 certe
836 1289 951 1324 plenilu-

165 1336 240 1363 nium
252 1336 437 1371 pronuntient.
454 1334 531 1368 Quod
557 1339 648 1367 autem
674 1335 700 1360 in
723 1335 756 1361 iis
778 1335 869 1361 lumen
891 1342 951 1363 esse

165 1381 253 1408 visum
271 1385 323 1413 est,
341 1384 367 1408 et
383 1380 475 1407 lumen
494 1384 654 1407 nocturnum
673 1384 724 1412 est,
741 1387 794 1406 non
810 1379 949 1412 diurnum,

165 1434 259 1454 rursus
275 1426 451 1453 imminutum
465 1433 574 1456 cernas,
587 1433 620 1453 eo
636 1433 722 1460 usque
731 1425 868 1458 deﬁciens,
884 1425 948 1452 dum

999 204 1119 238 ἀρεταῖς,
1135 199 1184 228 εἶτ’
1199 201 1255 228 ἐσθ’
1272 202 1314 227 ὅτε
1333 201 1453 236 ὡσπερεὶ
1471 200 1601 234 ὶπιληψίᾳ
1615 200 1670 226 τινὶ
1685 201 1718 234 τῇ
1735 200 1783 225 ἀπὸ

999 247 1052 273 τῶν
1075 246 1168 273 παθῶν
1185 245 1401 281 λαμϐανομένας,
1425 246 1472 271 καὶ
1489 245 1713 276 καταπιπτούσας
1735 245 1784 270 ἀπὸ

999 292 1045 318 τοῦ
1065 291 1209 326 ὲστηκέναι
1228 292 1326 322 δοκεῖν,
1344 291 1390 316 καὶ
1405 291 1550 325 σπωμένας
1569 290 1634 327 περὶ
1654 291 1703 326 τὴν
1719 291 1784 316 ἀπά-

999 347 1047 373 την
1068 338 1114 364 τοῦ
1139 337 1234 368 αἰῶνος
1253 337 1358 370 τούτου,
1379 336 1425 362 καὶ
1444 335 1492 367 τὰς
1513 335 1609 367 λοιπὰς
1629 335 1783 370 ἐπιθυμίας.

1000 383 1076 417 Τάχα
1090 381 1136 410 οὖν
1147 383 1196 410 οὐκ
1209 383 1240 410 ἂν
1251 381 1384 417 ἁμάρτοις
1396 381 1450 416 (76)
1467 381 1551 415 λέγων
1564 382 1627 412 τοὺς
1641 381 1782 412 τοιούτους,

1001 429 1032 454 ἵν’
1049 429 1134 460 οὕτως
1150 429 1230 460 εἴπω,
1253 427 1443 463 πνευματικῶς
1466 426 1682 462 σεληνιάζεσοαι,
1707 435 1784 453 κατα-

1001 474 1178 509 ϐαλλομὲνους
1192 474 1244 500 ὑπὸ
1265 483 1273 499 ‹
1294 473 1347 500 τῶν
1364 474 1392 500 ὲν
1409 474 1464 504 τοῖς
1479 473 1651 507 ἐπουρανίοις
1667 480 1781 507 πνευμα-

999 520 1082 545 τικῶν
1102 520 1152 554 τῆς
1175 519 1315 555 πονηρίας,
1340 529 1348 545 ι
1376 520 1423 545 καὶ
1447 517 1538 549 κακῶς
1565 518 1638 552 ἔχειν
1659 518 1784 550 πολλάκις

1001 565 1076 601 παρὰ
1096 565 1142 592 τὸν
1162 565 1256 601 καιρὸν
1276 565 1332 592 τῶν
1350 563 1610 598 ἐπιλαμϐανομένων
1631 564 1681 599 τῆς
1703 564 1786 599 ψυχῆς

1000 611 1090 638 αὐτῶν
1107 611 1218 637 παθῶν’
1240 610 1306 637 ποτὲ
1325 611 1374 645 μὲν
1391 611 1539 640 πίπτοντας
1558 609 1614 644 (77)
1633 611 1675 640 εἰς
1691 609 1720 636 τὸ
1734 610 1786 645 πῦρ

999 657 1053 683 τῶν
1070 656 1228 692 πυρώσεων,
1245 657 1289 682 ὅτε
1311 656 1442 690 γίνονται,
1465 655 1535 682 κατὰ
1557 655 1592 682 τὰ
1611 655 1744 690 λεγόμενα
1759 657 1786 682 ἐν

999 701 1038 736 τῷ
1059 702 1147 736 Ὠσηὲ,
1167 711 1175 727 t
1191 702 1215 728 οἱ
1235 701 1414 736 μοιχεύοντες,
1437 701 1474 732 ὡς
1497 700 1624 732 κλίϐανος
1648 701 1787 735 καιόμενος

1001 747 1039 777 εἰς
1053 746 1132 780 πέψιν
1151 747 1361 781 κατακαύματος
1378 746 1431 772 ἀπὸ
1446 745 1494 780 τῆς
1513 745 1626 779 φλογός’
1647 755 1656 771 ι
1679 745 1745 771 ποτὲ
1761 745 1788 771 δὲ

1001 792 1040 822 είς
1054 791 1134 826 ὕδωρ,
1149 792 1193 818 ὅτε
1214 792 1228 817 ὁ
1245 790 1371 825 βασιλεὺς
1394 791 1502 817 πάντων
1519 791 1571 816 τῶν
1588 792 1616 816 ὲν
1633 792 1690 822 τοῖς
1714 791 1788 817 ὕδασι

1001 836 1152 872 δρακόντων
1169 837 1330 863 καταόάλλει
1346 837 1444 877 αὐτοὺς
1457 836 1511 862 ὰπὸ
1526 835 1572 862 τοῦ
1591 836 1733 872 ἐλεύθερον
1746 836 1788 862 δο-

1002 884 1059 909 κεῖν
1075 884 1214 914 ἀναπνεῖν,
1230 883 1275 909 ὲπὶ
1289 883 1320 909 τὸ
1334 883 1373 914 εἰς
1384 883 1452 917 βάθη
1468 882 1523 909 τῶν
1535 883 1666 918 κυμάτων
1682 884 1729 917 τῆς
1742 883 1787 909 θα-

1001 929 1101 963 λάσσης
1116 929 1193 963 ἥκειν
1211 928 1257 954 τοῦ
1277 928 1330 954 τῶν
1348 927 1498 963 ἀνθρώπων
1517 928 1585 962 βίου.
1609 928 1788 963 Συμεαλεῐται

1000 973 1028 1000 δὲ
1048 975 1112 1009 ἡμῖν
1126 975 1158 1009 τῇ
1173 974 1283 1009 τοιαύτῃ
1299 974 1362 1008 περ)¹
1382 973 1428 999 τοῦ
1450 973 1675 1010 σεληνιαζομένου
1697 975 1788 1009 διηγή-

1002 1028 1042 1046 σει
1062 1021 1075 1046 ὁ
1095 1020 1180 1054 λέγων
1197 1021 1225 1046 ἐν
1244 1021 1277 1054 τῇ
1296 1019 1380 1055 Σοφίᾳ
1397 1020 1460 1055 περὶ
1487 1020 1536 1055 μὲν
1555 1020 1604 1055 τῆς
1620 1021 1666 1047 τοῦ
1687 1021 1787 1047 δικαίου

1001 1066 1166 1101 ὁμαλότητος
1184 1073 1191 1080 ·
1219 1075 1227 1091 t
1254 1066 1384 1101 Διήγησις
1409 1065 1536 1097 εὐσεϐοῦς
1559 1066 1603 1092 διὰ
1624 1067 1724 1098 παντὶς
1747 1075 1787 1092 σο-

1002 1112 1066 1146 φία·
1082 1121 1090 1136 ι
1104 1111 1167 1146 περὶ
1178 1110 1206 1136 δὲ
1222 1110 1274 1136 τῶν
1288 1109 1490 1144 ἀποδεδομένων
1503 1118 1510 1125 ⁶
1526 1119 1535 1136 t
1547 1111 1575 1136 Ὀ
1590 1111 1618 1136 δὲ
1630 1111 1724 1146 ἄφρων
1735 1111 1787 1145 (78)

1001 1157 1038 1188 ὡς
1052 1155 1149 1190 σελήνη
1164 1155 1326 1182 ἀλλοιοῦται.
1349 1164 1357 1180 ι
1377 1155 1431 1181 Καὶ
1445 1155 1501 1182 ἐστι
1516 1156 1563 1182 καὶ
1578 1156 1607 1182 ὲν
1629 1158 1686 1188 τοῖς
1706 1157 1789 1183 τοιού-

1001 1210 1056 1233 τοις
1075 1201 1137 1227 ἰδεῖν
1148 1201 1234 1236 ὁρμὰς
1250 1200 1421 1236 συναρπάσαι
1434 1201 1585 1236 δυναμένας
1599 1202 1667 1238 πρὸς
1683 1202 1789 1228 Erum;

1001 1247 1062 1278 τοὺς
1082 1246 1118 1281 μὴ
1140 1247 1302 1277 ὲπιστάντας
1325 1245 1413 1272 αὐτῶν
1435 1246 1473 1281 τῷ
1499 1247 1705 1282 ἀνερματίστῳ’
1721 1248 1789 1275 ὧσ-ιε

1002 1292 1087 1317 εἰπεῖν
1104 1291 1136 1318 ἂν
1158 1292 1238 1318 οἱονεὶ
1255 1292 1419 1327 πανσέληνον
1436 1290 1504 1318 εἶναι
1522 1292 1550 1318 ἐν
1572 1293 1675 1324 αὐτοῖς,
1690 1293 1706 1328 ἢ
1727 1293 1788 1327 παρ’

1001 1339 1088 1373 ὀλίγον
1105 1338 1279 1373 πανσέληνον.
1293 1339 1371 1369 Ἴδοις
1385 1338 1405 1364 δ’
1418 1338 1450 1365 ἂν
1464 1339 1542 1365 πάλιν
1556 1339 1723 1374 μιμούμενον
1735 1339 1788 1374 (79)

1001 1384 1030 1410 τὸ
1053 1384 1131 1416 δόξαν
1151 1382 1219 1410 εἶναι
1238 1385 1265 1410 ἐν
1289 1385 1379 1416 αὐτοῖς
1403 1385 1470 1418 φῶς,
1495 1385 1556 1419 οὐχὶ
1581 1385 1639 1419 φῶς
1664 1387 1790 1421 ἡμερινὸν

1001 1431 1143 1466 τυγχάνον,
1170 1430 1237 1457 ἀλλὰ
1265 1431 1312 1456 καὶ
1340 1430 1397 1465 φῶς
1426 1431 1592 1466 νυκτερινὸν,
1624 1432 1672 1458 ἐπὶ
1697 1433 1789 1458 τοσοῦ-

164 1473 235 1507 qnod
251 1472 394 1499 videbatur
408 1472 500 1498 lumen
518 1479 578 1498 esse
593 1471 619 1498 in
641 1471 684 1504 iis,
701 1471 775 1497 nullo
787 1471 868 1498 modo
887 1479 949 1498 con-

1039 1486 1045 1502 I
1063 1477 1118 1511 (80)
1133 1476 1225 1511 λῆγον,
1238 1476 1290 1507 ἕως
1308 1476 1373 1511 μηδὲ
1388 1475 1481 1502 δοκοῦν
1499 1475 1555 1510 φῶς
1568 1474 1638 1502 εἶναι
1651 1477 1791 1504 immani:-

165 1519 305 1553 spiciatnr.
328 1518 369 1545 An
386 1523 476 1545 autem
497 1522 608 1552 propter
622 1518 675 1544 tale
691 1518 840 1552 quidpiam,
865 1518 948 1552 epile-

165 1565 252 1599 psiam
264 1564 413 1591 lunaticum
435 1564 560 1591 morbum
580 1563 775 1597 appellaverint
791 1571 886 1597 necne,
902 1564 948 1598 qui

165 1610 247 1637 rebus
270 1611 380 1637 nomina
396 1610 514 1645 primum
532 1609 730 1644 imposuerunt,
751 1609 807 1644 ipse
824 1610 948 1637 animad-

166 1660 254 1683 νει-[ες
259 1676 265 1682 .

200 1700 227 1727 5.
248 1699 328 1727 Pater
340 1704 430 1727 autem
453 1701 563 1728 lunatici
585 1701 608 1729 is
632 1706 672 1729 est
697 1701 812 1729 fortasse
837 1703 949 1737 angelus

165 1747 208 1774 cui
221 1746 265 1774 ille
279 1746 375 1782 obtigit
390 1747 423 1782 (si
437 1747 516 1775 modo
530 1755 638 1774 onmem
663 1748 808 1775 humanam
830 1749 948 1775 animam

1005 1530 1084 1556 μενον
1101 1521 1130 1547 ἐν
1147 1521 1237 1553 αὐτοῖς
1253 1522 1372 1556 γένηται.
1388 1521 1418 1547 El
1433 1521 1460 1547 δὲ
1476 1522 1500 1547 οἱ
1515 1521 1618 1556 πρῶτοι
1636 1522 1745 1556 θέμενοι
1760 1523 1790 1548 τὰ

1002 1565 1120 1601 ὀνόματα
1141 1567 1197 1596 τοῖς
1221 1566 1363 1600 πράγμασι
1385 1564 1428 1591 διὰ
1452 1564 1570 1591 τοιοῦτόν
1595 1574 1620 1591 τι
1648 1565 1790 1600 ὠνόμασαν

1002 1611 1032 1638 τὸ
1048 1612 1096 1646 τῆς
1114 1610 1258 1646 ἐπιληψίας
1278 1610 1362 1642 πάθος
1380 1609 1568 1645 σεληνιασμὸν,
1585 1610 1601 1644 ἦ
1617 1610 1666 1646 μὴ,
1685 1611 1731 1637 καὶ
1747 1611 1792 1636 αὐ-

1002 1657 1047 1688 τος
1065 1658 1229 1692 ἐπιστήσεις.

1039 1703 1132 1738 Πατὴρ
1154 1703 1207 1737 (8l)
1229 1703 1257 1728 δὲ
1276 1702 1322 1728 τοῦ
1346 1701 1567 1737 σεληνιαζομένου
1588 1703 1658 1737 τάχα
1676 1704 1691 1729 ὁ
1705 1703 1792 1738 λαχὼν

1003 1749 1083 1775 αὑτὸν
1100 1748 1212 1783 ἄγγελος
1228 1748 1293 1783 (εἴτε
1308 1749 1396 1774 πᾶσαν
1413 1748 1521 1774 λεκτέον
1541 1747 1597 1783 (82)
1617 1748 1793 1784 ἀνορωπίνῃν

763 1804 879 1833 VETUS
899 1804 1188 1833 INTERPRETATIU.

165 1859 237 1879 mus.
254 1850 301 1877 Est
312 1858 376 1885 ergo
390 1850 480 1885 passio
495 1851 552 1877 haec
566 1851 680 1877 mulatio
697 1859 712 1877 a
728 1851 885 1878 melioribus
900 1851 932 1877 ad
951 1851 1096 1882 deteriora,
1113 1851 1176 1885 quia
1193 1851 1259 1877 nihil
1273 1851 1361 1877 diﬂert
1377 1859 1391 1877 a
1407 1851 1480 1878 sanis
1496 1851 1542 1885 qui
1565 1852 1671 1884 patitur
1687 1852 1750 1883 hoc,
1767 1853 1793 1878 in

165 1893 286 1920 tctnpore
299 1887 408 1920 quando
418 1893 475 1920 non
493 1890 621 1919 operatur
636 1886 662 1911 in
675 1886 720 1911 illo
739 1886 795 1919 ipsa
814 1886 938 1912 mutatio.
957 1885 1040 1912 Tabet
1055 1891 1143 1912 autem
1164 1886 1272 1919 juvenis
1287 1886 1430 1912 inﬁrmitas
1454 1886 1552 1912 anima“.
1574 1886 1601 1912 in
1622 1887 1792 1920 quibusdam

165 1919 331 1951 hominibus.
348 1920 394 1954 qui
412 1919 568 1954 frequenter
581 1920 774 1947 existimantur
786 1921 843 1946 sani
856 1928 916 1947 esse
932 1921 958 1946 in
972 1921 1107 1952 castitate,
1124 1920 1163 1946 vel
1179 1920 1377 1952 misericordia,
1391 1925 1418 1947 ct
1435 1921 1524 1947 vivere
1538 1919 1694 1948 secundum
1710 1922 1794 1955 jusua

166 1957 208 1983 tite
223 1956 401 1982 voluntatem.
413 1955 566 1989 Aliquando
579 1960 667 1981 autem
684 1955 761 1988 quasi
777 1955 894 1988 quadam
911 1956 1081 1989 correptione
1098 1955 1209 1989 spiritus
1231 1963 1245 1980 a
1267 1955 1441 1988 passionibus
1465 1956 1753 1989 comprehenduntur,
1768 1961 1794 1982 et

165 1991 266 2018 cadunt
281 1990 314 2016 ab
331 1998 363 2016 eo
382 1994 452 2016 statu
472 1990 533 2016 boui
549 1990 574 2016 in
596 1997 650 2023 quo
667 1995 739 2016 stare
758 1989 934 2023 putabuntur,
952 1995 978 2016 et
998 1994 1216 2016 transvcrluutur
1239 1991 1271 2015 ad
1295 1989 1479 2016 seductionem
1498 1990 1589 2016 saeculi
1601 1990 1704 2024 hujus,
1720 1996 1744 2017 et
1760 1992 1793 2017 ad

165 2030 276 2052 caeteras
289 2025 527 2058 concupiscentias
544 2025 680 2051 carnales.
698 2024 822 2051 Forsitan
839 2033 892 2051 non
905 2025 1029 2057 peccabis
1045 2024 1067 2051 si
1092 2025 1247 2056 hujusniodi
1272 2023 1395 2051 homines
1416 2024 1530 2055 dixeris,
1551 2024 1593 2059 (ut
1613 2023 1651 2051 ita
1677 2027 1794 2058 dicam).

165 2060 323 2094 spiritaliter
340 2059 474 2085 lunaticos
491 2066 561 2090 esse,
575 2059 619 2092 qui
636 2059 800 2094 dejicinntur
818 2067 832 2085 a
851 2068 859 2084 α
880 2059 1046 2093 spiritalibus
1062 2059 1191 2093 nequitiis
1215 2059 1240 2085 in
1267 2059 1433 2088 ccelestibus.
1454 2068 1462 2084 ι
1490 2063 1517 2086 ct
1529 2060 1599 2086 male
1617 2060 1723 2086 habent
1741 2059 1795 2086 fre-

165 2093 280 2128 quenter
302 2094 328 2119 in
346 2097 466 2128 tempore
480 2100 534 2127 quo
550 2100 582 2119 co
596 2102 600 2118 ι
613 2093 738 2128 prehensi
754 2093 853 2120 fuerint
866 2101 880 2120 a
902 2094 1074 2127 passionibus
1090 2095 1188 2120 animae
1204 2099 1350 2128 commtet
1371 2094 1472 2120 cadunt
1490 2094 1516 2120 in
1542 2094 1632 2128 ignem
1658 2095 1794 2127 incendii,

166 2126 276 2162 quando
295 2137 304 2152 (
323 2127 505 2163 adulterantes
519 2127 602 2160 (sicut
616 2126 745 2163 “[70:00)
765 2128 831 2154 liunt
851 2129 922 2155 sicut
937 2128 1060 2155 clibanus
1077 2129 1147 2163 ignis
1162 2129 1270 2155 ardens.
1289 2138 1297 2153 ι
1316 2127 1476 2161 llujusmodi
1492 2126 1582 2155 autem
1604 2129 1736 2156 homines
1754 2131 1795 2156 in-

166 2162 272 2188 terdum
293 2162 394 2197 cadunt
406 2162 432 2187 in
448 2169 557 2195 aquatu,
574 2162 682 2196 quando
695 2169 740 2188 rex
754 2163 874 2189 omnium
894 2164 938 2196 qui
956 2167 1017 2190 sunt
1033 2164 1059 2189 in
1075 2162 1166 2197 aquis,
1184 2163 1276 2192 draco.
1294 2163 1388 2195 dejicit
1404 2170 1452 2189 eos
1467 2171 1481 2189 a
1498 2163 1622 2190 libertate
1644 2164 1749 2191 anima:
1768 2165 1794 2190 in

166 2196 330 2231 profundum
343 2196 473 2222 lluetuutn
490 2197 584 2226 maris.
602 2197 626 2223 id
644 2201 695 2229 est,
711 2197 736 2223 in
753 2197 823 2223 mala
846 2199 961 2231 pessima
976 2198 1037 2226 vita:
1057 2198 1136 2225 istius
1162 2198 1298 2229 lmmame,
1321 2205 1380 2231 qua:
1403 2198 1471 2224 mari
1502 2198 1684 2226 assimilatur.
1710 2199 1792 2225 Com-

166 2231 275 2258 mendat
289 2235 379 2267 autem
393 2231 462 2267 hanc
474 2237 596 2267 nostram
608 2231 640 2257 de
653 2232 773 2258 lunatico
789 2232 1048 2266 interpretationem,
1074 2233 1146 2267 quod
1169 2232 1234 2259 dicit
1259 2231 1405 2267 sapientia,
1431 2232 1464 2267 de
1489 2233 1644 2260 constantia
1677 2234 1795 2267 quidem

163 2267 229 2300 justi
247 2274 253 2291 :
270 2275 279 2290 ι
298 2264 411 2302 δίιρὶορε
429 2265 549 2302 sicutsol
566 2271 720 2300 permanet;
739 2276 748 2292 ›
766 2267 799 2293 de
816 2264 995 2302 inconstantia
1011 2264 1100 2293 autem
1116 2267 1266 2301 peccatoris
1282 2264 1317 2293 ita
1332 2275 1338 2292 :
1355 2276 1363 2291 ε
1381 2266 1512 2302 lnsipiens
1528 2272 1616 2294 anteiit
1637 2264 1711 2295 sicut
1728 2268 1795 2294 luna

166 2299 361 2335 immittatur.»
378 2299 412 2326 Et
424 2305 465 2326 est
478 2299 570 2327 videre
583 2301 609 2327 in
628 2302 725 2327 talibus
749 2302 863 2335 impetus
886 2299 1017 2335 quosdam
1040 2299 1124 2335 quasi
1136 2308 1247 2335 operum
1270 2302 1401 2327 honorum
1427 2299 1584 2334 subrepere,
1613 2303 1649 2330 ita
1670 2308 1701 2329 ut
1724 2304 1794 2329 sub-

165 2336 253 2369 ripere
271 2335 376 2370 possint
401 2335 435 2361 ab
451 2335 606 2362 hominibus
625 2335 727 2368 laudes,
752 2336 785 2362 ab
801 2336 840 2362 eis
855 2340 944 2362 tamen
963 2336 1130 2368 hominibus,
1147 2336 1192 2370 qui
1208 2335 1332 2362 nesciunt
1345 2336 1480 2362 occultam
1502 2336 1717 2364 inconstantiatn
1731 2345 1795 2364 cor-

164 2368 207 2396 dis
223 2368 328 2396 eorum.
343 2368 424 2396 Vides
440 2375 529 2396 autem
545 2377 592 2397 eos
608 2371 692 2396 niinui
711 2371 819 2401 iterum,
837 2376 863 2397 et
877 2372 949 2404 quod
964 2371 1105 2401 videbatur
1121 2372 1146 2397 in
1156 2368 1201 2397 eis
1228 2370 1330 2401 lumen,
1362 2371 1498 2397 invenitur
1526 2379 1580 2397 non
1609 2379 1672 2399 esse
1697 2372 1792 2399 lumen

165 2405 366 2465 diu‘rnum,lsed
384 2410 558 2433 nocturnum.
574 2409 601 2431 et
614 2405 718 2436 lunare,
736 2410 763 2431 et
777 2406 867 2431 taudiu
883 2406 978 2438 minui,
995 2411 1024 2432 ut
1038 2414 1087 2433 nec
1104 2405 1226 2432 videatur
1251 2405 1340 2431 lumen
1363 2412 1424 2432 esse
1446 2405 1570 2438 omnino,
1590 2407 1665 2441 quod
1693 2407 1792 2434 existi-

165 2447 207 2465 ma
221 2444 290 2465 tatur
321 2447 411 2465 nmen.
951 2460 954 2461 ν

164 2444 290 2466 manalur
311 2444 411 2466 lumen.
951 2460 954 2461 ν

199 2474 225 2501 5.
247 2473 371 2500 Forsitan
383 2481 447 2508 ergo
462 2474 574 2508 angelus
591 2474 637 2507 qui
653 2473 765 2501 sortitus
784 2479 824 2500 est
841 2474 989 2501 Iunatieum
1008 2475 1082 2502 illum
1096 2475 1176 2502 talem
1192 2474 1201 2509 (
1222 2475 1244 2501 si
1260 2479 1349 2501 tamen
1365 2474 1507 2502 dicendum
1528 2481 1569 2502 est
1591 2483 1703 2504 omnem
1728 2477 1791 2503 ani-

196 2522 219 2538 "’
234 2520 332 2556 Ephes.
347 2529 384 2554 Vl,
401 2521 442 2548 l2.
482 2522 584 2548 "Osee
595 2529 642 2554 vlt,
660 2521 686 2547 4.
723 2521 730 2535 ¹
745 2520 828 2548 Eccli.
846 2530 932 2553 xxv”,
948 2522 990 2549 12.
1033 2523 1043 2538 ²
1061 2523 1128 2549 lhid.

199 2577 427 2618 (76)_7_‘dxa_01_'1r
440 2581 495 2606 οὐκ
506 2579 714 2618 -ᾂνιάμᾴρτοις
724 2600 731 2611 ,
746 2585 798 2608 etc.
816 2580 945 2617 Hierony-

1039 2582 1183 2617 ιουμένων.
1198 2582 1441 2618 νειῐιιεῗίη’.οι-[ητις1
1459 2592 1467 2608 ι
1484 2583 1558 2610 vides
1571 2588 1663 2611 autem
1677 2591 1727 2612 eos
1738 2583 1789 2610 mi-

163 2613 487 2652 musliTheophylactns,
506 2613 675 2649 Euthyiuius.
694 2616 825 2652 llumlus.
917 2613 924 2617 ⁷
999 2613 1046 2644 hu".
1062 2613 1169 2648 iterum,
1186 2626 1195 2642 ι
1214 2623 1265 2652 etc.
1283 2617 1352 2652 Lege
1367 2613 1538 2652 μειούμενον.

199 2649 256 2685 (77)
275 2649 350 2685 [late
363 2649 422 2685 μὲν
438 2649 617 2685 alumnae,
633 2656 684 2677 etc.
703 2650 874 2685 Eulhymius.

1039 2652 1088 2685 Ῐ8υ)
1108 2652 1197 2679 Codex
1218 2649 1334 2684 Regius:
1342 2649 1389 2678 καὶ
1403 2649 1454 2678 ὲπῖ
1465 2652 1602 2679 τοσοῦτον.

199 2684 258 2722 (Ἱξ)
275 2684 345 2722 Περὶ
359 2683 396 2722 de}
413 2684 471 2711 τῶν
484 2684 732 2719 ἁπωδεὸωιέιωνπ
746 2683 813 2713 Ὀὂὲ
823 2687 949 2720 ἅμμον.»

1039 2687 1088 2722 [81)
1110 2686 1210 2720 Πατὴρ
1227 2683 1261 2713 δέ
1273 2706 1279 2718 ,
1295 2691 1347 2714 etc.
1367 2686 1431 2714 Vide
1455 2686 1677 2722 Origem'auontm
1692 2688 1738 2715 lib.
1756 2695 1785 2717 Il.

165 2717 455 2755 θιεμῑβιςρριιγιτιριυξ.
513 2753 517 2755 λ
611 2717 616 2719 ⁷
842 2717 849 2720 “
862 2717 869 2719 “
997 2717 1092 2755 qua-st.
1109 2722 1134 2753 5,
1152 2717 1237 2748 uias.

202 2752 257 2792 (ill)
277 2752 363 2785 ’Ἰδοὶς
426 2753 464 2792 th-
478 2753 570 2789 :ta'ﬂw
583 2755 775 2792 μιμούμενον.
787 2790 790 2792 ἓ
801 2756 850 2792 Ita"
865 2755 944 2792 codd.

1039 2756 1090 2790 (82)
1112 2757 1179 2792 Elge
1201 2755 1305 2782 πῆσαν
1323 2755 1460 2787 λεκτέον,
1481 2761 1533 2784 etc.
1555 2755 1622 2784 Vide
1640 2756 1783 2792 Origcnﬂn

168 2786 332 2819 Anglicanus
345 2808 351 2819 ,
378 2786 529 2814 Vaticanus
545 2793 571 2815 et
585 2786 761 2816 v’l'ariuianus.
779 2790 812 2816 At
834 2790 943 2824 Regius,
1002 2786 1069 2818 infra
1088 2793 1113 2818 in
1132 2791 1227 2817 Matth.
1246 2799 1322 2820 XVIII.
1344 2792 1383 2817 l0.
