1870 3049
200 98 265 126 1091

944 97 1110 126 ORIGENIS

1764 100 1772 126 Ι
1777 99 1821 126 09':

196 157 341 185 sevcrabit.
354 157 420 185 Atsi
437 157 507 185 forte
522 165 569 193 per
584 158 655 185 vices
667 162 820 193 cognoscet;
837 158 877 185 vel
891 166 974 185 unum

1078 166 1133 195 τρσυ
1151 159 1252 194 ἄπειρα
1269 159 1322 194 γὰρ
1336 159 1368 194 τῇ
1387 157 1466 193 φύσει
1483 158 1539 194 (57)
1551 157 1601 193 οὐχ
1622 155 1681 184 οἶόν
1706 165 1735 184 τε
1754 166 1821 193 περι-

196 204 323 238 quodque
339 210 485 239 atttequam
503 204 605 231 oriatur
617 209 771 239 cognoscet;
789 204 829 231 vel
846 204 985 236 nonnulla,

195 252 223 275 et
238 256 345 274 rursum
362 249 458 276 deinde
472 249 523 276 alia
542 257 548 275 :
567 249 624 276 ﬂeri
650 250 748 283 quippe
771 258 824 276 non
851 254 940 284 potest
957 254 986 276 ttt

196 301 257 328 qua:
272 299 366 320 natura
385 294 489 321 inﬁnita
503 299 576 326 sunt,
593 295 746 330 cognitione
766 296 857 322 omnia
878 296 985 330 cognita

195 345 229 364 ex
248 343 344 364 natura
359 346 407 365 sua
425 340 533 367 [inicnte
546 341 810 375 contprchetnlantnr
832 350 839 368 :

861 341 923 368 inde
938 349 987 368 an-

1040 204 1226 240 λαμόάνεσοαι
1239 206 1270 240 τῇ
1286 204 1420 238 περατοῦν
1438 204 1575 240 πεφυκυίᾳ
1594 204 1630 231 τὰ
1645 203 1822 238 γινωσκόμενα

1039 250 1154 284 γνώσει·
1175 249 1262 285 τούτῳ
1278 250 1306 276 δὲ
1323 250 1464 276 ἀκολουθεῖ
1485 249 1551 285 μηδὲ
1570 250 1742 285 προφητείας
1755 249 1822 276 δύνα-

1039 294 1100 321 σθαι
1115 293 1241 329 γενέσθαι
1255 294 1317 330 περὶ
1334 294 1442 322 πάντων
1455 294 1632 326 ὡντινωνοῦν,
1645 293 1694 320 ἆτε
1713 294 1822 329 ἀπείρων

1037 340 1121 367 ὅντων
1135 340 1189 367 τῶν
1200 341 1319 368 πάντων.

196 390 248 412 tem
273 387 412 421 sequitur,
437 395 487 414 nec
509 387 542 415 de
573 388 653 415 rebus
680 389 808 416 omnibus
834 389 999 423 quibuslibet
1025 388 1233 416 vaticinationes
1259 388 1303 415 edi
1325 395 1419 423 posse,
1444 395 1506 415 cum
1530 395 1574 415 res
1598 395 1697 415 omnes
1721 387 1824 414 inﬁnitae

196 431 262 459 sint.

230 479 256 506 2.
277 478 392 507 Necesse
408 484 497 506 autem
512 480 638 507 habuisse
656 488 698 507 me
712 481 838 509 existimo
857 482 938 517 570
956 482 983 509 in

196 525 277 560 ltnjus
298 526 330 552 de
353 526 514 558 migratione
535 527 688 553 animarum
712 527 740 554 in
767 528 842 554 varia
868 536 983 562 corpora

194 573 350 608 quaestionis
362 573 552 607 disquisitione
566 574 685 601 stndimtt
709 579 736 601 et
751 582 859 609 operam
873 583 982 610 ponere,

194 624 303 654 propter
312 619 492 654 quorumdant
504 620 698 654 suspicionem,
713 620 812 655 quibus
823 629 982 655 persuasum

192 669 234 692 est
249 665 367 692 anintam
385 666 454 692 hanc
469 665 501 692 de
519 673 572 699 qua
586 666 685 701 agitur,
705 667 827 694 eamdem
844 675 904 694 essc
918 667 983 695 Elite

192 718 224 738 ac
238 709 360 742 Joannis,
376 712 495 746 primunt
514 711 624 746 quidem
638 712 723 739 Eliam
739 713 911 747 appellatam,
933 714 981 740 de-

191 757 254 784 inde
263 765 327 784 vero
337 756 480 791 Joannem;
493 766 542 786 ttcc
556 759 619 786 item
632 759 691 786 sine
705 759 752 786 Dei
767 764 833 786 nutu
849 759 980 787 Joannem

192 803 294 830 dictum
314 803 388 829 illum
407 802 490 830 fuisse
504 803 620 838 opinor,
647 808 677 830 ut
698 812 731 831 ex
757 812 790 831 eo
814 809 887 839 patet
907 806 980 839 quod

192 848 304 883 angelus
319 847 457 875 Zachariae
475 849 551 876 visus
569 849 667 876 dixerit
683 849 707 876 ei
723 849 733 865 ⁷
752 858 759 877 :
784 859 793 874 ι
812 848 851 876 Ne
875 850 980 882 timeas,

193 893 336 925 Zacharia,
351 894 478 928 quoniam
496 895 622 921 exaudita
637 900 678 922 cst
694 895 850 929 deprecatio
869 900 914 922 tua
925 917 932 929 ,
955 900 981 923 et

193 948 263 967 uxor
277 944 322 967 tua
340 939 476 967 Elisabetb
495 941 580 974 pariet
593 941 639 966 tibi
655 939 751 974 filium,
771 945 798 967 et
810 941 921 968 vocabis
937 949 982 968 tto-

193 995 254 1013 men
272 986 330 1021 ejns
342 986 484 1019 Joannem;
505 996 514 1012 ι
533 992 559 1013 ct
574 995 606 1014 ex
623 995 656 1014 eo
673 986 744 1021 quod
760 995 853 1014 vocem
869 995 982 1022 recupe-

193 1032 292 1059 raverit
307 1032 464 1065 Zacharias,
479 1037 621 1067 postquam
637 1031 769 1059 Joannem
783 1041 844 1060 enttt
858 1041 918 1060 esse
933 1041 981 1068 ap-

191 1078 345 1113 pellandum
360 1079 405 1113 qni
421 1086 502 1105 natus
513 1083 582 1111 erat,
598 1079 623 1104 itt
636 1078 732 1105 tabella
754 1078 862 1112 scripsit
873 1079 893 1104 ⁸.
904 1078 981 1111 Quod

191 1125 213 1151 si
228 1125 317 1151 attinta
333 1125 389 1152 licet:
405 1125 477 1151 Elius
488 1129 556 1157 erat,
569 1124 710 1159 oportebat
724 1124 800 1151 illum
815 1124 901 1151 Etiam
916 1133 981 1160 quo-

190 1179 243 1204 quc
257 1170 397 1204 appellari,
417 1178 479 1197 cum
498 1170 593 1197 iterum
610 1175 689 1197 ttatus
706 1175 757 1203 est,
776 1170 817 1198 vel
834 1176 907 1198 certe
931 1171 979 1197 ali-

189 1223 271 1251 quam
287 1216 400 1250 proferri
416 1216 547 1242 rationent
564 1224 613 1242 cur
625 1221 758 1242 mutatum
773 1224 872 1243 nomen
888 1216 978 1250 fuerit;

190 1263 418 1296 quemadmodum
434 1263 466 1288 de
478 1262 589 1292 Abram,
606 1267 632 1288 et
649 1262 798 1295 Abraham;
814 1262 846 1289 de
859 1262 936 1294 Sara,
954 1267 981 1290 et

191 1308 283 1340 Sarra;
301 1308 334 1334 de
347 1307 440 1340 Jacob,
455 1313 482 1335 et
497 1308 590 1340 Israel;
608 1312 634 1334 et
651 1307 683 1335 de
698 1307 819 1340 Simone,
842 1313 869 1336 et
887 1308 978 1336 Petro.

190 1353 290 1381 Verum
304 1362 338 1380 tte
353 1354 393 1381 sic
405 1354 512 1388 quidem
529 1361 578 1388 par
591 1358 647 1381 erat
659 1354 685 1381 in
703 1354 754 1382 illis
763 1354 841 1388 ratio;
854 1354 896 1382 ltis
906 1355 978 1382 enint

189 1408 259 1435 quos
275 1400 405 1432 diximus,
424 1400 450 1426 in
463 1408 515 1427 una
530 1401 679 1435 cadentque
691 1400 744 1427 vita
756 1401 919 1428 mutationes
930 1409 980 1428 no-

189 1446 293 1473 minum
311 1445 389 1474 facta:
401 1451 474 1473 sunt.
491 1445 651 1478 QURlISiVCl'iI.
661 1450 750 1473 autettt
765 1446 874 1481 aliquis,
887 1447 910 1474 si
923 1454 979 1474 non

188 1493 280 1521 anima
295 1492 368 1520 Elias
383 1489 500 1527 primum
515 1497 573 1519 crat
590 1492 617 1519 iit
635 1492 774 1525 Thesbita,
790 1498 817 1519 et
840 1492 937 1520 deinde
951 1493 977 1520 in

189 1539 312 1571 Joanne,
337 1539 402 1573 quid
426 1539 532 1566 tandem
556 1539 620 1566 illud
644 1543 703 1566 crat
719 1538 792 1574 quod
819 1539 845 1565 in
862 1543 979 1573 utroque

996 911 1017 938 B

1078 479 1246 514 Ἀναγκαίως
1267 478 1289 504 δ’
1306 475 1382 513 οἶμαι
1401 476 1632 512 ὲνδιατετριφέναι
1650 478 1683 511 τῇ
1710 476 1823 508 ἐξετάσει

1035 525 1081 552 τοῦ
1099 525 1163 561 περὶ
1192 522 1463 559 μετενσωματώσεως
1488 523 1566 556 λόγου
1581 542 1589 554 ,
1605 522 1651 548 διὰ
1678 523 1729 557 τήν
1750 531 1823 549 τινων

1036 573 1162 599 ὑπόνοιαν
1172 571 1318 606 οἰηθέντων
1333 570 1421 605 ψυχὴν
1437 567 1516 601 εἶναι,
1531 569 1595 604 περὶ
1607 567 1641 604 ἧς
1652 570 1666 594 ὁ
1679 569 1769 602 λόγος,
1781 569 1823 603 τὴν

1035 619 1119 653 αὐτὴν
1141 617 1231 644 Ἠλίου
1244 616 1291 643 καὶ
1309 616 1442 646 Ἰωάννου,
1461 615 1592 651 πρότερον
1619 615 1668 649 μὲν
1683 614 1824 649 κληῢέίσειν

1041 665 1143 695 Ἠλίαν,
1161 663 1286 698 δεύτερον
1300 663 1328 689 δὲ
1348 662 1488 697 Ἰωάννην·
1507 662 1553 688 καὶ
1573 662 1624 688 οὐκ
1642 661 1719 687 ἀθεει
1737 669 1768 694 γε
1785 669 1823 686 κε-

1034 711 1148 746 κλῆσθαι
1168 710 1293 744 Ἰωάννην
1307 709 1399 740 αὑτὸν,
1408 708 1445 739 ὡς
1458 708 1534 743 δῆλον
1543 708 1575 734 ἐκ
1587 707 1635 733 τοῦ
1650 707 1697 734 τὸν
1713 707 1822 741 ὀφθέντα

1034 756 1148 790 ἄγγελον
1163 756 1203 791 τῷ
1227 755 1349 792 Ζαχαρία
1361 754 1500 790 εἰρηκέναι
1517 753 1591 789 αὐτῷ
1602 762 1610 768 ·
1637 762 1647 779 ‹
1668 754 1715 788 Μὴ
1733 753 1821 788 φοϐοῦ,

1033 803 1164 838 Ζαχαρία,
1181 802 1248 828 διότι
1261 801 1424 837 εἰσηκούσθη
1438 802 1455 836 ὴ
1471 800 1563 836 δέησίς
1580 809 1627 826 σου
1638 809 1646 815 ·
1661 800 1709 826 καὶ
1731 800 1821 835 ήγυνή

1033 857 1080 875 σου
1114 848 1252 875 Ἐλισάϐετ
1276 848 1401 882 γεννήσει
1429 847 1485 873 ιρῑόν
1502 855 1553 878 σοι,
1582 846 1630 873 καὶ
1649 845 1775 877 καλέσεις
1797 845 1823 871 τὸ

1031 895 1116 931 ὄνομα
1131 894 1212 921 αὑτοῦ
1235 895 1360 929 Ἰωάννην
1370 902 1377 908 ·
1395 903 1404 920 t
1424 893 1471 920 καὶ
1483 893 1515 920 ἐκ
1526 893 1573 919 τοῦ
1587 892 1769 927 ἀπειληφέναι
1781 891 1822 917 τὸν

1032 940 1168 975 Ζαχαρίαν
1182 939 1231 974 τὴν
1247 940 1349 975 φωνὴν,
1364 938 1435 965 κατὰ
1451 938 1498 973 τὴν
1510 938 1538 964 ἐν
1558 938 1591 973 τῇ
1610 936 1734 964 πινακίδι
1757 945 1820 972 γρα-

1032 987 1084 1022 φὴν
1097 987 1161 1022 περὶ
1180 986 1227 1013 τοῦ
1247 986 1372 1021 Ἰωάννην
1393 985 1532 1012 καλεῖσθαι
1549 985 1594 1012 τὸν
1613 984 1819 1020 γεγεννημέναι.

1031 1034 1117 1069 Εἴπερ
1133 1033 1188 1069 δὲὴ
1205 1033 1276 1069 ψυχὴ
1298 1033 1390 1064 Ἠλίας
1403 1030 1447 1068 ἦν,
1464 1032 1547 1068 ἐχρῆν
1566 1032 1616 1058 καὶ
1630 1030 1759 1066 δεύτερον
1775 1031 1820 1057 αὺ-

1030 1078 1075 1105 τὸν
1083 1078 1251 1114 γεννώμενον
1263 1077 1395 1114 κληθῆναι
1410 1077 1512 1109 Ἠλίαν,
1529 1077 1546 1113 ἢ
1563 1077 1654 1104 αἰτίαν
1667 1077 1729 1103 τινὰ
1741 1077 1821 1111 φανῆ-

1031 1133 1073 1152 ναι
1098 1125 1149 1159 τῆς
1174 1125 1356 1160 μετωνυμίας,
1371 1124 1409 1155 ὡς
1432 1123 1479 1150 ἐπὶ
1501 1123 1548 1149 τοῦ
1569 1122 1677 1158 ’Δϐρὰμ
1704 1123 1752 1149 καὶ
1777 1122 1820 1148 τοῦ

1037 1171 1178 1206 ’Λϐραὲμη
1195 1171 1242 1197 καὶ
1263 1171 1313 1206 τῆς
1337 1171 1426 1207 Σάρας
1445 1171 1554 1206 καὶτῆς
1570 1171 1697 1207 Σάρρας,
1715 1170 1762 1196 καὶ
1776 1169 1819 1196 τοῦ

1036 1217 1131 1244 Ἰακὼὸ
1158 1218 1204 1244 καὶ
1224 1217 1341 1253 Ἰσραὴλ,
1358 1217 1404 1244 καὶ
1426 1216 1473 1244 τοῦ
1491 1216 1612 1251 Σίμωνος
1632 1217 1680 1243 καὶ
1707 1216 1819 1252 Πέτρου.

1030 1263 1159 1297 Καίτοιγε
1183 1263 1237 1289 οὐδ’
1253 1263 1340 1295 οὕτως
1355 1265 1369 1290 ὁ
1391 1263 1469 1297 λόγος
1483 1264 1511 1290 ὲν
1528 1264 1621 1293 αὐτοῖς
1644 1261 1776 1294 ἐσώζετο·
1794 1264 1820 1288 ἐν

1031 1311 1080 1346 μιᾷ
1095 1310 1149 1346 γὰρ
1164 1311 1209 1337 καὶ
1222 1312 1254 1346 τῇ
1268 1311 1336 1346 αὐτῇ
1352 1309 1407 1346 ζωῇ
1419 1312 1474 1341 τοῖς
1486 1309 1696 1346 προειρημένοις
1707 1308 1819 1343 γεγόνα-

1030 1364 1072 1383 σιν
1090 1358 1117 1383 αἱ
1142 1358 1318 1392 μετωνυμιιι.
1337 1358 1456 1392 Ζητήσαι
1469 1356 1490 1382 δ’
1503 1357 1535 1383 ἄν
1555 1364 1606 1387 τις,
1623 1356 1647 1381 ει
1661 1354 1698 1390 μὴ
1716 1355 1732 1389 ἡ
1747 1355 1818 1390 ψυχὴ

1036 1402 1126 1434 Ἠλίας
1143 1404 1201 1429 ἐστι
1215 1403 1347 1438 πρότερον
1360 1404 1388 1429 ὲν
1404 1402 1441 1438 τῷ
1455 1402 1584 1438 Θεσῦῐτῃ,
1595 1402 1641 1428 καὶ
1653 1401 1779 1437 δεύτερον
1793 1402 1819 1427 ἐν

1028 1447 1068 1483 τῷ
1091 1448 1210 1484 Ἰωάννῃ,
1228 1447 1252 1474 τί
1264 1447 1296 1474 ἂν
1313 1447 1357 1482 εἴη
1372 1447 1402 1474 τὸ
1424 1447 1524 1483 κληθὲν
1546 1447 1599 1473 ὑπὸ
1619 1446 1668 1473 τοῦ
1694 1447 1819 1482 Σωτῆρος

1029 1494 1057 1520 ἐν
1071 1494 1234 1529 ἀμφοτέροις
1253 1493 1344 1525 Ἠλίας
1356 1502 1363 1526 ;
1380 1494 1434 1520 Καί
1449 1502 1519 1529 φημι
1533 1493 1578 1520 τὸν
1594 1492 1715 1528 Γαϐριὴλ
1727 1494 1755 1519 ὲν
1764 1495 1819 1524 τοίς

1030 1540 1097 1575 πρὸς
1126 1540 1264 1575 Ζαχαρίαν
1282 1540 1370 1574 λόγοις
1397 1530 1612 1576 ὗποὸεόληκέναι
1637 1539 1680 1571 τίς
1706 1540 1723 1574 ή
1750 1539 1818 1574 αὑτὴ

188 1585 263 1613 Elias
279 1593 293 1613 a
310 1585 454 1612 Servatore
471 1585 669 1626 appellabatur?
688 1585 741 1619 Ego
755 1592 819 1612 vero
841 1585 903 1612 dico
922 1584 975 1612 Ga-

1078 1585 1104 1612 iat
1125 1586 1153 1611 ὲν
1183 1585 1259 1620 Ἠλίᾳ
1275 1585 1322 1612 καὶ
1339 1585 1448 1621 Ἰωάννῃ
1458 1593 1465 1600 ’
1479 1585 1545 1619 φησὶ
1561 1584 1615 1620 γάρ
1625 1593 1632 1599 ·
1653 1593 1662 1610 ι
1677 1584 1739 1610 Τῶν
1754 1584 1818 1610 υἱῶν

189 1631 300 1659 brielem
319 1639 442 1666 quantam
458 1631 550 1658 eadem
564 1635 635 1658 esset
653 1631 680 1658 iit
695 1630 752 1657 Elia
767 1635 794 1658 et
807 1630 911 1658 Joanne
927 1639 975 1658 na-

190 1683 250 1706 tura
266 1679 293 1705 in
313 1686 438 1705 sermone
455 1686 516 1704 cum
539 1677 669 1704 Zacltaria
687 1677 779 1704 habito
793 1677 972 1713 suggessisse;

189 1723 227 1750 ait
246 1724 318 1751 enim
334 1724 345 1739 ³
365 1733 371 1751 :
391 1733 399 1749 ι
416 1723 513 1751 Multos
533 1723 650 1750 ﬁliorum
672 1722 755 1751 Israel
776 1728 916 1751 convertet
940 1724 973 1751 ad

189 1769 333 1797 Dominum
350 1769 433 1797 Deum
449 1770 579 1805 ipsorunt,
593 1776 618 1798 et
634 1771 690 1806 ipse
706 1771 840 1805 praecedet
858 1775 921 1798 ante
942 1770 975 1797 il-

188 1816 244 1842 lnnt
263 1816 289 1843 in
305 1816 400 1851 spiritu
416 1820 442 1843 et
457 1816 558 1844 virtute
574 1816 647 1844 Elim.
668 1825 677 1842 ι
692 1815 809 1844 Attende
822 1817 894 1844 enim
919 1824 972 1844 non

189 1861 289 1889 dixisse
303 1862 390 1894 illum,
406 1870 416 1887 σ
437 1862 462 1888 in
479 1862 570 1889 anima
586 1861 660 1895 Elim,
678 1871 688 1888 ι
705 1867 734 1890 ut
761 1862 851 1890 locum
877 1862 974 1889 ltaheat

1033 1631 1140 1667 Ἰσραὴλ
1151 1631 1265 1663 πολλοὺς
1281 1631 1440 1667 ἐπιστρέψει
1454 1632 1499 1658 ἐπὶ
1511 1631 1613 1666 Κύριον
1628 1631 1676 1657 τὸν
1686 1631 1754 1657 Θεὸν
1772 1630 1818 1657 αὐ-

1027 1677 1096 1704 τῶν·
1111 1679 1157 1704 καὶ
1173 1678 1252 1710 αὐτὸς
1264 1677 1456 1714 προελεύσεται
1471 1678 1584 1704 ἐνώπιον
1596 1677 1680 1705 αὑτοῦ
1694 1678 1724 1703 ὲν
1738 1677 1818 1703 πνεύ-

1028 1731 1091 1758 ματι
1106 1723 1153 1750 καὶ
1164 1723 1276 1758 δυνάμει
1299 1723 1398 1750 Ἠλίου.
1415 1733 1424 1748 t
1440 1723 1561 1758 Πρόσχες
1573 1722 1638 1759 γὰρ,
1657 1723 1708 1749 οὐκ
1731 1720 1818 1754 εἶπεν,

1029 1777 1038 1792 ι
1058 1767 1087 1794 ὲν
1101 1767 1172 1803 ψυχῇ
1191 1767 1289 1800 Ἡλίου,
1303 1778 1312 1793 ι
1323 1768 1356 1794 ἱ¹ν¹
1369 1767 1425 1803 ἔχοι
1440 1768 1545 1803 τόπονὴ
1559 1768 1818 1803 μετενσωμάτωσις,

1026 1813 1096 1846 ἀλλ’,
1116 1824 1125 1839 ι
1140 1814 1169 1840 ὲν
1186 1813 1318 1849 πνεύματι
1337 1814 1383 1840 καὶ
1399 1814 1510 1849 δυνάμει
1530 1813 1630 1841 Ἠλίου.
1650 1824 1660 1840 ι
1680 1815 1818 1849 tame:

1026 1858 1095 1887 οἶδεν
1104 1860 1159 1896 (58)
1180 1861 1196 1896 ὴ
1211 1860 1305 1896 Γραφὴ
1318 1860 1447 1896 διαφορὰν
1464 1860 1618 1896 πνεύματος
1633 1861 1703 1897 πρὸς
1717 1861 1808 1897 ψυχιὶεν

784 1919 902 1946 VETUS
922 1917 1207 1946 lNTERPRETATlO.

188 1967 280 1994 omnia
296 1970 388 1993 autem
409 1966 496 1993 nescit
512 1974 518 1992 :
533 1973 594 2000 quae
610 1965 682 1992 enim
700 1970 762 1992 nata
776 1971 840 1993 sunt
854 1966 912 1993 sine
927 1966 990 1998 ﬁne,
1003 1965 1160 1993 deﬁnitione
1179 1964 1269 1999 aliqua
1281 1963 1544 2000 conlprehendinon
1558 1969 1674 1998 possunt
1691 1973 1699 1990 :
1713 1968 1741 1992 et
1752 1972 1818 1992 cnn-

187 2009 217 2030 se
238 2009 304 2028 uens
315 2005 357 2029 est
372 2006 460 2028 utnec
472 1999 619 2035 prophetia:
634 2001 739 2035 possint
750 2001 807 2028 ticri
823 2001 856 2028 de
874 2001 1012 2031 omnibus,
1027 2001 1105 2035 quasi
1122 2001 1180 2026 sine
1193 2000 1246 2026 [ine
1259 1999 1385 2026 onmibus
1399 1999 1564 2026 constitutis.

218 2009 249 2062 (ὲ.
266 2036 361 2062 Adhuc
372 2036 488 2062 dicimus
499 2035 538 2062 eis
549 2036 594 2062 oui
610 2040 706 2062 nutant
719 2036 837 2062 animam
852 2035 964 2062 Joannis
977 2037 1095 2062 animant
1109 2035 1191 2061 fuisse
1203 2034 1277 2062 Elite.
1292 2040 1318 2061 et
1330 2034 1446 2062 Drintnm
1461 2035 1564 2062 uuiden‘

266 2036 361 2063 Adltnc
372 2034 488 2063 dicimus
499 2035 538 2062 eis
549 2036 594 2069 qui
610 2034 706 2069 ptitant
719 2036 837 2063 animam
852 2035 964 2063 Joannis
977 2034 1095 2063 animam
1109 2035 1191 2061 fuisse
1203 2034 1277 2067 Elite,
1292 2040 1318 2061 et

187 2076 280 2106 postea
302 2071 445 2102 Joannem,
467 2078 552 2104 quare
573 2071 685 2105 angelus
697 2072 743 2105 qui
757 2073 831 2098 risus
846 2076 888 2098 est
903 2071 1040 2098 Zacbaria:
1055 2071 1091 2097 ita
1107 2070 1175 2106 dixit
1192 2078 1198 2095 :
1214 2079 1222 2095 |
1243 2070 1312 2106 Ecce

1349 2034 1446 2060 ritttttnt
1461 2035 1569 2068 quidem
1583 2038 1707 2061 vocatam
1719 2034 1818 2065 Eliam.

1349 2043 1446 2060 rttttttnt
1461 2043 1569 2068 qutnent
1583 2043 1707 2061 vocatam
1719 2043 1818 2065 nnam.

1327 2043 1465 2096 Elisabcth
1480 2077 1547 2095 uxor
1564 2073 1608 2095 tua
1624 2070 1777 2104 concipiet.
1794 2076 1820 2097 et

187 2104 274 2140 pariet
289 2107 335 2132 tibi
349 2105 445 2134 lilium.
457 2110 484 2132 et
496 2105 605 2132 vocauis
615 2104 715 2131 nomen
728 2106 787 2139 ejus
798 2106 950 2133 Joannem?
967 2115 976 2131 ι
986 2106 1014 2132 Si
1025 2106 1097 2132 enint
1112 2105 1201 2131 anima
1215 2105 1272 2139 ipsa
1286 2105 1336 2131 fuit
1352 2104 1427 2137 Elite,
1443 2104 1564 2138 oportuit
1579 2109 1607 2130 et
1622 2106 1748 2132 secunda
1760 2114 1820 2132 vce

188 2139 283 2167 italum
303 2141 390 2166 vocari
411 2139 505 2172 Etiam,
523 2145 569 2166 aut
583 2141 688 2175 ostendi
714 2142 831 2175 aliquam
857 2143 953 2167 mutati
974 2141 1093 2167 nominis
1110 2147 1231 2171 causam,
1247 2141 1318 2167 sicut
1334 2140 1359 2166 in
1374 2140 1484 2175 Aill'am,
1498 2144 1524 2165 et
1536 2140 1562 2165 in
1577 2139 1740 2173 Abraham;
1754 2147 1781 2166 et
1793 2142 1819 2167 iu

188 2176 296 2206 Saram,
308 2181 334 2202 et
351 2176 376 2201 itt
394 2175 529 2204 Sari-azet
543 2175 568 2201 in
582 2174 676 2208 Jacolt,
697 2180 724 2202 et
743 2174 768 2202 in
785 2176 882 2208 Israel;
901 2181 928 2203 et
950 2177 976 2202 itt
998 2176 1148 2207 Simonem,
1164 2180 1190 2201 ct
1210 2175 1236 2201 itt
1260 2175 1379 2202 Petrum.
1397 2174 1498 2201 Tamen
1520 2182 1569 2202 nec
1585 2175 1626 2201 sic
1642 2176 1714 2202 ratio
1729 2177 1819 2202 valida

187 2211 315 2246 vincitur,
331 2210 458 2246 quonia'n
480 2211 585 2236 illorum
602 2211 628 2237 in
653 2219 705 2246 una
725 2212 874 2246 eademque
888 2212 940 2238 vita
961 2216 1062 2237 mutata
1081 2215 1143 2246 sunt
1163 2211 1282 2246 nomina.
1306 2210 1358 2237 Sed
1377 2211 1446 2246 dicit,
1457 2209 1556 2246 aliquis
1569 2217 1668 2246 eorum
1689 2219 1699 2236 :
1713 2211 1744 2238 Si
1765 2219 1818 2237 tton

187 2244 251 2272 Elia:
266 2245 317 2272 fuit
335 2245 425 2281 anima
445 2244 567 2276 Joannis,
589 2254 674 2280 quare
689 2245 812 2273 Salvator
828 2244 912 2273 Ellam
927 2246 1070 2281 appellavit
1084 2245 1280 2281 JoanncntYEt
1296 2250 1360 2280 puto
1377 2245 1449 2279 quod
1467 2244 1685 2281 Gabricljerbis
1700 2254 1767 2279 quae
1781 2248 1820 2273 lo-

186 2285 266 2307 cutus
282 2285 323 2308 est
337 2280 486 2312 Zacltarite,
499 2279 696 2308 dentonStrat‘it
711 2281 774 2315 quid
792 2281 855 2308 Elite
869 2279 1029 2308 translatum
1049 2287 1089 2308 est
1105 2281 1132 2307 in
1148 2280 1279 2307 Joannem
1296 2279 1378 2306 idicit
1397 2280 1468 2306 enini
1482 2280 1516 2306 ita
1532 2287 1538 2304 ;
1554 2289 1563 2304 ι
1584 2279 1618 2306 Ει
1634 2280 1693 2314 ipse
1714 2290 1819 2315 praece-

186 2315 231 2343 det
249 2322 312 2343 ante
330 2324 391 2343 cum
413 2317 439 2342 in
460 2316 557 2350 spiritu
576 2321 604 2342 et
621 2317 720 2350 virtute
735 2316 808 2348 Elite,
827 2323 985 2344 convertere
1005 2318 1087 2343 corda
1111 2321 1217 2349 patrum
1234 2317 1266 2342 ad
1285 2316 1366 2344 tibos.
1385 2320 1411 2342 et
1428 2315 1580 2350 incredulos
1595 2315 1628 2342 ad
1646 2316 1817 2350 sapientiam

185 2356 354 2378 sanctorum.
375 2361 383 2376 t
404 2350 436 2377 Et
450 2349 502 2377 non
519 2351 587 2377 dixit
602 2359 608 2376 :
622 2349 679 2384 Ipse
696 2353 826 2384 praecedet
843 2357 905 2378 ante
921 2359 982 2379 eum
1008 2351 1034 2378 in
1052 2351 1142 2378 anima
1160 2350 1224 2377 lilia:
1242 2359 1249 2378 z
1265 2351 1406 2377 manifeste
1423 2350 1495 2376 ettint
1513 2349 1653 2384 Scriptura
1669 2349 1818 2385 cognoscit

185 2387 258 2413 aliud
272 2394 332 2413 esse
345 2387 476 2418 animant,
492 2386 563 2412 aliud
579 2390 668 2411 autent
687 2394 747 2413 esse
765 2387 901 2421 spiritum,
917 2388 987 2414 sicut
1001 2390 1114 2413 testatur
1134 2387 1234 2413 l'aulus
1248 2387 1360 2412 dicens:
1378 2394 1386 2409 ι
1404 2385 1474 2412 Deus
1490 2390 1579 2421 autem
1597 2387 1757 2414 sanctiticet
1771 2394 1817 2413 vos

184 2421 390 2458 adperfectom,
408 2427 435 2448 et
448 2419 790 2458 integer_spit'.tus»vcster,
810 2427 837 2448 et
853 2423 954 2453 anima,
975 2426 1000 2448 et
1017 2429 1117 2455 corpus
1139 2422 1358 2458 conserveturin
1377 2421 1492 2458 adventu
1510 2419 1617 2458 [Loinini
1640 2423 1730 2458 nostri
1749 2421 1816 2449 Jcsu

185 2454 295 2484 Christi.
314 2466 323 2482 t
338 2456 371 2483 Et
387 2457 458 2492 apud
472 2454 625 2482 Dianelem:
643 2465 651 2480 ι
671 2455 833 2489 Benedicite,
855 2457 967 2491 spiritus
986 2461 1013 2484 et
1034 2454 1131 2483 anima:
1143 2462 1310 2489 sanctorum,
1324 2455 1478 2483 Dominum.
1497 2464 1506 2480 ι
1521 2454 1595 2483 Elias
1610 2464 1675 2490 ergo
1689 2455 1817 2484 Joannes

460 2513 470 2528 ⁸
490 2512 569 2544 ibid.,
590 2512 632 2539 65.
683 2513 770 2541 ειυς.
790 2522 844 2546 xvr,
860 2514 902 2540 l7.

221 2571 276 2606 (57.)
295 2571 414 2604 Ἄπειρα
429 2569 483 2605 γὰρ
506 2569 543 2606 τῇ
559 2571 659 2605 φύσει,
681 2575 732 2599 etc.
754 2571 866 2604 Omnes,
895 2573 968 2599 vorbi

184 2608 281 2642 gratia,
300 2606 434 2636 homines,
447 2606 492 2639 qui
508 2613 522 2632 a
537 2605 591 2633 Deo
608 2607 694 2633 creari
712 2612 837 2642 possunt,
852 2608 891 2634 vel
909 2615 968 2634 0m-

187 2641 233 2668 ites
248 2641 404 2677 angelorum
425 2646 472 2667 ant
483 2642 622 2677 beatorum
635 2642 811 2676 cogitationes
826 2651 872 2677 per
884 2647 966 2670 totam

185 2677 360 2712 aeternitatem
385 2675 491 2706 futurae,
504 2676 615 2712 inlinitze
627 2675 700 2709 sunt,
718 2682 744 2704 et
763 2675 852 2704 tamen
867 2685 967 2712 cogno-

168 2705 298 2739 3seunlnr
312 2719 326 2738 a
345 2710 416 2744 Deo;
430 2711 475 2738 sed
486 2705 557 2738 tales
573 2711 625 2738 illa:
643 2705 855 2747 cognoscuntur,
871 2705 964 2747 qtiitles

169 2758 171 2761 ι
185 2751 267 2778 sunt;
292 2754 344 2772 non
358 2751 421 2773 sunt
432 2751 522 2773 autent
537 2747 646 2774 inﬁnita:
661 2748 808 2781 collective,
823 2753 851 2774 ut
865 2748 965 2775 scltolze

185 2781 273 2806 verbis
291 2786 360 2812 utar,
384 2782 449 2812 sive.
471 2786 500 2807 ut
520 2781 639 2815 loquitur
656 2783 829 2815 Aristoteles,
848 2783 885 2814 ὡς
904 2783 964 2809 τόδε

186 2822 222 2846 τι,
248 2816 292 2841 sed
315 2815 500 2847 distribttttve,
521 2816 577 2844 sive
604 2817 641 2849 ὡς
666 2817 757 2853 ἕτερον
787 2819 833 2845 καί
860 2818 962 2853 ἕτερον.

219 2514 229 2530 ⁷
249 2513 316 2541 Luc.
332 2520 352 2546 l,
372 2513 410 2540 15.

1021 2572 1098 2605 Quod
1114 2572 1229 2608 aitrergo
1241 2571 1371 2608 Origenes
1396 2580 1440 2600 res
1458 2572 1579 2599 inﬁnitas
1594 2581 1648 2600 non
1666 2581 1754 2608 posse
1768 2583 1815 2602 co-

1021 2608 1135 2642 gnoscia
1156 2607 1220 2640 Deo,
1234 2609 1296 2642 quia
1313 2608 1466 2641 cognitione
1482 2614 1531 2634 ttae
1541 2607 1696 2640 linircntnr,
1711 2610 1755 2637 sic
1772 2610 1814 2635 in-

1022 2643 1111 2677 telligo
1129 2652 1135 2669 :
1156 2651 1208 2669 non
1232 2651 1311 2677 posse
1338 2651 1384 2670 eas
1406 2643 1531 2677 cognosci
1559 2648 1588 2668 nt
1615 2645 1666 2670 Itoe
1692 2645 1812 2679 aliquid.

1021 2679 1084 2712 quia
1113 2679 1162 2704 bac
1187 2679 1341 2713 cognitione
1363 2678 1671 2710 circumscriltcrctttnr;
1704 2681 1754 2706 ξιῚΙ
1784 2684 1813 2705 ιιι

1019 2713 1103 2744 aliud,
1120 2714 1242 2748 etalitm,
1262 2714 1334 2748 quod
1352 2715 1432 2740 rebus
1457 2714 1573 2748 cognitis
1591 2715 1672 2740 tinem
1699 2715 1810 2741 nullum

1018 2748 1121 2775 statuit.
1143 2747 1272 2775 Hunnus.

1017 2818 1032 2844 ΙΙ
1054 2783 1109 2818 (58)
1252 2784 1286 2810 δὲ
1313 2783 1403 2815 οἶδεν,
1434 2789 1483 2811 etc.
1516 2782 1580 2810 Vide
1607 2782 1755 2820 Origenem
1781 2784 1807 2810 iu

1036 2827 1096 2844 van.
1113 2826 1170 2844 xm.
1187 2822 1203 2844 "..
1222 2838 1228 2844 .

1036 2827 1096 2845 van.
1113 2826 1170 2852 xm,
1187 2820 1228 2845 2i.
