1870 3049
64 116 146 146 1093

556 115 735 144 COMMENT.
758 116 789 143 ΙΝ
811 115 1020 143 ΜΑΤΤΙΙΑΞΒΜ
1041 116 1160 144 ΤΟΜΙΞΞ
1180 115 1249 144 X111.

1644 122 1709 150 1091

59 173 106 207 ὡς
120 176 153 201 τὸ
163 184 170 190 ·
183 184 192 200 1
213 174 242 200 '0
255 174 284 201 δὲ
301 173 366 206 Θεὸς
383 174 494 209 ἁγιάσαι
512 174 584 210 ὑμᾶς
595 175 737 207 ὁλοτελεῖς,
749 175 795 201 καὶ

980 173 1013 201 de
1028 173 1182 202 animarum
1199 183 1214 202 e
1229 181 1344 210 cerpore
1361 175 1386 202 in
1405 183 1504 212 corpus
1519 178 1634 206 transitu
1655 181 1715 215 opi-

61 221 122 256 κλη
128 230 176 256 ρον
185 221 261 256 ὑμῶν
271 221 301 247 τὸ
309 221 427 256 πνεῦμα,
436 221 482 248 καὶ
494 221 510 256 ἡ
521 220 593 257 ψυχὴ
602 221 649 247 καὶ
658 221 688 247 τὸ
697 220 776 256 σῶμα
784 229 869 257 τηρη-

61 267 132 301 θείη
146 267 300 302 ἀμέμπτως
316 268 344 293 ὲν
358 268 390 302 τῇ
403 267 539 302 παρουσίᾳ.
550 267 595 293 τοῦ
608 267 709 302 Κυρίου
725 267 803 302 ἡμῶν
818 267 870 302 Ἰη-

65 312 119 339 σοῦ
127 313 249 348 Χριστοῦ
260 321 266 328 ·
280 323 288 338 ι
300 313 345 340 καὶ
357 313 400 339 τό·
415 323 424 338 ι
435 313 588 347 Εὑλογεῖτε,
604 313 747 348 πνεύματα
769 313 816 340 καὶ
829 313 868 340 δι-

63 359 162 385 καίων
177 359 273 395 ψυχαὶ,
287 369 295 385 ι
313 360 342 385 ὲν
351 358 390 394 τῷ
402 358 472 385 κατὰ
483 359 546 390 τοὺς
562 358 761 395 Ἑϐδομήκοντα
771 358 870 393 Δανιὴλ

65 404 237 440 φερόμενον,
256 405 404 440 παρίστησι
426 404 474 440 τὴν
498 404 628 440 διαφορὰν
650 405 804 440 πνεύματος
823 405 870 432 καὶ

65 449 177 484 ψυχῆς.
195 450 287 480 Ἠλίας
299 447 344 476 οὖν
359 450 374 475 ὸ
388 449 515 484 Ἰωάννης
530 450 560 475 οὑ
574 449 618 475 διὰ
629 449 678 485 τὴν
691 450 780 485 ψυχὴν
796 449 870 476 λέλε-

65 504 150 526 κται,
163 495 231 522 ἀλλὰ
243 495 287 522 διὰ
299 495 329 521 τὸ
338 494 444 530 πνεῦμα
457 495 504 522 καὶ
514 495 564 530 τὴν
572 495 694 531 δύναμιν,
706 495 785 522 ἅτινα
795 495 870 522 οὐδὲν

64 539 154 566 λυπεῖ
169 540 214 567 τὸν
227 539 452 575 ἐκκλησιαστικὸν
470 539 557 574 λόγον,
577 540 600 566 εἰ
618 540 749 576 πρότερον
767 540 816 576 μὲν
836 538 870 576 ἦν

65 588 99 614 ὲν
115 586 206 622 Ἠλίᾳ,
217 586 329 622 ὕστερον
339 587 366 613 δὲ
376 587 487 620 γέγονεν
495 587 523 612 ἐν
538 586 658 621 Ἰωάννῃ·
669 595 677 610 ι
689 586 743 612 Καὶ
752 585 872 621 πνεύμα-

66 641 106 659 τα.
121 632 155 659 δὲ
167 634 314 669 προφητῶν
331 634 386 669 (59)
403 634 555 669 προφήταις
570 632 762 664 ὑποτάσσεται,
784 641 793 658 ι
810 633 871 667 οὐχὶ

66 678 98 705 δὲ
113 679 203 714 ψυχαὶ
216 680 361 715 προφητῶν
375 679 528 715 προφήταις
540 678 722 705 ὑποτάσσεται
732 686 739 694 ’
755 678 802 705 καὶ
818 679 848 705 τό
861 687 869 693 ⁸

73 734 83 750 ι
106 724 224 760 Πνεῦμα
243 725 332 752 Ἡλίου
349 725 540 752 ἀναπέπαυται
557 725 603 751 ἐπὶ
622 721 766 751 Ἐλισσαιέ.
791 734 799 750 ι
817 726 870 760 Ζη-

68 770 170 805 τητέον
186 770 215 797 δὲ
229 771 341 806 πότερον
354 770 450 798 ταύτόν
464 771 522 797 ἐστι
537 770 568 797 τὸ
582 770 690 806 πνεῦμα
713 770 759 797 τοῦ
781 770 870 797 Ἡλίου

69 815 112 851 τῷ
125 817 155 842 ἐν
177 817 254 852 Ἠλίᾳ
271 817 405 852 πνεύματι
422 816 489 843 Θεοῦ
503 835 510 848 ,
525 816 541 852 ἢ
556 816 638 852 ’ἐτερα
650 816 726 842 ταῦτ’
740 816 812 842 ἐστὶν
827 816 872 843 ἀλ-

920 220 976 251 nio,
990 219 1037 247 sed
1053 229 1062 246 ι
1079 220 1106 246 in
1123 220 1219 255 spiritu
1236 225 1262 248 et
1277 222 1375 249 virtute
1390 222 1465 256 Elite;
1482 233 1490 248 ι
1508 225 1610 259 optime
1623 231 1710 254 autent

919 264 1068 291 discrimen
1086 265 1165 292 callet
1179 265 1331 300 Scriptura,
1349 267 1421 301 quod
1445 267 1515 293 inter
1538 268 1657 295 animam
1684 273 1713 297 et

920 309 1045 344 spiritum
1062 309 1214 345 intercedit;
1230 313 1458 346 quemadmodum
1475 313 1541 340 illud
1558 313 1579 329 ‘°
1595 323 1600 340 :
1617 323 1626 340 ι
1640 313 1714 344 Deus

920 361 1010 384 autem
1027 357 1177 384 sanetilicet
1190 365 1239 384 vos
1252 366 1299 392 per
1312 359 1414 392 omnia,
1431 363 1460 386 ut
1478 360 1582 395 integer
1597 361 1712 396 spiritus

921 405 1018 433 vester,
1034 405 1060 427 et
1075 401 1177 432 anima,
1192 406 1217 428 et
1230 409 1329 436 corpus
1345 403 1404 429 sine
1419 403 1529 438 querela
1554 405 1579 432 in
1594 405 1711 433 adventu

921 445 1028 473 Domini
1050 447 1137 473 nostri
1163 446 1228 474 Jesu
1254 448 1356 475 (Ihristi
1382 454 1525 482 servetur;
1553 459 1563 476 ι
1590 455 1617 478 et
1644 451 1711 479 illud

921 491 993 526 quod
1005 491 1119 519 habetur
1130 491 1156 519 in
1166 492 1235 519 libro
1248 492 1352 526 Daniel,
1363 499 1443 528 prout
1456 497 1622 531 exstatapud
1631 497 1713 525 inter-

921 542 1011 572 pretes
1023 537 1198 573 Septuaginta
1215 539 1234 554 “
1247 549 1252 566 :
1265 549 1273 564 ε
1286 539 1447 573 Benedicite,
1459 542 1570 576 spiritus
1579 547 1603 570 et
1615 544 1714 572 animae

919 583 1069 618 justorum,
1085 584 1208 618 Domino,
1228 595 1236 611 ι
1254 585 1365 621 spiritus
1378 591 1404 613 et
1419 587 1517 614 anima:
1530 588 1710 617 diﬂ‘erentiam

921 630 1058 664 exprimit.
1073 629 1192 658 Joannes
1206 631 1298 666 igitur,
1312 639 1365 658 non
1378 632 1485 665 animae,
1498 634 1544 661 sed
1557 635 1669 669 spiritus
1685 641 1712 664 et

920 676 1030 704 virtutis
1039 677 1154 709 ratione,
1164 677 1237 705 Elias
1245 677 1390 710 dictusest.
1399 687 1458 714 qua:
1467 680 1575 714 quidem
1585 681 1712 709 Ecclesiae

922 718 1000 754 571
1018 719 1171 747 doctrinam
1190 729 1244 748 non
1264 722 1375 755 laedunt,
1398 722 1420 750 si
1444 725 1562 758 primum
1588 725 1615 753 in
1641 726 1710 760 Elia,

922 765 1020 792 deinde
1040 773 1105 793 vero
1121 766 1222 795 fuerint
1242 768 1269 794 in
1293 767 1397 796 Joanne
1413 779 1420 796 :
1436 779 1444 795 ι
1460 769 1492 797 Et
1510 771 1622 806 spiritus
1645 781 1710 807 pro-

921 809 1065 844 phetarunt
1089 812 1230 846 prophetis
1254 812 1369 847 subjecti
1392 819 1456 840 sunt
1470 815 1503 846 ”,
1522 824 1530 840 ι
1549 816 1647 844 anima:
1660 825 1710 844 au-

69 861 180 898 λήλων·
196 863 244 889 καὶ
259 864 283 889 εί
304 861 454 899 παράδοξάν
470 871 496 889 τι
513 862 543 888 τὸ
558 862 666 898 πνεῦμα
684 860 718 898 ἦν
739 861 807 888 Ἠλίς

969 864 976 882 ι
995 857 1189 892 prophetarum
1206 859 1345 894 prophetis
1360 860 1489 896 subjectre
1502 869 1556 889 non
1570 868 1647 897 sunt;
1659 868 1686 891 et
1699 872 1707 892 :

69 908 101 934 ὲν
115 907 193 943 αὐτῷ
209 908 286 944 παρὰ
300 909 330 935 τὸ
346 908 453 944 πνεῦμα
475 908 522 935 τοῦ
539 907 684 943 ἀνθρώπου
703 908 817 934 ἑκάστου
839 907 870 934 τδ

70 953 101 980 ὲν
116 953 210 988 αὐτῷ·
234 954 282 980 καὶ
298 953 352 989 γὰρ
369 953 463 988 σαφῶς
488 954 502 980 ὸ
522 953 682 985 Ἀπόστολος
701 952 870 988 παρέστησεν

69 998 168 1034 ἕτερον
191 996 307 1026 εἶναιτὸ
329 999 374 1025 τοῦ
391 999 459 1026 Θεοῦ
482 999 605 1034 πνεῦμα,
628 998 679 1025 κᾶν
703 999 731 1025 ὲν
755 999 821 1034 ἡμῖν
841 997 868 1035 ᾖ,

71 1043 151 1079 παρὰ
162 1043 192 1070 τὸ
209 1044 316 1079 πνεῦμα
330 1045 445 1072 ἑκάστου
461 1044 605 1081 ἀνθρώπου
622 1045 652 1071 τὸ
667 1045 695 1071 ὲν
707 1044 790 1080 αὐτῷ,
802 1045 869 1071 ὅπου

73 1089 123 1123 μὲν
136 1089 225 1124 λέγων
234 1099 240 1105 ·
262 1100 270 1116 ι
283 1091 353 1117 Αὐτὸ
369 1091 399 1118 τὸ
411 1091 519 1126 πνεῦμα
534 1092 725 1126 συμμαρτυρεῖ
737 1091 776 1126 τῷ
790 1091 870 1118 πνεύ-

73 1143 143 1170 ματι
159 1136 252 1171 ἡμῶν,
267 1137 307 1163 ὅτι
326 1137 408 1172 ἐσμὲν
420 1137 502 1164 τέκνα
517 1136 601 1164 Θεοῦ·
622 1146 631 1162 ι
647 1137 714 1164 ὅπου
727 1137 773 1163 δέ·
793 1147 801 1162 ε
819 1137 869 1164 Οὑ-

71 1181 129 1213 δεὶς
154 1180 225 1209 οἶδεν
247 1183 398 1220 ἀνθρώπων
419 1183 453 1210 τὰ
473 1183 521 1210 τοῦ
545 1182 690 1218 ἀνθρώπου
720 1183 744 1210 εί
774 1183 812 1220 μὴ
838 1183 869 1210 τὸ

72 1226 186 1263 πνεῦμα
199 1228 246 1254 τοῦ
262 1228 405 1264 ἀνθρώπου
419 1230 450 1257 τὸ
466 1230 495 1256 ὲν
509 1229 583 1264 αὐτῷ
593 1237 599 1244 ·
617 1228 687 1255 οὔτω
701 1229 747 1255 καὶ
769 1228 804 1255 τὰ
822 1228 868 1255 τοῦ

71 1273 145 1300 Θεοῦ
166 1274 253 1306 οὐδεὶς
276 1272 346 1302 οἶδεν
370 1276 394 1302 εί
413 1276 449 1312 μὴ
466 1276 496 1302 τὸ
512 1275 621 1311 πνεῦμα
634 1274 681 1301 τοῦ
698 1273 775 1301 Θεοῦ.
797 1284 806 1300 ›
823 1275 872 1310 Μὴ

72 1319 201 1355 θαύμαζε
221 1321 249 1347 δὲ
273 1321 303 1348 τὸ
325 1322 389 1357 περὶ
409 1322 455 1348 τοῦ
473 1322 563 1348 Ἠλίου
576 1342 582 1354 ,
598 1322 622 1348 εί
643 1320 736 1357 ὥσπερ
753 1320 826 1354 ξένον
843 1330 869 1348 τι

71 1366 234 1402 ἀπήντησεν
249 1367 322 1403 αὐτῷ
335 1366 410 1403 παρὰ
423 1368 485 1399 τοὺς
495 1367 756 1403 ἀναγεγραμμένους
766 1367 871 1400 πάντας

73 1411 182 1447 ἁγίους,
199 1412 244 1439 διὰ
254 1413 283 1439 τὸ
296 1413 482 1449 ἀναληφθῆναι
499 1413 529 1439 ὲν
543 1413 698 1449 συσσεισμῷ
712 1414 752 1445 εἰς
766 1413 811 1440 τὸν
825 1413 870 1441 οὐ-

74 1457 169 1494 ρανὸν,
182 1457 268 1490 οὕτως
284 1458 419 1494 ἐξαίρετόν
432 1467 457 1486 τι
471 1456 528 1494 εἶχε
542 1460 572 1486 τὺ
592 1459 700 1495 πνεῦμα
716 1459 798 1486 αὐτοῦ
808 1481 815 1493 ,
830 1460 868 1492 ὡς

72 1504 107 1531 οὐ
130 1504 210 1539 μόνον
235 1504 479 1532 ὲπαναπαύσασθαι
502 1505 541 1542 τῷ
561 1501 722 1541 Ἐλισσαίῳ,
742 1506 809 1533 ἀλλὰ
822 1507 868 1534 καὶ

72 1551 115 1587 τῷ
135 1551 246 1588 Ἰωάννῃ
266 1552 468 1588 συγκαταϐῆναι
485 1553 526 1584 είς
541 1552 590 1588 τὴν
615 1552 735 1586 γένεσιν,
755 1553 802 1579 καὶ
822 1552 868 1580 τὸν

81 1597 208 1633 Ἰωάννην
227 1598 280 1634 ἰδίᾳ
295 1599 343 1634 μὲν
364 1609 373 1624 ‹
391 1599 550 1634 Πνεύματος
573 1599 650 1633 ἁγίου
673 1598 869 1634 πεπληρῶσθαι

74 1643 118 1670 ἔτι
139 1644 172 1670 ὲκ
192 1644 294 1676 κοιλίας
310 1644 412 1680 μητρὸς
432 1644 513 1671 αὐτοῦ
528 1645 642 1682 ιίδίᾳδὲι
656 1643 868 1680 προεληλυθέναι

73 1690 192 1717 ἐνώπιον
218 1691 265 1717 τοῦ
297 1691 413 1726 Χριστοῦ
445 1692 474 1717 ὲν
506 1690 640 1726 πνεύματι
673 1691 720 1717 καὶ
753 1690 868 1726 δυνάμει

80 1737 183 1764 Ἡλίου.
204 1746 213 1762 ι
239 1737 293 1763 Καὶ
317 1737 370 1771 γὰρ
389 1736 500 1763 δυνατὸν
518 1735 628 1763 πλείονα
725 1735 868 1772 πνεύματα

73 1780 145 1809 εἶναι
163 1783 191 1808 ὲν
205 1782 244 1818 τῷ
258 1783 342 1817 αὐτῷ,
357 1783 386 1809 οὐ
406 1783 484 1818 μόνον
495 1782 613 1817 χείρονα,
627 1781 695 1808 ἀλλὰ
710 1782 758 1808 καὶ.
775 1781 868 1817 κρειτ-

73 1836 141 1856 τονα
150 1836 156 1843 “
175 1829 246 1856 αίτεῖ
260 1828 326 1862 γοῦν
340 1829 355 1854 ὁ
369 1828 451 1855 Δαυῖδ
468 1828 646 1864 στηριχθῆναι
671 1828 719 1863 μὲν
733 1827 868 1862 πνεύματι

73 1874 233 1910 ἡγεμονικῷ
247 1874 319 1910 (61),
337 1875 539 1910 ὲγκαινισθῆναι
559 1875 587 1901 δὲ
609 1876 638 1901 ὲν
661 1875 716 1906 τοῖς
742 1873 868 1908 ὲγκάτοις

74 1920 160 1947 αὑτοῦ
177 1920 284 1955 πνεῦμα
294 1920 380 1952 εὐθές.
393 1921 425 1947 Εἰ
438 1920 476 1951 δὲ,
488 1920 531 1947 ἵνα
545 1920 651 1956 μετωδῴ
667 1920 733 1955 ἡμῖν
747 1921 761 1946 ὁ
772 1919 867 1954 Σωτὴρ

76 1974 88 1991 ι
108 1965 261 2001 πνεύματος
278 1967 374 2001 σοφίας
388 1967 433 1993 καὶ
445 1965 588 1999 συνέσεως,
599 1966 753 2001 πνεύματος
770 1965 869 2000 βουλῆς

75 2012 125 2039 καὶ
139 2012 247 2047 ἰσχύος,
263 2013 414 2048 πνεύματος
431 2012 556 2047 γνώσεως
571 2012 617 2038 καὶ
638 2011 778 2043 εὐσεϐείας
790 2032 798 2045 ,
822 2011 869 2038 καὶ

75 2059 226 2094 ἐνεπλήσθη
249 2059 403 2094 πνεύματος
429 2058 512 2093 φόϐου
537 2057 621 2085 Θεοῦ·
647 2067 656 2084 ι
685 2058 795 2084 δυνατὸν
821 2058 872 2085 καὶ

926 910 935 927 ‹
954 901 1099 937 Requievit
1124 904 1234 938 spiritus
1259 904 1324 933 Elite
1347 914 1429 941 sner
1455 906 1581 935 Eliszeum
1597 909 1629 936 ".
1649 919 1658 935 ›
1675 909 1711 938 At

922 949 1098 981 qumrendum
1119 949 1192 977 venit
1213 955 1305 978 utrum
1320 951 1391 979 idem
1409 953 1445 980 sit
1459 952 1523 980 Elia:
1538 954 1660 989 spiritus,
1677 963 1711 983 ac

922 993 1034 1028 spiritus
1051 993 1096 1022 Dei
1109 995 1154 1029 qui
1171 996 1197 1022 in
1209 995 1266 1023 Elia
1280 1001 1339 1030 est;
1356 1005 1389 1024 an
1405 998 1520 1026 invicem
1537 999 1707 1035 discrepent;

921 1044 948 1066 et
963 1044 1054 1067 utrum
1071 1040 1198 1069 insolitus
1213 1047 1272 1069 erat
1286 1043 1331 1070 hic
1345 1042 1410 1070 Elia:
1425 1044 1510 1078 quiin
1524 1044 1570 1072 illo
1581 1051 1638 1072 erat
1653 1046 1710 1081 spi-

922 1085 1000 1117 ritus,
1016 1091 1115 1120 przeter
1138 1087 1354 1123 uniuscujusque
1371 1089 1490 1117 hominis
1504 1090 1640 1124 spiritum,
1661 1092 1707 1126 qui

921 1131 948 1158 in
965 1132 1024 1166 ipso
1041 1137 1089 1160 est.
1114 1133 1216 1160 Etenim
1231 1139 1329 1170 praeter
1348 1135 1566 1171 uniuscujusque
1589 1137 1722 1172 hominis

921 1177 1045 1211 spiritum
1069 1178 1115 1212 qui
1143 1178 1169 1205 in
1194 1186 1226 1206 eo
1252 1184 1303 1213 est,
1330 1181 1413 1208 alium
1429 1182 1541 1216 insuper
1563 1190 1624 1210 esse
1649 1183 1708 1215 Dei,

920 1222 1027 1250 etiamsi
1042 1223 1068 1250 in
1086 1224 1166 1251 nobis
1187 1229 1321 1258 versetur,
1340 1226 1478 1261 spiritum,
1503 1227 1654 1256 luculenter
1670 1230 1706 1256 si-

920 1269 1059 1304 gnificavit
1072 1269 1230 1305 Apostolus,
1247 1272 1328 1299 modo
1340 1272 1434 1301 dicens
1447 1273 1470 1289 ”
1485 1282 1491 1301 :
1512 1283 1521 1299 ‹
1540 1273 1599 1309 Ipse
1623 1276 1706 1310 spiri-

921 1319 965 1342 tus
982 1315 1166 1344 Iestimonium
1183 1317 1272 1345 reddit
1291 1319 1398 1353 spiritui
1412 1324 1507 1347 nostro
1523 1321 1594 1356 quod
1609 1329 1706 1350 sumus

920 1361 967 1388 lilii
981 1360 1043 1395 Dei;
1062 1371 1071 1388 ι
1089 1363 1157 1390 alias
1171 1371 1235 1390 vero
1249 1364 1270 1380 "
1283 1372 1290 1390 :
1303 1373 1312 1390 ι
1328 1364 1412 1392 Nemo
1427 1366 1566 1394 hominum
1582 1369 1633 1395 scit
1646 1376 1708 1403 quae

921 1412 986 1435 sunt
1001 1408 1133 1439 hominis.
1147 1409 1199 1437 nisi
1215 1410 1327 1444 spiritus
1341 1411 1460 1440 hominis
1472 1413 1518 1448 qui
1532 1413 1558 1440 in
1574 1414 1632 1448 ipso
1646 1419 1685 1441 est
1698 1425 1705 1448 ;

918 1451 954 1478 ita
976 1457 1003 1479 et
1025 1462 1084 1488 quae
1108 1455 1152 1481 Dei
1178 1461 1241 1483 sunt
1266 1465 1346 1484 nemo
1367 1460 1501 1494 cognovit,
1520 1460 1571 1486 nisi
1595 1461 1706 1496 spiritus

917 1498 974 1526 Dei.
997 1509 1004 1524 ι
1021 1501 1097 1533 Quod
1119 1502 1152 1529 ad
1171 1503 1256 1530 Eliam
1275 1509 1365 1532 autem
1384 1507 1511 1541 pertinet,
1535 1515 1569 1534 ne
1586 1507 1703 1542 mireris,

917 1548 950 1580 si,
966 1551 1191 1584 quemadmodum
1214 1553 1371 1582 inusitatum
1391 1556 1454 1591 quid
1476 1557 1512 1583 illi
1522 1562 1626 1592 .prreter
1641 1565 1702 1584 san-

915 1601 973 1626 ctos
986 1607 1082 1627 omnes
1102 1601 1135 1628 de
1155 1602 1254 1636 quibus
1270 1604 1400 1638 scriptum
1416 1609 1456 1632 est
1471 1605 1582 1640 contigit
1599 1613 1659 1632 cum
1676 1606 1704 1633 in

920 1647 1018 1674 coetum
1044 1655 1091 1682 per
1111 1648 1245 1675 turbinem
1264 1654 1373 1677 evectus
1389 1654 1430 1678 est
1455 1651 1487 1683 ",
1510 1651 1546 1678 ita
1568 1652 1708 1687 peculiare

919 1692 1020 1727 aliquid
1038 1692 1149 1726 spiritus
1167 1693 1226 1728 ejus
1241 1693 1346 1727 habuit,
1363 1695 1432 1722 adeo
1448 1699 1478 1722 ut
1494 1703 1549 1722 non
1566 1697 1707 1732 requieve-

919 1738 955 1765 rit
976 1738 1064 1765 solum
1093 1746 1175 1773 super
1204 1738 1331 1766 Elisaeum
1348 1760 1355 1773 ,
1381 1741 1427 1768 sed
1451 1745 1477 1768 et
1497 1749 1559 1769 cum
1581 1741 1705 1776 Joanne.

921 1790 983 1810 cum
1011 1783 1034 1810 is
1057 1788 1224 1816 nasceretur,
1247 1783 1427 1818 descenderit,
1441 1791 1467 1813 et
1492 1785 1613 1816 Joannes
1633 1796 1708 1816 seor-

920 1836 980 1855 sum
1000 1828 1110 1863 quidem
1139 1838 1148 1854 ‹
1170 1828 1272 1864 Spiritu
1293 1835 1388 1858 sancto
1412 1831 1529 1866 repletus
1553 1832 1635 1860 fuerit
1659 1835 1708 1861 ad.

920 1874 974 1901 huc
992 1881 1024 1901 εκ
1043 1878 1119 1901 utero
1138 1876 1233 1901 matris
1249 1882 1323 1908 sum;
1343 1885 1352 1900 ι
1377 1883 1501 1903 seorsum
1524 1885 1589 1905 νει-ο
1608 1888 1618 1905 1
1637 1886 1706 1914 ρΙΊΡο

923 1920 1035 1948 cesserit
1048 1924 1110 1947 ante
1122 1919 1261 1948 Christum
1276 1921 1303 1948 in
1320 1921 1417 1956 spiritu
1432 1927 1458 1949 et
1470 1923 1569 1951 virtute
1579 1924 1643 1952 Elite
1655 1926 1703 1952 ".v

924 1966 1042 2001 Spiritus
1058 1965 1130 1993 enim
1151 1973 1204 1992 non
1218 1973 1335 2000 nequam
1352 1967 1452 1998 solum.
1477 1969 1523 1995 sed
1545 1973 1572 1996 et
1594 1971 1656 1997 boni
1678 1972 1704 1998 in

923 2012 1016 2039 eodem
1030 2012 1121 2046 plures
1140 2018 1200 2038 esse
1221 2017 1350 2045 possunt;
1369 2013 1488 2047 postulat
1507 2014 1607 2049 quippe
1621 2015 1705 2044 David

927 2067 936 2083 ι
955 2058 982 2085 in
1002 2057 1098 2092 spiritu
1127 2057 1269 2092 principali
1295 2058 1462 2092 conﬁrmari,
1491 2060 1617 2094 spiritum
1641 2070 1705 2090 vero

681 2126 796 2154 VETUS
817 2125 1107 2154 INTERPRETATIO.

75 2195 130 2214 non
146 2192 256 2222 propter
271 2187 389 2215 animam
405 2192 447 2214 cst
460 2187 618 2221 appellatus.
633 2185 679 2214 sed
696 2190 804 2220 propter
819 2186 943 2222 spiritum
958 2191 984 2213 et
998 2186 1123 2222 virtutem
1142 2194 1148 2212 ε
1161 2192 1220 2222 quze
1234 2193 1287 2212 non
1303 2187 1465 2214 contristant
1479 2187 1605 2214 virtutem
1625 2188 1701 2216 Scri-

75 2220 163 2257 ptura:
178 2220 204 2249 si
217 2223 333 2258 primum
352 2222 401 2249 fuit
418 2222 444 2248 in
458 2222 515 2249 Elia
534 2223 705 2258 spiritus,_et
729 2226 820 2256 postea
838 2222 870 2248 in'
881 2220 985 2258 Joanne
1002 2220 1089 2247 tactus
1112 2225 1163 2258 est,
1188 2221 1258 2247 sicut
1276 2223 1469 2258 convenienter
1482 2222 1630 2257 Apostolus
1643 2225 1681 2251 ait
1696 2233 1702 2252 ι

78 2267 89 2283 ι
107 2256 225 2290 Spiritus
251 2258 441 2292 prophetarum
460 2256 597 2292 prophetis
612 2256 817 2295 subjectusest,
835 2266 843 2281 ι
862 2257 1029 2295 nonanimre
1049 2256 1238 2295 prophetarum
1250 2257 1398 2295 prophetis
1412 2256 1542 2295 subjectae
1559 2263 1632 2285 sunt.
1649 2260 1703 2285 Ad-

77 2293 130 2319 huc
146 2292 178 2319 nd
191 2291 424 2320 conﬁrmationem
440 2300 533 2319 eorum
549 2300 608 2326 quae
622 2291 734 2328 angelus
748 2291 834 2328 dixit:
851 2291 982 2328 «_Et_ipse
998 2293 1130 2325 prtecedet
1146 2291 1171 2316 in
1189 2291 1285 2328 spiritu
1306 2297 1332 2317 et
1345 2292 1444 2328 virtute
1460 2292 1535 2326 Elite,
1553 2302 1563 2319 ι
1585 2295 1703 2328 accipia-

75 2335 138 2354 mus
154 2327 186 2354 de
201 2331 298 2362 quarto
314 2327 383 2354 libro
400 2325 564 2362 ltegnorum,
589 2325 669 2361 quod
683 2330 725 2353 est
746 2326 799 2362 tale
812 2334 819 2352 :
834 2335 844 2350 ‹
860 2325 893 2362 Et
908 2326 1008 2352 factum
1027 2329 1150 2362 CS'LCUIII
1168 2325 1322 2362 transisset,
1337 2327 1406 2353 dixit
1421 2327 1490 2354 tilias
1502 2331 1535 2354 θυι
1551 2325 1677 2355 Είίδςιξιίιιι
1694 2341 1702 2357 ;

74 2361 139 2397 Pete
156 2359 220 2397 quid
238 2363 333 2390 faciam
349 2362 405 2390 tibi.
423 2359 582 2397 priusquam
596 2359 675 2389 iollar
695 2369 709 2388 a
725 2366 759 2387 te.
780 2360 811 2397 Et
826 2361 895 2388 dixit
911 2362 1023 2397 Elismus
1040 2368 1046 2386 :
1066 2359 1125 2397 Fiat
1138 2360 1254 2397 spiritus
1272 2365 1334 2388 tuus
1350 2362 1449 2396 duplex
1467 2362 1494 2389 in
1514 2370 1566 2390 me.
1587 2363 1618 2390 Et
1633 2364 1702 2392 dixit

74 2395 171 2424 Eliasf
183 2397 253 2425 Dure
269 2398 367 2431 petisti.
384 2395 485 2424 Tamen
501 2395 522 2424 si
540 2397 639 2433 videris
655 2404 697 2433 me
712 2396 902 2433 ascendentem
917 2404 930 2422 ο
948 2401 983 2428 te,
996 2396 1042 2433 ttat
1059 2396 1107 2433 tibi
1123 2395 1162 2433 sic
1178 2404 1184 2421 :
1198 2396 1222 2422 si
1237 2401 1327 2433 autem
1344 2395 1408 2428 non,
1421 2399 1546 2433 nouitiat.
1564 2407 1573 2424 ι
1588 2397 1620 2424 Ει
1634 2407 1700 2433 quo-

74 2432 147 2459 niam
162 2430 290 2460 dixerat:
312 2442 321 2457 ι
383 2432 481 2459 videris
505 2440 558 2464 me,
581 2432 627 2459 ﬁat
645 2432 767 2467 :sirnon,
782 2439 836 2457 non
852 2431 916 2467 ﬁat;
933 2441 942 2457 ›
961 2431 1055 2457 volens
1070 2430 1211 2467 Scriptura
1230 2432 1375 2467 ostendere
1392 2433 1455 2467 quia
1475 2432 1575 2459 factum
1599 2430 1649 2460 est.
1662 2435 1702 2462 sic

74 2466 172 2494 Eliszeo
186 2467 256 2494 sicut
275 2468 331 2502 ipse
346 2467 469 2508 petierat,
487 2468 526 2508 sic
539 2468 613 2508 addit
629 2475 636 2506 ς
653 2476 661 2492 ‹
677 2465 708 2508 ξι
721 2466 842 2508 ascendit
861 2466 938 2508 Elias
953 2467 979 2508 in
994 2465 1175 2508 commotione
1188 2466 1369 2508 quasilusque
1380 2465 1408 2494 iti
1421 2467 1531 2508 coelum,
1547 2467 1699 2508 elAEiisaeus

75 2503 240 2535 intuebatur,
251 2500 531 2537 etipse‘exclantavil.
545 2507 571 2529 et
581 2502 666 2529 dixit:
681 2501 769 2533 Pater,
781 2502 1009 2537 paterLagitatot:
1019 2500 1152 2537 Israelpet
1169 2508 1221 2527 non
1236 2501 1302 2527 vidit
1318 2500 1380 2528 eum
1394 2503 1521 2536 amplius.
1540 2513 1549 2529 ι
1564 2503 1698 2536 Quoniam

74 2545 139 2571 ergo
154 2537 231 2576 vidit,
246 2535 386 2576 propterea
406 2538 536 2576 requievit
552 2538 743 2576 s_piritus._non
758 2535 929 2576 animaﬁliie
947 2537 973 2563 in
990 2535 1097 2576 Eiisin.
1118 2536 1183 2576 Item
1198 2539 1343 2576 postquam
1361 2546 1370 2562 ‹
1383 2535 1523 2576 percussit
1537 2535 1622 2576 aquas
1637 2538 1700 2565 Jor-

73 2570 152 2599 danis
170 2570 330 2604 Elisaa'us,'et
342 2572 433 2599 scissa:
443 2570 512 2600 'sunt
525 2570 586 2599 inde
597 2577 624 2611 et
634 2570 1016 2611 _indc,nt.ran_siit_‘l_3.liszeus,_et
1029 2571 1154 2611 viderunt
1171 2578 1233 2611 eum
1254 2570 1504 2611 tiliipropliegrum
1519 2570 1569 2608 qui
1581 2579 1659 2601 erant
1673 2575 1699 2611 in

72 2606 192 2639 Jericho,
205 2612 232 2635 et
253 2607 380 2635 dixerunt
394 2616 400 2634 :
416 2606 558 2642 Requievit
575 2607 687 2641 spiritus
706 2605 768 2632 Elite
785 2606 811 2632 in
830 2605 940 2634 Eliszeo.
964 2606 996 2633 Et
1017 2610 1148 2633 venerunt
1162 2606 1268 2633 obviam
1290 2607 1325 2639 ei,
1347 2605 1374 2634 et
1396 2605 1577 2636 adoraverunt
1593 2616 1655 2636 cum
1671 2610 1701 2637 in

61 2663 65 2681 ‘
110 2666 132 2682 ¹⁶
153 2664 273 2693 lThess.
289 2673 315 2696 ν.
334 2666 378 2694 25.
419 2666 440 2682 “
454 2665 522 2692 Dan.
538 2673 578 2696 Ill,
591 2664 635 2691 86.
675 2663 696 2679 ¹¹
709 2662 718 2689 1
731 2663 794 2691 Cor.
809 2671 865 2698 xw,
885 2664 932 2692 51.
969 2663 1038 2690 "1V
1049 2663 1115 2698 Reg.
1132 2663 1221 2698 |I,15.
1263 2662 1284 2679 “
1297 2662 1376 2690 Rom.
1396 2671 1456 2697 vm,
1478 2663 1521 2692 16.
1575 2665 1596 2682 ¹⁸
1612 2665 1699 2694 1Cor.

58 2710 104 2748 In,
129 2701 171 2728 11.
213 2701 234 2716 ⁸⁵
247 2700 280 2728 1V
297 2701 362 2737 Reg.
378 2709 407 2734 ll,
426 2701 470 2728 11.
510 2701 530 2716 ¹⁷
549 2700 614 2726 Luc.
628 2699 704 2733 I,15,
721 2699 766 2726 17.

910 2757 1032 2786 stituitur
1048 2765 1064 2784 e
1079 2757 1172 2784 codice
1185 2755 1327 2783 Vaticano.

945 2792 1000 2828 ((51)
1014 2791 1209 2828 fili-enormi).
1231 2791 1310 2818 Deest
1327 2791 1426 2826 pariter
1441 2792 1467 2819 in
1488 2792 1606 2821 editione
1621 2793 1693 2823 llue-
1716 2791 1722 2828 ξ

909 2827 956 2862 tii;
974 2827 1020 2856 sed
1036 2827 1176 2862 suppletur
1188 2834 1202 2853 e
1214 2827 1306 2854 codice
1321 2828 1480 2862 Angit-ano.

109 2757 164 2788 (59)
181 2759 235 2786 Kal
250 2759 404 2794 ἦνεύματα
414 2759 448 2785 δὲ
462 2756 631 2794 προφητῶν,
640 2762 691 2785 etc.
707 2756 772 2786 Vide
780 2756 855 2794 Orig.

73 2803 138 2826 tom.
158 2798 197 2818 vn
214 2795 242 2820 in
256 2793 337 2822 ιοαη.
350 2802 369 2826 ι,
388 2794 430 2826 19,
445 2794 489 2821 20.

108 2828 162 2864 (60)
183 2829 322 2857 Πλειονα.
346 2828 423 2858 Deest
441 2830 468 2858 in
483 2828 602 2857 editione
617 2827 723 2862 11uctii;
742 2829 789 2857 sed
817 2836 857 2856 re-
909 2827 956 2862 tii;
974 2827 1020 2856 sed
1036 2827 1176 2862 suppletur
1188 2834 1202 2853 e
1214 2827 1306 2854 codice
1321 2828 1480 2862 Angleano.
1719 2827 1725 2886 ll
