1870 3049
68 91 78 116 I
82 91 128 117 097

535 87 709 116 COMMENT.
734 88 766 115 IN
786 89 996 117 MATTIIAELM
1016 88 1135 117 TUMUS
1152 88 1220 116 XIII.

1614 94 1682 122 I093

67 149 196 184 στήσεται,
206 147 249 174 ἵνα
259 148 462 174 ἀποκαταστᾶσι
473 146 540 182 (64),
553 148 598 173 καὶ
608 148 639 174 ὲκ
653 148 704 182 τῆς
711 148 828 175 ἁποκατσ

925 156 979 175 tem
995 148 1116 183 profecto
1138 153 1248 183 propter
1273 148 1365 182 glow-ire
1389 149 1600 183 magnitudinem
1628 159 1680 180 non

67 194 180 224 στάσεως
193 193 349 227 γενομένοις
367 194 529 228 χωρητικοῖς
551 193 601 227 τῆς
618 193 696 229 δόξης
716 194 763 220 τοῦ
782 195 848 229 Χρι-

67 238 143 270 στοῦ,
165 238 321 273 ὲπιδημήσῃ
344 238 357 264 ὁ
380 239 409 264 ἐν
425 238 487 272 δόξῃ
503 237 688 273 ὸφθησόμενος
710 239 776 271 Υἱὸς
799 239 846 266 τοῦ

66 284 137 311 Θεοῦ.
151 285 181 311 Εἰ
193 284 221 311 δὲ
233 285 279 310 καὶ
290 284 367 318 λόγος
378 284 420 315 τίς
431 285 502 310 ἐστιν
513 285 527 310 ὁ
544 284 645 316 Ἠλίας,
655 285 847 322 ὑποδεέστερος

65 331 138 364 λόγου
153 329 199 356 τοῦ
221 330 249 356 ἐν
271 330 341 365 ἀρχῇ
366 331 433 366 πρδς
450 331 495 357 τὸν
517 331 582 357 Θεὸν
598 331 665 357 Θεοῦ
682 332 784 366 Λόγου,
801 334 847 360 καὶ

65 374 135 408 οὗτος
149 376 180 402 ἂν
200 376 307 402 δύναιτο
327 376 446 411 ὡσπερεὶ
463 377 666 412 προγύμνασμα
686 378 740 412 (65)
755 379 847 414 ἐπιδη-

67 421 122 455 μεῖν
135 420 174 455 τῷ
195 421 397 456 ἑτοιμαζομένῳ
412 421 469 456 λαῷ
486 422 531 447 ὑπ’
547 422 629 449 αὐτοῦ
640 442 647 454 ,
672 423 715 449 ἵνα
735 424 847 458 γένηται

65 467 308 502 κατεσκευασμένος
329 467 397 503 πρὸς
420 467 552 503 ὑποδοχὴν
565 468 612 495 τοῦ
629 469 732 495 τελείου
748 470 845 503 Λόγου.

70 513 210 547 ’Λπορήσει
225 512 247 538 δ’
262 511 294 538 ἄν
309 521 349 544 τις
364 512 418 547 (66)
433 513 457 538 εἰ
472 513 503 539 τὺ
518 513 624 548 πνεῦμα
639 514 686 540 καὶ
700 515 716 549 ἡ
732 515 846 550 δύναμις

71 558 154 584 Ἡλίου
168 557 202 584 τὰ
218 558 246 584 ὲν
265 559 374 594 Ἰωάννῃ
395 557 522 591 πέπονθε,
541 559 587 584 καὶ
600 559 644 586 τόσ
664 569 673 584 ‹
701 560 846 595 Ἐποίησαν

65 603 90 628 ἐν
104 603 175 637 αὐτῷ
191 603 239 628 ὅσα
258 602 392 638 ἠθέλησαν
404 611 411 618 ·
433 613 441 629 ι
456 604 502 630 καὶ
523 605 590 639 πρὸς
614 604 693 630 τοῦτο
711 604 846 637 λελέξεται

65 647 240 683 ἁπλούστερον
256 648 315 682 μὲν,
333 648 374 674 ὅτι
397 648 473 675 οὐδὲν
485 649 594 681 ἄτοπον,
616 649 659 675 διὰ
672 649 720 684 τὴν
737 650 846 686 ἀγάπην

65 693 230 728 συμπάσχειν
253 693 288 720 τὰ
313 693 460 729 βοηθοῦντα
481 696 538 726 τοῖς
565 694 775 730 βοηθουμένοις·
800 697 846 723 καὶ

69 739 167 774 Ἰησοῦς
190 739 254 773 γοῦν
273 748 356 774 φησι·
381 748 391 765 ‹
411 739 460 766 Διὰ
479 739 542 771 τοὺς
573 740 751 772 ἀσθενοῦντας
778 741 845 776 (67)

62 784 203 818 ἠσθένουν,
224 784 271 810 καὶ
285 784 329 810 διὰ
344 785 405 816 τοὺς
421 784 568 816 πεινῶντας
591 786 705 812 ἐπείνων
717 806 724 817 ,
741 787 788 813 καὶ
803 786 846 813 διὰ

61 830 120 861 τοὺς
134 829 266 863 διψῶντας
276 829 372 864 ἐδίψων
385 838 391 845 ·
415 839 424 855 ι
444 829 591 866 βαθύτερον
603 830 641 861 δὲ,
656 831 696 857 ὅτι
707 831 756 857 οὐκ
769 831 845 866 εἴρη-

62 883 114 901 ται·
132 884 142 900 ‹
161 875 230 901 Ἀλλ’
248 875 376 910 ἐποίησαν
392 875 467 910 αὑτῷ
481 876 530 902 ὅσα
545 876 674 911 ὲϐέλησαν
686 877 714 902 ἐν
725 876 799 911 αὐτῷ
811 885 817 891 ·
834 886 843 902 ›

62 917 93 954 ἦν
109 919 162 956 γὰρ
180 920 399 956 ὲπερηρεισμένα
412 919 451 955 τῷ
474 920 607 956 πνεύματι
623 921 668 947 καὶ
687 923 719 956 τῇ
734 921 845 956 δυνάμει

68 965 151 991 Ἠλίου
165 966 200 992 τὰ
213 965 373 996 πεπονθότα,
385 966 401 1000 ἡ
415 965 486 1001 ψυχὴ
504 967 623 993 Ἰωάννου
639 967 764 1002 οὐδαμῶς
779 966 846 994 οὖσα

67 1011 154 1043 Ἠλίας
167 1019 174 1026 ·
193 1011 262 1046 τάχα
278 1011 306 1037 δὲ
325 1011 372 1038 καὶ
387 1011 419 1037 τὸ
440 1012 533 1046 σῶμα·
550 1013 608 1038 κατ’
625 1012 704 1039 ἄλλον
718 1011 772 1047 γὰρ
787 1013 847 1048 τρό-

61 1064 107 1081 πον
122 1057 150 1082 ἐν
169 1055 275 1091 σώματι
291 1055 374 1091 ψυχὴ,
384 1056 429 1082 καὶ
442 1056 560 1091 πνεῦμα,
578 1058 625 1083 καὶ
641 1057 753 1092 δύναμις
763 1066 769 1073 '
785 1060 845 1085 κατ’

60 1101 134 1128 ἄλλον
155 1102 184 1129 δὲ
204 1102 233 1128 τὸ
251 1102 330 1137 σῶμα
354 1102 400 1128 τοῦ
425 1102 529 1129 δικαίου
551 1103 580 1129 ἐν
605 1105 660 1134 τοῖς
683 1104 844 1138 κρείττοσιν,

60 1147 148 1182 ὥσπερ
160 1148 356 1183 ἐρηρεισμένον
375 1148 465 1179 αὐτοῖς
478 1169 484 1179 ,
503 1149 550 1175 καὶ
568 1148 657 1175 αὐτῶν
679 1149 844 1184 ἠρτημένον.

63 1202 70 1216 ι
94 1193 124 1218 Ui
145 1193 173 1219 δὲ
194 1194 223 1219 ἐν
242 1194 324 1228 σαρκὶ
350 1193 426 1225 ὄντες
451 1193 510 1228 Θεῷ
534 1194 631 1229 ἀρέσαι
656 1194 686 1220 οὐ
708 1195 844 1222 δύνανται.

65 1237 155 1273 Ὑμεῖς
168 1238 198 1264 δὲ
215 1239 265 1265 οὐκ
277 1239 338 1265 ἐστὲ
361 1239 389 1265 ἐν
405 1239 496 1274 σαρκὶ,
514 1239 570 1265 ἀλλ’
592 1240 622 1266 ἐν
638 1239 773 1275 πνεύματι
785 1261 792 1273 ,
808 1240 846 1266 εἴ·

59 1291 108 1318 περ
123 1284 237 1319 Πνεῦμα
254 1284 320 1311 Θεοῦ
344 1285 413 1311 οἰκεῖ
435 1286 462 1311 ἐν
479 1286 558 1321 ὑμῖν·
582 1295 591 1311 ι
605 1286 621 1321 ἡ
643 1286 698 1322 γὰρ
714 1285 786 1322 ψυχὴ
798 1286 845 1313 τοῦ

59 1329 104 1362 μὲν
125 1329 287 1364 ἁμαρτω)λοῦ
307 1329 337 1356 ὲν
356 1329 437 1365 σαρκί
458 1330 515 1356 ἐστι
528 1351 535 1363 ,
561 1330 608 1356 τοῦ
637 1330 665 1356 δὲ
688 1330 792 1357 δικαίου
816 1331 845 1357 ἐν

58 1373 201 1409 πνεύματι.
216 1374 276 1400 Ἔτι
288 1374 316 1400 δὲ
331 1375 378 1401 καὶ
390 1374 461 1401 τοῦτ’
475 1374 507 1401 ἂν
519 1375 658 1410 ζητηοείη,
671 1375 701 1401 τό
712 1382 720 1390 ·
741 1384 750 1400 ι
774 1375 844 1401 Ἀλλ’

57 1419 185 1454 ἐποίησαν
196 1421 225 1446 ἐν
236 1420 309 1455 αὐτῷ
322 1421 371 1447 ὅσα
383 1420 527 1455 ἠθέλησαν,
548 1429 557 1445 ι
574 1421 619 1446 ἐπὶ
636 1420 696 1446 τίνα
712 1421 845 1457 ἀναφέρε-

55 1473 116 1498 ut;
131 1465 188 1502 ἆρα
202 1466 256 1502 γὰρ
269 1467 314 1493 ἐπὶ
330 1467 392 1498 τοὺς
408 1467 599 1507 Γραμματείς;
614 1467 677 1502 περὶ
694 1463 730 1493 ὧν
745 1467 845 1494 πυνοα-
858 1481 878 1508 c

57 1511 159 1546 νόμενοι
174 1513 199 1539 oi
214 1512 333 1548 μαθηταὶ
347 1513 439 1547 ἔλεγον
452 1520 460 1528 ο
482 1522 491 1537 t
512 1513 544 1539 Τι
564 1511 611 1539 οὖν
628 1514 652 1539 οἱ
666 1513 843 1548 Γραμματεῖς

56 1557 193 1591 λέγουσιν,
211 1559 253 1585 ὅτι.
274 1559 367 1585 Ἠλίαν
389 1559 430 1585 δεῖ
448 1559 534 1585 ἐλθεῖν
555 1559 661 1594 πρῶτον
678 1568 685 1591 ;
709 1569 716 1584 ι
741 1559 797 1586 ἀλλ’
814 1560 843 1586 οὐ

57 1603 122 1630 πάνυ
141 1613 168 1630 τι
189 1604 313 1639 φαίνεται
336 1604 387 1632 ὑπὸ
406 1605 460 1632 τῶν
481 1605 669 1640 Γραμματέων
682 1606 845 1633 πεπονθέναι

55 1657 79 1674 τι
96 1649 232 1685 Ἰωάννης,
245 1652 268 1677 εἰ
280 1651 316 1686 μὴ
329 1651 382 1687 ἄρα
391 1652 431 1678 ὅτι
447 1651 497 1678 οὐκ
512 1651 675 1678 ἐπίστευσαν
692 1652 765 1686 αὐτῴ
777 1652 842 1687 (68),

55 1693 69 1728 ἦ
90 1694 145 1726 ὅτι,
173 1695 212 1727 ὡς
232 1696 278 1722 κα).
297 1696 424 1731 ἀνωτέρω
446 1695 577 1731 εἴπομεν,
606 1696 735 1722 συναίτιοι
761 1697 841 1730 γεγό-

54 1748 112 1765 νασι
130 1740 186 1775 (69)
204 1742 260 1772 τοῖς
278 1741 488 1777 τετολμημένοις
504 1743 563 1768 κατ’
581 1741 663 1768 αὐτοῦ
682 1742 733 1768 ὑπὸ
759 1742 842 1776 Ἡρώ-

53 1784 106 1811 δου.
126 1786 223 1818 Ἀλλος
234 1787 256 1812 δ’
269 1786 301 1813 ἂν
317 1786 405 1818 εἴποι,
420 1788 461 1813 ὅτι
477 1787 521 1813 τό·
542 1797 550 1813 ι
575 1787 643 1814 Ἀλλ’
665 1787 794 1823 ἐποίησαν
812 1788 840 1813 ἐν

53 1830 125 1866 αὖτῷ
138 1832 189 1858 ὅσα
205 1831 346 1867 ὲθέλησαν,
363 1842 371 1857 ι
385 1833 435 1858 οὐκ
448 1832 494 1858 ἐπὶ
506 1833 567 1863 τοὺς
585 1833 768 1868 Γραμματεῖς.
783 1832 841 1859 ἀλλ’

54 1877 97 1902 ἐπὶ
109 1877 158 1912 τὴν
178 1878 338 1913 Ἡρωδιάδα,
355 1878 400 1905 καὶ
411 1878 459 1913 τὴν
478 1878 612 1914 Θυγατέρα
627 1879 721 1913 αὐτῆς,
737 1879 783 1905 καὶ
796 1880 841 1905 τὸν

58 1919 180 1957 Ἡρώδην
204 1923 385 1958 ἀναφέρεται,
414 1932 422 1947 ι
445 1923 608 1958 ποιήσαντας
637 1924 665 1949 ἐν
694 1922 767 1958 αὐτῷ
791 1923 841 1948 ὅσα

899 196 1095 223 sustinuissent
1120 196 1165 229 qui
1192 193 1273 229 supra
1297 199 1397 221 terram
1420 195 1563 229 (legebant,
1583 197 1634 224 nisi
1650 199 1683 224 ah

898 241 955 268 Elia
972 240 1086 267 fuissent
1097 240 1250 274 prtuparati.
1271 239 1352 265 Eliam
1373 243 1461 266 autent
1479 240 1530 266 hoc
1543 240 1612 272 loco,
1628 249 1681 268 non

898 287 1016 314 animant
1036 286 1118 321 hujus
1135 286 1281 321 prophetm,
1300 285 1346 313 sed
1361 286 1487 320 spiritum
1501 287 1573 314 illius
1590 292 1616 315 et
1629 289 1683 315 \ir-

898 337 981 360 tutem
1001 334 1174 366 interpretor.
1194 331 1231 358 Ea
1248 332 1319 358 enim
1336 335 1399 358 sttnt
1416 331 1515 365 quibus
1531 333 1621 359 omnia
1640 340 1682 359 re-

898 379 1056 411 stituentur,
1071 383 1100 405 ut
1115 379 1147 404 iis
1161 377 1206 412 qui
1222 377 1339 404 restituti
1356 377 1456 404 fuerint
1468 396 1475 408 ,
1493 382 1520 404 et
1541 385 1573 404 ex
1591 386 1621 405 ea
1639 386 1682 405 re-

898 425 1039 450 stitutione
1065 424 1156 458 glori-.1),
1181 423 1281 449 Christi
1296 430 1411 457 capaces
1428 422 1491 450 facti
1509 423 1618 456 Inerint,
1636 424 1682 451 Dei

898 468 983 496 Filius
999 469 1025 495 in
1040 469 1124 503 gloria
1147 467 1281 494 videndus
1303 467 1438 494 adveniat.
1456 467 1484 494 Si
1502 473 1591 496 autem
1611 469 1683 497 Elias

898 515 1009 541 verbum
1024 514 1132 548 aliquod
1144 517 1185 540 est
1197 532 1203 543 ,
1218 520 1250 539 eo
1265 513 1346 539 verbo
1357 513 1470 540 inferius
1485 515 1556 548 quod
1570 515 1595 541 in
1608 516 1684 550 prin-

898 559 968 594 cipio
977 559 1094 586 Verbum
1104 563 1161 585 erat
1170 558 1240 592 apud
1250 557 1332 584 Deum
1343 558 1411 592 "‘9‘,
1421 559 1506 593 possit
1517 560 1580 587 illud
1591 560 1683 595 profe-

898 611 952 639 cto,
967 611 1096 640 tanquam
1108 605 1140 631 ad
1154 611 1201 631 eos
1213 603 1380 631 exercendos
1391 609 1417 630 et
1428 605 1681 638 eonsucfaciendos,

899 653 924 678 in
944 651 1043 686 populo
1061 659 1075 677 a
1091 658 1119 677 se
1135 654 1227 684 parato
1242 649 1356 682 versari,
1372 654 1402 676 ut
1416 651 1448 677 ad
1462 650 1579 678 Verbum
1595 652 1683 686 perfe-

898 701 970 723 ctum
985 695 1177 729 excipiendum
1195 694 1354 720 instruatur.
1374 693 1512 722 Dubitabit
1527 700 1617 723 autem
1631 697 1682 723 ali—

897 740 959 775 quis
975 747 1009 766 an
1024 739 1136 774 spiritus
1149 742 1176 765 et
1192 737 1277 764 virtus
1292 736 1357 764 Elite
1369 745 1429 772 qum
1440 739 1465 765 in
1480 737 1583 766 Joanne
1594 746 1681 773 erant,

898 785 999 819 aliquid
1015 791 1143 818 perpessa
1161 783 1226 814 sint,
1239 782 1316 816 juxta
1335 783 1401 810 illud
1414 785 1436 800 θ’
1453 793 1459 809 ;
1478 794 1486 809 ι
1506 783 1640 812 Fecerunt
1654 787 1680 812 in

898 831 977 866 573
991 837 1024 857 eo
1041 836 1209 864 quatcunque
1227 829 1388 861 voluerunt;
1407 838 1416 854 ι
1432 837 1464 856 ac
1480 830 1512 856 ad
1528 830 1554 856 id
1578 831 1682 866 simpli-

897 877 964 903 citer
977 876 1085 911 quidem
1102 873 1309 909 respondebitur
1323 882 1338 901 a
1354 874 1458 901 ratione
1469 883 1521 902 non
1535 876 1682 904 abhorrere

896 929 928 948 ea
944 930 1005 956 quae
1027 922 1157 948 auxilium
1173 920 1303 954 praebent,
1320 925 1429 954 propter
1442 921 1611 952 charitatem,
1634 929 1682 949 co-

897 976 956 995 rum
972 976 1032 1002 qum
1053 968 1217 1002 adjuvantur
1233 969 1312 996 malis
1327 967 1412 1000 aiiici;
1431 967 1468 994 ait
1488 967 1620 999 siquidem
1637 967 1683 994 Jc-

898 1021 945 1041 sus
963 1014 986 1029 "
998 1023 1003 1040 :
1016 1023 1024 1038 ι
1038 1012 1150 1048 Propter
1167 1014 1298 1045 inﬁrmos,
1319 1013 1445 1040 inﬁrmus
1461 1013 1498 1040 fui
1509 1034 1516 1046 ,
1532 1018 1558 1040 et
1573 1017 1682 1047 propter

896 1056 1058 1087 esurientes,
1076 1056 1176 1088 esurii;
1206 1063 1232 1084 et
1264 1062 1373 1092 propter
1393 1057 1529 1088 sitientes,
1553 1057 1606 1084 silii
1638 1067 1645 1086 :
1667 1067 1678 1084 ι

897 1102 1105 1136 respondebitur
1128 1110 1193 1130 vero
1220 1103 1374 1130 accuratius
1393 1103 1494 1130 dictum
1520 1111 1573 1130 non
1595 1111 1655 1130 esse
1673 1113 1679 1131 :

900 1157 908 1171 ι
929 1147 980 1175 Sed
1003 1148 1124 1175 fecerunt
1152 1149 1175 1176 ei
1199 1156 1369 1183 quaecunque
1390 1149 1533 1175 voluerunt
1555 1149 1580 1175 iu
1605 1157 1652 1182 eo;
1669 1158 1677 1174 ι

896 1202 926 1221 ea
943 1194 1014 1221 enim
1030 1202 1090 1228 qua:
1114 1195 1185 1221 mala
1212 1194 1371 1224 tolerabant.
1403 1194 1508 1228 spiritui
1535 1199 1562 1221 et
1588 1195 1679 1221 virtuti

897 1238 960 1265 Elite
983 1239 1075 1265 innixa
1096 1244 1192 1271 erant;
1217 1238 1328 1265 Joannis
1355 1238 1484 1265 nimirum
1506 1240 1594 1266 anima
1621 1247 1680 1273 quae

896 1284 969 1311 Elias
1000 1291 1054 1310 non
1087 1281 1163 1316 erat;
1192 1284 1307 1310 fortasse
1334 1292 1398 1311 vero
1422 1289 1448 1311 et
1468 1292 1584 1319 corpus;
1603 1285 1681 1311 aliter

895 1329 967 1355 enim
982 1329 1008 1356 in
1025 1336 1137 1362 corpore
1151 1329 1241 1356 anima
1257 1334 1307 1361 est,
1325 1333 1352 1356 et
1375 1329 1495 1364 spiritus,
1522 1334 1549 1356 et
1576 1330 1679 1361 virtus;

896 1375 973 1401 aliter
987 1382 1051 1401 vero
1068 1374 1134 1409 justi
1149 1382 1247 1409 corpus
1260 1375 1286 1401 in
1300 1375 1468 1406 melioribus,
1484 1375 1563 1410 quasi
1579 1375 1620 1402 his
1636 1375 1678 1402 in-

896 1421 1000 1451 nixum,
1013 1420 1048 1446 ab
1061 1420 1148 1454 iisque
1171 1420 1290 1454 pendens
1307 1428 1313 1445 :
1329 1429 1337 1445 t
1364 1419 1415 1452 Qui
1438 1425 1528 1446 autem
1553 1420 1579 1446 in
1598 1427 1680 1447 carne

896 1469 968 1498 sunt,
989 1465 1041 1492 Deo
1058 1466 1164 1500 placere
1177 1474 1228 1492 non
1244 1469 1367 1500 possunt.
1387 1465 1440 1492 Vos
1452 1471 1540 1492 autem
1555 1466 1581 1492 in
1598 1473 1679 1492 carne

896 1520 948 1539 non
961 1513 1038 1545 estis,
1050 1513 1097 1540 sed
1116 1514 1140 1538 in
1157 1512 1252 1547 spiritu
1269 1522 1276 1539 :
1290 1512 1312 1539 si
1327 1517 1415 1539 tamen
1432 1512 1548 1546 Spiritus
1567 1511 1613 1538 Dei
1632 1513 1680 1538 ha-

895 1558 961 1585 bitat
977 1558 1003 1584 iu
1020 1557 1096 1585 vobis
1114 1557 1146 1583 9’.
1167 1567 1176 1583 ›
1197 1557 1350 1585 Peccatoris
1366 1558 1437 1584 enim
1453 1558 1542 1585 anima
1558 1558 1584 1585 in
1599 1565 1680 1585 carne

894 1604 1034 1639 cst;justi
1049 1608 1150 1634 autem,
1168 1603 1195 1629 in
1220 1603 1327 1637 spiritu.
1358 1602 1427 1636 Quin
1453 1606 1480 1630 et
1506 1603 1571 1630 illud
1596 1604 1680 1637 quaeri

894 1654 991 1684 potest,
1008 1649 1040 1676 ad
1055 1655 1200 1683 quemnam
1220 1647 1245 1674 id
1265 1648 1418 1682 pertineat:
1448 1657 1457 1672 ‹
1483 1646 1535 1674 Sed
1560 1647 1680 1674 fecerunt

895 1696 922 1722 in
940 1703 972 1721 eo
987 1701 1156 1728 quzecunque
1179 1694 1338 1725 voluerunt;
1363 1702 1371 1718 ι
1390 1701 1423 1720 an
1450 1693 1482 1720 ad
1500 1692 1621 1725 Scribas,
1646 1694 1680 1719 de

895 1741 995 1775 quibus
1019 1738 1144 1773 discipuli
1163 1738 1330 1772 inquirentes
1356 1738 1481 1765 dicebant
1501 1738 1546 1765 9‘:
1573 1748 1582 1763 ι
1609 1739 1679 1771 Quid

894 1794 958 1821 ergo
977 1785 1079 1812 Scriba:
1094 1784 1198 1816 dicunt,
1219 1783 1290 1817 quod
1309 1783 1393 1809 Eliam
1416 1788 1539 1818 oporteat
1561 1785 1678 1818 primum

894 1830 1006 1858 venire?
1027 1839 1035 1854 ι
1056 1828 1107 1855 Sed
1123 1835 1176 1854 non
1192 1827 1277 1853 tnttlta
1294 1826 1389 1853 Joanni
1411 1827 1533 1853 videntur
1548 1835 1562 1853 a
1576 1826 1678 1854 Scribis

895 1876 995 1904 inﬂicta
1010 1875 1089 1904 mala.
1113 1873 1166 1900 nisi
1182 1873 1298 1900 fortasse
1312 1872 1383 1906 quod
1407 1872 1485 1898 Iidem
1506 1872 1530 1898 ei
1550 1880 1604 1898 non
1628 1872 1679 1898 ha-

895 1922 1027 1952 buerunt;
1042 1919 1083 1946 vel
1099 1918 1180 1945 etiam
1194 1918 1277 1951 quod,
1295 1917 1331 1943 ita
1349 1920 1403 1943 uta
1426 1916 1504 1943 nobis
1529 1924 1614 1951 supra
1638 1916 1678 1943 di-

652 1970 740 1998 VETU
747 1971 765 1997 S
786 1967 1074 1996 INTERPRETATIO.

53 2023 112 2043 mus
129 2025 136 2042 :
155 2025 164 2041 ‹
181 2016 216 2043 Et
232 2016 254 2043 si
269 2017 351 2044 vultis
367 2017 517 2051 suscipere,
532 2016 588 2051 ipse
607 2021 648 2043 est
662 2016 735 2043 Elias
752 2016 799 2049 qui
814 2020 944 2042 venturus
958 2019 1010 2051 est.
1029 2014 1079 2046 Qui
1091 2012 1173 2051 habet
1189 2019 1268 2038 aures
1282 2010 1418 2051 audiendi,
1435 2010 1537 2051 audiat.
1555 2010 1587 2037 Et
1603 2009 1674 2051 iece-

53 2055 114 2086 runt
137 2052 162 2077 ei
186 2056 289 2086 quanta
312 2050 464 2079 voluerunt.
486 2061 495 2077 ›
511 2050 606 2078 Adhuc
620 2055 710 2077 autem
728 2050 960 2086 videamusﬂquod
975 2050 1012 2075 ait
1035 2058 1040 2075 :
1063 2058 1072 2073 «
1092 2050 1124 2074 Et
1147 2050 1269 2086 fecerunt
1295 2050 1319 2086 ei
1345 2054 1379 2086 qu

422 2091 513 2113 utrum
547 2087 578 2112 ad
613 2085 723 2112 Scribas
755 2086 788 2112 de
826 2080 925 2119 quibus
955 2085 1158 2119 interrOgautes
1188 2080 1323 2119 (_l_is_cipn_li_
1343 2080 1484 2119 “dicebant
1515 2089 1521 2106 :

53 2085 83 2111 ad
114 2093 197 2120 quem
240 2086 357 2113 refertur
383 2095 389 2112 :

1063 2058 1072 2073 «
1091 2047 1124 2074 Ει
1147 2047 1269 2074 fecerunt
1295 2046 1319 2072 ei
1345 2051 1446 2079 quanta
1473 2045 1636 2077 voluerunt,
1666 2055 1675 2070 ι

1560 2089 1569 2106 ε
1606 2079 1676 2112 Quid

52 2114 227 2157 ergo'dicunt
238 2120 357 2157 Scribze?
375 2130 386 2157 ξ
404 2121 455 2147 Sed
473 2128 525 2147 non
545 2120 697 2157 invenimus
715 2119 816 2157 aliquid
835 2114 944 2157 passum
959 2114 1093 2157 Joannem
1110 2114 1420 2157 a_S_cribis,’nisi_forte,
1433 2115 1579 2157 lquia‘non'
1589 2114 1677 2157 credi—

53 2149 149 2182 derunt
171 2156 207 2182 ei.
229 2156 284 2182 Aut
302 2156 353 2183 nisi
376 2155 457 2187 ἴοι-ιο,
480 2156 551 2189 quod
569 2155 694 2190 superius
712 2149 842 2184 diximus;
865 2154 932 2180 socii
957 2153 1064 2179 fuerant
1078 2151 1139 2178 facti
1156 2151 1309 2190 inﬁiisuquaa
1325 2150 1416 2190 intulit
1432 2149 1552 2190 Herodes
1566 2149 1674 2190 Joanni.

53 2189 127 2217 Alius
144 2196 238 2217 autem
252 2190 327 2222 dicit,
343 2191 414 2225 quod
432 2184 471 2217 ait
489 2184 495 2216 ξ
513 2199 522 2215 ‹
540 2190 570 2216 Et
585 2184 706 2216 fecerunt
718 2189 742 2225 ei
758 2194 858 2223 quanta
871 2190 1025 2225 voluerunt.
1042 2196 1051 2225 ξ
1066 2194 1119 2212 ιιοη
1133 2186 1165 2212 ad
1173 2184 1412 2225 ﬁerihashreferri,
1428 2185 1516 2224 sedad
1533 2184 1676 2225 Ilerodetn,

52 2229 76 2250 et
92 2225 124 2251 ad
142 2219 336 2257 Ilerodiadem,
352 2219 384 2252 'et
397 2225 479 2252 tiliam
497 2225 556 2259 ejus
571 2234 576 2251 :
591 2229 701 2258 propter
717 2219 773 2251 hoc'
785 2228 874 2250 autem
889 2223 960 2257 quod
977 2221 1099 2255 sequitur
1115 2228 1123 2248 :
1144 2229 1153 2246 ‹
1173 2219 1218 2246 Sic
1237 2224 1264 2246 et
1277 2219 1362 2246 Filius
1383 2219 1501 2246 hominis
1513 2220 1628 2253 patietur
1643 2219 1678 2246 ah

86 2293 141 2313 "—5‘
157 2295 236 2321 Joan.
254 2304 271 2327 t,
290 2297 314 2322 I.

353 2297 374 2312 ⁹¹
391 2297 483 2323 Matth.
501 2304 567 2326 xvn,
587 2298 629 2324 I2.
669 2294 692 2309 "
707 2294 784 2322 Ilom.
803 2304 861 2328 vtu,
880 2295 907 2329 S,
922 2296 949 2323 9.
987 2296 1010 2312 ’δ
1022 2295 1117 2322 Matth.
1135 2304 1201 2327 xvtt,
1217 2295 1257 2322 I0.

88 2367 146 2402 (64)
165 2368 230 2394 Ἵνα
242 2367 480 2394 ἀποκαταστᾶσι.
496 2367 533 2393 Ita
562 2375 628 2394 mss.
654 2367 687 2393 Η.
710 2372 736 2394 et
753 2367 796 2397 Β..
813 2368 828 2394 It

925 2367 1020 2399 ιῠντας
1031 2378 1040 2394 ι
1057 2371 1109 2393 etc.
1128 2367 1196 2393 Cum
1210 2365 1268 2392 haec
1292 2364 1316 2402 in
1337 2364 1402 2402 Novi
1419 2364 1679 2402 Testamentihbris

54 2407 115 2430 est;
134 2413 143 2428 ι
171 2402 205 2428 iis
221 2403 266 2436 qui
284 2403 400 2429 restituti
416 2402 516 2429 fuerint
534 2409 540 2427 :
560 2411 568 2426 ι
588 2402 624 2428 ita
643 2401 705 2429 infr.
722 2403 749 2428 in
769 2402 841 2429 Mat-

55 2439 162 2469 tha’um,
179 2445 238 2468 xu,
250 2437 300 2463 29:
314 2437 345 2463 Et
358 2437 386 2463 δὲ
395 2436 505 2462 δύνασαι
518 2437 611 2471 νοῆσαι
625 2437 669 2463 τὸν
679 2436 762 2471 Λόγον
777 2439 844 2464 ἀπο.

52 2472 226 2513 δισταστάντα
245 2471 293 2506 μὲν
305 2471 374 2532 μετὰ
390 2471 421 2497 τὸ
431 2471 570 2513 γεγονέναι
583 2472 663 2498 αὑτὸν
683 2472 782 2506 σάρκα,
798 2473 844 2498 καὶ

53 2506 293 2538 αποκαταστάντα,
319 2515 352 2532 να
366 2506 476 2541 γένηται
488 2505 580 2541 ὁποιος
594 2504 628 2541 ἦν
643 2507 671 2533 ὲν
689 2507 758 2541 ἀρχῇ
777 2507 844 2541 πρὸς

53 2514 293 2538 αποκατασταντα,
310 2514 352 2532 ινα
366 2514 476 2541 γενηται
488 2514 580 2536 οποιος
594 2514 628 2541 ην
643 2514 671 2533 εν
689 2514 758 2542 αρχῃ
777 2514 844 2542 προς

52 2541 96 2567 τὴν
105 2541 183 2572 Θεόν,
202 2541 254 2568 hoc
268 2545 319 2572 est,
332 2551 341 2566 ‹
353 2541 519 2568 restitutum.
533 2550 541 2566 ι
560 2540 638 2573 Quod
654 2541 756 2568 idcirco
771 2549 786 2568 a
800 2550 843 2568 tne

53 2581 173 2608 notatur,
197 2576 261 2610 quia
285 2576 400 2602 activam
421 2576 508 2603 solum
526 2577 608 2611 verbo
633 2576 694 2603 |-.uic
709 2576 843 2611 significa-

52 2612 152 2638 tionem
168 2609 355 2645 leiicographi
373 2610 506 2637 tribuunt.
525 2609 657 2645 Huartus.

84 2647 141 2680 (65)
164 2644 314 2678 Ὠσπερει
328 2646 557 2680 προγύμνασμα.
585 2644 696 2672 Videtur
721 2646 838 2680 positum

51 2688 98 2714 pro
112 2681 341 2715 προγυμναστής.
356 2681 394 2707 ID.

85 2713 140 2750 (66)
166 2713 367 2750 Ἁπὲορήσέιῗΰ
383 2715 421 2741 ἄν
433 2723 488 2747 τις.
499 2714 568 2741 Cod.
580 2713 680 2750 Vatia,
696 2716 841 2750 ᾀποχωρή-

50 2758 103 2776 an:
119 2750 189 2777 δ’ἄν
206 2758 257 2781 τις.
275 2765 310 2769 -——
326 2749 385 2776 Liu.
406 2757 462 2784 seq.
482 2750 540 2783 lege
556 2749 627 2775 κατὰ
643 2749 680 2776 τό.
700 2749 778 2777 Ευιτ.

84 2785 142 2821 (67)
164 2784 223 2811 Καὶ
252 2784 367 2818 Ἰησοῦς
382 2784 457 2818 γοῦν
471 2792 546 2818 φησι
559 2784 641 2810 ἰΔιὰ
660 2785 730 2817 τοὺς
753 2785 841 2812 ἀσθε-

193 2832 330 2860 ΡΑτιιοι.
347 2832 405 2861 Gn.
421 2831 504 2861 XIII.

893 2410 947 2429 non
963 2402 1124 2432 habeantur,
1141 2409 1173 2427 ex
1190 2401 1345 2435 apocrypho
1363 2400 1455 2433 aliquo
1475 2400 1614 2434 evangelio
1630 2401 1679 2428 de-

913 2442 1016 2471 rompta
1032 2444 1091 2463 esse
1102 2434 1376 2471 jttdicatnus.'qualia
1393 2435 1476 2460 multa
1499 2435 1678 2471 circumfere-

913 2445 1016 2471 rompla
1032 2445 1091 2463 L‘SSC
1102 2445 1269 2470 JIHIICaInlIS.
1286 2445 1376 2468 qualia
1393 2445 1476 2460 IIIIIIHI
1501 2445 1676 2462 υιΓρυιιιιει-θ-

892 2445 991 2498 bantur
1011 2472 1095 2503 olim,
1120 2475 1150 2497 ut
1174 2478 1206 2496 ex
1231 2469 1330 2497 Gelasii
1357 2470 1464 2496 decreto
1489 2469 1594 2496 discere
1619 2474 1676 2501 est.

893 2506 971 2534 Deer.
995 2511 1064 2540 part.
1082 2514 1108 2537 t,
1127 2505 1248 2532 distinct.
1264 2504 1296 2531 15
1307 2525 1313 2536 ,
1329 2503 1410 2540 νείηθ
1428 2503 1494 2530 Novi
1511 2503 1677 2540 Testamenti

892 2539 1092 2575 exemplaribus
1108 2540 1249 2572 excidisse,
1264 2539 1337 2574 quod
1354 2539 1423 2565 alias
1433 2539 1514 2565 etiam
1531 2539 1678 2573 contigisse

892 2575 962 2602 infra
976 2575 1191 2602 observabimus.
1207 2575 1336 2601 IIUETIUS.

932 2610 987 2645 (68)
1006 2611 1041 2636 Et
1059 2610 1101 2644 μὴ
1123 2609 1180 2643 ἄρα
1196 2609 1310 2645 ὅτιούκ
1326 2609 1511 2645 ἐπίστευσαν
1526 2607 1616 2641 αὐτῷ.
1635 2607 1676 2645 Ita

895 2643 1034 2679 exernplar
1045 2645 1152 2679 aliquod
1168 2644 1296 2679 habuisse
1308 2645 1420 2671 scimus.
1435 2644 1533 2679 Matth.
1543 2652 1599 2670 xvtt
1609 2663 1616 2675 ,
1632 2643 1675 2670 II.

895 2677 982 2712 Vulgo
994 2677 1108 2714 legitur}
1125 2680 1172 2705 καὶ
1187 2679 1235 2704 οὐκ
1249 2677 1405 2714 ἐπέγνωσαν
1421 2679 1510 2714 αὐτόν.
1526 2678 1563 2706 In.

930 2715 984 2749 (69)
1005 2714 1153 2742 Συναιτιοι
1169 2714 1310 2749 γεγόνασι
1321 2733 1328 2744 ,
1343 2716 1368 2738 et
1386 2713 1456 2749 infra
1476 2714 1569 2741 eodem
1587 2721 1677 2749 num.,

893 2751 942 2776 καὶ
975 2750 1029 2784 γὰρ
1059 2749 1136 2775 ἔοικε
1158 2748 1326 2784 σύμψηφος
1351 2748 1518 2781 γεγονέναι,
1539 2754 1590 2776 etc.
1611 2748 1678 2777 Vide

895 2782 1087 2818 Hieronymum
1107 2784 1132 2809 in
1151 2782 1246 2808 Matth.

1498 2828 1538 2858 35
