1870 3049
170 114 235 140 1105

900 111 1061 142 ORIGENIS

1721 111 1784 137 ιιιιι

168 171 243 206 quasi
259 170 386 205 epilepsia
408 171 535 205 quadam,
552 178 582 198 ea
604 177 700 205 nempe
728 178 787 205 qua!
810 170 843 198 ab
869 170 951 197 animi

1040 169 1182 204 ιιζομένας
1198 169 1328 203 ὑγιαίνειν
1342 168 1370 195 ἐν
1387 166 1547 203 σωψροσύνῃ
1563 167 1610 194 καί
1622 168 1682 198 ταῖς
1698 167 1783 198 ἄλλαις

167 217 416 251 perturbationibus
426 218 521 249 oritur,
536 217 729 252 corripiuntur,
745 222 769 244 et
783 216 817 243 ab
830 224 863 244 eo
879 222 950 244 statu

166 263 306 295 decidunt,
315 270 370 297 quo
381 268 453 290 stare
464 263 634 295 videbantur,
646 267 673 289 et
685 270 749 296 erga
763 262 854 289 saeculi
870 262 950 295 hujus

167 308 303 335 fallaciam
325 308 497 342 reliquasque
514 308 673 343 cupiditates
689 309 842 342 rapiuntur.
864 308 954 335 Forsi-

169 357 215 380 tan
233 361 297 388 ergo
311 353 424 380 minime
441 353 621 386 aberraveris,
641 353 662 380 si
675 353 799 380 homines
816 353 950 387 ejusmodi

168 398 215 433 qui
243 405 257 424 a
282 406 290 423 ι
312 397 498 431 spiritualibus
520 397 646 431 nequitia
665 397 691 423 in
715 397 871 425 cmlestibus
895 398 917 413 ⁹³
940 408 948 423 ι

169 443 343 478 dejiciuntur,
362 443 469 478 spiritu,
492 448 520 469 ut
541 444 576 470 ita
607 443 706 475 dicam,
737 443 871 470 lunaticos
891 451 952 475 esse

169 491 255 522 dicas,
270 495 297 517 et
309 498 427 525 μετεωρο
442 490 511 517 male
528 497 557 516 se
573 490 682 522 habere,
698 498 752 524 quo
768 490 871 517 scilicet
886 495 952 517 tem-

169 544 234 571 pore
251 536 356 563 animos
374 537 478 562 illorum
501 536 719 570 perturbationes
740 541 766 563 et
778 536 890 564 allectus
908 537 951 563 in-

168 583 279 614 vadunt,
296 582 421 609 cadentes
431 590 626 616 nonnunquam
641 582 667 608 in
682 582 770 617 ignem
796 582 951 609 inﬂamma.

168 628 281 660 tionum,
298 628 419 662 quamlo,
432 629 508 660 juxta
522 636 552 654 ea
566 635 626 662 quae
643 628 669 654 in
683 627 751 655 Osee
768 628 901 655 habentur
917 629 950 660 ’9,

170 682 179 697 ‹
197 673 381 700 adulterantes
407 673 488 708 576
515 673 593 707 quasi
614 673 738 701 clibanus
765 681 913 702 succensus
936 681 951 701 a

167 721 275 745 tlamma
302 718 335 745 ad
361 719 511 745 c0ctionem
542 718 679 751 ambusti;
707 728 715 744 ι
748 719 895 753 aliquando
925 719 952 746 in

167 771 276 798 aquam,
292 763 402 798 quando
416 771 461 789 rex
477 763 598 789 omnium
613 763 659 796 qui
678 763 704 789 in
719 763 797 797 aquis
815 767 878 790 sunt
891 763 953 790 dra-

168 816 278 841 conum,
299 816 312 835 a
329 808 520 843 respirationis
535 808 659 835 libertate
673 815 726 842 qua
753 807 806 834 frui
824 808 953 835 videban—

1003 217 1122 252 ἀρεταῖς,
1139 212 1187 241 εἶτ’
1202 215 1259 241 ἐσθ’
1274 215 1317 240 ὅτε
1336 214 1456 249 ὡσπερεὶ
1474 213 1604 248 ἐπιληψίᾳ
1617 214 1672 239 τινὶ
1686 214 1720 248 τῇ
1737 213 1786 238 ἀπὸ

1002 261 1055 286 τῶν
1079 259 1171 286 παθῶν
1188 259 1404 294 λαμϐανομένοις,
1428 259 1475 285 καὶ
1491 258 1715 290 καταπιπτούσας
1737 258 1786 284 ἀπὺ

1002 305 1048 332 τοῦ
1068 305 1212 340 ὲστηκέναι
1231 305 1329 335 δοκεῖν,
1347 304 1393 330 καί
1408 304 1552 338 σπωμένας
1573 304 1637 340 περὶ
1656 304 1705 338 τὴν
1722 304 1787 329 ἀπά-

1002 361 1050 386 την
1071 351 1117 378 τοῦ
1142 350 1237 382 αἰῶνος
1256 350 1360 383 τούτου,
1382 349 1428 376 καὶ
1447 349 1495 380 τὰς
1516 348 1612 381 λοιπὰς
1632 348 1786 384 ἐπιθυμίας.

1004 396 1079 430 Τάχα
1093 395 1139 423 οὖν
1150 397 1199 423 οὐκ
1212 396 1243 423 ἂν
1254 395 1387 430 ἁμάρτοις
1399 394 1453 429 (76)
1469 394 1554 428 λέγων
1567 395 1630 425 τοὺς
1643 394 1785 425 τοιούτους,

1004 442 1035 468 ἵν’
1053 442 1138 474 οὕτως
1153 443 1233 473 εἴπω,
1256 441 1446 476 πνευματικῶς
1469 439 1685 475 σεληνιάζεσοαι,
1709 449 1787 466 κατα-

1004 487 1181 522 ϐαλλομένους
1196 487 1247 513 ὑπὸ
1268 497 1276 512 ι
1298 486 1351 513 τῶν
1367 488 1395 513 ἐν
1412 487 1467 517 τοῖς
1482 486 1653 520 ἐπουρανίοις
1669 493 1784 520 πνευμα-

1003 533 1084 559 τικῶν
1105 533 1155 567 τῆς
1179 533 1319 568 πονηρίας,
1343 542 1352 558 ι
1379 533 1426 558 καὶ
1450 531 1541 563 κακῶς
1569 531 1640 566 ἔχειν
1662 532 1787 563 πολλάκις

1004 578 1080 614 παρὰ
1100 578 1145 605 τὸν
1165 579 1259 614 καιρὸν
1280 578 1335 605 τῶν
1353 577 1613 612 ὲπιλαμὸανομένων
1634 577 1684 612 τῆς
1706 577 1789 612 ψυχῆς

1003 625 1092 651 αὐτῶν
1110 623 1221 650 παθῶν·
1244 624 1309 651 ποτὲ
1329 624 1376 658 μὲν
1394 624 1542 654 πίπτοντας
1561 622 1617 657 (77)
1636 624 1678 654 εἰς
1694 623 1723 649 τὸ
1737 623 1788 659 πῦρ

1003 670 1056 696 τῶν
1073 669 1231 705 πυρώσεων,
1248 670 1292 696 ὅτε
1315 669 1445 704 γίνονται,
1469 668 1538 695 κατὰ
1561 669 1594 695 τὰ
1614 668 1748 703 λεγόμενα
1762 670 1789 695 ἐν

1003 715 1041 749 τῷ
1062 715 1150 750 Ὠσηὲ,
1170 724 1179 740 (
1195 715 1219 741 οί
1239 715 1418 749 μοιχεύοντες,
1440 714 1477 745 ὡς
1501 714 1627 745 κλίὸανος
1650 714 1790 749 καιόμενος

1004 760 1043 791 εἰς
1056 759 1135 794 πέψιν
1154 760 1364 794 κατακαύματος
1381 759 1434 785 ἀπὸ
1449 759 1498 793 τῆς
1516 758 1629 792 φλογός·
1649 768 1659 784 ι
1682 758 1748 784 ποτὲ
1764 758 1790 784 δὲ

1004 805 1043 836 εἰς
1057 804 1138 839 ὕδωρ,
1153 805 1197 831 ὅτε
1217 806 1232 830 ὁ
1249 804 1374 838 βασιλεὺς
1398 804 1505 830 πάντων
1521 804 1574 830 τῶν
1591 805 1620 830 ἐν
1636 805 1694 835 τοῖς
1718 803 1791 830 ὕδασι

168 859 222 884 tur,
240 861 288 881 eos
314 853 341 880 in
365 853 530 888 profundum
560 853 689 880 ﬂuctuum
717 854 801 881 maris
827 854 951 881 humanm

1040 850 1156 877 ακόντων
1173 850 1334 877 καταὸἀλλει
1350 850 1447 891 αὐτοὺς
1461 849 1514 875 ἀπὸ
1529 849 1575 875 τοῦ
1594 849 1736 885 ἐλεύθερον
1749 849 1791 875 δο-

169 900 230 926 vllae
245 898 345 933 dejicit.
360 897 445 926 Nobis
457 903 546 925 autem
570 899 602 925 ad
618 906 677 925 eam
694 906 775 933 quam
799 906 881 933 super
912 899 953 926 lu-

169 944 259 971 natieo
273 944 438 978 protulimus
460 944 669 978 expositionem,
694 943 813 977 proderit
829 943 852 970 is
865 942 911 977 qui
927 943 952 968 in

170 988 308 1023 Sapientia
326 988 358 1014 de
371 988 437 1022 justi
454 988 562 1022 quidem
583 988 765 1023 aequabilitate
779 991 806 1014 et
825 991 954 1014 constant--

169 1035 206 1067 tia
221 1034 258 1060 ait
276 1034 283 1048 ¹
301 1042 307 1060 ;
325 1044 334 1058 ι
350 1033 476 1060 Narratio
491 1033 525 1067 pii
545 1041 652 1068 semper
666 1037 708 1060 est
725 1033 876 1068 sapientia;
896 1042 905 1058 ι
921 1032 954 1059 dc

169 1079 202 1105 iis
220 1083 309 1106 autem
327 1086 444 1113 quorum
465 1086 548 1112 supra
563 1078 738 1106 meminimus
762 1079 771 1094 '
787 1088 794 1105 :
816 1087 824 1102 ι
849 1077 953 1105 Stultus

169 1130 257 1152 autent
275 1125 344 1152 sicut
359 1124 423 1150 luna
442 1128 574 1151 mutatur.
605 1133 614 1149 ι
644 1123 683 1150 Ac
703 1124 730 1150 in
762 1123 821 1151 istis
845 1124 952 1158 quidem

168 1170 302 1204 ejusmodi
321 1170 438 1204 impetus
456 1174 550 1196 notare
561 1170 634 1201 licet,
657 1169 703 1204 qui
719 1169 753 1196 ab
777 1169 820 1196 his
836 1170 920 1196 etiam
939 1177 953 1196 a

169 1216 269 1250 quibus
281 1216 376 1243 levitas
393 1223 487 1242 eorum
508 1221 535 1242 et
557 1215 741 1242 inconstantia.
763 1215 952 1242 animadversa

169 1268 221 1287 non
241 1264 293 1293 est,
307 1259 401 1287 laudes
415 1264 577 1294 extorquere
597 1259 722 1294 possint;
737 1259 805 1286 adeo
826 1264 854 1285 ut
867 1258 954 1293 pleni-

169 1305 273 1332 lunium
289 1304 316 1331 in
332 1304 365 1331 iis
380 1311 451 1336 esse,
469 1304 510 1331 vel
533 1304 728 1338 propemodum
745 1307 817 1330 certe
839 1303 954 1337 plenilu-

168 1350 243 1376 nium
256 1349 441 1384 prouuntient.
458 1348 535 1381 Quod
561 1353 651 1381 autem
678 1348 704 1374 in
727 1349 760 1375 iis
782 1348 872 1375 lumen
894 1355 954 1376 esse

168 1395 257 1422 visum
275 1399 327 1426 est,
344 1398 371 1421 et
386 1394 479 1421 lumen
497 1398 658 1420 nocturnum
676 1398 727 1426 est,
744 1401 797 1420 non
813 1393 952 1426 diurnum,

169 1448 263 1468 rursus
279 1440 455 1467 imminutum
469 1447 578 1470 cernas,
591 1447 623 1467 eo
639 1447 725 1473 usque
735 1439 872 1472 deﬁciens,
888 1439 952 1465 dum

1005 897 1062 922 κεῖν
1078 897 1217 929 ἀναπνεῖν,
1233 897 1278 922 ἐπὶ
1292 896 1323 922 τὸ
1337 897 1376 927 εἰς
1388 896 1455 930 βάθη
1471 896 1526 922 τῶν
1538 896 1669 931 κυμάτων
1685 897 1732 931 τῆς
1745 896 1791 922 0a.-

1003 942 1104 976 λάσσης
1119 942 1196 977 ἥκειν
1215 941 1260 967 τοῦ
1280 941 1334 967 τῶν
1352 941 1501 976 ἀνθρώπων
1520 941 1589 976 βίου.
1612 941 1791 976 Συμϐαλείται

1004 987 1032 1013 δὲ
1050 988 1116 1022 ἡμῖν
1129 989 1162 1022 τῇ
1176 987 1286 1023 τοιαύτῃ
1303 987 1366 1021 περὶ
1386 986 1432 1013 τοῦ
1454 987 1680 1023 σεληνιαζομένου
1701 988 1791 1022 διηγή-

1005 1041 1045 1059 σει
1065 1035 1078 1060 ὁ
1099 1033 1183 1067 λέγων
1201 1034 1228 1059 ὲν
1248 1034 1281 1068 τῇ
1300 1033 1384 1068 Σοφία
1401 1034 1464 1068 περὶ
1491 1033 1540 1068 μὲν
1558 1034 1607 1068 τῆς
1623 1034 1670 1060 τοῦ
1690 1034 1791 1060 δικαίου

1004 1079 1169 1114 ὁμαλάτητος
1187 1087 1194 1094 ⁸
1222 1088 1231 1104 ι
1258 1079 1388 1114 Διήγησις
1412 1078 1540 1110 εὐσεϐοῦς
1563 1079 1606 1105 διὰ
1627 1081 1728 1111 παντὶς
1751 1088 1792 1105 σο-

1005 1125 1053 1159 φία
1064 1133 1070 1138 ·
1085 1134 1093 1150 ι
1107 1125 1170 1160 περὶ
1182 1124 1210 1150 δὲ
1225 1123 1277 1150 τῶν
1292 1123 1494 1157 ἀποδεδομένων
1507 1132 1513 1138 ·
1529 1133 1538 1148 ι
1550 1124 1579 1149 Ὀ
1593 1123 1622 1149 δὲ
1632 1124 1728 1159 ἄφρων
1739 1124 1791 1158 (78)

1005 1170 1042 1201 ὡς
1056 1169 1153 1204 σελήνη
1168 1168 1330 1195 ἀλλοιοῦται.
1352 1178 1360 1193 ι
1381 1169 1434 1194 Καὶ
1449 1168 1505 1195 ἐστι
1519 1169 1566 1195 καὶ
1581 1169 1610 1195 ὲν
1631 1171 1690 1202 τοῖς
1710 1170 1794 1196 τοιού-

1005 1223 1059 1246 τοις
1079 1215 1141 1241 ίδεῖν
1151 1214 1237 1250 ὁρμὰς
1254 1213 1424 1249 συναρπάσαι
1438 1214 1588 1250 δυναμένας
1601 1215 1671 1251 πρὸς
1687 1215 1794 1242 ἔπαινοι

1004 1260 1066 1292 τοὺς
1085 1260 1121 1295 μὴ
1144 1259 1306 1290 ἑπιστάντας
1328 1258 1417 1285 αὐτῶν
1439 1259 1477 1294 τῷ
1502 1260 1709 1296 ἁνερματίστῳ’
1725 1261 1793 1288 ὥστε

1005 1306 1090 1331 εἰπεῖν
1107 1305 1139 1331 ἂν
1161 1305 1242 1331 οἱονεὶ
1259 1305 1423 1340 πανσέληνον
1440 1304 1508 1331 εἶναι
1526 1306 1553 1331 ὲν
1576 1307 1679 1338 αὐτοῖς,
1694 1306 1711 1342 ἢ
1732 1306 1792 1341 παρ’

1004 1352 1092 1386 ὀλίγον
1109 1352 1282 1387 πανσέληνον.
1297 1352 1375 1383 Ἴδοις
1388 1352 1409 1377 δ’
1421 1352 1453 1378 ἂν
1467 1352 1546 1378 πάλιν
1560 1352 1727 1387 μιμούμενον
1740 1353 1793 1387 (79)

1004 1397 1034 1424 τὸ
1057 1397 1134 1430 δόξαν
1154 1396 1223 1424 εἶναι
1241 1399 1268 1423 ἐν
1293 1398 1382 1430 αὐτοῖς
1406 1398 1473 1432 φῶς,
1499 1398 1560 1433 οὐχὶ
1585 1399 1643 1432 φῶζ
1667 1400 1794 1434 ήμερινδη

1005 1444 1147 1479 τυγχάνον,
1174 1443 1241 1470 ἀλλὰ
1269 1444 1316 1470 καὶ
1344 1444 1401 1478 φῶς
1430 1444 1596 1479 νυκτερινὸν,
1627 1446 1676 1471 ἐπὶ
1701 1446 1793 1472 τοσοῦ-

168 1486 239 1521 quod
255 1486 398 1513 videbatur
412 1485 503 1512 lumen
522 1492 581 1512 esse
597 1485 623 1511 in
645 1485 688 1518 iis,
705 1485 778 1511 nullo
791 1485 871 1511 modo
891 1493 951 1512 con-

1040 1498 1048 1516 ν
1067 1490 1121 1524 (80)
1137 1489 1228 1524 λῆγον,
1242 1489 1293 1521 ἕως
1312 1489 1377 1525 μηδὲ
1391 1489 1484 1516 δοκοῦν
1502 1489 1558 1524 φῶς
1572 1487 1641 1516 εἶναι
1654 1490 1794 1517 ὲπιϐλεπό-

169 1533 309 1567 spiciatnr.
331 1532 372 1558 An
390 1536 480 1559 autem
501 1536 611 1566 propter
626 1531 678 1558 tale
695 1531 844 1566 quidpiam,
868 1531 952 1566 cpite-

168 1577 416 1613 psiamlunaticum
439 1578 564 1604 morbum
584 1577 778 1611 appellaverint
795 1585 890 1610 necne,
905 1578 952 1612 qui

169 1624 251 1651 rebus
274 1624 384 1650 nomina
400 1623 517 1658 primum
536 1623 734 1657 imposuerunt,
755 1623 810 1658 ipse
828 1624 951 1650 animad-

170 1673 269 1696 vertes.

203 1714 231 1741 5.
251 1713 332 1741 Pater
344 1718 434 1741 autem
457 1714 567 1741 lunatiei
589 1715 612 1742 is
635 1720 676 1742 est
701 1714 815 1743 fortasse
841 1716 953 1750 angelus

169 1760 212 1787 eui
225 1760 268 1788 ille
283 1760 379 1796 obtigit
393 1761 426 1795 (si
441 1761 520 1788 modo
534 1768 642 1788 onmem
667 1761 812 1789 humanam
834 1762 951 1789 animam

1008 1543 1087 1570 μενον
1104 1535 1133 1561 ὲν
1150 1535 1241 1566 αὐτοῖς
1257 1535 1376 1570 γένηται.
1392 1535 1422 1560 El
1436 1534 1464 1560 δὲ
1480 1535 1503 1560 οἱ
1519 1534 1622 1569 πρῶτοι
1639 1535 1748 1570 θέμενοι
1762 1536 1795 1562 τὰ

1006 1579 1123 1614 ὀνόματα
1145 1580 1201 1610 τοῖς
1225 1579 1366 1614 πράγμασι
1389 1578 1432 1604 διὰ
1456 1578 1574 1604 τοιοῦτόν
1598 1587 1624 1604 τι
1651 1578 1794 1613 ὠνόμασαν

1006 1625 1035 1652 τὸ
1051 1625 1100 1659 τῆς
1117 1624 1261 1659 ἐπιληψίας
1281 1623 1365 1655 πάθος
1384 1623 1572 1658 σεληνιασμδν,
1588 1623 1604 1658 ἦ
1619 1623 1669 1659 μὴ,
1688 1625 1734 1650 καὶ
1750 1624 1795 1650 αὑ-

1006 1671 1050 1702 τὸς
1069 1671 1233 1705 ἐπιστήσεις.

1042 1716 1136 1751 Πατὴρ
1158 1716 1211 1750 (81)
1232 1716 1260 1741 δὲ
1280 1715 1326 1741 τοῦ
1349 1715 1570 1750 σεληνιαζομὲνου
1591 1716 1661 1750 τάχα
1680 1717 1694 1742 ὁ
1708 1716 1795 1750 λαχὼν

1007 1762 1086 1789 αὑτὸν
1104 1762 1215 1796 ἄγγελος
1231 1761 1296 1796 (εἴτε
1312 1762 1400 1787 πᾶσαν
1417 1761 1525 1787 λεκτέον
1545 1761 1600 1795 (82)
1620 1761 1796 1797 ἀνθρωπίνην

767 1817 883 1846 VETUS
902 1818 1192 1846 INTERPRETATIU.

169 1873 240 1892 mus.
258 1863 305 1891 Est
316 1871 380 1899 ergo
394 1863 484 1898 passio
499 1864 556 1891 lucc
570 1864 684 1891 mutatio
701 1872 716 1891 a
731 1864 890 1891 melioribus
904 1864 936 1891 ad
955 1864 1100 1899 deteriora,
1117 1865 1179 1898 quia
1197 1864 1263 1891 nihil
1276 1863 1365 1891 diﬂ‘ert
1381 1872 1395 1890 ιι
1411 1864 1485 1892 sanis
1500 1864 1546 1898 qui
1569 1865 1674 1898 patitur
1689 1865 1752 1896 hoc,
1769 1865 1794 1891 in

168 1907 289 1934 tempore
302 1898 479 1934 quandoinon
497 1903 626 1933 operatur
640 1899 665 1925 in
679 1899 724 1925 illo
743 1899 798 1932 ipsa
818 1899 942 1926 mutatio.
961 1898 1044 1925 Tabet
1058 1904 1147 1926 autem
1168 1899 1276 1933 juvenis
1290 1899 1434 1926 inﬁrmitas
1458 1899 1555 1926 animm
1578 1900 1604 1925 in
1626 1899 1794 1933 quibusdam

168 1933 335 1964 hominibus,
351 1934 397 1968 qui
416 1933 572 1968 frequenter
585 1934 778 1960 existimantur
790 1934 847 1960 sani
860 1942 920 1960 esse
936 1934 961 1960 in
975 1934 1110 1966 castitate,
1128 1934 1167 1960 vel
1183 1934 1380 1965 misericordia,
1395 1939 1422 1960 ct
1439 1934 1528 1960 vivere
1542 1934 1696 1961 secundum
1713 1935 1795 1968 justi-

169 1970 212 1996 tize
227 1970 404 1995 voluntatem.
417 1969 570 2002 Aliquando
582 1973 672 1994 autem
687 1968 765 2002 quasi
781 1969 898 2001 quadam
915 1969 1085 2002 correptione
1102 1969 1213 2002 spiritus
1235 1976 1249 1994 a
1271 1968 1445 2002 passionibus
1469 1969 1755 2002 comprehenduntur,
1770 1975 1796 1995 et

168 2005 270 2031 cadunt
285 2003 318 2029 ab
335 2011 367 2029 eo
385 2007 456 2030 statu
476 2003 537 2029 boni
553 2004 579 2029 in
599 2010 653 2037 quo
671 2009 743 2030 stare
761 2003 937 2036 putabuntur,
955 2008 982 2030 ct
1003 2008 1219 2030 transvertuutur
1243 2004 1275 2029 ad
1299 2003 1483 2029 seductionem
1502 2003 1706 2037 saeculihujus,
1722 2009 1747 2030 et
1762 2005 1795 2030 ad

169 2043 280 2065 caeteras
294 2038 531 2072 concupiscentias
548 2038 684 2064 carnales.
702 2037 826 2064 Forsitan
843 2046 896 2065 non
908 2038 1033 2071 peccabis
1049 2038 1071 2064 si
1097 2038 1250 2070 llujusmodi
1276 2037 1399 2064 homines
1420 2037 1534 2068 dixeris,
1555 2038 1597 2072 (ut
1616 2039 1653 2065 ita
1680 2040 1795 2072 dicam),

169 2073 327 2107 spiritaliter
345 2073 478 2098 lunaticos
495 2080 566 2103 esse,
578 2073 622 2106 qui
640 2072 804 2105 dejiciuntur
822 2080 836 2098 a
855 2082 863 2097 ι
883 2073 1050 2106 spiritalibus
1066 2072 1195 2106 nequitiis
1219 2072 1244 2098 in
1271 2072 1437 2102 etelestibus,
1457 2081 1466 2097 ι
1494 2077 1521 2099 et
1533 2073 1602 2099 male
1621 2073 1725 2100 habent
1743 2073 1797 2100 l‘re—

169 2113 284 2141 quenter
306 2107 332 2133 in
351 2111 470 2139 tempore
484 2114 538 2140 quo
554 2114 586 2133 eo
600 2116 603 2131 l
617 2107 741 2141 prehensi
758 2107 856 2133 fuerint
870 2115 884 2133 a
905 2107 1078 2140 passionibus
1094 2107 1191 2133 animm
1208 2112 1354 2141 commtet
1375 2107 1476 2133 cadunt
1494 2107 1520 2133 in
1545 2107 1634 2141 ignem
1662 2108 1795 2140 incendii.

170 2140 280 2176 quando
299 2150 308 2165 ι
327 2141 509 2176 adulterantes
523 2141 605 2174 (sicut
619 2142 656 2167 ait
670 2140 749 2176 Osee)
769 2142 835 2167 liunt
855 2143 925 2168 sicut
941 2142 1064 2168 clibanus
1080 2142 1151 2176 ignis
1165 2142 1274 2167 ardens.
1293 2151 1301 2166 ι
1320 2140 1480 2174 llujusmodi
1496 2140 1585 2168 autem
1608 2142 1739 2169 homines
1755 2144 1797 2168 in-

170 2175 276 2202 terdum
297 2175 398 2210 cadunt
410 2175 436 2201 in
452 2182 560 2208 aquam,
578 2176 686 2210 quando
698 2184 743 2202 rex
757 2176 878 2203 onmium
897 2177 942 2210 qui
959 2181 1021 2204 sunt
1037 2177 1062 2202 in
1079 2175 1169 2210 aqu-is,
1188 2176 1280 2205 draco,
1298 2176 1391 2208 dejicit
1408 2183 1456 2202 eos
1471 2184 1485 2203 a
1501 2176 1625 2203 libertate
1648 2177 1750 2204 animat
1769 2178 1796 2203 in

169 2210 334 2245 profundum
348 2209 476 2245 ﬂuctuum
494 2209 592 2241 maris,
606 2211 630 2236 id
647 2215 698 2243 est,
715 2210 740 2236 in
757 2211 827 2237 mala
850 2211 965 2244 pessima
980 2211 1040 2239 vitae
1061 2209 1140 2238 istius
1166 2211 1301 2245 limname,
1324 2217 1384 2244 qua:
1407 2211 1475 2237 mari
1506 2211 1686 2238 assimilatur.
1712 2212 1793 2238 Com-

170 2244 280 2272 inendat
293 2248 383 2280 autem
397 2244 465 2280 hanc
478 2250 599 2271 nostram
612 2245 776 2271 delunatico
793 2246 1051 2280 interpretationem,
1077 2245 1150 2280 quod
1172 2245 1238 2272 dicit
1263 2244 1409 2279 Sapientia,
1435 2245 1468 2280 de
1492 2247 1646 2272 constantia
1680 2247 1795 2280 quidem

167 2280 233 2313 justi
250 2288 257 2305 :
274 2288 283 2303 ι
302 2278 415 2315 Sapiens
433 2279 503 2315 sicut
514 2279 553 2306 sol
569 2285 723 2314 permanet;
743 2289 752 2305 ›
771 2280 803 2306 de
820 2278 1000 2315 inconstantia
1015 2278 1104 2307 autem
1120 2280 1271 2314 peccatoris
1285 2278 1321 2306 ita
1336 2288 1342 2305 :
1359 2288 1368 2304 ι
1385 2279 1516 2315 lnsipiens
1531 2286 1620 2307 autem
1639 2278 1714 2308 sicut
1731 2282 1798 2307 ltitia

170 2315 364 2349 immutatnr.)
383 2313 416 2339 Et
428 2319 469 2340 est
482 2313 574 2340 videre
587 2315 613 2340 in
632 2315 730 2341 talibus
753 2315 867 2348 impetus
890 2313 1020 2348 quosdam
1043 2313 1127 2349 quasi
1140 2322 1251 2348 operum
1274 2314 1406 2340 bonorum
1431 2314 1587 2347 subrepere,
1616 2315 1652 2342 ita
1673 2321 1703 2342 ut
1727 2317 1797 2342 sub—

169 2349 257 2383 ripere
275 2348 380 2383 possint
405 2349 439 2375 ab
455 2349 610 2375 hominibus
628 2349 732 2381 laudes,
755 2349 789 2375 ab
805 2350 844 2375 eis
859 2353 947 2376 tamen
967 2348 1134 2381 hominibus,
1150 2350 1195 2383 qui
1212 2349 1336 2376 nesciunt
1349 2349 1484 2376 occultam
1505 2349 1719 2378 inconstantiam
1733 2358 1798 2377 cor-

168 2382 210 2410 dis
227 2390 332 2410 eorum.
347 2382 427 2410 Vides
444 2389 533 2410 autem
549 2391 596 2410 eos
612 2383 696 2410 minui
715 2384 823 2415 iterum,
841 2389 866 2410 et
881 2385 952 2417 quod
968 2384 1109 2413 videbatur
1125 2382 1205 2411 in’eis
1231 2384 1334 2414 lumen,
1366 2384 1502 2410 invenitur
1530 2392 1583 2410 non
1613 2392 1676 2412 esse
1699 2385 1796 2412 lumen

168 2419 370 2478 diu‘rnum,|sed
388 2423 562 2447 nocturnum.
578 2423 605 2444 et
619 2418 722 2450 lunare,
740 2423 767 2445 et
781 2419 871 2445 tandiu
887 2419 982 2451 minui,
999 2424 1028 2446 ut
1042 2427 1091 2446 nec
1108 2419 1230 2446 videatur
1254 2418 1344 2444 lumen
1367 2425 1428 2446 esse
1450 2418 1573 2451 omnino,
1594 2420 1668 2454 quod
1696 2419 1796 2447 existi-

168 2461 211 2478 ma
224 2458 294 2478 lilllll'
325 2460 415 2478 umen.

168 2454 294 2479 mahalur
314 2454 415 2479 lumen.

202 2488 229 2514 5.
251 2487 375 2514 Forsitan
387 2495 451 2522 ergo
467 2487 579 2522 angelus
596 2487 641 2521 qui
657 2487 768 2514 sortitus
787 2493 828 2513 est
845 2487 994 2515 Iunatieum
1012 2488 1086 2515 illum
1100 2489 1179 2515 talem
1196 2488 1205 2522 (
1226 2488 1248 2515 si
1264 2492 1352 2514 tamen
1370 2487 1511 2515 dicendum
1531 2494 1572 2515 est
1594 2496 1707 2516 omnem
1732 2490 1794 2516 ani-

200 2536 223 2552 "
237 2534 336 2570 Ephes.
350 2543 388 2567 Vl,
405 2535 447 2561 l2.
486 2535 508 2550 ⁵³
519 2536 588 2562 Osee
599 2543 646 2567 vn,
664 2535 691 2561 4.
727 2535 734 2549 ¹
749 2533 832 2561 Eecli.
850 2543 936 2567 xxvn,
952 2536 994 2562 1‘2.
1037 2537 1047 2551 ¹
1065 2536 1132 2563 Ibid.

1003 2596 1187 2631 μιμουμένων.
1201 2595 1444 2631 Vetusiinterpres,
1463 2605 1472 2621 ι
1488 2596 1562 2623 vides
1575 2601 1666 2624 autem
1680 2604 1731 2625 eos
1741 2597 1793 2624 mi-

1004 2630 1050 2657 hui
1066 2630 1173 2661 iterum,
1191 2640 1199 2656 ι
1218 2637 1269 2666 etc.
1287 2630 1356 2665 Lege
1371 2630 1541 2666 μειούμενον.

1038 2666 1092 2699 (80)
1112 2666 1201 2692 Codex
1222 2665 1329 2698 Regius,
1345 2667 1393 2691 καὶ
1407 2666 1452 2691 ἐπὶ
1469 2666 1606 2692 τοσοῦτον.

1039 2701 1092 2761 (811)
1113 2700 1264 2761 ἓῖατὴςὸδέ
1276 2719 1283 2731 ,
1299 2704 1350 2727 etc.
1371 2699 1435 2727 Vide
1459 2699 1680 2735 Oi‘tgenianorum
1695 2701 1742 2728 lib.
1760 2708 1789 2730 ιι,

1039 2743 1076 2761 :es
1091 2755 1096 2761 .
1132 2756 1139 2761 .
1155 2743 1182 2760 ιι,
1196 2740 1205 2749 ”
1235 2755 1241 2760 .

1022 2740 1096 2761 tuest.
1113 2740 1139 2766 5,
1155 2743 1182 2760 n.
1196 2740 1241 2761 ‘28.

1022 2743 1096 2761 tuest.
1113 2743 1129 2761 ι)
1155 2743 1182 2760 n.
1196 2743 1241 2761 κδ.

1002 2743 1016 2769 η
1040 2770 1094 2803 (8‘2;
1117 2756 1183 2805 έζζε
1205 2769 1308 2795 πᾶσαν
1326 2769 1464 2801 λεκτὲίν,
1485 2775 1536 2797 etc.
1559 2769 1626 2797 Vide
1644 2769 1787 2805 Origcnl‘m

1005 2804 1073 2831 intra
1091 2806 1117 2830 in
1136 2804 1231 2830 Mmth.
1250 2812 1326 2834 xviii.
1348 2804 1387 2830 l0.

202 2593 359 2630 (76)_dea
374 2591 431 2630 οὖν
444 2594 499 2620 οὐκ
511 2593 717 2630 λᾷνγάμάρτοις
728 2614 735 2625 ,
750 2599 801 2621 etc.
820 2594 950 2630 Hierony-

167 2627 491 2662 mtis,'Theophylactns,
510 2628 680 2662 Euthymius.
699 2629 829 2657 llUE'I‘IUS.

203 2663 259 2697 (77)
279 2663 354 2690 ΙΙοτὲ
367 2663 425 2697 μὲν
442 2664 621 2695 πίπτοντας,
637 2669 688 2690 etc.
707 2664 878 2698 Eulhymius.

203 2698 259 2734 (78_)
280 2698 348 2731 Περὶ
362 2698 399 2734 76$-
416 2698 474 2724 τῶν
488 2698 737 2732 ἀποδεδιῑμένωνη
750 2700 817 2727 Ὸὸὲ
827 2700 953 2734 (ignara

168 2737 223 2767 etc.
232 2732 458 2767 Thenphylactus.

206 2766 260 2802 (79)
281 2766 367 2798 Ἵδοις
382 2767 407 2802 ῥ’
430 2767 468 2793 ἂν
482 2767 574 2802 πάλιν
588 2769 779 2802 μιμούμενον.
805 2769 842 2794 lla
870 2768 948 2794 codd.

172 2799 355 2834 Anglicanus,
381 2799 532 2828 Vaticanus
549 2808 575 2829 et
588 2799 766 2829 ‘l'arinianus.
783 2803 817 2828 At
838 2803 948 2837 lli-gius,
