1870 3049
58 105 132 132 ill-5

522 105 703 134 COMMENT.
720 105 754 134 IN
774 106 1123 144 MATTlleUMjTOMUS
1144 108 1216 137 Xlll.

1630 110 1701 138 HM

57 162 270 200 προειρημένων
282 163 435 198 συμϐαίνει,
444 163 494 190 οὐκ
509 164 619 190 ἐκείνων
633 164 750 199 πρώτων
762 166 795 191 αἱ⁴

962 188 968 199 ,
991 167 1031 194 vel
1059 168 1095 194 illi
1118 169 1164 202 qui
1182 174 1244 195 eum
1262 167 1372 194 tradunt
1388 168 1414 195 in
1430 175 1528 196 manus
1546 169 1697 197 hominum.

57 209 214 244 γινομένων
230 209 276 236 τοῦ
294 209 378 236 πολλὰ
394 209 475 236 αὐτὸν
499 209 603 242 παθεῖν,
618 210 686 237 ἀλλὰ
701 211 748 237 τοῦ
765 219 855 246 παρα-

57 255 180 287 διδόντος
197 256 214 291 ἢ
227 255 281 282 τῶν
309 255 509 291 παραδιδόντων
534 256 615 283 αὑτὸν
643 257 684 288 εἰς
703 258 796 292 χεῖρας
810 257 857 283 ἀν-

58 301 194 336 θρώπων.
212 302 241 328 '0
258 301 308 337 μὲν
319 300 366 328 οὖν
378 302 469 336 φήσει,
486 302 527 328 ὅτι
549 301 627 328 τοῦτο
642 302 818 338 διηγούμενος
843 304 857 329 ό

65 347 231 378 Ἀπόστολός
245 356 311 382 φησι
333 348 396 383 περὶ
419 347 464 373 τοῦ
484 347 561 374 Θεοῦ·
590 357 600 373 ‹
613 349 663 380 Ὃς
677 357 708 382 γε
724 349 770 375 τοῦ
791 348 855 375 ἰδίου

59 392 128 418 Tia?)
140 393 191 419 οὐκ
213 393 349 427 ἐφείσατο,
365 392 423 419 ἀλλ’
438 392 508 428 ὑπὲρ
539 392 617 428 ἡμῶν
641 393 749 420 πάντων
772 394 856 428 παρέ-

57 439 150 465 δωκεν
164 438 272 465 αὐτόν-ι
291 439 375 465 ἔδωκε
391 438 419 465 δὲ
435 438 482 465 καὶ
504 440 517 465 ὁ
530 440 545 464 1
555 439 593 471 ἱὸς
619 440 689 475 ὑπὲρ
704 440 782 475 ἡμῶν
793 441 856 466 ἑαυ-

57 484 106 510 τὸν
124 485 166 516 εἰς
193 484 316 516 θάνατον,
344 485 414 512 ὥστε
436 485 466 511 οὑ
485 485 564 520 μόνον
592 485 645 512 ὑπὸ
671 486 718 511 τοῦ
737 486 853 521 Πατρός,

57 530 130 556 ἁνλέι
142 530 189 556 καὶ
204 530 248 564 ὑφ’
273 531 372 557 ἑαυτοῦ
400 531 547 566 παρεδόθη¹
576 532 670 567 ἕτερος
684 532 711 557 δὲ
726 532 756 558 οὐ
776 532 855 567 μόνον

57 577 161 608 ἐκεῖνο,
189 576 257 603 ἀλλὰ
276 577 323 603 καὶ
352 577 386 604 τὰ
404 578 550 612 ἐκκείμενα
580 577 626 604 ἐπὶ
644 577 672 604 τὸ
695 578 760 604 αὐτὸ
776 586 855 604 συνα-

57 622 167 656 γαγὼν,
185 623 267 658 φήσει
297 623 496 658 παραδεδόσθαι
526 623 633 659 πρῶτον
653 623 705 650 ὑπὸ
722 623 769 650 τοῦ
785 624 853 651 Θεοῦ

57 668 106 693 τὸν
120 668 197 698 Υἰὸν,
215 666 273 694 εἶτα
291 668 535 704 πειραθησόμενον,
567 667 625 695 εἶτα
643 669 852 704 ἀγωνιούμενον,

54 711 121 739 εἶτα
139 714 211 748 ὑπὲρ
226 713 378 749 ἀνθρώπων
398 715 569 750 πεισόμενον,
600 715 616 751 ἢ
644 716 690 742 καὶ
718 715 778 742 ὅλου
806 715 852 742 τοῦ

57 760 166 794 κόσμου
179 759 245 795 (95),
271 761 315 786 ἵνα
339 761 420 787 αὑτοῦ
437 761 491 797 ἄρῃ
518 761 566 797 τὴν
592 762 740 797 ἁμαρτίαν,
755 761 793 797 τῷ
805 763 854 798 ἄρ-

56 814 137 840 χοντι
152 806 200 832 τοῦ
216 806 313 838 αἰῶνος
330 807 435 838 τούτου,
452 808 499 833 καὶ
527 809 584 839 τοῖς
608 807 698 839 ἄλλοις
724 808 852 843 ἄρχουσιν

56 851 157 877 αὑτοῦ·
177 850 236 878 εἶτα
253 852 304 878 ὑπὸ
319 853 421 879 τούτων
435 854 475 884 εἰς
492 854 585 888 χεῖρας
604 853 756 889 ἀνθρώπων
773 854 853 880 αὑτὸν

55 897 258 932 παραδίδοσθαι
269 898 323 924 τῶν
335 898 554 925 ἀποκτενοῦντων
571 899 661 925 αὐτόν.
675 900 854 935 Παρὰδειγμα

53 944 85 969 δὲ
101 943 349 979 παραληφθήσεται
364 945 397 970 τὰ
414 945 462 971 τοῦ
487 944 556 971 Ὶώῦι
576 955 585 970 ‹
610 945 676 972 Ἰδοὺ
698 947 786 973 πάντα
805 948 853 973 ὅσα

55 988 134 1015 ἐστὶν
147 989 222 1024 αὐτῷ
236 989 331 1024 δίδωμι
347 992 374 1016 ἐν
396 991 428 1025 τῇ
453 990 526 1026 χειρί
553 999 610 1017 σου·
630 991 696 1018 ἀλλὰ
719 992 800 1018 αὑτοῦ
817 993 853 1028 μὴ

56 1034 147 1070 atq/11')
163 1032 223 1061 εἶτα
240 1035 361 1070 ὡσπερεὶ
379 1036 576 1071 παραδοθέντος
591 1037 643 1063 ὑπὸ
664 1036 710 1063 τοῦ
730 1038 854 1064 διαϐόλου

54 1083 116 1113 τοίς
144 1082 274 1117 ἄρχουσιν
298 1082 398 1114 αὑτοῦ,
432 1085 489 1115 τοῖς
521 1084 769 1119 αἰχμαλωτεύουσι,
798 1088 854 1118 τοῖς

56 1127 188 1161 ἱππεῦσι,
203 1128 241 1164 τῷ
258 1129 447 1155 καταβαίνοντι
461 1129 498 1161 ὡς
512 1129 542 1162 ἐξ
554 1130 668 1166 οὐρανοῦ
681 1132 755 1167 πυρὶ,
772 1131 810 1167 τῷ
823 1133 853 1159 ἐκ

55 1174 110 1207 τῆς
128 1174 249 1209 ἐρημίας
269 1175 373 1201 ἐλθόντι
398 1174 507 1210 μεγάλῳ
520 1175 666 1211 πνεύματι,
688 1177 734 1202 καὶ
751 1177 800 1212 τὴν
815 1178 854 1203 οἰ-

56 1219 124 1246 κίαν
146 1219 306 1254 χαλάσαντι.
348 1221 521 1255 Ἐπιστήσεις
552 1220 579 1246 δὲ
608 1222 648 1253 εί,
672 1222 766 1257 ὥσπερ
798 1224 853 1255 τοῖς

54 1265 294 1300 αῐχμα).ωτεύουσι
315 1266 380 1302 (96),
399 1267 573 1303 παραδέδωκε
596 1267 629 1293 τὰ
650 1267 696 1293 τοῦ
720 1268 790 1298 Ἰὼϐ,
807 1269 853 1295 καὶ

54 1312 117 1342 τοῖς
138 1311 267 1338 ἱππεῦσιν
285 1312 351 1347 (97),
369 1311 455 1344 οὕτως
472 1313 519 1339 καί
537 1321 590 1339 τινι
606 1313 731 1349 ἐνεργείᾳ
746 1314 796 1340 ὑπὸ
808 1314 853 1340 τὸν

55 1357 181 1392 ἄρχοντα
197 1357 246 1393 τῆς
265 1357 388 1390 ἐξουσίας
402 1358 449 1384 τοῦ
463 1358 554 1394 ἀέρος,
577 1358 624 1385 τοῦ
637 1359 790 1394 πνεύματος
806 1359 851 1386 τοῦ

54 1402 238 1438 ἐνεργοῦντος
252 1403 299 1430 νῦν
318 1404 346 1429 ἐν
361 1405 417 1435 τοῖς
431 1405 499 1436 υἱοῖς
518 1405 567 1439 τῆς
586 1404 737 1436 ἀπειθείας,
755 1406 798 1432 ἵνα
824 1405 853 1432 τὸ

53 1446 167 1473 ἐκεῖθεν
184 1448 345 1475 καταϐαῖνον
358 1448 412 1484 πῦρ
428 1450 473 1475 ἐπὶ
487 1449 521 1476 τὰ
535 1449 658 1484 πρόϐατα
675 1449 720 1476 τοῦ
741 1449 799 1476 Ἰὼϐ
823 1449 852 1482 ἐξ

53 1492 176 1527 οὐρανοῦ
188 1494 256 1529 όφθῇ
275 1495 436 1521 καταϐαῖνον
452 1495 490 1530 τῷ
502 1495 698 1529 ἀπαγγέ).λοντι
715 1495 753 1531 τῷ
775 1494 850 1528 Ἰὼϐ,
867 1511 886 1539 η

55 1548 66 1563 α
79 1539 125 1565 ὅτι
142 1539 199 1574 πῦρ
211 1539 308 1566 ἔπεσεν
323 1541 355 1567 ἐκ
367 1541 414 1567 τοῦ
434 1541 560 1577 οὐρανοῦ,
590 1541 634 1568 καὶ
651 1541 802 1568 κατέκαυσε
819 1541 852 1568 τὰ

52 1583 183 1619 πρόϐατα
192 1584 284 1616 αὑτοῦ,
293 1585 409 1618 καὶτοὺς
424 1586 552 1621 ποιμένας
561 1587 715 1621 κατέφαγεν
723 1587 831 1621 ὁμοίως.
840 1596 848 1612 ι

51 1629 262 1664 Παραπλησίως
278 1631 306 1657 δὲ
322 1632 426 1663 τούτοις
441 1633 569 1668 ζητήσεις
581 1634 709 1660 εἰκαῖτδι
721 1632 851 1667 ἐξαίφνης

52 1675 130 1711 μέγα
146 1677 257 1712 πνεῦμα
272 1677 325 1704 ἀπὸ
337 1677 385 1713 τῆς
401 1678 504 1714 ἐρήμου
530 1678 615 1711 ἐλθὸν,
641 1679 687 1705 καὶ
713 1678 851 1713 ἁψάμενον

871 840 890 866 Β

909 212 984 240 Dicet
1009 219 1081 241 certe
1104 215 1203 249 aliquis
1227 215 1386 250 Apostolum
1413 215 1439 242 id
1460 220 1640 249 exponentem
1667 216 1700 242 de

908 259 962 287 Deo
979 261 1068 287 dicere
1087 261 1108 276 ¹¹
1124 270 1130 287 :
1149 271 1158 286 ‹
1179 261 1231 294 Qui
1254 262 1336 289 etiam
1361 263 1472 297 proprio
1487 262 1556 289 Filio
1577 270 1631 288 non
1654 270 1701 296 pe-

908 306 1012 340 percit,
1035 305 1081 332 sed
1107 313 1155 340 pro
1181 307 1260 333 nobis
1285 307 1413 334 omnibus
1437 307 1548 334 tradidit
1569 307 1663 340 illum;
1687 315 1698 333 ι

907 351 972 386 quin
986 352 1066 378 ctiam
1083 359 1132 386 pro
1144 353 1222 379 nobis
1245 360 1274 380 se
1298 352 1354 387 ipse
1372 353 1453 380 morti
1476 353 1586 380 tradidit
1603 353 1699 386 Filius,

908 397 945 424 ita
964 404 1018 424 non
1035 401 1065 424 ut
1086 405 1101 424 a
1122 397 1202 425 Patre
1220 399 1319 431 solum,
1345 399 1392 426 sed
1408 403 1435 426 et
1447 407 1463 426 a
1479 399 1569 434 scipso
1584 399 1700 426 traditus

907 443 951 470 sit.
967 443 1042 470 Alter
1056 451 1120 470 vero
1137 451 1190 470 non
1208 444 1234 471 id
1255 444 1354 477 solum,
1370 444 1417 471 sed
1432 449 1459 471 et
1474 452 1505 472 ea
1521 452 1581 479 quae
1597 445 1699 479 scripta

906 494 970 515 sunt
985 489 1011 514 in
1029 496 1112 515 unum
1134 489 1273 524 colligens,
1297 497 1311 516 a
1328 489 1382 516 Deo
1396 489 1495 516 Filium
1514 491 1602 525 primo
1616 490 1702 517 tradi-

907 537 962 560 tum
979 532 1064 561 fuisse
1078 534 1149 561 dicet
1164 535 1279 569 principi
1293 535 1384 562 stcculi
1399 535 1492 569 hujus,
1512 540 1538 563 et
1553 536 1613 563 aliis
1626 536 1699 563 illius

906 580 1084 614 principibus,
1106 581 1152 615 qui
1172 581 1344 615 postmodum
1365 585 1532 614 tentaretur,
1549 585 1607 609 tum
1632 589 1698 608 eau-

905 631 962 651 sam
979 625 1090 657 diceret,
1108 625 1205 651 deinde
1216 633 1282 652 vero
1297 633 1346 660 pro
1366 626 1534 659 hominibus,
1554 627 1634 662 581
1654 627 1699 654 vel

904 672 985 699 etiam
1001 672 1129 699 uniVerso
1146 677 1302 707 pateretur,
1321 678 1350 701 ut
1364 679 1505 708 peccatum
1523 675 1609 710 ipsius
1622 675 1698 702 tolle-

905 720 946 743 ret
963 716 999 749 1l’;
1026 723 1117 751 postea
1135 721 1224 744 autem
1242 718 1276 744 ab
1298 718 1340 745 his
1362 719 1532 754 principibus
1552 720 1578 746 in
1600 727 1699 747 manus

905 761 1045 789 hominum
1060 763 1128 789 tradi
1142 771 1157 789 a
1172 763 1272 798 quibus
1283 769 1371 790 morte
1385 764 1556 798 plecteretur.
1574 764 1634 792 Jobi
1650 773 1699 792 au-

906 810 957 833 tem
987 807 1099 834 historia
1120 808 1146 834 in
1168 808 1323 843 exemplum
1346 809 1500 844 proferetur
1520 810 1543 825 ¹⁰
1568 819 1574 836 :
1599 819 1607 835 ι
1629 810 1698 838 Ecce

906 852 1031 879 universa
1047 861 1107 887 quae
1130 853 1213 880 habet
1231 854 1258 880 in
1276 862 1358 881 tnanu
1380 859 1424 881 tua
1447 859 1527 888 sunt;
1547 859 1651 882 tantunt
1670 856 1696 882 in

903 904 964 923 eum
992 905 1045 924 non
1066 899 1194 926 extendas
1219 907 1329 926 manum
1348 905 1442 934 tuam;
1467 910 1475 926 ι
1493 901 1539 935 qui
1563 901 1659 929 deinde
1675 902 1696 918 ²¹

904 949 918 968 a
934 942 1042 969 diabolo
1055 943 1225 978 principibus
1238 945 1295 972 suis
1313 946 1389 980 quasi
1402 947 1518 973 traditus
1532 952 1583 978 est,
1602 955 1698 981 nempe

904 989 937 1016 iis
952 989 999 1023 qui
1017 989 1043 1015 in
1059 990 1242 1024 captivitatem
1262 991 1450 1025 abducehant,
1474 993 1621 1027 equitibus,
1643 993 1697 1028 igni

904 1042 918 1062 e
937 1035 1007 1062 coelo
1023 1036 1139 1064 cadenti.
1158 1039 1184 1063 et
1200 1041 1281 1064 vento
1297 1037 1467 1071 vehementi,
1493 1038 1606 1065 irruenti
1624 1046 1639 1065 a
1661 1046 1700 1065 re-

904 1081 984 1115 gione
1005 1082 1121 1114 deserti,
1146 1086 1174 1109 et
1196 1082 1308 1109 domum
1332 1083 1460 1110 dirucnti.
1491 1083 1698 1111 Animadvertes

903 1131 993 1153 autem
1014 1135 1048 1153 an
1061 1128 1290 1161 quemadmodum
1311 1128 1343 1155 iis
1360 1128 1406 1163 qui
1422 1129 1593 1156 abducehant
1610 1129 1636 1155 in
1653 1137 1697 1157 ca-

903 1173 1064 1207 ptivitatem,
1087 1179 1113 1201 et
1129 1174 1266 1208 equitibus
1288 1174 1358 1201 bona
1385 1174 1445 1201 Johi
1463 1175 1582 1207 tradidit,
1610 1176 1646 1202 ita
1671 1180 1698 1202 et

903 1220 1027 1254 potestati
1041 1219 1120 1246 alicui
1135 1220 1185 1247 sub
1201 1229 1210 1245 (
1224 1220 1346 1255 principe
1361 1221 1501 1255 potestatis
1520 1221 1591 1247 acris
1604 1220 1696 1254 hujus,

904 1264 1016 1298 spiritus
1030 1264 1075 1299 qui
1092 1272 1164 1291 nunc
1181 1269 1308 1299 operatur
1325 1265 1350 1291 in
1369 1265 1439 1292 lilios
1452 1265 1607 1292 dillideutiae.
1617 1266 1698 1296 ",Iut

903 1310 950 1345 qui
971 1310 1032 1336 inde
1047 1310 1073 1336 in
1086 1317 1151 1337 oves
1169 1308 1230 1337 Jobi
1246 1310 1360 1338 cadebat
1383 1311 1462 1346 ignis.
1478 1311 1502 1338 ei
1518 1312 1550 1338 de
1565 1311 1634 1338 cmlo
1651 1318 1697 1338 ca-

903 1357 967 1384 dere
980 1356 1116 1383 videretur
1129 1356 1176 1390 qui
1189 1355 1258 1383 Jobo
1272 1357 1438 1384 renuntiavit
1455 1357 1478 1372 ’³
1489 1378 1497 1390 ,
1516 1366 1525 1382 ι
1549 1357 1637 1392 ignem
1653 1364 1697 1384 ce-

903 1402 1002 1430 cidisse
1024 1410 1038 1429 e
1054 1402 1123 1430 coelo
1136 1422 1142 1429 .
1168 1406 1196 1429 et
1219 1403 1403 1430 combussisse
1423 1411 1487 1430 oves
1501 1423 1508 1436 ,
1534 1409 1561 1430 et
1574 1408 1698 1438 pastores

905 1447 1108 1482 consumpsisse
1132 1446 1270 1473 similiter.
1285 1456 1294 1472 ι
1314 1447 1353 1474 Ad
1366 1449 1492 1475 eumdem
1506 1448 1618 1475 modum
1632 1455 1696 1474 vero

905 1493 1080 1529 investigaliis
1101 1501 1135 1520 an
1157 1503 1166 1519 ι
1186 1498 1295 1528 repente
1309 1498 1407 1521 ventus
1426 1495 1573 1522 vehemens
1591 1494 1697 1521 irruens

905 1547 920 1567 a
941 1540 1050 1575 regione
1068 1539 1184 1572 deserti,
1209 1545 1235 1567 et
1259 1540 1419 1567 concutiens
1441 1545 1558 1575 quatuor
1582 1540 1697 1574 angulos

905 1586 1003 1614 domus
1021 1586 1053 1618 ",
1071 1596 1081 1612 ι
1102 1594 1172 1614 unus
1184 1589 1257 1613 esset
1267 1594 1300 1613 ex
1314 1586 1347 1614 iis
1363 1586 1409 1621 qui
1427 1590 1491 1614 sunt
1503 1586 1554 1614 sub
1568 1586 1696 1617 diabolis,

905 1631 948 1659 cui
966 1632 1076 1659 tradidit
1093 1633 1217 1660 diabolus
1239 1633 1354 1659 liliorum
1371 1633 1542 1667 liliarumque
1555 1631 1615 1659 Johi
1632 1639 1697 1659 con-

905 1677 1005 1704 vivium
1021 1699 1028 1711 ,
1054 1683 1084 1705 ut
1110 1686 1242 1707 corruens
1269 1680 1367 1706 domus
1400 1679 1566 1714 opprimeret
1596 1678 1696 1705 liberos

663 1734 779 1762 VETUS
799 1731 1090 1760 iNTlﬂRPRETATlO.

50 1789 152 1815 supra,
179 1791 188 1806 ε
203 1782 331 1816 quoniam
351 1781 473 1810 futurum
491 1787 533 1810 est
550 1787 579 1809 ut
595 1782 680 1810 Filius
703 1782 823 1809 hominis
843 1781 974 1809 tradatur.
993 1790 1001 1806 ι
1026 1780 1200 1807 Tradendum
1223 1781 1349 1815 superius
1373 1788 1426 1807 non
1446 1785 1487 1808 est
1498 1781 1601 1808 dictum
1625 1790 1631 1807 :
1652 1779 1697 1808 hic

49 1821 148 1843 autem
166 1815 219 1843 non
234 1817 322 1844 solum
335 1818 507 1850 trarlendum,
521 1818 567 1845 sed
580 1818 661 1845 etiam
681 1818 707 1844 in
722 1826 818 1844 manus
832 1817 974 1843 hominum
991 1815 1151 1842 tradendum
1166 1816 1302 1843 audimus.
1321 1816 1348 1842 ln
1363 1823 1418 1850 quo
1430 1817 1601 1850 requiramus
1616 1823 1629 1842 a
1642 1823 1698 1850 quo

48 1856 96 1878 est
106 1851 262 1887 tradendus
285 1853 310 1878 in
329 1861 425 1879 manus
442 1853 594 1884 hominum,
611 1857 658 1879 aut
683 1853 709 1879 in
725 1860 853 1887 quorum.
878 1851 936 1878 lllic
950 1850 1022 1877 enim
1040 1850 1171 1887 docemur
1196 1859 1211 1877 a
1227 1851 1327 1887 quibus
1344 1851 1473 1885 patietur,
1488 1850 1555 1887 etin
1569 1858 1623 1887 quo
1637 1851 1697 1878 loco

50 1886 189 1921 patietur.
216 1886 265 1914 Hic
292 1893 381 1914 autem
397 1887 529 1915 discimus
545 1888 617 1921 quod
640 1888 723 1914 mttlla
734 1885 877 1921 'passurus
898 1891 939 1913 est
953 1893 967 1911 a
983 1886 1233 1921 supradictis,7non
1255 1886 1321 1919 ipsis
1332 1893 1448 1921 causam
1465 1885 1648 1921 prterlicntihus
1667 1889 1696 1912 ut

50 1919 143 1948 inulta
165 1922 302 1957 patiatur,
329 1922 375 1949 sed
390 1923 430 1948 vel
452 1930 501 1954 eo,
517 1919 560 1949 vel
576 1922 616 1950 eis
635 1923 681 1957 qui
705 1919 878 1949 tradiderunt
901 1928 963 1957 enm
989 1919 1024 1957 in;
1037 1928 1135 1957 manus
1161 1920 1314 1957 hominum.
1331 1919 1473 1947 Traditum
1488 1919 1572 1957 igitur
1596 1919 1695 1957 Filium

49 1956 207 1990 Apostolus
226 1964 350 1987 narrans.
373 1965 388 1983 a
403 1957 456 1984 Deo
470 1957 550 1984 Patre
571 1955 700 1984 traditum
723 1956 880 1984 manifestat
907 1956 943 1982 ita
957 1965 963 1982 :
979 1964 988 1980 ‹
1005 1955 1056 1988 Qui
1074 1955 1154 1982 unico
1177 1955 1245 1982 Filio
1271 1963 1321 1982 suo
1341 1963 1395 1982 non
1425 1955 1559 1989 pepercit.
1583 1955 1628 1982 sed
1647 1962 1697 1990 pro

50 1989 136 2029 uobis
153 1991 413 2029 mnni_lu_is_tradidit
433 1992 523 2029 _il_lum.
541 1992 652 2029 )‘Alius
674 1997 764 2029 autem
774 1999 841 2029 _uon
863 1991 950 2029 solum
967 1990 1055 2029 illud,
1075 1990 1122 2029 sed
1137 1990 1227 2029 etiam
1250 1992 1639 2029 consequentia_copgregans
1665 1989 1693 2015 i‘n

50 2026 190 2059 idipsum,
208 2026 273 2053 dicit
291 2026 379 2061 ipsum
393 2027 502 2061 quidem
522 2034 537 2054 a
552 2026 606 2053 Deo
627 2027 755 2054 traditum
773 2026 870 2053 Filium
889 2026 1003 2060 principi
1026 2025 1125 2061 s:eeu|ir
1137 2025 1229 2059 hujus.
1246 2025 1406 2061 cgeterisque
1423 2024 1600 2061 principibus
1616 2024 1694 2061 ejus;

49 2058 157 2087 deinde
174 2061 210 2087 ab
227 2061 285 2087 istis
302 2058 429 2088 traditum
449 2062 475 2088 in
498 2070 595 2088 manus
612 2062 753 2088 hominum
772 2070 816 2096 qur
840 2058 998 2088 occiderunt
1011 2068 1083 2087 eum.
1108 2060 1139 2096 Et
1153 2058 1269 2096 exempli
1288 2058 1371 2096 causa
1381 2060 1482 2096 accipe
1497 2064 1524 2086 et
1539 2059 1609 2096 illud?
1622 2058 1695 2096 quod

50 2096 192 2130 scriptum
210 2100 252 2122 est
267 2095 300 2122 de
312 2096 374 2126 Job.
397 2097 443 2130 qui
465 2097 582 2131 primum
606 2097 722 2124 traditus
744 2093 787 2123 est
807 2104 821 2122 a
841 2096 895 2123 Deo
918 2095 944 2121 in
969 2103 1079 2122 manum
1105 2094 1217 2126 diaboli,
1234 2093 1314 2122 isicut
1335 2095 1420 2122 dicit:
1437 2093 1531 2131 (Ecce
1552 2095 1630 2131 trado
1647 2093 1696 2120 tibi

49 2131 150 2157 omnia
165 2138 226 2165 quae
241 2132 370 2165 possidet.
394 2129 472 2158 Ecce"
485 2132 561 2158 trado
581 2132 630 2159 tibi
643 2140 716 2164 eum,
741 2136 845 2158 tantum
865 2130 983 2157 animam
999 2131 1059 2164 ejus
1074 2138 1162 2157 serva.
1181 2139 1190 2155 ι
1216 2131 1360 2164 Accipiens
1372 2134 1463 2157 autent
1478 2129 1606 2157 diabolus
1622 2129 1695 2156 bona

91 2176 115 2191 ¹⁸
130 2175 213 2202 Rom.
235 2183 294 2207 vm,
317 2176 362 2203 3‘2.
401 2176 422 2196 ’³
436 2175 516 2203 Joan.
541 2177 617 2209 1,29.
667 2176 689 2191 '°
701 2175 751 2204 Job
790 2184 810 2209 ι,
834 2176 876 2202 12.

50 2213 75 2227 ’³
91 2211 163 2238 Ibid.
184 2211 224 2237 l9.

916 2175 936 2190 ¹¹
953 2174 1021 2201 Ibid.
1044 2174 1074 2201 15
1100 2182 1176 2209 seqq.
1222 2175 1244 2190 ¹²
1267 2173 1366 2209 Ephes.
1390 2182 1419 2208 ιι,
1434 2174 1461 2201 2.
1501 2174 1524 2190 ’³
1539 2173 1591 2202 Job
1614 2174 1694 2208 1,16-

91 2271 152 2306 (95)
177 2270 262 2311 Ύςξέλ)
275 2271 438 2311 ἀκθρώπων
461 2272 653 2311 πεισόμενον,
671 2272 689 2306 ἢ
702 2272 828 2311 enimdato

958 2277 1013 2296 sum
1027 2268 1268 2311 eruditedeclarat
1283 2268 1496 2311 Augttstinushiu
1514 2267 1654 2311 Encllii'rid.
1669 2269 1696 2295 in

49 2307 187 2340 κόσμου.
207 2305 255 2333 llic
268 2306 423 2340 opinionem
439 2315 516 2334 suam
540 2308 574 2334 de
591 2311 678 2334 morte
703 2315 717 2333 a
739 2307 850 2333 Christo

50 2349 111 2369 non
128 2349 179 2374 pro
198 2341 354 2369 hominibus
370 2342 510 2373 duntaxat,
525 2342 570 2369 sed
586 2346 612 2368 et
629 2349 677 2376 pro
694 2342 754 2368 aliis
768 2341 850 2368 rebus

49 2376 159 2404 creatis
170 2376 242 2404 obita
259 2377 348 2410 prodit
364 2376 512 2410 Origenes;
528 2385 581 2404 non
597 2377 668 2403 enim
681 2381 848 2411 postremum

51 2412 108 2438 hoc
128 2411 168 2437 illi
187 2411 222 2438 ab
238 2411 402 2439 adversariis
419 2412 555 2445 obiectum
575 2411 678 2438 crimen
703 2416 756 2439 est.
778 2411 851 2438 Con-

49 2446 143 2473 traria
166 2451 208 2473 ρει
226 2452 315 2473 autem
332 2446 491 2473 Tertulliani
518 2447 652 2479 doctrina,
666 2454 726 2481 cap.
745 2447 789 2478 Μ,
813 2446 850 2474 De

49 2489 132 2508 carri.
152 2481 269 2508 Christi:
289 2491 298 2507 ‹
317 2481 426 2508 Nullum
449 2482 619 2511 mandatum.
638 2482 737 2516 inquit,
752 2482 786 2508 de
806 2490 851 2508 sa-

51 2518 113 2543 lute
137 2517 298 2550 angelorum
322 2516 442 2550 suscepit
461 2517 587 2544 Christus
608 2525 623 2543 a
653 2516 742 2544 Patre.
772 2517 850 2549 Quod

51 2552 137 2578 Pater
158 2559 248 2585 neque
266 2552 433 2586 repromisit,
454 2559 541 2586 neque
559 2552 707 2583 mandavit,
723 2552 850 2579 Christus

50 2587 253 2614 administrare
277 2595 330 2613 non
356 2587 453 2621 potuit.
475 2597 483 2612 ι
509 2587 535 2613 ld
558 2587 655 2621 dogma
678 2595 709 2613 ex
742 2587 850 2614 duobus

51 2621 182 2656 Apostoli
202 2622 269 2648 locis
291 2626 379 2648 ortqu
404 2623 511 2648 videtur
534 2622 688 2655 accepisse;
711 2623 796 2649 altero
816 2623 849 2649 ad

51 2656 192 2692 Ephesios
208 2665 225 2687 ι,
251 2657 293 2690 l0,
312 2657 356 2683 ubi
385 2657 476 2684 omnia
502 2657 632 2684 dicuntur
649 2657 795 2684 instaurati
822 2659 848 2684 in

51 2692 187 2723 Christo.
206 2699 267 2726 qua:
293 2692 320 2718 in
338 2693 422 2723 coelo,
437 2697 464 2718 et
489 2700 550 2726 qua:
575 2693 601 2718 in
630 2696 700 2718 terra
717 2698 798 2724 sunt;
823 2697 850 2719 et

50 2728 144 2753 altero
161 2727 194 2754 ad
211 2727 390 2754 Colossenscs
409 2735 426 2759 ι,
441 2726 487 2760 ‘20,
501 2734 556 2761 quo
580 2727 672 2753 omnia
694 2728 720 2753 in
737 2727 849 2754 Christo

51 2762 236 2789 reconciliata
259 2762 343 2789 fuisse
359 2762 453 2788 scrihit
468 2762 626 2796 Apostolus,
640 2762 784 2796 ipsumque
799 2770 848 2796 pa-

49 2797 180 2824 cilicassc
205 2805 255 2832 per
280 2797 439 2831 sanguinem
464 2797 555 2824 crucis
571 2805 647 2832 sum,
675 2798 732 2824 sive
746 2805 807 2831 quae
822 2797 848 2823 in

50 2833 144 2866 terris,
165 2834 224 2861 sive
242 2839 304 2865 quae
327 2831 353 2858 in
371 2832 440 2859 coelo
467 2837 541 2859 sunt.
563 2831 684 2865 Quorum
715 2833 847 2860 veriorem

903 2305 1030 2331 Laurent.
1045 2312 1105 2339 cap.
1115 2304 1159 2336 6|,
1173 2309 1197 2331 et
1210 2303 1392 2339 Hieronymus
1405 2304 1432 2330 in
1445 2303 1531 2336 Epist.
1542 2303 1577 2339 ad
1590 2302 1699 2339 Epiren,

904 2348 963 2374 cap.
976 2339 1001 2366 ‘l.
1017 2337 1213 2374 Hieronymum
1240 2337 1350 2374 quidem
1368 2338 1526 2374 Origeniani
1541 2337 1699 2374 rhujusﬁerf

904 2375 975 2402 roris
994 2373 1134 2401 insimulat
1158 2373 1273 2402 Bulinus
1292 2373 1391 2401 lnvecl.
1407 2375 1432 2405 l,
1448 2375 1494 2401 sed
1507 2373 1612 2399 crimen
1630 2373 1696 2400 illud

903 2417 952 2444 pro
969 2410 1038 2436 virili
1057 2414 1152 2436 contra
1177 2410 1257 2436 diluit
1280 2409 1474 2444 Hieronymus.
1498 2407 1561 2434 llaec
1583 2414 1599 2434 a
1618 2408 1699 2436 nobis

903 2443 1003 2471 allatim
1021 2445 1046 2470 in
1066 2444 1233 2479 Origenianis
1251 2443 1411 2471 tractantur.
1431 2443 1563 2479 llus-rtus.

939 2480 994 2516 (96)
1014 2480 1069 2516 Καὶ
1086 2477 1148 2516 τοῖς
1160 2480 1429 2516 αὶχμαλωζξύουιῖι.
1442 2478 1478 2505 Ita
1491 2477 1597 2516 §ixtina
1613 2478 1697 2516 editio

902 2520 930 2542 et
944 2513 1003 2542 'ms.
1021 2513 1222 2542 Alexandrinus
1236 2524 1242 2541 :
1259 2520 1286 2541 at
1302 2514 1434 2541 llebraica
1451 2518 1478 2540 et
1493 2513 1698 2546 Compluteusis

902 2550 996 2582 editio,
1027 2554 1054 2577 et
1073 2550 1205 2585 Vulgata;
1232 2560 1240 2575 ι
1265 2553 1297 2585 ειν
1316 2549 1501 2585 ἱιτιιίιδιιιιιι.
1521 2558 1530 2573 ι
1558 2547 1697 2585 Tal-gum,

905 2594 914 2610 ι
927 2590 954 2612 et
972 2585 1051 2612 irruit
1067 2583 1149 2611 Litith
1173 2586 1264 2619 regina
1280 2584 1426 2620 Zmargad.
1440 2593 1449 2609 ι
1468 2583 1610 2620 Zmargad
1619 2583 1699 2620 locus

902 2625 943 2648 est
961 2620 986 2646 in
1003 2620 1118 2651 Salucis,
1134 2620 1236 2654 quibus
1252 2619 1382 2646 mulieres
1395 2619 1576 2653 imperabant.
1591 2619 1629 2645 Ex
1646 2619 1698 2646 hoc

901 2655 962 2682 loco
984 2655 1149 2690 Smaragdos
1176 2655 1452 2690 nomenisumpsisse
1474 2655 1623 2682 verisimile
1643 2659 1697 2685 est,

901 2698 1020 2752 gliornm
1035 2689 1154 2751 ‘magnus
1167 2690 1219 2716 luit
1233 2690 1259 2716 in
1275 2689 1379 2716 Sabatis
1397 2695 1555 2724 proventus,
1574 2695 1603 2718 ut
1615 2690 1698 2717 tradit

933 2733 1016 2752 unus.
1045 2734 1071 2752 D.

923 2726 1016 2753 liuius.
1035 2726 1071 2752 ιι).

936 2761 993 2796 (97)
1012 2761 1067 2788 Καὶ
1083 2759 1145 2792 τοῖς
1160 2759 1296 2796 Ιπειεῦοπἶ
1314 2759 1360 2786 Sic
1374 2759 1591 2796 editioSixtina,
1604 2765 1631 2788 et
1643 2768 1696 2788 ms.

903 2794 1125 2822 Alexandrinus:
1150 2800 1178 2821 at
1202 2794 1405 2829 Complutensis
1422 2794 1527 2825 editio,
1549 2800 1576 2822 et
1601 2796 1698 2830 reliqui

893 2831 1074 2866 (interpretes,
1090 2841 1097 2856 ‹
1110 2830 1229 2858 Chaldmi
1244 2830 1366 2858 fecerunt
1382 2834 1436 2856 tres
1452 2833 1566 2858 turmas.
1579 2839 1588 2857 ι
1605 2830 1643 2859 In.
