1870 3049
38 131 110 158 IIQI

542 128 722 156 COMMENT.
748 127 780 154 IN
800 127 1009 154 llIAT'IIIinIIM
1030 127 1147 155 TOIIUS
1162 128 1230 155 XIII.

1606 133 1675 160 “‘22

36 190 89 216 τοῦ
105 189 169 224 ἔχον
189 188 238 223 τὴν
251 187 341 213 εἰκόνα
368 186 505 221 Καίσαρος
518 185 648 220 νόμιτμα,
664 185 711 212 καὶ
727 185 836 220 γένηται

926 184 1048 218 pellatur,
1068 189 1096 211 ιιι
1112 184 1252 211 auferatur
1277 185 1310 212 ah
1333 186 1379 213 illo
1405 194 1534 214 nummus
1559 188 1675 216 Caesaris

38 236 70 261 ὲν
82 232 125 266 οἷς
141 235 165 260 οἱ
181 233 350 268 ἁλιευόμενοι
365 231 416 258 ὑπὸ
441 231 494 257 τῶν
516 231 714 266 μεμαθηκότων
732 230 836 265 ἀνθρώ-

39 288 112 311 πους
128 279 257 306 ἁλιεύειν.
282 278 310 303 '0
337 277 384 312 μὲν
406 275 452 303 οὖν
476 276 544 310 ἔχων
562 276 594 302 τὰ
616 276 753 310 Καίσαρος
770 275 837 301 ἀπο-

38 326 142 352 διδότω
157 325 228 351 αὑτὰ
244 324 282 359 τῷ
293 324 424 357 Καίσαρι,
450 323 493 348 ἵνα
511 322 578 357 μετὰ
592 321 670 348 τοῦτο
685 321 836 347 ἀποδιδόναι

39 371 148 406 δυνηθῇ
168 371 202 396 τὰ
221 369 267 396 τοῦ
293 369 360 395 Θεοῦ
381 368 420 402 τῷ
437 367 506 402 Θεῷ.
523 367 599 393 Ἐπεὶ
617 367 645 393 δὲ
662 366 783 402 Ἰησοῦς,
798 367 837 392 εἰ-

40 416 101 443 κὼν
112 415 152 442 ὢν
165 415 211 441 τοῦ
229 415 295 441 Θεοῦ
318 414 365 440 τοῦ
387 415 514 448 ἀοράτου.
539 413 589 439 οὐκ
611 411 666 448 εἶχε
679 413 729 448 τὴν
747 411 837 438 εἰκόνα

40 463 92 489 τοῦ
105 463 256 498 Καίσαρος,
287 462 301 487 ὁ
323 461 377 496 γὰρ
393 462 484 496 ἅρχων
505 460 552 486 τοῦ
571 460 667 491 αἰῶνος
682 459 778 486 τούτου
793 459 837 485 οὺ-

39 509 87 534 δὲν
101 506 175 543 εἶχεν
189 509 217 534 ἐν
237 507 320 542 αὐτῷ,
345 507 389 532 διὰ
410 507 489 532 τοῦτο
505 506 558 532 ἀπὸ
573 506 673 532 οἰκείου
688 505 770 531 τόπου
787 505 837 539 τῆς

41 553 188 589 θαλάσσης
218 554 267 588 τὴν
297 553 387 579 εἰκόνα
403 553 541 587 Καίσαρος
558 551 700 586 λαμϐάνει,
727 551 770 576 ἵνα
801 550 837 584 δῷ

39 601 101 631 τοῖς
116 600 168 634 τῆς
181 599 232 633 γῆς
246 598 399 633 βασιλεῦσιν
419 598 478 624 ἀντὶ
489 597 570 623 αὑτοῦ
585 597 631 622 καὶ
650 595 696 622 τοῦ
718 595 837 631 μαθητοῦ

42 645 145 677 αὑτοῦ,
156 645 199 671 ἵνα
213 645 280 680 μηδὲ
294 644 522 678 ὑπολαμϐάνωσιν
535 645 558 669 οἱ
572 643 606 670 τὰ
621 644 754 678 δίδραχμα
767 643 837 678 λαμ-

41 691 177 721 ὁάνοντες
190 689 331 725 ὀφειλέτην
348 689 438 716 αὐτῶν
461 686 542 719 εἶναι,
560 687 607 714 καὶ
632 687 686 714 τῶν
709 687 838 721 βασιλέων

40 736 95 770 τῆς
119 735 173 770 γῆς
185 735 230 761 τὸν
245 734 357 770 Ἰησοῦν·
375 734 499 761 ἀπέδωκε
514 733 568 768 γὰρ
587 734 635 768 τὴν
651 733 771 768 ὀφειλὴν,
789 733 838 758 οὐκ

40 780 193 808 ἀναλαϐὼν
220 781 315 815 αὐτὴν,
344 780 404 806 οὐδὲ
431 779 610 814 κεκτημένος,
637 779 695 806 οὐδὲ
713 779 837 814 πορίσας,

40 827 108 853 οὐδὲ
129 827 195 852 ἴδιόν
219 835 283 853 ποτε
309 827 426 860 ποιήσας
453 825 538 860 αὐτὴν
562 825 664 859 κτῆμα,
691 825 734 850 ἴνα
756 823 837 859 μηδέ-

42 881 113 899 ποτε
126 873 143 907 ἠ
160 872 298 907 Καίσαρος
323 870 404 898 εἰκὼν
454 870 530 907 παρὰ
546 871 578 906 τῇ
600 871 683 897 εἰκόνι
706 870 752 896 τοῦ
768 870 835 896 Θεοῦ

42 916 94 943 τοῦ
111 918 239 954 ἀοράτου.

79 1007 136 1033 Καὶ
157 1006 216 1031 κατ’
229 1005 307 1031 ἄλλον
321 1005 349 1031 δὲ
363 1004 462 1040 τρόπον
477 1004 584 1039 λεχθείη
597 1012 604 1019 ’
624 1004 682 1030 Εἰσί
695 1012 767 1034 τινες
783 1003 836 1028 τῶν

44 1050 182 1085 βατιλέιιτν
201 1051 251 1085 τῆς
273 1051 325 1085 γῆς
349 1051 410 1081 υἱοὶ,
436 1050 482 1076 καὶ⁸
495 1051 543 1084 οὐχ
563 1049 616 1075 υἱοὶ
636 1049 740 1079 αὐτῶν,
768 1049 836 1084 πλὴν

41 1097 110 1128 υἱοὶ,
125 1097 173 1123 καὶ
193 1095 399 1130 ἁπολελυμένως
414 1095 482 1121 υἱοί·
499 1095 586 1130 ἕτεροι
603 1095 648 1125 δὲ,
666 1095 710 1121 διὰ
725 1094 755 1120 τὸ
767 1092 836 1120 εἶναι

41 1142 183 1177 ἀλλότριοι
202 1142 255 1167 τῶν
275 1141 339 1167 υἱῶν
356 1141 410 1166 τῶν
431 1140 562 1174 βασιλέων
580 1140 628 1175 τῆς
646 1140 708 1174 γῆς.
732 1140 837 1171 οὐδενὸς

43 1188 98 1223 μὲν
111 1188 167 1213 τῶν
182 1187 228 1214 ἐπὶ
244 1187 295 1221 γῆς
306 1187 357 1212 υἱοὶ
367 1207 373 1217 ,
391 1187 456 1213 αὐτὸ
470 1187 498 1212 δὲ
513 1185 591 1212 τοῦτο
605 1186 668 1216 υἱοὶ,
682 1186 740 1220 ἦτοι
752 1186 779 1212 δὲ
790 1186 836 1212 τοῦ

41 1234 125 1264 Θεοῦ,
141 1234 156 1268 ἢ
173 1233 219 1259 τοῦ
238 1232 303 1259 Υἱοῦ
321 1232 414 1262 αὐτοῦ,
429 1233 445 1267 ἦ
458 1241 529 1261 τινος
541 1231 595 1258 τῶν
608 1231 654 1258 τοῦ
672 1231 750 1258 Θεοῦ.
774 1231 837 1258 Ἐὰν

40 1278 93 1306 οὖν
113 1281 127 1305 ὁ
145 1279 239 1314 Σωτὴρ
262 1278 430 1313 πυνθάνηται
452 1277 498 1303 τοῦ
517 1277 621 1312 Πέτρου
644 1276 746 1310 λέγων·
774 1286 782 1301 ι
806 1276 837 1302 Ol.

43 1326 168 1361 βασιλεῖς
181 1325 232 1359 τῆς
246 1324 298 1358 γῆς
312 1324 364 1350 ἀπῇ
381 1324 461 1349 τινων
473 1322 640 1357 λαμϐάνουσι
658 1322 721 1357 τέλη
740 1322 756 1358 ἢ
771 1322 837 1357 κῆν-

43 1380 109 1403 σον;
128 1371 182 1397 ἀπὸ
196 1371 248 1396 ςῶν
266 1370 337 1396 [δίων
349 1369 414 1395 υἱῶν
426 1389 432 1399 ,
447 1369 462 1404 ἢ
483 1369 536 1394 ἀπὺ
552 1368 605 1394 τῶν
626 1367 771 1403 ἀλλοτρίων
788 1368 838 1394 αὐ-

40 1419 122 1451 τῶν;
151 1428 158 1442 ι
183 1417 303 1449 εἰπόντος
326 1417 354 1443 δὲ
377 1416 423 1442 τοῦ
446 1416 560 1451 Πέτρου,
579 1416 619 1442 ὅτι
635 1416 685 1442 οὐκ
707 1415 760 1442 ἀπὸ
783 1415 838 1442 τῶν

42 1464 122 1490 ἰδῖων
143 1463 218 1493 υἱῶν,
235 1462 292 1489 ἀλλ’
315 1472 323 1487 ι
348 1461 402 1488 ἀπὸ
413 1461 467 1487 τῶν
482 1460 628 1496 ἀλλοτρίων
648 1470 657 1486 ι
672 1460 771 1492 αὐτῶν,
787 1470 839 1496 φη-

41 1511 89 1537 σὶν
102 1511 117 1536 ό
141 1509 243 1544 Ἰησοῦς
262 1508 325 1544 περὶ
341 1507 441 1533 τούτων
460 1506 556 1537 οἵτινες
572 1505 706 1540 ἀλλότριοι
723 1507 775 1532 εισι
785 1506 838 1532 τῶν

41 1553 181 1590 βαοιλὲων
189 1554 238 1588 τῆς
246 1553 308 1588 γῆς,
321 1553 367 1579 καὶ
379 1552 421 1578 διὰ
434 1551 464 1577 τὸ
475 1549 543 1577 εἶναι
554 1551 700 1586 ἐλεύθεροι,
712 1551 764 1577 υἱοὶ
775 1561 840 1586 τυγ-

40 1601 179 1635 χάνουσι,
203 1598 248 1624 τό⁴
276 1607 284 1623 ε
306 1598 375 1632 ’Ἄρα
396 1606 426 1631 γε
453 1595 588 1630 ἐλεύθεροί
612 1597 680 1622 εἰσιν
697 1597 721 1622 οἱ
738 1597 800 1628 υἱοὶ,
828 1607 835 1622 ι

39 1645 96 1670 οὐκ
123 1643 260 1678 ἐλεύθεροι
281 1643 333 1677 γὰρ
354 1643 376 1668 οἱ
404 1642 456 1669 υἱοὶ
480 1642 533 1668 τῶν
557 1641 690 1676 βασιλέων
708 1642 837 1677 τῆς-(ἦς’

44 1699 53 1714 ε
78 1688 143 1714 ἐπεὶ
162 1688 216 1718 πᾶς
233 1689 247 1713 ὁ
263 1687 347 1713 ποιῶν
363 1686 411 1722 τὴν
428 1687 565 1722 ἁμαρτίαν
578 1686 670 1717 δοῦλος
684 1687 734 1721 τῆς
751 1688 840 1722 ἁμαρ-

40 1735 107 1765 τίας
127 1734 218 1759 ἐστίν’
241 1743 249 1758 ι
266 1732 402 1768 ἐλεύθεροι
417 1732 446 1758 δὲ
466 1732 490 1758 οἱ
508 1732 649 1767 μείναντες
670 1733 704 1767 τῇ
727 1732 840 1767 ἀληθείᾳ

40 1779 93 1805 τοῦ
111 1778 193 1812 λόγου
211 1777 258 1804 τοῦ
278 1776 362 1809 Θεοῦ,
378 1776 424 1802 καὶ
441 1775 484 1802 διὰ
497 1775 574 1802 τοῦτο
591 1775 699 1809 γνόντες
712 1775 760 1810 τὴν
776 1775 841 1811 ἀλή-

887 229 1030 263 imagiuem
1052 238 1106 264 pra:
1123 238 1151 256 se
1172 230 1271 260 ferens.
1290 236 1316 258 et
1338 232 1407 258 inter
1423 239 1470 259 eos
1492 238 1673 266 recensentur,

887 274 1026 308 inquibus
1043 275 1060 300 ii
1081 282 1150 308 quos
1166 275 1295 309 piscando
1316 281 1447 309 ceperunt
1466 277 1513 311 qui
1535 277 1673 304 hominum

886 314 1078 353 piscandorum
1103 320 1234 346 rationem
1260 320 1347 346 edocti
1368 325 1442 347 sunt.
1463 320 1593 356 Quisquis
1609 330 1675 356 ergo

887 365 968 391 habet
982 373 1042 399 qua:
1055 370 1118 392 sunt
1133 366 1260 396 Carsaris,
1280 367 1374 393 reddat
1389 375 1420 394 ea
1439 367 1550 400 Caesari,
1569 373 1598 395 ut
1614 377 1675 403 qua:

887 409 933 437 Dei
958 416 1021 438 sunt
1047 411 1158 438 reddere
1184 411 1238 438 Deo
1264 412 1362 439 deinde
1386 414 1473 447 possit
1484 414 1516 441 “.
1540 414 1674 446 Quoniam

887 460 978 482 autem
995 456 1074 482 Jesus
1097 458 1142 490 qni
1161 456 1207 483 Dei
1235 457 1286 484 sub
1302 457 1444 485 oculorum
1463 465 1603 494 aspectum
1619 468 1673 486 non

887 499 1008 526 cadentis
1024 500 1113 534 imago
1124 505 1175 531 est,
1187 500 1303 528 Caesaris
1319 502 1462 535 imaginem
1475 510 1528 529 non
1543 503 1674 536 habebat;

890 544 955 570 nihil
974 545 1046 571 enim
1062 545 1087 570 iu
1101 552 1134 571 eo
1149 550 1207 572 erat
1224 547 1295 580 quod
1309 547 1341 573 ad
1355 546 1435 581 585
1455 547 1604 582 principem
1623 557 1675 577 sa:-

888 590 941 616 culi
967 589 1047 622 hujus
1065 591 1226 623 pertineret;
1247 597 1388 626 propterea
1412 601 1444 619 ex
1471 593 1568 620 idoneo
1593 595 1677 622 maris

889 635 949 662 loco
961 636 1076 662 Caesaris
1088 636 1232 670 imaginem
1246 638 1390 671 deprontit,
1405 646 1486 672 quatit
1499 647 1547 674 pro
1561 648 1600 671 se,
1616 648 1677 667 suo-

888 689 940 714 que
955 681 1089 714 discipulo
1105 682 1214 715 regibus
1230 687 1309 709 terrae
1335 684 1452 717 pendat;
1478 693 1511 712 ne
1536 685 1605 713 forte
1627 686 1675 721 qui

888 727 1046 754 didrachma
1065 733 1174 761 cogunt,
1195 735 1274 754 suum
1291 736 1351 756 esse
1365 730 1515 757 debitorem
1531 730 1634 765 Jesum,
1649 737 1676 759 et

889 780 983 806 regum
1009 777 1087 799 terra:
1111 777 1227 806 putent:
1243 773 1363 801 debitum
1381 776 1453 802 enim
1479 784 1515 804 aes
1534 778 1674 811 persolvit,

889 827 950 846 cum
969 819 1034 846 illud
1051 819 1076 845 in
1096 827 1192 846 manus
1210 828 1262 846 non
1279 822 1452 855 sumpsisset,
1474 831 1560 858 neque
1582 831 1674 858 pOSse—

855 862 873 888 Β
887 863 983 897 disset,
998 872 1086 900 neque
1102 865 1300 899 acquisivisset,
1321 874 1408 901 neque
1431 867 1539 896 fecisset
1554 878 1673 903 unquam

889 911 1028 945 proprium
1045 915 1074 938 ut
1088 917 1161 938 esset
1177 912 1241 943 sibi,
1256 920 1289 939 ne
1310 921 1428 947 unquam
1443 915 1513 948 apud
1530 915 1674 950 imaginem

890 964 943 983 non
959 957 1131 991 aspectabilis
1146 957 1193 984 Dei
1209 957 1298 993 imago
1313 958 1430 987 Caesaris
1448 960 1586 988 habeatur.

926 1001 969 1027 ll.
993 1001 1053 1028 Alio
1077 1002 1157 1028 etiam
1179 1002 1260 1029 modo
1285 1003 1311 1030 id
1332 1004 1460 1038 explicari
1485 1010 1673 1040 potestzsunt

890 1047 999 1081 quidam
1010 1055 1102 1082 regum
1117 1053 1196 1075 terra:
1208 1048 1264 1080 lilii,
1280 1057 1328 1076 nec
1343 1057 1437 1077 eorum
1451 1055 1541 1078 tamen
1555 1052 1612 1084 lilii,
1627 1053 1674 1079 sed

891 1093 938 1120 lilii
965 1097 993 1119 et
1017 1093 1140 1120 absolute
1156 1093 1203 1120 lilii
1223 1103 1229 1120 :
1248 1094 1292 1121 alii
1319 1100 1420 1127 autem,
1443 1097 1515 1130 quod
1538 1105 1553 1123 a
1580 1105 1674 1132 regum

891 1142 970 1164 terra:
983 1138 1046 1165 liliis
1063 1139 1163 1166 diversi
1178 1139 1242 1171 sint,
1259 1140 1360 1167 nullius
1373 1149 1405 1168 ex
1422 1141 1454 1168 iis
1469 1142 1516 1176 qui
1529 1150 1611 1176 supra
1623 1148 1672 1170 tor-

890 1192 949 1210 ram
965 1185 1066 1220 degunt
1077 1185 1124 1212 lilii
1141 1190 1214 1217 sunt,
1231 1186 1277 1212 sed
1301 1191 1409 1221 propter
1435 1187 1487 1215 hoc
1513 1189 1601 1222 ipsum
1627 1190 1674 1217 lilii

891 1234 954 1257 sunt
982 1230 1022 1256 vel
1048 1229 1106 1263 Dei,
1124 1229 1165 1257 vel
1189 1231 1274 1265 ipsius
1296 1231 1374 1265 Filii,
1400 1233 1440 1260 vel
1461 1233 1575 1269 alicujus
1595 1243 1610 1262 e
1628 1234 1674 1261 Dei

890 1274 963 1302 ﬁliis.
978 1274 1006 1302 Si
1019 1283 1085 1310 ergo
1096 1275 1206 1302 Petrum
1224 1277 1370 1312 interroget
1385 1277 1512 1306 Servator
1526 1280 1618 1308 dicens
1630 1282 1652 1297 "
1666 1291 1672 1308 ε

894 1328 903 1344 ι
919 1319 1006 1354 Reges
1023 1324 1102 1346 terrae
1117 1328 1132 1346 a
1148 1321 1247 1354 quibus
1259 1322 1398 1356 accipiunt
1412 1324 1540 1351 tributum
1556 1326 1597 1352 vel
1611 1333 1674 1353 ceu-

891 1365 975 1391 sum?
991 1373 1005 1391 a
1022 1365 1083 1392 liliis
1107 1365 1180 1398 suis,
1201 1374 1234 1392 an
1252 1367 1287 1393 ab
1305 1367 1424 1395 alienis?
1440 1379 1448 1394 ι
1468 1375 1494 1397 et
1513 1372 1675 1405 respondeat

891 1410 998 1443 Petrus,
1015 1419 1070 1438 non
1087 1419 1101 1438 a
1117 1412 1189 1444 ﬁliis,
1207 1413 1253 1439 sed
1275 1422 1283 1438 ι
1301 1413 1334 1440 ab
1351 1414 1466 1447 alienis;
1483 1425 1492 1441 ι
1512 1416 1544 1443 de
1561 1417 1602 1444 his
1626 1418 1673 1452 qui

892 1464 968 1491 reges
983 1461 1060 1484 terra:
1076 1458 1238 1492 cognatione
1258 1466 1311 1484 non
1331 1460 1477 1494 attingunt,
1492 1465 1518 1487 et
1533 1467 1673 1496 propterea

892 1503 964 1536 quod
983 1503 1059 1530 liberi
1076 1508 1148 1534 sunt,
1164 1503 1210 1530 lilii
1228 1508 1302 1536 sunt,
1324 1505 1362 1531 ait
1378 1505 1506 1533 Servator
1518 1507 1558 1533 ":
1582 1516 1592 1533 ε
1606 1507 1676 1543 Ergo

893 1548 969 1574 liberi
986 1552 1049 1575 sunt
1066 1548 1122 1580 lilii,
1139 1558 1147 1573 ι
1164 1556 1216 1575 non
1234 1549 1306 1575 enim
1325 1550 1401 1576 liheri
1426 1557 1489 1578 sunt
1513 1551 1558 1578 lilii
1582 1560 1675 1587 regum

893 1598 971 1621 terra:
985 1602 991 1626 ;
1010 1603 1018 1618 ι
1034 1594 1097 1627 quia
1112 1595 1201 1621 omnis
1215 1595 1259 1629 qui
1276 1595 1339 1622 facit
1352 1601 1501 1630 peceatum,
1519 1605 1613 1625 servus
1635 1604 1676 1626 est

893 1639 995 1673 peccati
1009 1640 1050 1671 ‘7;
1069 1649 1078 1664 ι
1100 1640 1176 1666 liberi
1193 1646 1282 1667 autem
1310 1646 1382 1673 sunt,
1402 1642 1447 1675 qui
1470 1649 1677 1676 permanserunt

894 1685 919 1710 in
937 1685 1050 1711 veritate
1073 1686 1209 1713 sermonis
1227 1685 1284 1718 Dei,
1301 1691 1327 1713 et
1341 1688 1480 1714 veritatem
1506 1688 1606 1715 idcirco
1631 1697 1678 1716 co-

895 1735 1057 1764 gnoverunt,
1087 1736 1115 1756 ut
1139 1731 1211 1757 illius
1235 1739 1285 1766 ope
1307 1732 1439 1760 libertatis
1461 1739 1600 1768 compotes
1628 1735 1676 1761 fie-

894 1779 953 1801 rent
966 1775 998 1802 "‘.
1015 1775 1042 1801 Si
1061 1775 1122 1810 quis
1138 1783 1201 1810 ergo
1219 1777 1291 1804 lilius
1305 1782 1346 1804 est
1363 1780 1560 1812 tantummodo,
1579 1785 1605 1807 et
1623 1788 1676 1808 non

650 1834 740 1861 VETU
747 1835 765 1860 S
786 1833 1074 1860 INTERPRETATIO.

40 1885 113 1911 dant
131 1883 276 1915 tributum,
292 1883 333 1909 vel
348 1890 470 1914 censum,
485 1882 571 1920 etnalii
586 1882 872 1920 praeterﬁlioseorum
889 1882 1009 1920 extranei
1025 1889 1040 1920 ξι
1058 1882 1166 1920 regibus
1180 1889 1268 1915 terrre,
1290 1891 1321 1910 ex
1337 1884 1435 1920 quibus
1447 1886 1585 1919 accipiunt
1599 1894 1676 1920 reges

42 1924 129 1945 terra).
147 1917 289 1950 tributum,
306 1918 346 1944 vel
364 1925 486 1944 censum.
508 1916 553 1954 Ειλ
564 1921 628 1954 sunt
639 1917 694 1954 _t_’ilii
708 1917 824 1954 quidem
846 1924 939 1943 eorum
956 1917 1034 1943 liberi
1050 1917 1120 1950 apud
1140 1925 1216 1954 reges
1231 1923 1319 1954 terno,
1335 1916 1406 1946 sicut
1423 1921 1492 1953 apud
1506 1916 1595 1954 patres
1608 1916 1652 1946 lilii
1668 1930 1674 1947 ;

41 1953 174 1980 extranei
195 1957 284 1979 autem
299 1957 374 1979 extra
394 1957 492 1989 terram
508 1951 617 1989 quidem
639 1951 715 1989 Liberi
730 1955 803 1982 sunt,
822 1956 931 1989 propter
945 1959 992 1978 eos
1010 1956 1100 1989 antem
1114 1952 1158 1985 qui
1175 1952 1350 1989 dominantur
1365 1951 1470 1989 eorum,
1483 1951 1677 1989 etdeprimuut

41 1995 107 2019 eos.
129 1987 201 2014 sicut
221 1986 339 2021 Egyptii
354 1986 423 2013 filios
436 1986 528 2023 Israel,
546 1986 625 2023 servi.
640 1985 835 2023 PropterAquos
851 1985 1007 2023 servientes,
1021 1986 1137 2023 fortnam
1159 1987 1227 2023 servi
1245 1988 1365 2022 suscepit
1380 1987 1465 2015 Filius
1482 1989 1537 2018 Dei,
1554 1985 1599 2023 qui
1616 1989 1676 2015 nul-

42 2024 103 2049 lum
122 2029 193 2056 opus
215 2020 281 2048 fecit
295 2022 395 2048 luteum
411 2025 437 2048 et
450 2021 561 2056 servile.
574 2020 657 2054 Quasi
676 2028 741 2056 ergo
759 2020 862 2047 habens
879 2020 992 2056 formam
1011 2021 1080 2047 servi
1102 2021 1174 2047 illius
1192 2020 1334 2048 lrihutunf
1345 2027 1373 2049 et
1394 2031 1505 2050 censum
1523 2020 1605 2056 dedit,
1621 2032 1675 2049 non

41 2057 120 2084 aliud
132 2055 167 2083 ab
176 2064 209 2083 eo
218 2057 289 2090 quod
300 2055 532 2092 deditdiscipulus
541 2055 598 2088 ejus
613 2065 619 2092 ς
633 2055 771 2092 ἰρεθειιί-ιιι
785 2059 869 2092 stater
879 2055 1036 2092 sufﬁciebat.
1056 2060 1082 2082 et
1093 2063 1176 2092 uuunt
1190 2057 1324 2092 immisma
1338 2058 1409 2091 quod
1421 2058 1536 2084 dabatur
1547 2066 1594 2092 pro
1611 2057 1675 2084 Jesn

41 2096 68 2118 et
85 2098 136 2126 pro
147 2089 281 2125 discipulo
290 2091 358 2124 ejus.
372 2090 427 2117 Iloc
440 2097 529 2126 autem
544 2090 679 2126 nomisma
693 2090 812 2126 indomo
825 2090 931 2123 quidem
946 2089 1008 2126 .Iesu
1022 2098 1075 2126 non
1089 2095 1157 2121 erat,
1172 2091 1195 2116 in
1209 2091 1275 2117 mari
1288 2089 1376 2118 autem
1395 2097 1463 2125 erat,
1484 2097 1511 2119 et
1523 2089 1580 2119 erat
1593 2094 1618 2119 in
1630 2100 1677 2119 ore

41 2125 132 2162 piscis
144 2126 243 2153 marini
252 2125 443 2162 :quem_ipsmq
455 2125 554 2162 piscem
567 2125 684 2162 arbitror
694 2125 845 2162 adjuratum
858 2125 1014 2162 ascendisse
1021 2125 1052 2151 ad
1062 2125 1170 2162 hamum
1182 2126 1265 2162 Petri,
1278 2131 1304 2153 et
1315 2127 1538 2160 comprehensum
1550 2128 1622 2154 abeo
1631 2127 1677 2162 qni

42 2159 193 2188 hominum
205 2161 324 2195 piscator
332 2160 420 2186 fuerat
432 2159 530 2191 factus,
547 2160 573 2186 in
586 2159 685 2195 quibus
699 2163 757 2186 erat
772 2160 818 2193 qui
835 2167 906 2195 nunc
921 2159 1057 2195 moraliter
1067 2160 1165 2186 dicitur
1176 2161 1270 2193 piscis,
1288 2167 1314 2187 ut
1332 2159 1440 2188 tollatur
1451 2163 1484 2188 ab
1496 2170 1528 2188 eo
1542 2159 1677 2189 nomisma

42 2195 123 2230 quod
138 2194 254 2222 habebat
265 2194 408 2229 imaginem
424 2195 549 2230 Caesaris,
564 2198 590 2221 et
607 2194 653 2230 fiat
670 2194 739 2230 inter
756 2201 802 2220 eos
816 2194 860 2227 qui
879 2194 973 2230 piscari
991 2199 1054 2230 sunt
1071 2202 1153 2230 eumn
1164 2195 1215 2227 Qui
1231 2203 1294 2229 ergo
1306 2195 1386 2222 habet
1400 2205 1460 2230 qum
1473 2202 1537 2224 sunt
1549 2197 1675 2228 Caesaris,

41 2227 149 2257 Caesari
163 2237 195 2256 ea
210 2227 352 2261 reddat,ul
363 2230 474 2263 posthac
486 2229 694 2266 valeatretlulere
704 2228 759 2266 _Dco
773 2236 833 2262 qua:
849 2234 911 2255 sunt
925 2228 981 2255 Dei.
993 2227 1126 2260 Quoniam
1140 2228 1218 2266 Iesus
1233 2227 1283 2256 non
1296 2231 1389 2257 habuit
1402 2227 1676 2266 iiuaginemCaasaI-is.

43 2266 177 2299 princeps
194 2265 266 2291 enim
283 2264 374 2291 sa:culi
392 2264 472 2297 hujus
489 2263 556 2290 nihil
573 2263 690 2299 habebat
704 2263 730 2299 in
746 2271 788 2293 eo,
804 2267 944 2297 propterea
966 2270 1018 2289 non
1034 2271 1067 2289 ex
1086 2264 1205 2298 proprio,
1223 2265 1268 2291 sed
1281 2273 1312 2291 ex
1329 2263 1498 2293 convenie'nti
1515 2267 1575 2293 loco
1592 2266 1676 2293 maris

43 2298 197 2333 imaginem
212 2299 333 2335 Caesaris?
352 2299 455 2332 accepit
470 2305 542 2330 eam,
557 2302 587 2335 ut
598 2298 643 2335 det
657 2298 766 2332 regibus
787 2302 864 2324 terrae
879 2305 927 2331 pro
945 2305 990 2335 se,_
1002 2302 1028 2335 et
1044 2306 1092 2335 pro
1106 2299 1240 2335 discipulo
1255 2307 1314 2331 suo,
1337 2305 1365 2326 ut
1380 2308 1429 2328 nec
1449 2302 1615 2328 arbitrentur
1630 2301 1676 2335 qui

43 2334 210 2361 didrachma
224 2334 402 2367 aet-.ipiebant,
420 2340 481 2360 esse
497 2340 559 2359 eum
573 2333 722 2369 debitorem
735 2336 928 2369 regumterrm,
945 2333 1032 2369 reddit
1043 2333 1116 2359 enim
1131 2334 1248 2360 debitam
1263 2342 1315 2360 non
1334 2336 1486 2369 suscipiens
1502 2344 1575 2368 cum,
1590 2333 1677 2369 neq-ue

83 2368 206 2399 ssidens.
225 2366 311 2402 neque
328 2368 484 2402 acquirens,
497 2375 584 2402 neque
599 2366 702 2394 faciens
717 2375 778 2394 eum
791 2366 842 2393 sibi
854 2367 1065 2401 possessionem,
1081 2372 1110 2394 ut
1124 2376 1158 2394 ne
1169 2369 1204 2395 sit
1215 2369 1361 2403 aliquando
1373 2366 1462 2405 imago
1474 2366 1589 2397 Caesaris
1603 2366 1675 2404 apud

42 2402 215 2430 invisibilem
231 2402 325 2429 Deum.

84 2438 129 2464 ll.
153 2437 203 2464 Ista
219 2437 337 2464 diximus
352 2437 501 2463 secundum
528 2443 609 2471 unum
634 2436 755 2467 modum,
774 2436 901 2470 quoniam
927 2436 1060 2471 duplicem
1084 2445 1193 2464 sensum
1218 2437 1298 2465 habet
1321 2439 1365 2465 hic
1384 2447 1483 2466 seruio.
1513 2438 1670 2466 Secundum

42 2473 166 2499 alterum
183 2478 273 2498 autem
291 2472 355 2498 talia
371 2473 422 2498 dici
438 2476 562 2505 p05sunt.
581 2470 710 2508 Filiorum
729 2476 795 2508 sunt
806 2471 916 2508 quidam
937 2470 982 2498 lilii
1001 2480 1093 2506 regum
1110 2477 1188 2498 terra:
1204 2481 1209 2498 :
1226 2473 1270 2498 alii
1287 2478 1376 2499 autem
1394 2479 1503 2508 propter
1518 2475 1569 2500 hoc
1587 2474 1675 2508 ipsum

42 2507 122 2541 quod
139 2507 220 2533 alieni
236 2512 298 2533 sunt
311 2515 326 2533 a
344 2506 407 2533 ﬁliis
421 2514 513 2539 regunt
532 2510 620 2541 terra},
637 2506 738 2541 nullius
751 2506 858 2539 quidem
872 2513 971 2541 eorum
986 2508 1031 2541 qui
1046 2511 1109 2533 sunt
1125 2515 1206 2540 super
1224 2513 1323 2534 terrain
1342 2506 1475 2538 ΙὲΙιῖδιιιίι,
1494 2510 1538 2535 sed
1553 2506 1603 2535 aut
1616 2507 1673 2537 Dei,

43 2539 97 2568 aut
112 2541 176 2568 Filii
195 2542 253 2573 Dei,
271 2541 445 2583 aut'alicujus
461 2541 578 2567 liliorum
593 2540 649 2567 Dei.
665 2540 778 2573 Quando
791 2548 855 2574 ergo
869 2539 1289 2576 Salvatoninterrogat'l’etrum,
1304 2543 1397 2569 dicetis
1412 2552 1417 2569 :
1437 2553 1445 2568 ι
1464 2543 1549 2576 Reges
1563 2549 1639 2569 tetra:
1658 2549 1674 2568 a

72 2612 98 2627 “
114 2610 200 2638 Marc.
213 2619 262 2644 xu,
280 2612 324 2644 l6,
341 2611 577 2644 l'l;Luc.xx,%,
595 2612 640 2638 ‘25.
679 2611 702 2627 ⁸³
717 2611 811 2638 Matth.
822 2619 889 2644 xvu,
901 2612 948 2644 2i,
960 2612 1004 2639 25.
1045 2613 1066 2628 "‘
1080 2612 1146 2640 Ibid.
1182 2613 1203 2628 ⁵⁷
1217 2612 1295 2640 Joan.
1307 2613 1420 2645 vtu,54.
1454 2611 1548 2643 “Litt.
1572 2614 1615 2645 51,
1628 2614 1675 2641 52.

44 2682 80 2709 ιι.
97 2682 128 2707 ὲν
145 2677 178 2714 ᾧ.
195 2679 224 2707 Si
239 2680 316 2714 legis,
331 2682 360 2707 ἐν
373 2677 405 2714 ᾧ,
424 2681 554 2707 referetur
567 2681 599 2707 ad
619 2681 718 2714 piscem
734 2690 740 2708 :
754 2681 787 2713 si,
806 2681 835 2707 ἐν

42 2715 99 2747 οἷς,
122 2715 255 2742 referetur
270 2716 303 2741 ad
325 2716 460 2742 homines.
481 2715 566 2750 Ἰχούς
581 2720 669 2742 autent
692 2716 735 2742 ille
756 2716 836 2742 Chri-

43 2757 108 2778 stus
124 2750 236 2790 est‘.l_ita
249 2751 283 2776 ab
298 2751 417 2790 antiquus
433 2750 747 2790 Ratrilrusnappellatusl
762 2751 834 2790 quod

44 2792 149 2811 vocum
169 2785 286 2820 illarum,
306 2785 548 2820 νῚησοῠςψΧριστος
562 2785 628 2811 Θεοῦ
650 2785 712 2816 Υἱὸς
729 2785 834 2820 Σωτήρ,

44 2821 139 2854 sigla,
169 2819 261 2853 ξχϐὑς,
285 2819 390 2846 ellieiat.
415 2819 597 2847 Tertullianus
623 2820 659 2846 De
684 2819 833 2853 baptismo,

889 2680 1003 2715 Optatus
1017 2680 1187 2708 Milevilanus
1200 2681 1246 2707 lib.
1263 2689 1303 2712 III,
1318 2681 1417 2709 Contra
1431 2679 1565 2716 Parmm.,
1581 2682 1657 2716 Augu
1667 2697 1675 2702 -

889 2717 977 2742 stiuus
995 2716 1042 2743 lib.
1058 2724 1122 2742 xvui
1138 2716 1175 2742 De
1190 2717 1261 2742 civil.
1279 2716 1336 2749 Dei,
1354 2724 1414 2750 cap.
1429 2715 1476 2747 23;
1494 2715 1676 2751 Prosperfbe

889 2751 1107 2788 praadirt.,_part.
1127 2758 1236 2788 II,__cap.
1251 2751 1302 2782 59,
1327 2751 1488 2787 ψευδώνυμα
1510 2751 1675 2788 Sibyllarum

889 2784 1003 2812 Oracula
1018 2784 1065 2812 lib.
1082 2793 1140 2812 vut.
1160 2784 1292 2811 Hunnus.
