1870 3049
47 104 125 131 HIS

517 103 697 133 COMMENT.
714 103 749 132 ΙΝ
768 105 977 134 ΜᾹΤΤΙΙΕΠΜ
998 107 1118 136 ΤΟΜυδ
1138 107 1210 135 XIII.

1624 109 1695 137 1114

48 161 264 198 προειρημένων
276 161 429 197 συμϐαίνει,
438 162 488 189 οὐκ
503 163 613 189 ἐκείνων
627 162 744 198 πρώτων
756 164 784 190 αἱ

956 186 963 197 ,
985 166 1026 193 vol
1053 166 1090 193 illi
1113 167 1158 201 qui
1177 173 1238 193 eum
1257 166 1367 194 tradunt
1382 167 1408 194 in
1424 175 1522 196 manus
1540 169 1691 196 hominum.

48 208 208 243 γινομένων
223 207 270 234 τοῦ
287 207 372 234 πολλὰ
388 208 470 234 αὑτὸν
492 207 597 240 παθεῖν,
613 209 680 236 ἀλλά
695 209 742 236 τοῦ
759 218 849 245 παρα-

48 255 173 286 διδόντος
191 254 275 290 ἢτῶν
302 254 503 290 παραδιδόντων
528 254 609 281 αὑτὸν
637 255 677 286 εἰς
698 256 790 290 χεῖρας
805 256 851 282 ἀν-

50 299 188 335 θρώπων.
206 301 235 326 '0
251 300 301 335 μὲν
313 299 360 326 οὖν
372 300 463 334 φήσει,
480 300 521 326 ὅτι
543 300 621 326 τοῦτο
636 301 812 336 διηγούμενος
837 303 851 328 ὁ

57 346 225 377 Ἀπόστολός
239 354 305 381 φησι
327 346 390 382 περὶ
413 345 458 372 τοῦ
478 346 555 372 Θεοῦ·
584 355 594 372 ‹
607 347 657 378 Ὅς
671 355 702 380 γε
718 347 765 373 τοῦ
785 347 849 374 ἰδίου

51 391 120 417 Υὶοῦ
133 391 184 417 οὐκ
207 391 343 425 ἐφείσατο,
359 391 417 417 ἀλλ’
432 391 502 426 ὑπὲρ
533 391 611 426 ἡμῶν
634 391 743 418 πάντων
766 393 850 427 παρέ-

49 437 143 464 δωκεν
158 437 266 464 αὐτόν’»
285 437 370 464 ἔδωκε
386 437 413 463 δὲ
428 437 475 463 καὶ
497 439 511 464 ὁ
523 438 538 463 Ἰ
548 438 587 469 ἰὸς
613 438 683 474 ὑπὲρ
698 438 776 474 ἡμῶν
787 439 849 465 eau-

50 483 100 509 τὸν
117 484 160 514 εἰς
187 483 310 515 θάνατον,
338 483 408 510 ὥστε
430 484 459 510 οὐ
479 484 558 518 μόνον
586 484 639 510 ὑπὸ
665 484 712 510 τοῦ
731 484 847 520 Πατρδς,

49 528 123 555 amat
134 529 183 555 καὶ
198 528 242 563 ὑφ’
267 529 366 556 ἑαυτοῦ
394 530 541 565 παρεδόθη·
570 530 664 565 ἕτερος
678 530 705 556 δὲ
720 530 750 556 οὐ
770 530 848 566 μόνον

49 576 155 606 ἐκεῖνο,
183 575 251 602 ἀλλὰ
270 575 316 602 καὶ
346 576 380 602 τὰ
398 576 544 611 ἐκκείμενα
574 576 620 602 ἐπὶ
637 576 666 602 τὸ
689 576 754 602 αὐτὸ
770 585 849 603 συνα-

49 621 161 654 γαγὼν,
180 622 261 656 φήσει
290 622 490 657 παραδεδόσθαι
520 621 628 657 πρῶτον
647 622 699 648 ὑπὸ
716 622 763 648 τοῦ
779 622 848 649 Θεοῦ

49 666 99 692 τὸν
113 666 191 697 Υἱὺν,
209 665 267 693 εἶτα
285 667 529 703 πειραθησόμενον,
560 665 619 694 εἶτα
637 668 846 702 ἀγωνιούμενον,

47 710 114 738 εἶτα
133 712 206 747 ὑπὲρ
220 712 372 747 ἀνθρώπων
392 713 563 748 πεισόμενον,
595 713 610 749 ἦ
638 714 683 740 καὶ
712 713 772 740 ὅλου
800 714 846 740 τοῦ

50 758 160 793 κόσμου
173 758 239 793 (95),
265 759 309 785 ἵνα
332 759 414 785 αὑτοῦ
430 760 484 796 ἄρῃ
511 759 560 795 τὴν
586 761 734 796 ἁμαρτίαν,
749 760 787 796 τῷ
799 761 847 796 ἄρ-

49 812 130 839 χοντι
146 804 195 830 τοῦ
210 805 307 836 αἰῶνος
324 805 429 838 τούτου,
446 806 493 832 καὶ
521 807 578 837 τοῖς
602 806 692 837 ἄλλοις
718 807 846 841 ἄρχουσιν

50 850 151 876 αὑτοῦ·
172 849 231 877 εἶτα
247 851 298 877 ὑπὸ
313 851 415 877 τούτων
429 852 469 882 είς
485 853 579 887 χεῖρας
598 851 750 887 ἀνθρώπων
767 852 847 879 αὑτὸν

49 896 252 931 παραδίδοσθαι
263 896 317 923 τῶν
329 897 548 924 ἀποκτενούντων
565 898 655 924 αὐτόν.
669 898 848 933 Παράδειγμα

48 942 78 968 δὲ
94 942 342 977 παραληφθήσεται
357 943 391 969 τὰ
408 943 456 969 τοῦ
480 942 550 969 Ἰώϐθ
570 953 578 968 ι
604 943 670 970 Ἰδοὺ
691 945 780 971 πάντα
799 945 848 971 ὅσα

49 987 127 1013 ἐστὶν
140 987 215 1022 αὐτῷ
229 987 324 1022 δίδωμι
340 990 368 1014 ὲν
390 989 422 1023 τῇ
447 988 519 1024 χειρί
547 998 604 1015 σου·
624 990 690 1017 ἀλλὰ
712 991 793 1017 αὐτοῦ
811 991 847 1026 μὴ

50 1032 140 1069 ἅψῃ-ι
157 1031 217 1059 εἶτα
234 1033 355 1068 ὡσπερεὶ
372 1034 570 1070 παραδοθέντος
585 1035 638 1061 ὑπὸ
658 1035 704 1061 τοῦ
724 1036 847 1062 διαϐόλου

49 1081 109 1111 τοῖς
138 1080 268 1116 ἄρχουσιν
292 1081 392 1113 αὐτοῦ,
426 1083 483 1113 τοῖς
514 1083 763 1117 αἰχμαλωτεύουσι,
792 1087 848 1116 τοῖς

52 1125 182 1159 ῐππεῦσι,
197 1126 236 1162 τῷ
252 1127 441 1154 καταϐαίνοντι
455 1127 492 1159 ὡς
507 1127 536 1160 ἐξ
548 1129 662 1164 οὐρανοῦ
675 1130 749 1165 πυρὶ,
766 1130 804 1165 τῷ
817 1131 847 1157 ἐκ

51 1172 105 1206 τῆς
122 1173 243 1207 ἐρημίας
263 1173 366 1199 ἐλθόντι
391 1173 501 1208 μεγάλῳ
514 1174 660 1209 πνεύματι,
682 1175 728 1200 καὶ
745 1176 794 1210 τὴν
809 1176 847 1201 οἰ-

52 1218 118 1245 κίαν
140 1218 299 1252 χαλάσαντι.
342 1219 515 1253 Ἐπιστήσεις
546 1219 573 1245 δὲ
602 1221 642 1251 εἰ,
665 1220 760 1255 ὥσπερ
792 1222 847 1253 τοῖς

51 1264 288 1299 αἰχμαλωτεύουσι
309 1264 374 1300 (96),
393 1265 567 1301 παραδέδωκε
590 1266 623 1291 τὰ
645 1266 690 1292 τοῦ
714 1266 784 1297 Ἰὼϐ,
801 1267 847 1293 καὶ

51 1311 111 1341 τοῖς
132 1309 261 1336 ἱππεῦσιν
279 1310 344 1345 (97),
363 1309 448 1342 οὕτως
466 1311 513 1337 καί
531 1320 584 1337 τινι
600 1311 724 1346 ἐνεργείᾳ
740 1313 790 1338 ent
802 1313 847 1338 τὸν

52 1355 175 1390 ἄρχοντα
191 1356 241 1391 τῆς
259 1356 382 1389 ἐξουσίας
396 1356 443 1383 τοῦ
457 1356 548 1392 ἀέρος,
571 1357 618 1383 τοῦ
631 1357 785 1392 πνεύματος
799 1358 845 1384 τοῦ

50 1401 232 1436 ἐνεργοῦντος
246 1401 293 1428 νῦν
312 1403 340 1428 ἐν
355 1403 411 1434 τοῖς
425 1403 493 1434 υἱοῖς
512 1403 561 1437 τῆς
580 1403 731 1434 ἀπειθείας,
750 1403 792 1430 ἵνα
818 1403 847 1430 τὸ

49 1445 161 1472 ἐκεῖθεν
177 1447 339 1473 καταϐαῖνον
352 1447 407 1482 πῦρ
422 1448 468 1473 ἐπὶ
481 1448 516 1474 τὰ
529 1448 652 1482 πρόϐατα
668 1447 714 1473 τοῦ
734 1447 793 1474 Ἰὼϐ
817 1448 846 1480 ἐξ

48 1491 170 1526 οὐρανοῦ
181 1492 250 1528 ὀφθῇ
269 1493 430 1520 καταϐαῖνον
446 1493 484 1528 τῷ
496 1493 692 1528 ἀπαγγέλλοντι
709 1493 747 1529 τῷ
769 1492 844 1526 Ἰὼϐ,
861 1509 881 1537 η

51 1546 61 1562 σ
74 1537 118 1563 ὃτι
136 1537 193 1573 πῦρ
205 1537 302 1565 ἔπεσεν
317 1539 348 1565 ὲκ
361 1539 408 1565 τοῦ
428 1539 554 1576 οὐρανοῦ,
583 1540 628 1566 καὶ
646 1539 796 1566 κατέκαυσε
813 1539 846 1566 τὰ

48 1581 177 1617 πρόϐατα
185 1583 278 1614 αὑτοῦ,
288 1584 402 1616 καὶτοὺς
418 1585 546 1619 ποιμένας
555 1585 709 1619 κατέφαγεν
717 1585 825 1620 ὁμοίως.
834 1595 842 1610 ι

47 1627 257 1662 Παραπλησίως
272 1630 301 1656 δὲ
316 1630 420 1662 τούτοις
435 1631 562 1666 ζητήσεις
574 1632 598 1658 εἱ
607 1633 686 1658 καὶτὸ
695 1641 704 1655 ι
716 1630 846 1665 ἐξαίφνης

48 1674 124 1710 μέγα
140 1675 251 1710 πνεῦμα
266 1676 319 1702 ἀπὸ
331 1676 379 1711 τῆς
395 1677 498 1712 ἐρήμου
524 1676 610 1709 ὲλθὺν,
635 1677 681 1703 καὶ
708 1677 845 1712 ἁψάμενον

865 838 884 864 Β

904 211 979 239 Dicet
1003 217 1075 239 certe
1098 213 1198 248 aliquis
1220 214 1380 248 Apostolum
1407 214 1433 242 id
1454 220 1634 249 exponentem
1660 215 1694 241 de

902 258 957 285 Deo
973 259 1062 286 dicere
1081 260 1102 275 ¹⁶
1119 269 1124 286 :
1143 269 1152 285 ε
1174 259 1225 292 Qui
1248 261 1330 288 etiam
1356 262 1466 296 proprio
1481 261 1550 288 Filio
1572 269 1626 288 non
1649 269 1695 295 pe-

902 305 1006 338 percit,
1029 304 1075 331 sed
1102 312 1149 339 pro
1176 305 1254 332 nobis
1279 307 1407 334 omnibus
1431 306 1542 333 tradidit
1564 306 1657 338 illum;
1681 315 1692 332 ιι

901 350 966 385 qttin
980 350 1061 377 ctiam
1077 359 1126 385 pro
1138 352 1216 378 nobis
1239 359 1268 379 se
1292 351 1349 386 ipse
1366 352 1447 379 morti
1470 352 1580 379 tradidit
1597 352 1693 385 Filius,

902 396 939 422 ita
958 403 1012 423 non
1029 400 1059 423 ut
1080 405 1095 423 a
1116 396 1196 424 Patre
1214 398 1313 430 solum,
1339 398 1386 426 sed
1402 402 1428 425 et
1441 406 1457 425 a
1473 398 1563 433 seipso
1578 398 1694 425 traditus

901 442 945 468 sit.
961 441 1036 468 Alter
1050 449 1114 469 vero
1131 450 1184 469 non
1202 443 1228 470 id
1249 443 1347 476 solum,
1364 443 1411 470 sed
1426 448 1452 470 et
1468 451 1499 470 ea
1515 451 1575 477 quas
1591 443 1692 477 scripta

901 493 963 514 sunt
979 487 1004 513 in
1023 495 1106 514 unum
1128 488 1267 523 colligens,
1291 497 1305 515 a
1322 489 1376 516 Deo
1390 488 1488 516 Filium
1507 490 1596 524 primo
1609 489 1695 516 tradi-

901 536 956 558 tum
973 531 1058 559 fuisse
1071 532 1142 560 dicet
1158 533 1272 568 principi
1287 534 1378 560 διορυιί
1393 533 1485 569 hujus,
1505 539 1532 562 et
1546 535 1608 562 aliis
1620 535 1693 561 illius

900 578 1078 613 principibus,
1100 579 1146 613 qui
1166 580 1338 614 postmodum
1359 584 1525 613 tentaretur,
1543 585 1600 608 tum
1626 588 1692 608 cau-

899 630 956 650 sam
973 623 1084 655 diceret,
1102 624 1198 650 deimle
1210 632 1275 651 vero
1291 632 1340 659 pro
1360 625 1527 658 hominibus,
1547 625 1628 661 581
1648 626 1693 653 Vel

898 670 980 697 etiam
995 671 1122 698 universo
1140 676 1296 705 pateretur,
1314 677 1343 700 ut
1357 679 1498 707 peccatum
1516 674 1602 709 ipsius
1615 674 1691 701 tolle-

898 718 939 741 ret
957 714 993 747 ”;
1019 721 1110 749 postea
1129 720 1218 742 autem
1236 717 1270 743 ab
1292 717 1334 744 his
1356 718 1525 753 principibus
1545 718 1571 745 in
1594 726 1692 746 manus

899 760 1039 787 hominum
1053 761 1122 787 tradi
1136 769 1151 788 a
1166 762 1265 796 quibus
1277 767 1365 789 morte
1379 763 1550 797 plecteretur.
1567 763 1627 790 Jobi
1643 772 1692 791 au-

900 809 951 831 tem
981 805 1093 832 historia
1114 806 1140 832 in
1162 806 1317 841 exemplum
1340 807 1493 842 proferetur
1514 809 1537 824 ²⁰
1562 818 1568 835 ;
1593 818 1601 834 ι
1623 809 1692 837 Ecce

900 850 1025 877 universa
1041 859 1101 885 quae
1125 851 1207 878 habet
1225 853 1251 879 in
1270 861 1352 879 manu
1374 857 1418 880 tua
1442 858 1521 887 sunt;
1540 858 1645 881 tantum
1664 855 1690 881 in

897 902 958 921 eum
985 903 1039 922 non
1060 897 1188 924 extendas
1213 905 1323 925 manum
1343 903 1436 932 tuam;
1461 909 1469 924 ι
1487 900 1534 934 qui
1557 900 1653 927 deinde
1669 900 1691 916 “

898 948 912 967 ιι
927 940 1036 967 diabolo
1049 942 1218 976 principibus
1232 943 1290 970 suis
1307 944 1384 978 quasi
1397 945 1512 972 traditus
1526 950 1577 977 est,
1596 953 1692 980 nempe

898 987 931 1014 iis
946 987 993 1021 qui
1011 987 1037 1014 in
1053 988 1236 1022 captivitatem
1256 989 1444 1023 abducebant,
1468 991 1616 1025 equitibus,
1637 992 1691 1026 igni

897 1041 912 1060 e
931 1034 1001 1060 ccelo
1017 1034 1133 1062 cadenti.
1152 1038 1178 1061 et
1194 1039 1275 1062 vento
1292 1035 1461 1069 vehementi,
1487 1036 1600 1063 irruenti
1619 1044 1633 1063 a
1655 1045 1694 1063 re-

898 1079 978 1114 gione
999 1080 1114 1113 deserti,
1140 1084 1167 1107 et
1190 1080 1302 1107 domum
1326 1081 1455 1108 dirucnti.
1486 1081 1692 1109 Anintadvertes

897 1130 987 1152 autem
1008 1133 1042 1151 an
1055 1126 1284 1159 quemadmodum
1304 1126 1336 1153 iis
1354 1126 1400 1160 qui
1416 1126 1587 1154 abducebant
1604 1127 1630 1153 in
1647 1135 1692 1155 ca-

898 1171 1058 1205 ptivitatem,
1082 1177 1107 1198 et
1123 1172 1260 1206 equitibtts
1282 1172 1352 1199 bona
1378 1172 1438 1199 Jobi
1457 1173 1576 1205 tradidit,
1605 1173 1640 1200 ita
1665 1177 1692 1200 et

897 1218 1021 1252 potestati
1035 1217 1115 1244 alicui
1129 1217 1180 1244 sub
1195 1227 1204 1242 ι
1218 1217 1340 1252 principe
1355 1219 1495 1253 potestatis
1513 1219 1585 1245 aeris
1597 1218 1689 1253 hujus,

898 1262 1009 1296 spiritus
1024 1262 1069 1296 qui
1086 1269 1158 1289 nunc
1176 1266 1301 1297 operatur
1319 1263 1344 1289 in
1363 1263 1433 1290 ﬁlios
1446 1263 1601 1290 ditlidentia:
1611 1263 1691 1294 ",nut

897 1308 944 1343 qui
964 1308 1026 1334 inde
1041 1307 1067 1334 in
1080 1315 1145 1335 oves
1164 1306 1224 1335 Jobi
1241 1308 1354 1335 cadebat
1376 1309 1455 1344 ignis,
1472 1310 1495 1336 ei
1511 1309 1544 1336 de
1559 1309 1628 1336 coelo
1645 1316 1691 1336 ca-

897 1355 961 1382 dere
974 1354 1110 1381 videretur
1124 1354 1169 1388 qui
1184 1353 1252 1381 Jobo
1265 1355 1432 1382 renuntiavit
1449 1355 1472 1370 “
1483 1375 1491 1388 ,
1509 1364 1518 1380 ι
1543 1355 1631 1390 ignem
1647 1362 1691 1381 ce-

897 1401 996 1428 cidisse
1018 1408 1033 1427 e
1048 1400 1117 1428 etelo
1130 1420 1136 1428 .
1163 1405 1189 1427 et
1213 1400 1397 1428 eombussisse
1417 1408 1481 1428 oves
1495 1421 1502 1434 ,
1528 1406 1555 1427 et
1568 1405 1691 1435 pastores

899 1445 1102 1480 consumpsisse
1126 1444 1264 1471 similiter.
1279 1454 1288 1470 ›
1308 1445 1347 1472 Ad
1360 1446 1485 1473 eumdem
1500 1446 1611 1472 modum
1627 1453 1690 1472 vero

898 1491 1074 1527 investigabis
1095 1499 1129 1518 an
1150 1501 1160 1517 ι
1180 1497 1289 1526 repente
1304 1496 1401 1519 ventus
1420 1492 1567 1519 vehemens
1584 1492 1691 1519 irruens

900 1546 914 1565 a
936 1538 1044 1573 regione
1063 1538 1178 1570 deserti,
1203 1543 1229 1564 et
1253 1538 1413 1565 concutiens
1434 1542 1551 1572 quatuor
1576 1538 1691 1572 angulos

899 1584 998 1612 domus
1015 1584 1048 1616 ’⁵,
1066 1594 1075 1610 ι
1096 1592 1167 1612 unus
1178 1588 1251 1611 esset
1261 1592 1294 1611 ex
1308 1584 1341 1612 iis
1357 1584 1403 1619 qui
1421 1588 1485 1612 sunt
1497 1584 1548 1612 sub
1562 1584 1690 1615 diabolis,

899 1630 942 1657 cui
960 1630 1069 1657 tradidit
1086 1631 1211 1658 diabolus
1233 1631 1349 1658 tiliorum
1365 1631 1536 1666 ﬁliarumque
1549 1630 1609 1657 Jobi
1626 1637 1691 1657 eon-

899 1675 999 1702 vivium
1015 1697 1022 1709 ,
1048 1681 1078 1703 ut
1104 1684 1236 1705 corruens
1263 1678 1361 1705 domus
1394 1677 1560 1712 opprimeret
1590 1676 1691 1704 liberos

657 1732 773 1760 VETUS
793 1730 1084 1759 INTERPRETATIO.

46 1788 146 1814 sup‘a,
173 1789 182 1805 ι
196 1780 325 1814 quoniam
346 1780 467 1808 futurum
486 1785 527 1808 est
545 1785 574 1808 ut
589 1780 674 1808 Filius
697 1780 817 1807 hominis
837 1779 969 1806 tradatur.
987 1788 996 1804 ι
1021 1778 1194 1805 Tradendum
1217 1779 1343 1813 superius
1367 1787 1420 1806 non
1440 1783 1481 1806 est
1492 1779 1595 1806 dictum
1619 1787 1625 1805 :
1646 1778 1691 1806 hic

44 1819 142 1842 autem
160 1823 213 1842 non
228 1816 316 1842 solum
330 1817 501 1848 trazlendum,
515 1816 561 1843 sed
574 1816 656 1843 etiam
675 1816 701 1842 in
715 1824 812 1842 niauus
827 1815 968 1841 hominum
985 1814 1145 1840 tradendum
1160 1814 1296 1841 audimus.
1316 1814 1342 1840 In
1357 1822 1412 1848 quo
1424 1815 1595 1848 requiramus
1610 1822 1623 1840 a
1636 1821 1692 1847 quo

44 1855 89 1877 est
99 1850 256 1888 tradendus
279 1851 305 1877 in
323 1859 419 1888 manus
436 1851 588 1888 hominum,
603 1855 652 1888 aut
677 1851 703 1888 i_n
719 1858 847 1885 quorum.
872 1849 930 1876 Illic
944 1848 1016 1875 enim
1034 1849 1165 1888 docemur
1190 1857 1205 1875 a
1221 1849 1321 1888 quibus
1339 1849 1467 1883 patietur,
1482 1848 1549 1888 el_in
1563 1857 1617 1888 quo
1631 1849 1691 1876 loco

46 1885 183 1920 patietur.
210 1885 259 1912 Hie
286 1892 375 1912 autem
391 1886 524 1913 discimus
539 1886 611 1920 quod
634 1883 871 1920 multa—passurus
892 1889 933 1911 est
948 1891 962 1909 a
977 1884 1228 1920 supratlictis,rnon_
1249 1884 1315 1918 ipsis
1326 1891 1442 1920 causam
1459 1883 1642 1920 przebcntibus
1661 1888 1691 1910 ut

45 1917 137 1947 inulta
167 1921 297 1954 patiatur,
324 1921 369 1948 sed
384 1921 425 1947 vel
445 1928 496 1953 eo,
511 1917 555 1947 vel
571 1921 610 1948 eis
630 1921 675 1955 qui
699 1917 872 1948 tradiderunt
896 1927 957 1955 eum
983 1917 1019 1955 in:
1031 1926 1129 1955 manus
1155 1917 1309 1955 hominum.
1325 1918 1467 1945 Traditum
1482 1917 1566 1955 igitur
1590 1917 1690 1955 Filium

44 1953 201 1992 Apostolus
216 1963 383 1992 narranska
397 1955 456 1992 Deo
465 1955 543 1982 Patre
565 1953 694 1992 traditum
718 1955 874 1982 manifestat
891 1954 938 1992 ita
952 1953 1050 1992 :_I__Qi_ii
1068 1953 1148 1992 unico
1170 1953 1239 1992 _Filio
1265 1961 1315 1980 suo
1336 1961 1390 1980 non
1418 1953 1553 1992 pepercit,
1577 1953 1623 1980 sed
1641 1960 1691 1992 pro

45 1990 130 2028 nobis
147 1990 407 2028 omn_i_bus.tradidit
427 1990 517 2028 illum.
535 1991 645 2028 t_Alius
668 1995 758 2028 autem
768 1997 835 2028 mou
857 1989 945 2028 solum
962 1988 1049 2028 illud,
1070 1988 1116 2028 sed
1132 1989 1222 2028 etiam
1244 1990 1633 2028 consequentia.cottgregans
1659 1988 1688 2013 i'n

45 2025 266 2062 idipsum,_dicit
285 2024 373 2062 ipsum
387 2025 497 2062 quidem
516 2033 531 2052 a
546 2025 750 2062 DCOVII'BtIIIII‘II
768 2025 864 2051 Filium
883 2024 997 2062 principi
1020 2023 1120 2062 s:eeuli_
1132 2023 1224 2057 hujus,
1240 2023 1401 2062 cauet-isque
1417 2023 1595 2062 principibtts
1610 2023 1688 2062 ejus;

45 2057 150 2086 deinde
168 2060 203 2086 ab
221 2059 280 2086 istis
296 2057 423 2087 traditum
443 2060 470 2086 in
493 2068 590 2087 manus
607 2060 748 2087 hominum
766 2068 811 2094 qui
834 2057 993 2086 occiderunt
1005 2066 1078 2085 cum.
1103 2059 1133 2094 lit
1147 2058 1264 2094 exempli
1282 2066 1366 2094 causa
1376 2058 1476 2094 accipe
1491 2062 1518 2085 et
1534 2057 1603 2094 illud
1616 2057 1689 2094 quod

45 2095 186 2128 seriptum
204 2099 245 2121 est
262 2094 294 2121 de
306 2094 368 2125 Job,

45 2130 144 2156 omnia
159 2137 220 2163 quae
235 2130 365 2164 possidet.

85 2175 109 2190 ¹⁸
125 2174 207 2200 Rom.
229 2182 289 2206 VIII,
312 2174 356 2201 5‘2.

46 2212 69 2226 ’⁵
85 2209 157 2236 Ibid.
178 2209 219 2236 l9.

396 2174 511 2202 "-Joan.
536 2183 553 2208 ι,
566 2175 612 2202 ‘29.
661 2174 683 2190 '°
695 2174 746 2202 Job
785 2182 804 2207 ι,
828 2174 870 2201 12.

411 2095 438 2121 ui
459 2095 577 2129 primttm
600 2095 717 2122 traditus
738 2091 781 2121 est
801 2103 816 2121 a
835 2094 889 2121 Deo
913 2094 938 2120 in
963 2102 1073 2120 manum
1099 2092 1211 2124 diaboli,
1228 2091 1308 2121 isicut
1329 2093 1414 2120 dicit:
1431 2091 1526 2129 (Ecce
1546 2091 1690 2129 trado'tibi

411 2103 438 2121 ιιι
459 2103 577 2129 ρῐίῐηιιιη
600 2103 717 2122 traditus
738 2103 780 2121 CSI.
801 2103 816 2121 Il
835 2103 889 2121 U60
913 2103 938 2120 III
963 2103 1073 2120 IIIIIIIIJIII
1099 2103 1211 2124 (IIIIIIUII,
1238 2103 1308 2121 SICUI.
1329 2103 1414 2120 υιειιξ
1431 2103 1441 2118 ι
1456 2103 1526 2119 DCCC
1547 2103 1624 2119 trauo
1641 2103 1689 2119 ιιυι

388 2103 458 2157 Ecce
479 2130 556 2157 trado
576 2130 624 2157 tibi
637 2138 710 2162 eum,
736 2134 839 2157 tantuli)
859 2129 977 2156 animam
994 2129 1053 2162 ejus
1069 2136 1156 2155 serva.
1175 2138 1184 2153 ι
1211 2129 1354 2162 Accipiens
1367 2132 1457 2155 autem
1473 2127 1600 2155 diabolus
1617 2128 1689 2154 bona

911 2174 930 2188 ¹¹
947 2172 1015 2200 Ibid.
1039 2173 1069 2199 ['3
1094 2180 1171 2207 seqq.
1216 2173 1238 2188 ¹¹
1261 2172 1361 2207 Ephes.
1385 2173 1456 2206 ",2.
1495 2172 1519 2188 “
1533 2171 1585 2200 Job
1608 2180 1629 2206 t,
1646 2172 1688 2201 16-

85 2270 146 2304 (95)
171 2269 256 2309 Ὑςιςρρ
269 2270 432 2309 ἀηθρὼπων
456 2270 647 2309 πεισόμενον,
665 2270 683 2304 ἣ
697 2270 822 2309 ualuas

953 2275 1007 2295 sum
1022 2267 1262 2309 eruditedeclarat
1278 2267 1491 2309 Augustintlsniu
1508 2266 1649 2309 Enc‘lzilid.
1663 2267 1691 2293 in

44 2307 181 2339 κόσμου.
201 2304 249 2332 llic
263 2305 418 2339 opinionem
434 2313 511 2332 suam
535 2307 568 2332 de
585 2310 672 2332 morte
697 2313 712 2331 ιι
733 2305 844 2332 Christo

46 2348 106 2367 non
122 2347 173 2373 pro
193 2339 349 2368 hominibus
364 2341 505 2372 duntaxat,
520 2341 565 2367 sed
581 2345 607 2366 et
624 2348 672 2374 pro
688 2340 749 2366 aliis
762 2339 844 2366 rebus

45 2375 152 2402 creatis
164 2375 236 2402 obita
254 2376 343 2409 prodit
359 2375 506 2409 Origenes;
523 2383 575 2402 non
591 2375 662 2402 enim
676 2379 843 2409 postremum

46 2411 102 2437 hoc
123 2409 162 2436 illi
182 2410 216 2437 ab
232 2410 396 2438 adversariis
414 2410 550 2443 objectum
569 2410 673 2437 crimen
697 2414 751 2437 est.
773 2409 845 2436 Con—

45 2445 137 2472 traria
160 2449 203 2472 est
221 2451 310 2472 autem
326 2444 485 2471 Tertulliani
512 2445 646 2477 doctrina,
660 2452 720 2479 cap.
739 2445 784 2476 I-I,
807 2445 845 2472 De

45 2488 126 2507 tarn.
146 2479 264 2506 Christi:
283 2490 292 2505 ι
312 2479 421 2507 Nullum
444 2480 613 2510 t‘nandatum,
633 2481 731 2514 inquit,
747 2480 780 2507 de
801 2488 845 2507 sa-

46 2516 107 2542 lute
131 2515 293 2549 angelorum
317 2515 436 2548 suscepit
455 2515 581 2542 Christus
603 2523 617 2542 a
647 2515 736 2542 Patre.
766 2515 844 2547 Quod

46 2551 131 2576 Pater
153 2557 242 2584 neque
261 2550 427 2584 repromisit,
448 2557 536 2585 neque
554 2551 702 2581 mandavit,
717 2550 845 2577 Christus

45 2585 247 2612 administrare
271 2593 324 2612 non
350 2586 447 2619 potuit.
469 2595 477 2610 ι
504 2585 530 2611 ld
553 2586 650 2619 dogma
672 2593 704 2612 ex
737 2585 844 2612 duobus

46 2620 178 2655 Apostoli
197 2621 264 2647 locis
285 2625 374 2647 ortum
398 2621 505 2647 videtur
528 2621 682 2653 accepisse;
705 2621 791 2647 altero
811 2621 843 2647 ad

47 2654 188 2690 Ephesios
203 2663 220 2686 ι,
245 2655 288 2688 10,
306 2656 351 2682 ubi
379 2656 471 2682 omnia
496 2655 627 2682 dicuntur
643 2655 790 2682 instaurati
817 2657 843 2682 in

46 2691 182 2720 Christo.
202 2698 262 2725 qum
288 2690 314 2716 in
333 2691 417 2722 cado,
432 2695 458 2716 et
484 2698 545 2724 qua:
570 2691 595 2716 in
625 2694 695 2717 terra
712 2696 792 2722 sunt;
817 2695 844 2717 et

46 2726 139 2752 altero
156 2725 190 2752 ad
207 2726 384 2752 Colossenses
402 2733 420 2757 ι,
436 2725 481 2758 ‘20,
496 2733 551 2759 quo
575 2725 666 2751 omnia
688 2726 715 2752 in
731 2725 843 2752 Christo

47 2760 231 2788 reconciliata
253 2760 338 2787 fuisse
353 2760 448 2787 scribit
463 2760 620 2794 Apostolus,
634 2761 779 2795 ipsumque
794 2768 843 2794 pa-

46 2796 177 2822 citicasse
202 2803 249 2829 per
275 2795 434 2829 sanguinem
458 2795 549 2822 crucis
572 2803 642 2826 suzr,
670 2796 726 2822 sive
741 2803 801 2829 qua:
817 2796 842 2821 in

46 2831 141 2864 terris,
163 2831 220 2858 sive
236 2838 299 2863 qua:
322 2829 348 2857 in
366 2830 434 2858 coelo
462 2835 536 2857 sunt.
558 2829 679 2863 Quorum
710 2831 842 2858 Vel'iol‘cltt

898 2303 1024 2329 Laurent.
1039 2310 1099 2337 cap.
1109 2303 1154 2334 GI,
1167 2308 1191 2329 et
1204 2300 1387 2337 Hieronymus
1400 2303 1426 2328 iu
1440 2301 1526 2334 Epist.
1537 2301 1571 2327 ad
1585 2300 1693 2337 Eii/ten,

899 2346 957 2372 cap.
970 2338 996 2364 'l.
1012 2335 1207 2372 Hieronymum
1235 2335 1344 2371 quidem
1363 2336 1520 2372 Origeniani
1536 2335 1694 2372 rhujuswer-

898 2371 969 2400 roris
989 2371 1129 2400 insimulat
1153 2371 1268 2400 Ruﬁnus
1286 2371 1385 2399 luvect.
1401 2371 1427 2403 I,
1443 2373 1488 2399 sed
1502 2371 1606 2397 crimen
1624 2371 1691 2398 illud

898 2416 947 2442 pro
963 2408 1032 2435 virili
1051 2412 1147 2434 contra
1171 2408 1251 2434 diluit
1275 2407 1469 2442 llieronymus.
1493 2405 1555 2433 Ilaec
1578 2412 1593 2432 a
1613 2406 1694 2434 nobis

897 2441 998 2470 alfalim
1015 2443 1041 2469 in
1060 2442 1227 2477 Origeuiunis
1246 2441 1405 2469 tractantur.
1426 2441 1557 2477 IIUH'I‘IUS.

934 2478 988 2514 (96)
1009 2479 1063 2514 Καὶ
1080 2476 1142 2510 τοῖς
1154 2478 1423 2514 αὶῃιιιλωζεύουαι.
1436 2477 1473 2503 Ita
1486 2476 1592 2514 Sixtina
1608 2476 1692 2514 editio

897 2518 924 2540 et
938 2511 998 2540 'ms.
1016 2511 1236 2540 Alexandrinus:
1254 2518 1280 2539 at
1297 2512 1428 2539 Ilebraica
1446 2516 1473 2538 et
1488 2511 1692 2544 Complutensis

896 2548 990 2580 editio,
1021 2552 1048 2575 et
1068 2548 1200 2583 Vulgata;
1227 2558 1235 2573 ι
1260 2552 1291 2583 ειν
1310 2548 1390 2574 irruit
1413 2547 1495 2583 Saba.
1516 2556 1525 2572 ι
1553 2545 1692 2583 Tal-gum,

900 2592 909 2608 ι
921 2588 948 2610 et
967 2584 1046 2610 irruit
1062 2581 1144 2610 Litith
1167 2583 1259 2617 regina
1275 2582 1420 2618 Zmargad.
1435 2591 1443 2608 ›
1462 2581 1693 2618 Zmargadilocus

896 2623 938 2646 est
955 2618 980 2644 in
997 2618 1112 2649 Sabtcis,
1128 2619 1230 2652 quibus
1246 2617 1377 2644 mulieres
1390 2618 1570 2651 imperabant.
1586 2617 1624 2644 Ex
1640 2617 1693 2644 hoc

896 2653 957 2681 loco
978 2653 1144 2688 Smaragdos
1170 2653 1447 2688 nomenisnmpsisse
1468 2653 1618 2680 verisimile
1637 2657 1691 2683 est,

896 2697 1014 2750 gIIIOI:IIII‘I
1029 2687 1148 2749 Imagnus
1162 2688 1214 2714 luit
1228 2688 1254 2714 iu
1270 2687 1374 2714 Sabaeis
1391 2693 1550 2722 proventus,
1568 2694 1597 2716 ut
1610 2687 1693 2715 tradit

928 2731 1011 2750 imus.
1040 2732 1066 2750 D.

918 2724 1011 2751 linius.
1029 2724 1066 2750 ID.

930 2759 987 2794 (97)
1007 2759 1062 2786 Καὶ
1077 2757 1140 2791 τοῖς
1154 2758 1290 2794 lancem.
1309 2756 1355 2784 Sic
1369 2757 1586 2794 editiqSixtina,
1599 2763 1625 2786 et
1638 2766 1691 2786 ms.

898 2792 1120 2821 Alexandrinus:
1145 2798 1172 2819 at
1197 2792 1400 2827 Complutensis
1417 2792 1521 2823 editio,
1543 2798 1571 2820 et
1595 2794 1693 2828 reliqui

898 2829 1068 2864 interpretes,
1085 2828 1223 2856 «(Ilialilati
1239 2828 1360 2855 fecerunt
1377 2832 1430 2855 tres
1447 2832 1560 2855 turmas.
1573 2837 1582 2854 ι
1599 2828 1638 2856 In.
