  <div class='ocr_page' id='page_1' title='image "/cluster/home/n/w/nwhite01/storage/ocr_20150623/13/njp.32101077772430/714.png"; bbox 0 0 1859 3051; ppageno 0'>
   <div class='ocr_carea' id='block_1_1' title="bbox 34 131 108 158">
    <p class='ocr_par' dir='ltr' id='par_1_1' title="bbox 34 131 108 158">
     <span class='ocr_line' id='line_1_1' title="bbox 34 131 108 158; baseline 0.014 -1"><span class='ocrx_word' id='word_1_1' title='bbox 34 131 108 158; x_wconf 69' lang='grc'><strong>1121</strong></span> 
     </span>
    </p>
   </div>
   <div class='ocr_carea' id='block_1_2' title="bbox 542 127 1230 156">
    <p class='ocr_par' dir='ltr' id='par_1_2' title="bbox 542 127 1230 156">
     <span class='ocr_line' id='line_1_2' title="bbox 542 127 1230 156; baseline 0 0"><span class='ocrx_word' id='word_1_2' title='bbox 542 128 721 156; x_wconf 75' lang='lat' dir='ltr'><strong>COMMENT.</strong></span> <span class='ocrx_word' id='word_1_3' title='bbox 747 128 779 154; x_wconf 73' lang='lat' dir='ltr'><strong>IN</strong></span> <span class='ocrx_word' id='word_1_4' title='bbox 800 127 1008 155; x_wconf 66' lang='lat' dir='ltr'><strong>MATTIUEUM</strong></span> <span class='ocrx_word' id='word_1_5' title='bbox 1029 128 1146 156; x_wconf 73' lang='lat' dir='ltr'><strong>TOMUS</strong></span> <span class='ocrx_word' id='word_1_6' title='bbox 1162 129 1230 156; x_wconf 79' lang='lat' dir='ltr'><strong>Xlll.</strong></span> 
     </span>
    </p>
   </div>
   <div class='ocr_carea' id='block_1_3' title="bbox 1606 134 1674 161">
    <p class='ocr_par' dir='ltr' id='par_1_3' title="bbox 1606 134 1674 161">
     <span class='ocr_line' id='line_1_3' title="bbox 1606 134 1674 161; baseline 0.015 -1"><span class='ocrx_word' id='word_1_7' title='bbox 1606 134 1674 161; x_wconf 70' lang='lat'><strong>“&#39;22</strong></span> 
     </span>
    </p>
   </div>
   <div class='ocr_carea' id='block_1_4' title="bbox 33 185 835 224">
    <p class='ocr_par' dir='ltr' id='par_1_4' title="bbox 33 186 835 224">
     <span class='ocr_line' id='line_1_4' title="bbox 33 186 835 224; baseline -0.006 -8"><span class='ocrx_word' id='word_1_8' title='bbox 33 190 88 217; x_wconf 81' lang='grc' dir='ltr'><strong>τοῦ</strong></span> <span class='ocrx_word' id='word_1_9' title='bbox 103 190 168 224; x_wconf 66' lang='grc' dir='ltr'>ἔχον</span> <span class='ocrx_word' id='word_1_10' title='bbox 187 189 236 223; x_wconf 82' lang='grc' dir='ltr'>τὴν</span> <span class='ocrx_word' id='word_1_11' title='bbox 250 187 340 214; x_wconf 79' lang='grc' dir='ltr'>εἰκόνα</span> <span class='ocrx_word' id='word_1_12' title='bbox 366 186 504 222; x_wconf 79' lang='grc' dir='ltr'>Καίσαρος</span> <span class='ocrx_word' id='word_1_13' title='bbox 517 186 647 221; x_wconf 74' lang='grc' dir='ltr'>νόμισμα,</span> <span class='ocrx_word' id='word_1_14' title='bbox 663 186 710 212; x_wconf 74' lang='grc' dir='ltr'><strong>καὶ</strong></span> <span class='ocrx_word' id='word_1_15' title='bbox 726 186 835 220; x_wconf 72' lang='grc' dir='ltr'>γένηται</span> 
     </span>
    </p>
   </div>
   <div class='ocr_carea' id='block_1_5' title="bbox 924 185 1674 224">
    <p class='ocr_par' dir='ltr' id='par_1_5' title="bbox 924 185 1674 219">
     <span class='ocr_line' id='line_1_5' title="bbox 924 185 1674 219; baseline 0.009 -9"><span class='ocrx_word' id='word_1_16' title='bbox 924 185 1047 219; x_wconf 81' lang='lat' dir='ltr'><strong>pellatur,</strong></span> <span class='ocrx_word' id='word_1_17' title='bbox 1067 189 1096 212; x_wconf 94' lang='lat' dir='ltr'><strong>ut</strong></span> <span class='ocrx_word' id='word_1_18' title='bbox 1112 185 1252 212; x_wconf 85' lang='lat' dir='ltr'><strong>auferatur</strong></span> <span class='ocrx_word' id='word_1_19' title='bbox 1276 186 1310 213; x_wconf 79' lang='lat' dir='ltr'><strong>ab</strong></span> <span class='ocrx_word' id='word_1_20' title='bbox 1333 187 1378 214; x_wconf 90' lang='lat' dir='ltr'><strong>illo</strong></span> <span class='ocrx_word' id='word_1_21' title='bbox 1405 196 1533 216; x_wconf 86' lang='lat' dir='ltr'><strong>nummus</strong></span> <span class='ocrx_word' id='word_1_22' title='bbox 1558 189 1674 217; x_wconf 68' lang='lat' dir='ltr'><strong>Caesaris</strong></span> 
     </span>
    </p>
   </div>
   <div class='ocr_carea' id='block_1_6' title="bbox 33 231 834 268">
    <p class='ocr_par' dir='ltr' id='par_1_6' title="bbox 33 231 834 268">
     <span class='ocr_line' id='line_1_6' title="bbox 33 231 834 268; baseline -0.006 -7"><span class='ocrx_word' id='word_1_23' title='bbox 33 236 68 261; x_wconf 86' lang='grc' dir='ltr'>ὲν</span> <span class='ocrx_word' id='word_1_24' title='bbox 80 232 124 266; x_wconf 77' lang='grc' dir='ltr'><strong>οἷς</strong></span> <span class='ocrx_word' id='word_1_25' title='bbox 140 235 164 260; x_wconf 79' lang='lat' dir='ltr'><strong>oi</strong></span> <span class='ocrx_word' id='word_1_26' title='bbox 180 234 348 268; x_wconf 78' lang='grc' dir='ltr'>ἁλιευόμενοι</span> <span class='ocrx_word' id='word_1_27' title='bbox 364 232 415 258; x_wconf 72' lang='grc' dir='ltr'>ὑπὸ</span> <span class='ocrx_word' id='word_1_28' title='bbox 439 231 493 257; x_wconf 84' lang='grc' dir='ltr'><strong>τῶν</strong></span> <span class='ocrx_word' id='word_1_29' title='bbox 515 231 714 266; x_wconf 77' lang='grc' dir='ltr'><strong>μεμαθηκότων</strong></span> <span class='ocrx_word' id='word_1_30' title='bbox 731 231 834 265; x_wconf 82' lang='grc' dir='ltr'><strong>ἀνθρώ-</strong></span> 
     </span>
    </p>
   </div>
   <div class='ocr_carea' id='block_1_7' title="bbox 35 275 836 312">
    <p class='ocr_par' dir='ltr' id='par_1_7' title="bbox 35 275 836 312">
     <span class='ocr_line' id='line_1_7' title="bbox 35 275 836 312; baseline -0.007 -6"><span class='ocrx_word' id='word_1_31' title='bbox 35 288 111 311; x_wconf 67' lang='grc' dir='ltr'>πους</span> <span class='ocrx_word' id='word_1_32' title='bbox 126 279 255 306; x_wconf 77' lang='grc' dir='ltr'>ἁλιεύειν.</span> <span class='ocrx_word' id='word_1_33' title='bbox 281 279 309 304; x_wconf 86' lang='lat'><strong>&#39;0</strong></span> <span class='ocrx_word' id='word_1_34' title='bbox 335 278 383 312; x_wconf 80' lang='grc' dir='ltr'>μὲν</span> <span class='ocrx_word' id='word_1_35' title='bbox 405 275 451 303; x_wconf 80' lang='grc' dir='ltr'>οὖν</span> <span class='ocrx_word' id='word_1_36' title='bbox 475 276 543 311; x_wconf 79' lang='grc' dir='ltr'>ἔχων</span> <span class='ocrx_word' id='word_1_37' title='bbox 560 276 594 302; x_wconf 82' lang='grc' dir='ltr'>τὰ</span> <span class='ocrx_word' id='word_1_38' title='bbox 615 276 752 311; x_wconf 75' lang='grc' dir='ltr'>Καίσαρος</span> <span class='ocrx_word' id='word_1_39' title='bbox 769 275 836 301; x_wconf 75' lang='grc' dir='ltr'>ἀπο‹</span> 
     </span>
    </p>
   </div>
   <div class='ocr_carea' id='block_1_8' title="bbox 35 321 835 359">
    <p class='ocr_par' dir='ltr' id='par_1_8' title="bbox 35 321 835 359">
     <span class='ocr_line' id='line_1_8' title="bbox 35 321 835 359; baseline -0.006 -7"><span class='ocrx_word' id='word_1_40' title='bbox 35 326 141 352; x_wconf 82' lang='grc' dir='ltr'><strong>διδότω</strong></span> <span class='ocrx_word' id='word_1_41' title='bbox 157 325 227 351; x_wconf 79' lang='grc' dir='ltr'>αὐτὰ</span> <span class='ocrx_word' id='word_1_42' title='bbox 243 324 280 359; x_wconf 81' lang='grc' dir='ltr'>τῷ</span> <span class='ocrx_word' id='word_1_43' title='bbox 292 324 423 358; x_wconf 76' lang='grc' dir='ltr'>Καίσαρι,</span> <span class='ocrx_word' id='word_1_44' title='bbox 449 323 492 348; x_wconf 84' lang='grc' dir='ltr'>ἶνα</span> <span class='ocrx_word' id='word_1_45' title='bbox 509 322 577 357; x_wconf 80' lang='grc' dir='ltr'>μετὰ</span> <span class='ocrx_word' id='word_1_46' title='bbox 591 321 669 348; x_wconf 80' lang='grc' dir='ltr'>τοῦτο</span> <span class='ocrx_word' id='word_1_47' title='bbox 684 321 835 348; x_wconf 77' lang='grc' dir='ltr'>ἀποδιδόναι</span> 
     </span>
    </p>
   </div>
   <div class='ocr_carea' id='block_1_9' title="bbox 36 366 835 406">
    <p class='ocr_par' dir='ltr' id='par_1_9' title="bbox 36 366 835 406">
     <span class='ocr_line' id='line_1_9' title="bbox 36 366 835 406; baseline -0.006 -9"><span class='ocrx_word' id='word_1_48' title='bbox 36 371 147 406; x_wconf 80' lang='grc' dir='ltr'><strong>δυνηθῇ</strong></span> <span class='ocrx_word' id='word_1_49' title='bbox 167 371 201 396; x_wconf 79' lang='grc' dir='ltr'>τὰ</span> <span class='ocrx_word' id='word_1_50' title='bbox 220 369 266 396; x_wconf 85' lang='grc' dir='ltr'><strong>τοῦ</strong></span> <span class='ocrx_word' id='word_1_51' title='bbox 292 369 359 395; x_wconf 83' lang='grc' dir='ltr'>θεοῦ</span> <span class='ocrx_word' id='word_1_52' title='bbox 379 368 418 403; x_wconf 84' lang='grc' dir='ltr'>τῷ</span> <span class='ocrx_word' id='word_1_53' title='bbox 436 367 504 402; x_wconf 84' lang='grc' dir='ltr'>Θεῷ.</span> <span class='ocrx_word' id='word_1_54' title='bbox 521 367 598 393; x_wconf 70' lang='grc' dir='ltr'>Ἐπεὶ</span> <span class='ocrx_word' id='word_1_55' title='bbox 616 368 644 394; x_wconf 79' lang='grc' dir='ltr'>δὲ</span> <span class='ocrx_word' id='word_1_56' title='bbox 661 366 782 402; x_wconf 76' lang='grc' dir='ltr'>Ἰησοῦς,</span> <span class='ocrx_word' id='word_1_57' title='bbox 797 368 835 392; x_wconf 87' lang='grc' dir='ltr'><strong>εἱ-</strong></span> 
     </span>
    </p>
   </div>
   <div class='ocr_carea' id='block_1_10' title="bbox 37 411 836 448">
    <p class='ocr_par' dir='ltr' id='par_1_10' title="bbox 37 411 836 448">
     <span class='ocr_line' id='line_1_10' title="bbox 37 411 836 448; baseline -0.005 -6"><span class='ocrx_word' id='word_1_58' title='bbox 37 416 100 443; x_wconf 78' lang='grc' dir='ltr'><strong>κὼν</strong></span> <span class='ocrx_word' id='word_1_59' title='bbox 111 416 151 442; x_wconf 78' lang='grc' dir='ltr'>ὢν</span> <span class='ocrx_word' id='word_1_60' title='bbox 164 415 210 442; x_wconf 83' lang='grc' dir='ltr'><strong>τοῦ</strong></span> <span class='ocrx_word' id='word_1_61' title='bbox 227 415 294 441; x_wconf 74' lang='grc' dir='ltr'>Θεοῦ</span> <span class='ocrx_word' id='word_1_62' title='bbox 317 414 364 440; x_wconf 82' lang='grc' dir='ltr'><strong>τοῦ</strong></span> <span class='ocrx_word' id='word_1_63' title='bbox 386 414 512 448; x_wconf 77' lang='grc' dir='ltr'>ἀοράτου,</span> <span class='ocrx_word' id='word_1_64' title='bbox 538 413 588 439; x_wconf 83' lang='grc' dir='ltr'>οὑκ</span> <span class='ocrx_word' id='word_1_65' title='bbox 610 411 665 448; x_wconf 82' lang='grc' dir='ltr'>εἶχε</span> <span class='ocrx_word' id='word_1_66' title='bbox 678 413 728 448; x_wconf 87' lang='grc' dir='ltr'><strong>τὴν</strong></span> <span class='ocrx_word' id='word_1_67' title='bbox 746 412 836 439; x_wconf 79' lang='grc' dir='ltr'><strong>εἰκόνα</strong></span> 
     </span>
    </p>
   </div>
   <div class='ocr_carea' id='block_1_11' title="bbox 38 459 836 497">
    <p class='ocr_par' dir='ltr' id='par_1_11' title="bbox 38 459 836 497">
     <span class='ocr_line' id='line_1_11' title="bbox 38 459 836 497; baseline -0.004 -9"><span class='ocrx_word' id='word_1_68' title='bbox 38 463 90 489; x_wconf 82' lang='grc' dir='ltr'><strong>τοῦ</strong></span> <span class='ocrx_word' id='word_1_69' title='bbox 104 463 255 497; x_wconf 78' lang='grc' dir='ltr'>Καίσαρος,</span> <span class='ocrx_word' id='word_1_70' title='bbox 286 462 300 487; x_wconf 84' lang='grc' dir='ltr'>ὁ</span> <span class='ocrx_word' id='word_1_71' title='bbox 322 461 375 496; x_wconf 79' lang='grc' dir='ltr'>γὰρ</span> <span class='ocrx_word' id='word_1_72' title='bbox 392 462 482 496; x_wconf 78' lang='grc' dir='ltr'>ἅρχων</span> <span class='ocrx_word' id='word_1_73' title='bbox 504 460 551 487; x_wconf 88' lang='grc' dir='ltr'><strong>τοῦ</strong></span> <span class='ocrx_word' id='word_1_74' title='bbox 569 460 666 491; x_wconf 72' lang='grc' dir='ltr'>αἰῶνος</span> <span class='ocrx_word' id='word_1_75' title='bbox 681 459 777 486; x_wconf 83' lang='grc' dir='ltr'>τούτου</span> <span class='ocrx_word' id='word_1_76' title='bbox 792 459 836 485; x_wconf 85' lang='grc' dir='ltr'><strong>οὺ-</strong></span> 
     </span>
    </p>
   </div>
   <div class='ocr_carea' id='block_1_12' title="bbox 37 505 836 543">
    <p class='ocr_par' dir='ltr' id='par_1_12' title="bbox 37 505 836 543">
     <span class='ocr_line' id='line_1_12' title="bbox 37 505 836 543; baseline -0.005 -9"><span class='ocrx_word' id='word_1_77' title='bbox 37 509 86 534; x_wconf 83' lang='grc' dir='ltr'><strong>δὲν</strong></span> <span class='ocrx_word' id='word_1_78' title='bbox 100 507 173 543; x_wconf 79' lang='grc' dir='ltr'>εἶχεν</span> <span class='ocrx_word' id='word_1_79' title='bbox 188 509 216 533; x_wconf 79' lang='grc' dir='ltr'>ἐν</span> <span class='ocrx_word' id='word_1_80' title='bbox 236 507 319 542; x_wconf 82' lang='grc' dir='ltr'>αὐτῷ,</span> <span class='ocrx_word' id='word_1_81' title='bbox 344 507 387 533; x_wconf 74' lang='grc' dir='ltr'><strong>διὰ</strong></span> <span class='ocrx_word' id='word_1_82' title='bbox 408 507 488 532; x_wconf 81' lang='grc' dir='ltr'>τοῦτο</span> <span class='ocrx_word' id='word_1_83' title='bbox 504 507 557 532; x_wconf 71' lang='grc' dir='ltr'><strong>ἀπὸ</strong></span> <span class='ocrx_word' id='word_1_84' title='bbox 572 506 671 532; x_wconf 77' lang='grc' dir='ltr'><strong>οἰκείου</strong></span> <span class='ocrx_word' id='word_1_85' title='bbox 687 505 769 531; x_wconf 80' lang='grc' dir='ltr'>τόπου</span> <span class='ocrx_word' id='word_1_86' title='bbox 786 505 836 539; x_wconf 73' lang='grc' dir='ltr'><strong>τῆς</strong></span> 
     </span>
    </p>
   </div>
   <div class='ocr_carea' id='block_1_13' title="bbox 39 550 836 589">
    <p class='ocr_par' dir='ltr' id='par_1_13' title="bbox 39 550 836 589">
     <span class='ocr_line' id='line_1_13' title="bbox 39 550 836 589; baseline -0.005 -9"><span class='ocrx_word' id='word_1_87' title='bbox 39 553 187 589; x_wconf 73' lang='grc' dir='ltr'><strong>θαλάσσης</strong></span> <span class='ocrx_word' id='word_1_88' title='bbox 217 554 265 589; x_wconf 82' lang='grc' dir='ltr'><strong>τὴν</strong></span> <span class='ocrx_word' id='word_1_89' title='bbox 295 553 386 579; x_wconf 71' lang='grc' dir='ltr'>εἰκόνα.</span> <span class='ocrx_word' id='word_1_90' title='bbox 402 552 540 587; x_wconf 78' lang='grc' dir='ltr'>Καίσαρος</span> <span class='ocrx_word' id='word_1_91' title='bbox 557 551 699 586; x_wconf 69' lang='grc' dir='ltr'>λαμϐάνει,</span> <span class='ocrx_word' id='word_1_92' title='bbox 726 551 768 577; x_wconf 84' lang='grc' dir='ltr'>ἴνα</span> <span class='ocrx_word' id='word_1_93' title='bbox 800 550 836 585; x_wconf 81' lang='grc' dir='ltr'><strong>δῷ</strong></span> 
     </span>
    </p>
   </div>
   <div class='ocr_carea' id='block_1_14' title="bbox 38 595 836 634">
    <p class='ocr_par' dir='ltr' id='par_1_14' title="bbox 38 595 836 634">
     <span class='ocr_line' id='line_1_14' title="bbox 38 595 836 634; baseline -0.004 -9"><span class='ocrx_word' id='word_1_94' title='bbox 38 601 100 632; x_wconf 80' lang='grc' dir='ltr'>τοῖς</span> <span class='ocrx_word' id='word_1_95' title='bbox 115 599 167 634; x_wconf 84' lang='grc' dir='ltr'><strong>τῆς</strong></span> <span class='ocrx_word' id='word_1_96' title='bbox 180 599 231 634; x_wconf 85' lang='grc' dir='ltr'><strong>γῆς</strong></span> <span class='ocrx_word' id='word_1_97' title='bbox 245 598 397 633; x_wconf 74' lang='grc' dir='ltr'>βασιλεῦσιν</span> <span class='ocrx_word' id='word_1_98' title='bbox 418 598 477 624; x_wconf 76' lang='grc' dir='ltr'>ἀντὶ</span> <span class='ocrx_word' id='word_1_99' title='bbox 488 597 568 623; x_wconf 77' lang='grc' dir='ltr'>αὑτοῦ</span> <span class='ocrx_word' id='word_1_100' title='bbox 584 597 630 623; x_wconf 75' lang='grc' dir='ltr'>καὶ</span> <span class='ocrx_word' id='word_1_101' title='bbox 649 596 695 623; x_wconf 85' lang='grc' dir='ltr'><strong>τοῦ</strong></span> <span class='ocrx_word' id='word_1_102' title='bbox 717 595 836 631; x_wconf 79' lang='grc' dir='ltr'><strong>μαθητοῦ</strong></span> 
     </span>
    </p>
   </div>
   <div class='ocr_carea' id='block_1_15' title="bbox 40 643 836 680">
    <p class='ocr_par' dir='ltr' id='par_1_15' title="bbox 40 643 836 680">
     <span class='ocr_line' id='line_1_15' title="bbox 40 643 836 680; baseline -0.004 -8"><span class='ocrx_word' id='word_1_103' title='bbox 40 645 144 677; x_wconf 72' lang='grc' dir='ltr'>αὑτοῦ,</span> <span class='ocrx_word' id='word_1_104' title='bbox 155 646 198 671; x_wconf 80' lang='grc' dir='ltr'>ἵνα</span> <span class='ocrx_word' id='word_1_105' title='bbox 213 645 278 680; x_wconf 83' lang='grc' dir='ltr'>μηδὲ</span> <span class='ocrx_word' id='word_1_106' title='bbox 292 644 520 678; x_wconf 79' lang='grc' dir='ltr'>ὑπολαμϐάνωσιν</span> <span class='ocrx_word' id='word_1_107' title='bbox 534 645 557 670; x_wconf 77' lang='lat' dir='ltr'><strong>ot</strong></span> <span class='ocrx_word' id='word_1_108' title='bbox 571 643 605 670; x_wconf 78' lang='grc' dir='ltr'>τὰ</span> <span class='ocrx_word' id='word_1_109' title='bbox 619 644 753 679; x_wconf 80' lang='grc' dir='ltr'><strong>δίδραχμα</strong></span> <span class='ocrx_word' id='word_1_110' title='bbox 766 643 836 678; x_wconf 89' lang='grc' dir='ltr'>λαμ-</span> 
     </span>
    </p>
   </div>
   <div class='ocr_carea' id='block_1_16' title="bbox 40 686 836 725">
    <p class='ocr_par' dir='ltr' id='par_1_16' title="bbox 40 686 836 725">
     <span class='ocr_line' id='line_1_16' title="bbox 40 686 836 725; baseline -0.004 -9"><span class='ocrx_word' id='word_1_111' title='bbox 40 691 176 721; x_wconf 69' lang='grc' dir='ltr'>ϐάνοντες</span> <span class='ocrx_word' id='word_1_112' title='bbox 189 689 331 725; x_wconf 78' lang='grc' dir='ltr'><strong>ὀφειλέτην</strong></span> <span class='ocrx_word' id='word_1_113' title='bbox 347 690 437 716; x_wconf 81' lang='grc' dir='ltr'>αὐτῶν</span> <span class='ocrx_word' id='word_1_114' title='bbox 460 686 541 719; x_wconf 79' lang='grc' dir='ltr'>εἶναι,</span> <span class='ocrx_word' id='word_1_115' title='bbox 559 688 606 714; x_wconf 74' lang='grc' dir='ltr'>καὶ</span> <span class='ocrx_word' id='word_1_116' title='bbox 631 687 684 714; x_wconf 79' lang='grc' dir='ltr'>τῶν</span> <span class='ocrx_word' id='word_1_117' title='bbox 708 687 836 721; x_wconf 80' lang='grc' dir='ltr'>βασιλέων</span> 
     </span>
    </p>
   </div>
   <div class='ocr_carea' id='block_1_17' title="bbox 40 733 837 770">
    <p class='ocr_par' dir='ltr' id='par_1_17' title="bbox 40 733 837 770">
     <span class='ocr_line' id='line_1_17' title="bbox 40 733 837 770; baseline -0.005 -8"><span class='ocrx_word' id='word_1_118' title='bbox 40 737 94 770; x_wconf 78' lang='grc' dir='ltr'>τῆς</span> <span class='ocrx_word' id='word_1_119' title='bbox 117 736 172 770; x_wconf 78' lang='grc' dir='ltr'><strong>γῆς</strong></span> <span class='ocrx_word' id='word_1_120' title='bbox 184 735 229 761; x_wconf 80' lang='grc' dir='ltr'>τὸν</span> <span class='ocrx_word' id='word_1_121' title='bbox 244 734 355 770; x_wconf 86' lang='grc' dir='ltr'>Ἰησοῦν·</span> <span class='ocrx_word' id='word_1_122' title='bbox 374 735 498 761; x_wconf 84' lang='grc' dir='ltr'><strong>ἀπέδωκε</strong></span> <span class='ocrx_word' id='word_1_123' title='bbox 513 734 567 769; x_wconf 84' lang='grc' dir='ltr'><strong>γὰρ</strong></span> <span class='ocrx_word' id='word_1_124' title='bbox 586 735 634 768; x_wconf 79' lang='grc' dir='ltr'><strong>τὴν</strong></span> <span class='ocrx_word' id='word_1_125' title='bbox 649 733 770 768; x_wconf 76' lang='grc' dir='ltr'><strong>ὀφειλὴν,</strong></span> <span class='ocrx_word' id='word_1_126' title='bbox 788 733 837 759; x_wconf 80' lang='grc' dir='ltr'><strong>οὐκ</strong></span> 
     </span>
    </p>
   </div>
   <div class='ocr_carea' id='block_1_18' title="bbox 39 779 836 815">
    <p class='ocr_par' dir='ltr' id='par_1_18' title="bbox 39 779 836 815">
     <span class='ocr_line' id='line_1_18' title="bbox 39 779 836 815; baseline -0.005 -7"><span class='ocrx_word' id='word_1_127' title='bbox 39 780 192 808; x_wconf 76' lang='grc' dir='ltr'>ἀναλαϐὼν</span> <span class='ocrx_word' id='word_1_128' title='bbox 219 781 313 815; x_wconf 81' lang='grc' dir='ltr'>αὐτὴν,</span> <span class='ocrx_word' id='word_1_129' title='bbox 343 781 402 807; x_wconf 80' lang='grc' dir='ltr'><strong>οὐδὲ</strong></span> <span class='ocrx_word' id='word_1_130' title='bbox 430 780 608 815; x_wconf 75' lang='grc' dir='ltr'><strong>κεκτημένος,</strong></span> <span class='ocrx_word' id='word_1_131' title='bbox 636 779 694 806; x_wconf 76' lang='grc' dir='ltr'>οὐδὲ</span> <span class='ocrx_word' id='word_1_132' title='bbox 711 779 836 814; x_wconf 75' lang='grc' dir='ltr'>πορίσας,</span> 
     </span>
    </p>
   </div>
   <div class='ocr_carea' id='block_1_19' title="bbox 40 824 836 861">
    <p class='ocr_par' dir='ltr' id='par_1_19' title="bbox 40 824 836 861">
     <span class='ocr_line' id='line_1_19' title="bbox 40 824 836 861; baseline -0.004 -8"><span class='ocrx_word' id='word_1_133' title='bbox 40 827 106 853; x_wconf 74' lang='grc' dir='ltr'>οὐδὲ</span> <span class='ocrx_word' id='word_1_134' title='bbox 127 827 194 853; x_wconf 84' lang='grc' dir='ltr'>ῐδιόν</span> <span class='ocrx_word' id='word_1_135' title='bbox 217 835 282 852; x_wconf 83' lang='grc' dir='ltr'>ποτε</span> <span class='ocrx_word' id='word_1_136' title='bbox 309 827 424 860; x_wconf 81' lang='grc' dir='ltr'>ποιήσας</span> <span class='ocrx_word' id='word_1_137' title='bbox 452 826 536 861; x_wconf 82' lang='grc' dir='ltr'>αὐτὴν</span> <span class='ocrx_word' id='word_1_138' title='bbox 560 825 662 859; x_wconf 84' lang='grc' dir='ltr'>κτῆμα,</span> <span class='ocrx_word' id='word_1_139' title='bbox 690 825 733 851; x_wconf 79' lang='grc' dir='ltr'><strong>ἵνα</strong></span> <span class='ocrx_word' id='word_1_140' title='bbox 754 824 836 859; x_wconf 84' lang='grc' dir='ltr'>μηδέ-</span> 
     </span>
    </p>
   </div>
   <div class='ocr_carea' id='block_1_20' title="bbox 886 229 1672 267">
    <p class='ocr_par' dir='ltr' id='par_1_20' title="bbox 886 229 1672 267">
     <span class='ocr_line' id='line_1_20' title="bbox 886 229 1672 267; baseline 0.008 -12"><span class='ocrx_word' id='word_1_141' title='bbox 886 229 1030 263; x_wconf 72' lang='lat' dir='ltr'><strong>imaginem</strong></span> <span class='ocrx_word' id='word_1_142' title='bbox 1051 239 1106 264; x_wconf 75' lang='lat' dir='ltr'><strong>pra:</strong></span> <span class='ocrx_word' id='word_1_143' title='bbox 1122 239 1150 257; x_wconf 70' lang='lat' dir='ltr'><strong>se</strong></span> <span class='ocrx_word' id='word_1_144' title='bbox 1171 231 1271 261; x_wconf 83' lang='lat' dir='ltr'><strong>ferens.</strong></span> <span class='ocrx_word' id='word_1_145' title='bbox 1290 237 1316 259; x_wconf 88' lang='lat' dir='ltr'><strong>et</strong></span> <span class='ocrx_word' id='word_1_146' title='bbox 1337 233 1407 260; x_wconf 90' lang='lat' dir='ltr'><strong>inter</strong></span> <span class='ocrx_word' id='word_1_147' title='bbox 1423 241 1470 260; x_wconf 83' lang='lat' dir='ltr'><strong>eos</strong></span> <span class='ocrx_word' id='word_1_148' title='bbox 1491 240 1672 267; x_wconf 76' lang='lat' dir='ltr'><strong>recensentur,</strong></span> 
     </span>
    </p>
   </div>
   <div class='ocr_carea' id='block_1_21' title="bbox 886 274 1672 312">
    <p class='ocr_par' dir='ltr' id='par_1_21' title="bbox 886 274 1672 312">
     <span class='ocr_line' id='line_1_21' title="bbox 886 274 1672 312; baseline 0.008 -12"><span class='ocrx_word' id='word_1_149' title='bbox 886 274 911 300; x_wconf 94' lang='lat' dir='ltr'><strong>in</strong></span> <span class='ocrx_word' id='word_1_150' title='bbox 925 275 1025 308; x_wconf 77' lang='lat' dir='ltr'><strong>quibus</strong></span> <span class='ocrx_word' id='word_1_151' title='bbox 1042 275 1059 301; x_wconf 90' lang='lat' dir='ltr'><strong>ii</strong></span> <span class='ocrx_word' id='word_1_152' title='bbox 1080 283 1149 309; x_wconf 88' lang='lat' dir='ltr'><strong>quos</strong></span> <span class='ocrx_word' id='word_1_153' title='bbox 1165 276 1294 310; x_wconf 77' lang='lat' dir='ltr'><strong>piscando</strong></span> <span class='ocrx_word' id='word_1_154' title='bbox 1316 282 1446 310; x_wconf 83' lang='lat' dir='ltr'><strong>ceperunt</strong></span> <span class='ocrx_word' id='word_1_155' title='bbox 1466 279 1512 312; x_wconf 93' lang='lat' dir='ltr'><strong>qui</strong></span> <span class='ocrx_word' id='word_1_156' title='bbox 1534 279 1672 306; x_wconf 86' lang='lat' dir='ltr'><strong>hominum</strong></span> 
     </span>
    </p>
   </div>
   <div class='ocr_carea' id='block_1_22' title="bbox 885 314 1674 357">
    <p class='ocr_par' dir='ltr' id='par_1_22' title="bbox 885 314 1674 357">
     <span class='ocr_line' id='line_1_22' title="bbox 885 314 1674 357; baseline 0.006 -12"><span class='ocrx_word' id='word_1_157' title='bbox 885 314 1077 354; x_wconf 81' lang='lat' dir='ltr'><strong>piscandorum</strong></span> <span class='ocrx_word' id='word_1_158' title='bbox 1101 321 1234 347; x_wconf 85' lang='lat' dir='ltr'><strong>rationem</strong></span> <span class='ocrx_word' id='word_1_159' title='bbox 1259 322 1346 348; x_wconf 85' lang='lat' dir='ltr'><strong>edoeti</strong></span> <span class='ocrx_word' id='word_1_160' title='bbox 1367 327 1441 349; x_wconf 88' lang='lat' dir='ltr'><strong>sunt.</strong></span> <span class='ocrx_word' id='word_1_161' title='bbox 1462 322 1592 357; x_wconf 81' lang='lat' dir='ltr'><strong>Quisquis</strong></span> <span class='ocrx_word' id='word_1_162' title='bbox 1608 331 1674 357; x_wconf 78' lang='lat' dir='ltr'><strong>ergo</strong></span> 
     </span>
    </p>
   </div>
   <div class='ocr_carea' id='block_1_23' title="bbox 886 365 1674 404">
    <p class='ocr_par' dir='ltr' id='par_1_23' title="bbox 886 365 1674 404">
     <span class='ocr_line' id='line_1_23' title="bbox 886 365 1674 404; baseline 0.008 -13"><span class='ocrx_word' id='word_1_163' title='bbox 886 365 967 392; x_wconf 81' lang='lat' dir='ltr'><strong>liabet</strong></span> <span class='ocrx_word' id='word_1_164' title='bbox 981 374 1041 400; x_wconf 71' lang='lat' dir='ltr'><strong>quae</strong></span> <span class='ocrx_word' id='word_1_165' title='bbox 1054 371 1117 393; x_wconf 90' lang='lat' dir='ltr'><strong>sunt</strong></span> <span class='ocrx_word' id='word_1_166' title='bbox 1132 366 1260 397; x_wconf 68' lang='lat' dir='ltr'><strong>Caesaris,</strong></span> <span class='ocrx_word' id='word_1_167' title='bbox 1280 368 1374 394; x_wconf 76' lang='lat' dir='ltr'><strong>reddat</strong></span> <span class='ocrx_word' id='word_1_168' title='bbox 1389 377 1419 395; x_wconf 84' lang='lat' dir='ltr'><strong>ca</strong></span> <span class='ocrx_word' id='word_1_169' title='bbox 1437 369 1549 402; x_wconf 61' lang='lat' dir='ltr'><strong>Caesari,</strong></span> <span class='ocrx_word' id='word_1_170' title='bbox 1568 375 1597 396; x_wconf 93' lang='lat' dir='ltr'><strong>nt</strong></span> <span class='ocrx_word' id='word_1_171' title='bbox 1614 378 1674 404; x_wconf 68' lang='lat' dir='ltr'><strong>quia</strong></span> 
     </span>
    </p>
   </div>
   <div class='ocr_carea' id='block_1_24' title="bbox 886 410 1673 449">
    <p class='ocr_par' dir='ltr' id='par_1_24' title="bbox 886 410 1673 449">
     <span class='ocr_line' id='line_1_24' title="bbox 886 410 1673 449; baseline 0.008 -12"><span class='ocrx_word' id='word_1_172' title='bbox 886 410 931 437; x_wconf 82' lang='lat' dir='ltr'><strong>Dei</strong></span> <span class='ocrx_word' id='word_1_173' title='bbox 957 416 1020 438; x_wconf 90' lang='lat' dir='ltr'><strong>sunt</strong></span> <span class='ocrx_word' id='word_1_174' title='bbox 1045 413 1157 439; x_wconf 79' lang='lat' dir='ltr'><strong>reddere</strong></span> <span class='ocrx_word' id='word_1_175' title='bbox 1183 413 1237 439; x_wconf 87' lang='lat' dir='ltr'><strong>Deo</strong></span> <span class='ocrx_word' id='word_1_176' title='bbox 1263 413 1361 441; x_wconf 84' lang='lat' dir='ltr'><strong>deinde</strong></span> <span class='ocrx_word' id='word_1_177' title='bbox 1385 415 1515 449; x_wconf 76' lang='lat' dir='ltr'><strong>possit“.</strong></span> <span class='ocrx_word' id='word_1_178' title='bbox 1539 416 1673 448; x_wconf 87' lang='lat' dir='ltr'><strong>Quoniam</strong></span> 
     </span>
    </p>
   </div>
   <div class='ocr_carea' id='block_1_25' title="bbox 886 456 1672 494">
    <p class='ocr_par' dir='ltr' id='par_1_25' title="bbox 886 456 1672 494">
     <span class='ocr_line' id='line_1_25' title="bbox 886 456 1672 494; baseline 0.008 -12"><span class='ocrx_word' id='word_1_179' title='bbox 886 460 977 483; x_wconf 88' lang='lat' dir='ltr'><strong>autem</strong></span> <span class='ocrx_word' id='word_1_180' title='bbox 994 456 1072 484; x_wconf 85' lang='lat' dir='ltr'><strong>Jesus</strong></span> <span class='ocrx_word' id='word_1_181' title='bbox 1096 459 1141 491; x_wconf 86' lang='lat' dir='ltr'><strong>qui</strong></span> <span class='ocrx_word' id='word_1_182' title='bbox 1160 457 1206 484; x_wconf 91' lang='lat' dir='ltr'><strong>Dei</strong></span> <span class='ocrx_word' id='word_1_183' title='bbox 1235 459 1285 485; x_wconf 95' lang='lat' dir='ltr'><strong>sub</strong></span> <span class='ocrx_word' id='word_1_184' title='bbox 1301 459 1443 486; x_wconf 89' lang='lat' dir='ltr'><strong>oculorum</strong></span> <span class='ocrx_word' id='word_1_185' title='bbox 1462 466 1602 494; x_wconf 85' lang='lat' dir='ltr'><strong>aspectum</strong></span> <span class='ocrx_word' id='word_1_186' title='bbox 1619 469 1672 488; x_wconf 92' lang='lat' dir='ltr'><strong>non</strong></span> 
     </span>
    </p>
   </div>
   <div class='ocr_carea' id='block_1_26' title="bbox 886 499 1672 537">
    <p class='ocr_par' dir='ltr' id='par_1_26' title="bbox 886 499 1672 537">
     <span class='ocr_line' id='line_1_26' title="bbox 886 499 1672 537; baseline 0.008 -12"><span class='ocrx_word' id='word_1_187' title='bbox 886 499 1007 526; x_wconf 83' lang='lat' dir='ltr'><strong>cadentis</strong></span> <span class='ocrx_word' id='word_1_188' title='bbox 1024 501 1112 535; x_wconf 77' lang='lat' dir='ltr'><strong>imago</strong></span> <span class='ocrx_word' id='word_1_189' title='bbox 1123 505 1174 532; x_wconf 89' lang='lat' dir='ltr'><strong>est,</strong></span> <span class='ocrx_word' id='word_1_190' title='bbox 1187 501 1302 529; x_wconf 64' lang='lat' dir='ltr'><strong>Caesaris</strong></span> <span class='ocrx_word' id='word_1_191' title='bbox 1319 503 1461 537; x_wconf 75' lang='lat' dir='ltr'><strong>imaginem</strong></span> <span class='ocrx_word' id='word_1_192' title='bbox 1474 511 1527 530; x_wconf 90' lang='lat' dir='ltr'><strong>non</strong></span> <span class='ocrx_word' id='word_1_193' title='bbox 1541 505 1672 537; x_wconf 79' lang='lat' dir='ltr'><strong>habebat;</strong></span> 
     </span>
    </p>
   </div>
   <div class='ocr_carea' id='block_1_27' title="bbox 889 544 1674 584">
    <p class='ocr_par' dir='ltr' id='par_1_27' title="bbox 889 544 1674 584">
     <span class='ocr_line' id='line_1_27' title="bbox 889 544 1674 584; baseline 0.009 -14"><span class='ocrx_word' id='word_1_194' title='bbox 889 544 954 571; x_wconf 83' lang='lat' dir='ltr'><strong>nihil</strong></span> <span class='ocrx_word' id='word_1_195' title='bbox 973 545 1044 571; x_wconf 90' lang='lat' dir='ltr'><strong>enim</strong></span> <span class='ocrx_word' id='word_1_196' title='bbox 1061 545 1086 572; x_wconf 93' lang='lat' dir='ltr'><strong>in</strong></span> <span class='ocrx_word' id='word_1_197' title='bbox 1100 553 1133 572; x_wconf 82' lang='lat' dir='ltr'><strong>eo</strong></span> <span class='ocrx_word' id='word_1_198' title='bbox 1147 550 1206 573; x_wconf 90' lang='lat' dir='ltr'><strong>erat</strong></span> <span class='ocrx_word' id='word_1_199' title='bbox 1223 548 1294 581; x_wconf 88' lang='lat' dir='ltr'><strong>quod</strong></span> <span class='ocrx_word' id='word_1_200' title='bbox 1308 548 1340 574; x_wconf 88' lang='lat' dir='ltr'><strong>ad</strong></span> <span class='ocrx_word' id='word_1_201' title='bbox 1354 547 1434 583; x_wconf 81' lang='lat'><strong>585</strong></span> <span class='ocrx_word' id='word_1_202' title='bbox 1454 549 1602 584; x_wconf 86' lang='lat' dir='ltr'><strong>principem</strong></span> <span class='ocrx_word' id='word_1_203' title='bbox 1621 558 1674 578; x_wconf 75' lang='lat' dir='ltr'><strong>sa:-</strong></span> 
     </span>
    </p>
   </div>
   <div class='ocr_carea' id='block_1_28' title="bbox 887 590 1675 627">
    <p class='ocr_par' dir='ltr' id='par_1_28' title="bbox 887 590 1675 627">
     <span class='ocr_line' id='line_1_28' title="bbox 887 590 1675 627; baseline 0.01 -12"><span class='ocrx_word' id='word_1_204' title='bbox 887 590 939 616; x_wconf 86' lang='lat' dir='ltr'><strong>culi</strong></span> <span class='ocrx_word' id='word_1_205' title='bbox 965 590 1046 623; x_wconf 88' lang='lat' dir='ltr'><strong>hujus</strong></span> <span class='ocrx_word' id='word_1_206' title='bbox 1064 591 1225 624; x_wconf 88' lang='lat' dir='ltr'><strong>pertineret;</strong></span> <span class='ocrx_word' id='word_1_207' title='bbox 1247 598 1387 627; x_wconf 86' lang='lat' dir='ltr'><strong>propterea</strong></span> <span class='ocrx_word' id='word_1_208' title='bbox 1412 602 1442 620; x_wconf 82' lang='lat' dir='ltr'><strong>ex</strong></span> <span class='ocrx_word' id='word_1_209' title='bbox 1469 594 1566 621; x_wconf 77' lang='lat' dir='ltr'><strong>idoneo</strong></span> <span class='ocrx_word' id='word_1_210' title='bbox 1591 596 1675 624; x_wconf 85' lang='lat' dir='ltr'><strong>maris</strong></span> 
     </span>
    </p>
   </div>
   <div class='ocr_carea' id='block_1_29' title="bbox 887 636 1676 675">
    <p class='ocr_par' dir='ltr' id='par_1_29' title="bbox 887 636 1676 675">
     <span class='ocr_line' id='line_1_29' title="bbox 887 636 1676 675; baseline 0.009 -13"><span class='ocrx_word' id='word_1_211' title='bbox 887 636 947 662; x_wconf 86' lang='lat' dir='ltr'><strong>loco</strong></span> <span class='ocrx_word' id='word_1_212' title='bbox 959 637 1074 663; x_wconf 72' lang='lat' dir='ltr'><strong>Ciesaris</strong></span> <span class='ocrx_word' id='word_1_213' title='bbox 1087 637 1230 671; x_wconf 77' lang='lat' dir='ltr'><strong>imaginem</strong></span> <span class='ocrx_word' id='word_1_214' title='bbox 1245 639 1389 672; x_wconf 75' lang='lat' dir='ltr'><strong>depromit,</strong></span> <span class='ocrx_word' id='word_1_215' title='bbox 1405 648 1485 674; x_wconf 90' lang='lat' dir='ltr'><strong>quam</strong></span> <span class='ocrx_word' id='word_1_216' title='bbox 1498 649 1545 675; x_wconf 88' lang='lat' dir='ltr'><strong>pro</strong></span> <span class='ocrx_word' id='word_1_217' title='bbox 1559 649 1599 673; x_wconf 83' lang='lat' dir='ltr'><strong>se,</strong></span> <span class='ocrx_word' id='word_1_218' title='bbox 1614 649 1676 669; x_wconf 90' lang='lat' dir='ltr'><strong>suo-</strong></span> 
     </span>
    </p>
   </div>
   <div class='ocr_carea' id='block_1_30' title="bbox 887 681 1673 722">
    <p class='ocr_par' dir='ltr' id='par_1_30' title="bbox 887 681 1673 722">
     <span class='ocr_line' id='line_1_30' title="bbox 887 681 1673 722; baseline 0.01 -16"><span class='ocrx_word' id='word_1_219' title='bbox 887 689 939 715; x_wconf 87' lang='lat' dir='ltr'><strong>que</strong></span> <span class='ocrx_word' id='word_1_220' title='bbox 954 681 1088 715; x_wconf 89' lang='lat' dir='ltr'><strong>discipulo</strong></span> <span class='ocrx_word' id='word_1_221' title='bbox 1103 682 1212 716; x_wconf 79' lang='lat' dir='ltr'><strong>regibus</strong></span> <span class='ocrx_word' id='word_1_222' title='bbox 1228 687 1308 710; x_wconf 63' lang='lat' dir='ltr'><strong>terra:</strong></span> <span class='ocrx_word' id='word_1_223' title='bbox 1333 685 1451 718; x_wconf 78' lang='lat' dir='ltr'><strong>pendat;</strong></span> <span class='ocrx_word' id='word_1_224' title='bbox 1476 695 1509 713; x_wconf 89' lang='lat' dir='ltr'><strong>ne</strong></span> <span class='ocrx_word' id='word_1_225' title='bbox 1535 686 1604 714; x_wconf 87' lang='lat' dir='ltr'><strong>forte</strong></span> <span class='ocrx_word' id='word_1_226' title='bbox 1626 688 1673 722; x_wconf 89' lang='lat' dir='ltr'><strong>qui</strong></span> 
     </span>
    </p>
   </div>
   <div class='ocr_carea' id='block_1_31' title="bbox 887 728 1675 766">
    <p class='ocr_par' dir='ltr' id='par_1_31' title="bbox 887 728 1675 766">
     <span class='ocr_line' id='line_1_31' title="bbox 887 728 1675 766; baseline 0.009 -13"><span class='ocrx_word' id='word_1_227' title='bbox 887 728 1045 754; x_wconf 81' lang='lat' dir='ltr'><strong>didraclima</strong></span> <span class='ocrx_word' id='word_1_228' title='bbox 1063 733 1173 762; x_wconf 75' lang='lat' dir='ltr'><strong>cogunt,</strong></span> <span class='ocrx_word' id='word_1_229' title='bbox 1194 735 1273 755; x_wconf 88' lang='lat' dir='ltr'><strong>suum</strong></span> <span class='ocrx_word' id='word_1_230' title='bbox 1290 737 1350 756; x_wconf 88' lang='lat' dir='ltr'><strong>esse</strong></span> <span class='ocrx_word' id='word_1_231' title='bbox 1364 731 1514 759; x_wconf 88' lang='lat' dir='ltr'><strong>debitorem</strong></span> <span class='ocrx_word' id='word_1_232' title='bbox 1529 732 1633 766; x_wconf 85' lang='lat' dir='ltr'><strong>Jesnm,</strong></span> <span class='ocrx_word' id='word_1_233' title='bbox 1648 739 1675 761; x_wconf 87' lang='lat' dir='ltr'><strong>et</strong></span> 
     </span>
    </p>
   </div>
   <div class='ocr_carea' id='block_1_32' title="bbox 888 774 1673 812">
    <p class='ocr_par' dir='ltr' id='par_1_32' title="bbox 888 774 1673 812">
     <span class='ocr_line' id='line_1_32' title="bbox 888 774 1673 812; baseline 0.01 -14"><span class='ocrx_word' id='word_1_234' title='bbox 888 780 981 807; x_wconf 79' lang='lat' dir='ltr'><strong>regum</strong></span> <span class='ocrx_word' id='word_1_235' title='bbox 1007 778 1086 800; x_wconf 61' lang='lat' dir='ltr'><strong>terrm</strong></span> <span class='ocrx_word' id='word_1_236' title='bbox 1110 778 1203 807; x_wconf 81' lang='lat' dir='ltr'><strong>putent</strong></span> <span class='ocrx_word' id='word_1_237' title='bbox 1218 783 1225 801; x_wconf 89' lang='lat'><strong><em>:</em></strong></span> <span class='ocrx_word' id='word_1_238' title='bbox 1242 774 1362 802; x_wconf 88' lang='lat' dir='ltr'><strong>debitum</strong></span> <span class='ocrx_word' id='word_1_239' title='bbox 1380 777 1452 803; x_wconf 92' lang='lat' dir='ltr'><strong>enim</strong></span> <span class='ocrx_word' id='word_1_240' title='bbox 1477 785 1514 805; x_wconf 72' lang='lat' dir='ltr'><strong>aes</strong></span> <span class='ocrx_word' id='word_1_241' title='bbox 1532 779 1673 812; x_wconf 88' lang='lat' dir='ltr'><strong>persolvit,</strong></span> 
     </span>
    </p>
   </div>
   <div class='ocr_carea' id='block_1_33' title="bbox 888 820 1672 859">
    <p class='ocr_par' dir='ltr' id='par_1_33' title="bbox 888 820 1672 859">
     <span class='ocr_line' id='line_1_33' title="bbox 888 820 1672 859; baseline 0.008 -13"><span class='ocrx_word' id='word_1_242' title='bbox 888 827 949 846; x_wconf 84' lang='lat' dir='ltr'><strong>cum</strong></span> <span class='ocrx_word' id='word_1_243' title='bbox 968 820 1032 846; x_wconf 88' lang='lat' dir='ltr'><strong>illitd</strong></span> <span class='ocrx_word' id='word_1_244' title='bbox 1049 820 1075 846; x_wconf 93' lang='lat' dir='ltr'><strong>in</strong></span> <span class='ocrx_word' id='word_1_245' title='bbox 1094 828 1190 847; x_wconf 88' lang='lat' dir='ltr'><strong>manus</strong></span> <span class='ocrx_word' id='word_1_246' title='bbox 1209 828 1261 847; x_wconf 94' lang='lat' dir='ltr'><strong>non</strong></span> <span class='ocrx_word' id='word_1_247' title='bbox 1278 823 1451 856; x_wconf 82' lang='lat' dir='ltr'><strong>sumpsisset,</strong></span> <span class='ocrx_word' id='word_1_248' title='bbox 1473 832 1559 858; x_wconf 87' lang='lat' dir='ltr'><strong>neque</strong></span> <span class='ocrx_word' id='word_1_249' title='bbox 1580 833 1672 859; x_wconf 73' lang='lat' dir='ltr'><strong>posse-</strong></span> 
     </span>
    </p>
   </div>
   <div class='ocr_carea' id='block_1_34' title="bbox 42 863 835 908">
    <p class='ocr_par' dir='ltr' id='par_1_34' title="bbox 42 869 834 908">
     <span class='ocr_line' id='line_1_34' title="bbox 42 869 834 908; baseline -0.004 -9"><span class='ocrx_word' id='word_1_250' title='bbox 42 881 111 900; x_wconf 78' lang='grc' dir='ltr'>ποτε</span> <span class='ocrx_word' id='word_1_251' title='bbox 125 874 142 908; x_wconf 81' lang='grc' dir='ltr'>ἡ</span> <span class='ocrx_word' id='word_1_252' title='bbox 158 872 297 907; x_wconf 81' lang='grc' dir='ltr'>Καίσαρος</span> <span class='ocrx_word' id='word_1_253' title='bbox 322 871 403 898; x_wconf 83' lang='grc' dir='ltr'>εἰκὼν</span> <span class='ocrx_word' id='word_1_254' title='bbox 453 871 529 907; x_wconf 77' lang='grc' dir='ltr'>παρὰ</span> <span class='ocrx_word' id='word_1_255' title='bbox 544 872 577 906; x_wconf 82' lang='grc' dir='ltr'>τῇ</span> <span class='ocrx_word' id='word_1_256' title='bbox 598 871 682 897; x_wconf 74' lang='grc' dir='ltr'>εικόνι</span> <span class='ocrx_word' id='word_1_257' title='bbox 704 870 752 897; x_wconf 88' lang='grc' dir='ltr'><strong>τοῦ</strong></span> <span class='ocrx_word' id='word_1_258' title='bbox 767 870 834 896; x_wconf 80' lang='grc' dir='ltr'>Θεοῦ</span> 
     </span>
    </p>
   </div>
   <div class='ocr_carea' id='block_1_35' title="bbox 924 863 1671 908">
    <p class='ocr_par' dir='ltr' id='par_1_35' title="bbox 924 866 1671 904">
     <span class='ocr_line' id='line_1_35' title="bbox 924 866 1671 904; baseline 0.008 -13"><span class='ocrx_word' id='word_1_259' title='bbox 924 869 982 897; x_wconf 59' lang='grc' dir='ltr'>θεοί,</span> <span class='ocrx_word' id='word_1_260' title='bbox 997 873 1085 899; x_wconf 89' lang='lat' dir='ltr'><strong>neque</strong></span> <span class='ocrx_word' id='word_1_261' title='bbox 1100 866 1299 900; x_wconf 89' lang='lat' dir='ltr'><strong>acquisivisset,</strong></span> <span class='ocrx_word' id='word_1_262' title='bbox 1321 875 1407 902; x_wconf 85' lang='lat' dir='ltr'><strong>neque</strong></span> <span class='ocrx_word' id='word_1_263' title='bbox 1429 868 1538 896; x_wconf 81' lang='lat' dir='ltr'><strong>fecisset</strong></span> <span class='ocrx_word' id='word_1_264' title='bbox 1553 879 1671 904; x_wconf 79' lang='lat' dir='ltr'><strong>unquam</strong></span> 
     </span>
    </p>
   </div>
   <div class='ocr_carea' id='block_1_36' title="bbox 41 916 238 954">
    <p class='ocr_par' dir='ltr' id='par_1_36' title="bbox 41 916 238 954">
     <span class='ocr_line' id='line_1_36' title="bbox 41 916 238 954; baseline 0.015 -13"><span class='ocrx_word' id='word_1_265' title='bbox 41 916 93 943; x_wconf 77' lang='grc' dir='ltr'><strong>τοῦ</strong></span> <span class='ocrx_word' id='word_1_266' title='bbox 109 918 238 954; x_wconf 78' lang='grc' dir='ltr'>ἀοράτου.</span> 
     </span>
    </p>
   </div>
   <div class='ocr_carea' id='block_1_37' title="bbox 77 1003 835 1040">
    <p class='ocr_par' dir='ltr' id='par_1_37' title="bbox 77 1003 835 1040">
     <span class='ocr_line' id='line_1_37' title="bbox 77 1003 835 1040; baseline -0.004 -8"><span class='ocrx_word' id='word_1_267' title='bbox 77 1007 135 1033; x_wconf 67' lang='grc' dir='ltr'>Καὶ</span> <span class='ocrx_word' id='word_1_268' title='bbox 155 1006 215 1031; x_wconf 85' lang='grc' dir='ltr'>κατ’</span> <span class='ocrx_word' id='word_1_269' title='bbox 228 1005 306 1031; x_wconf 81' lang='grc' dir='ltr'>ἄλλον</span> <span class='ocrx_word' id='word_1_270' title='bbox 320 1005 348 1031; x_wconf 79' lang='grc' dir='ltr'><strong>δὲ</strong></span> <span class='ocrx_word' id='word_1_271' title='bbox 362 1005 461 1040; x_wconf 75' lang='grc' dir='ltr'>τρόπον</span> <span class='ocrx_word' id='word_1_272' title='bbox 476 1005 582 1039; x_wconf 78' lang='grc' dir='ltr'>λεχθείη</span> <span class='ocrx_word' id='word_1_273' title='bbox 595 1012 602 1019; x_wconf 87' lang='grc'><strong>·</strong></span> <span class='ocrx_word' id='word_1_274' title='bbox 622 1005 681 1031; x_wconf 78' lang='grc' dir='ltr'><strong>Εἰσί</strong></span> <span class='ocrx_word' id='word_1_275' title='bbox 694 1012 766 1035; x_wconf 85' lang='grc' dir='ltr'>τινες</span> <span class='ocrx_word' id='word_1_276' title='bbox 781 1003 835 1029; x_wconf 81' lang='grc' dir='ltr'>τῶν</span> 
     </span>
    </p>
   </div>
   <div class='ocr_carea' id='block_1_38' title="bbox 43 1049 835 1086">
    <p class='ocr_par' dir='ltr' id='par_1_38' title="bbox 43 1049 835 1086">
     <span class='ocr_line' id='line_1_38' title="bbox 43 1049 835 1086; baseline -0.001 -10"><span class='ocrx_word' id='word_1_277' title='bbox 43 1051 180 1085; x_wconf 67' lang='grc' dir='ltr'><strong>βαςιλὲυςν</strong></span> <span class='ocrx_word' id='word_1_278' title='bbox 200 1051 250 1085; x_wconf 78' lang='grc' dir='ltr'><strong>τῆς</strong></span> <span class='ocrx_word' id='word_1_279' title='bbox 272 1050 323 1086; x_wconf 83' lang='grc' dir='ltr'><strong>γῆς</strong></span> <span class='ocrx_word' id='word_1_280' title='bbox 347 1051 409 1081; x_wconf 80' lang='grc' dir='ltr'><strong>υἱοὶ,</strong></span> <span class='ocrx_word' id='word_1_281' title='bbox 434 1050 481 1076; x_wconf 60' lang='grc' dir='ltr'><strong>καὶ¹</strong></span> <span class='ocrx_word' id='word_1_282' title='bbox 494 1051 542 1085; x_wconf 78' lang='grc' dir='ltr'><strong>οὐχ</strong></span> <span class='ocrx_word' id='word_1_283' title='bbox 562 1050 614 1076; x_wconf 76' lang='grc' dir='ltr'><strong>υἱοὶ</strong></span> <span class='ocrx_word' id='word_1_284' title='bbox 635 1049 740 1079; x_wconf 80' lang='grc' dir='ltr'>αὐτῶν,</span> <span class='ocrx_word' id='word_1_285' title='bbox 767 1049 835 1084; x_wconf 83' lang='grc' dir='ltr'>πλὴν</span> 
     </span>
    </p>
   </div>
   <div class='ocr_carea' id='block_1_39' title="bbox 40 1093 834 1130">
    <p class='ocr_par' dir='ltr' id='par_1_39' title="bbox 40 1093 834 1130">
     <span class='ocr_line' id='line_1_39' title="bbox 40 1093 834 1130; baseline -0.003 -8"><span class='ocrx_word' id='word_1_286' title='bbox 40 1097 108 1128; x_wconf 70' lang='grc' dir='ltr'>υἱοὶ,</span> <span class='ocrx_word' id='word_1_287' title='bbox 124 1097 172 1123; x_wconf 64' lang='grc' dir='ltr'><strong>καὶ</strong></span> <span class='ocrx_word' id='word_1_288' title='bbox 192 1096 397 1130; x_wconf 77' lang='grc' dir='ltr'>ἀπολελυμένως</span> <span class='ocrx_word' id='word_1_289' title='bbox 413 1096 481 1121; x_wconf 80' lang='grc' dir='ltr'>υἱοί·</span> <span class='ocrx_word' id='word_1_290' title='bbox 497 1095 585 1130; x_wconf 73' lang='grc' dir='ltr'>ἕτεροι</span> <span class='ocrx_word' id='word_1_291' title='bbox 602 1095 646 1126; x_wconf 85' lang='grc' dir='ltr'><strong>δὲ,</strong></span> <span class='ocrx_word' id='word_1_292' title='bbox 665 1095 708 1121; x_wconf 80' lang='grc' dir='ltr'><strong>διὰ</strong></span> <span class='ocrx_word' id='word_1_293' title='bbox 724 1095 754 1121; x_wconf 78' lang='grc' dir='ltr'>τὸ</span> <span class='ocrx_word' id='word_1_294' title='bbox 766 1093 834 1121; x_wconf 77' lang='grc' dir='ltr'>εἶναι</span> 
     </span>
    </p>
   </div>
   <div class='ocr_carea' id='block_1_40' title="bbox 40 1140 836 1177">
    <p class='ocr_par' dir='ltr' id='par_1_40' title="bbox 40 1140 836 1177">
     <span class='ocr_line' id='line_1_40' title="bbox 40 1140 836 1177; baseline -0.003 -9"><span class='ocrx_word' id='word_1_295' title='bbox 40 1142 182 1177; x_wconf 79' lang='grc' dir='ltr'>ἀλλότριοι</span> <span class='ocrx_word' id='word_1_296' title='bbox 201 1142 254 1168; x_wconf 80' lang='grc' dir='ltr'><strong>τῶν</strong></span> <span class='ocrx_word' id='word_1_297' title='bbox 274 1141 338 1167; x_wconf 84' lang='grc' dir='ltr'>υίῶν</span> <span class='ocrx_word' id='word_1_298' title='bbox 354 1141 408 1167; x_wconf 83' lang='grc' dir='ltr'><strong>τῶν</strong></span> <span class='ocrx_word' id='word_1_299' title='bbox 430 1140 560 1175; x_wconf 79' lang='grc' dir='ltr'>βασιλέων</span> <span class='ocrx_word' id='word_1_300' title='bbox 578 1141 627 1175; x_wconf 80' lang='grc' dir='ltr'><strong>τῆς</strong></span> <span class='ocrx_word' id='word_1_301' title='bbox 645 1140 706 1175; x_wconf 78' lang='grc' dir='ltr'><strong>γῆς,</strong></span> <span class='ocrx_word' id='word_1_302' title='bbox 732 1140 836 1171; x_wconf 72' lang='grc' dir='ltr'>οὐδενὸς</span> 
     </span>
    </p>
   </div>
   <div class='ocr_carea' id='block_1_41' title="bbox 41 1186 835 1224">
    <p class='ocr_par' dir='ltr' id='par_1_41' title="bbox 41 1186 835 1224">
     <span class='ocr_line' id='line_1_41' title="bbox 41 1186 835 1224; baseline -0.003 -10"><span class='ocrx_word' id='word_1_303' title='bbox 41 1188 96 1224; x_wconf 82' lang='grc' dir='ltr'>μὲν</span> <span class='ocrx_word' id='word_1_304' title='bbox 110 1188 166 1214; x_wconf 77' lang='grc' dir='ltr'><strong>τῶν</strong></span> <span class='ocrx_word' id='word_1_305' title='bbox 181 1187 227 1214; x_wconf 77' lang='grc' dir='ltr'><strong>ἐπὶ</strong></span> <span class='ocrx_word' id='word_1_306' title='bbox 243 1187 294 1222; x_wconf 82' lang='grc' dir='ltr'><strong>γῆς</strong></span> <span class='ocrx_word' id='word_1_307' title='bbox 304 1187 372 1218; x_wconf 76' lang='grc' dir='ltr'>υἱοὶ,</span> <span class='ocrx_word' id='word_1_308' title='bbox 389 1187 455 1213; x_wconf 84' lang='grc' dir='ltr'>αὐτὸ</span> <span class='ocrx_word' id='word_1_309' title='bbox 469 1187 497 1213; x_wconf 83' lang='grc' dir='ltr'><strong>δὲ</strong></span> <span class='ocrx_word' id='word_1_310' title='bbox 512 1186 590 1212; x_wconf 88' lang='grc' dir='ltr'>τοῦτο</span> <span class='ocrx_word' id='word_1_311' title='bbox 604 1187 667 1216; x_wconf 77' lang='grc' dir='ltr'><strong>υἱοὶ.</strong></span> <span class='ocrx_word' id='word_1_312' title='bbox 681 1187 739 1221; x_wconf 83' lang='grc' dir='ltr'>ἤτοι</span> <span class='ocrx_word' id='word_1_313' title='bbox 750 1186 778 1212; x_wconf 82' lang='grc' dir='ltr'><strong>δὲ</strong></span> <span class='ocrx_word' id='word_1_314' title='bbox 789 1186 835 1212; x_wconf 74' lang='grc' dir='ltr'><strong>τοῦ</strong></span> 
     </span>
    </p>
   </div>
   <div class='ocr_carea' id='block_1_42' title="bbox 39 1231 836 1269">
    <p class='ocr_par' dir='ltr' id='par_1_42' title="bbox 39 1231 836 1269">
     <span class='ocr_line' id='line_1_42' title="bbox 39 1231 836 1269; baseline -0.004 -8"><span class='ocrx_word' id='word_1_315' title='bbox 39 1234 124 1265; x_wconf 80' lang='grc' dir='ltr'>Θεοῦ,</span> <span class='ocrx_word' id='word_1_316' title='bbox 140 1234 155 1269; x_wconf 77' lang='grc' dir='ltr'><strong>ἢ</strong></span> <span class='ocrx_word' id='word_1_317' title='bbox 172 1233 218 1259; x_wconf 86' lang='grc' dir='ltr'><strong>τοῦ</strong></span> <span class='ocrx_word' id='word_1_318' title='bbox 237 1232 302 1259; x_wconf 81' lang='grc' dir='ltr'>Υίοῦ</span> <span class='ocrx_word' id='word_1_319' title='bbox 320 1233 412 1262; x_wconf 75' lang='grc' dir='ltr'>αὑτοῦ,</span> <span class='ocrx_word' id='word_1_320' title='bbox 427 1233 444 1267; x_wconf 74' lang='grc' dir='ltr'>ἦ</span> <span class='ocrx_word' id='word_1_321' title='bbox 456 1241 527 1262; x_wconf 78' lang='grc' dir='ltr'>τινος</span> <span class='ocrx_word' id='word_1_322' title='bbox 539 1231 593 1258; x_wconf 82' lang='grc' dir='ltr'><strong>τῶν</strong></span> <span class='ocrx_word' id='word_1_323' title='bbox 606 1231 653 1258; x_wconf 81' lang='grc' dir='ltr'><strong>τοῦ</strong></span> <span class='ocrx_word' id='word_1_324' title='bbox 671 1231 749 1258; x_wconf 86' lang='grc' dir='ltr'>Θεοῦ.</span> <span class='ocrx_word' id='word_1_325' title='bbox 773 1232 836 1258; x_wconf 80' lang='grc' dir='ltr'><strong>Ἐὰν</strong></span> 
     </span>
    </p>
   </div>
   <div class='ocr_carea' id='block_1_43' title="bbox 37 1276 836 1314">
    <p class='ocr_par' dir='ltr' id='par_1_43' title="bbox 37 1276 836 1314">
     <span class='ocr_line' id='line_1_43' title="bbox 37 1276 836 1314; baseline -0.005 -8"><span class='ocrx_word' id='word_1_326' title='bbox 37 1278 91 1306; x_wconf 78' lang='grc' dir='ltr'><strong>οὖν</strong></span> <span class='ocrx_word' id='word_1_327' title='bbox 111 1281 126 1306; x_wconf 87' lang='grc' dir='ltr'><strong>ὀ</strong></span> <span class='ocrx_word' id='word_1_328' title='bbox 143 1279 238 1314; x_wconf 79' lang='grc' dir='ltr'>Σωτὴρ</span> <span class='ocrx_word' id='word_1_329' title='bbox 261 1278 428 1313; x_wconf 76' lang='grc' dir='ltr'>πυνθάνηται</span> <span class='ocrx_word' id='word_1_330' title='bbox 450 1277 496 1303; x_wconf 84' lang='grc' dir='ltr'><strong>τοῦ</strong></span> <span class='ocrx_word' id='word_1_331' title='bbox 516 1277 620 1312; x_wconf 80' lang='grc' dir='ltr'>Πέτρου</span> <span class='ocrx_word' id='word_1_332' title='bbox 642 1277 745 1310; x_wconf 78' lang='grc' dir='ltr'><strong>λέγων·</strong></span> <span class='ocrx_word' id='word_1_333' title='bbox 772 1286 781 1302; x_wconf 88' lang='grc'><strong>(</strong></span> <span class='ocrx_word' id='word_1_334' title='bbox 805 1276 836 1302; x_wconf 86' lang='grc' dir='ltr'><strong>οι</strong></span> 
     </span>
    </p>
   </div>
   <div class='ocr_carea' id='block_1_44' title="bbox 40 1323 836 1361">
    <p class='ocr_par' dir='ltr' id='par_1_44' title="bbox 40 1323 836 1361">
     <span class='ocr_line' id='line_1_44' title="bbox 40 1323 836 1361; baseline -0.005 -9"><span class='ocrx_word' id='word_1_335' title='bbox 40 1326 167 1361; x_wconf 76' lang='grc' dir='ltr'>βασιλεῖς</span> <span class='ocrx_word' id='word_1_336' title='bbox 180 1325 230 1360; x_wconf 82' lang='grc' dir='ltr'>τῆς</span> <span class='ocrx_word' id='word_1_337' title='bbox 244 1324 296 1358; x_wconf 82' lang='grc' dir='ltr'><strong>γῆς</strong></span> <span class='ocrx_word' id='word_1_338' title='bbox 310 1324 363 1350; x_wconf 68' lang='grc' dir='ltr'><strong>ἀπὸ</strong></span> <span class='ocrx_word' id='word_1_339' title='bbox 380 1324 460 1350; x_wconf 87' lang='grc' dir='ltr'>τίνων</span> <span class='ocrx_word' id='word_1_340' title='bbox 472 1323 638 1357; x_wconf 72' lang='grc' dir='ltr'>λαμϐάνουσι</span> <span class='ocrx_word' id='word_1_341' title='bbox 657 1323 719 1357; x_wconf 82' lang='grc' dir='ltr'>τέλη</span> <span class='ocrx_word' id='word_1_342' title='bbox 738 1323 754 1358; x_wconf 82' lang='grc' dir='ltr'>ἢ</span> <span class='ocrx_word' id='word_1_343' title='bbox 769 1323 836 1358; x_wconf 86' lang='grc' dir='ltr'><strong>κῆν-</strong></span> 
     </span>
    </p>
   </div>
   <div class='ocr_carea' id='block_1_45' title="bbox 40 1368 836 1404">
    <p class='ocr_par' dir='ltr' id='par_1_45' title="bbox 40 1368 836 1404">
     <span class='ocr_line' id='line_1_45' title="bbox 40 1368 836 1404; baseline -0.005 -6"><span class='ocrx_word' id='word_1_344' title='bbox 40 1380 108 1404; x_wconf 69' lang='lat' dir='ltr'><strong>cev;</strong></span> <span class='ocrx_word' id='word_1_345' title='bbox 127 1371 181 1397; x_wconf 76' lang='grc' dir='ltr'><strong>ἀπὸ</strong></span> <span class='ocrx_word' id='word_1_346' title='bbox 195 1371 247 1396; x_wconf 66' lang='grc' dir='ltr'>τῶν</span> <span class='ocrx_word' id='word_1_347' title='bbox 264 1370 335 1396; x_wconf 84' lang='grc' dir='ltr'>ίδίων</span> <span class='ocrx_word' id='word_1_348' title='bbox 348 1369 412 1395; x_wconf 83' lang='grc' dir='ltr'><strong>υίῶν</strong></span> <span class='ocrx_word' id='word_1_349' title='bbox 425 1389 431 1399; x_wconf 84' lang='grc'>,</span> <span class='ocrx_word' id='word_1_350' title='bbox 445 1369 461 1404; x_wconf 81' lang='grc' dir='ltr'>ἢ</span> <span class='ocrx_word' id='word_1_351' title='bbox 482 1369 535 1395; x_wconf 83' lang='grc' dir='ltr'><strong>ἀπὸ</strong></span> <span class='ocrx_word' id='word_1_352' title='bbox 550 1368 604 1394; x_wconf 84' lang='grc' dir='ltr'><strong>τῶν</strong></span> <span class='ocrx_word' id='word_1_353' title='bbox 624 1368 770 1403; x_wconf 76' lang='grc' dir='ltr'>ἀλλοτρίων</span> <span class='ocrx_word' id='word_1_354' title='bbox 786 1368 836 1394; x_wconf 79' lang='grc' dir='ltr'><strong>αὺ-</strong></span> 
     </span>
    </p>
   </div>
   <div class='ocr_carea' id='block_1_46' title="bbox 40 1416 836 1451">
    <p class='ocr_par' dir='ltr' id='par_1_46' title="bbox 40 1416 836 1451">
     <span class='ocr_line' id='line_1_46' title="bbox 40 1416 836 1451; baseline -0.005 -5"><span class='ocrx_word' id='word_1_355' title='bbox 40 1419 121 1451; x_wconf 70' lang='grc' dir='ltr'>τῶνς</span> <span class='ocrx_word' id='word_1_356' title='bbox 150 1429 157 1442; x_wconf 79' lang='grc'><strong>1</strong></span> <span class='ocrx_word' id='word_1_357' title='bbox 181 1418 302 1449; x_wconf 71' lang='grc' dir='ltr'>εἰπόντος</span> <span class='ocrx_word' id='word_1_358' title='bbox 325 1417 352 1443; x_wconf 84' lang='grc' dir='ltr'><strong>δὲ</strong></span> <span class='ocrx_word' id='word_1_359' title='bbox 375 1417 422 1443; x_wconf 85' lang='grc' dir='ltr'><strong>τοῦ</strong></span> <span class='ocrx_word' id='word_1_360' title='bbox 444 1417 559 1451; x_wconf 74' lang='grc' dir='ltr'>Πέτρου,</span> <span class='ocrx_word' id='word_1_361' title='bbox 577 1416 617 1442; x_wconf 83' lang='grc' dir='ltr'>ὃτι</span> <span class='ocrx_word' id='word_1_362' title='bbox 634 1417 684 1442; x_wconf 77' lang='grc' dir='ltr'><strong>οὐκ</strong></span> <span class='ocrx_word' id='word_1_363' title='bbox 705 1416 759 1442; x_wconf 78' lang='grc' dir='ltr'><strong>ἀπὸ</strong></span> <span class='ocrx_word' id='word_1_364' title='bbox 781 1416 836 1442; x_wconf 81' lang='grc' dir='ltr'>τῶν</span> 
     </span>
    </p>
   </div>
   <div class='ocr_carea' id='block_1_47' title="bbox 42 1460 838 1496">
    <p class='ocr_par' dir='ltr' id='par_1_47' title="bbox 42 1460 838 1496">
     <span class='ocr_line' id='line_1_47' title="bbox 42 1460 838 1496; baseline -0.008 -5"><span class='ocrx_word' id='word_1_365' title='bbox 42 1465 121 1491; x_wconf 73' lang='grc' dir='ltr'>ἰδίων</span> <span class='ocrx_word' id='word_1_366' title='bbox 142 1464 216 1493; x_wconf 75' lang='grc' dir='ltr'><strong>υἱῶν.</strong></span> <span class='ocrx_word' id='word_1_367' title='bbox 234 1463 291 1489; x_wconf 84' lang='grc' dir='ltr'>ἀλλ’</span> <span class='ocrx_word' id='word_1_368' title='bbox 313 1472 322 1488; x_wconf 74' lang='grc' dir='ltr'><strong>ι</strong></span> <span class='ocrx_word' id='word_1_369' title='bbox 346 1462 400 1488; x_wconf 84' lang='grc' dir='ltr'><strong>ἀπὺ</strong></span> <span class='ocrx_word' id='word_1_370' title='bbox 413 1461 466 1487; x_wconf 78' lang='grc' dir='ltr'>τῶν</span> <span class='ocrx_word' id='word_1_371' title='bbox 480 1460 626 1496; x_wconf 80' lang='grc' dir='ltr'>ἀλλοτρίων</span> <span class='ocrx_word' id='word_1_372' title='bbox 647 1470 656 1486; x_wconf 74' lang='grc' dir='ltr'><strong>ι</strong></span> <span class='ocrx_word' id='word_1_373' title='bbox 671 1460 770 1492; x_wconf 76' lang='grc' dir='ltr'>αὐτῶν,</span> <span class='ocrx_word' id='word_1_374' title='bbox 785 1470 838 1496; x_wconf 85' lang='grc' dir='ltr'><strong>φη-</strong></span> 
     </span>
    </p>
   </div>
   <div class='ocr_carea' id='block_1_48' title="bbox 40 1505 836 1544">
    <p class='ocr_par' dir='ltr' id='par_1_48' title="bbox 40 1505 836 1544">
     <span class='ocr_line' id='line_1_48' title="bbox 40 1505 836 1544; baseline -0.005 -7"><span class='ocrx_word' id='word_1_375' title='bbox 40 1512 87 1538; x_wconf 70' lang='grc' dir='ltr'>σὶν</span> <span class='ocrx_word' id='word_1_376' title='bbox 101 1511 116 1536; x_wconf 71' lang='grc' dir='ltr'>ὁ</span> <span class='ocrx_word' id='word_1_377' title='bbox 140 1509 242 1544; x_wconf 80' lang='grc' dir='ltr'>Ἰησοῦς</span> <span class='ocrx_word' id='word_1_378' title='bbox 260 1508 324 1544; x_wconf 72' lang='grc' dir='ltr'>περὶ</span> <span class='ocrx_word' id='word_1_379' title='bbox 339 1507 439 1534; x_wconf 77' lang='grc' dir='ltr'>τούτων</span> <span class='ocrx_word' id='word_1_380' title='bbox 458 1507 554 1537; x_wconf 80' lang='grc' dir='ltr'>οἵτινες</span> <span class='ocrx_word' id='word_1_381' title='bbox 570 1505 705 1541; x_wconf 75' lang='grc' dir='ltr'>ἀλλότριοι</span> <span class='ocrx_word' id='word_1_382' title='bbox 722 1507 773 1532; x_wconf 82' lang='grc' dir='ltr'>εισι</span> <span class='ocrx_word' id='word_1_383' title='bbox 783 1506 836 1533; x_wconf 83' lang='grc' dir='ltr'>τῶν</span> 
     </span>
    </p>
   </div>
   <div class='ocr_carea' id='block_1_49' title="bbox 41 1549 838 1590">
    <p class='ocr_par' dir='ltr' id='par_1_49' title="bbox 41 1549 838 1590">
     <span class='ocr_line' id='line_1_49' title="bbox 41 1549 838 1590; baseline -0.006 -9"><span class='ocrx_word' id='word_1_384' title='bbox 41 1554 180 1590; x_wconf 64' lang='grc' dir='ltr'>βαοιλέων</span> <span class='ocrx_word' id='word_1_385' title='bbox 188 1554 237 1588; x_wconf 76' lang='grc' dir='ltr'><strong>τῆς</strong></span> <span class='ocrx_word' id='word_1_386' title='bbox 245 1554 306 1588; x_wconf 85' lang='grc' dir='ltr'><strong>γῆς,</strong></span> <span class='ocrx_word' id='word_1_387' title='bbox 320 1553 366 1579; x_wconf 75' lang='grc' dir='ltr'><strong>καὶ</strong></span> <span class='ocrx_word' id='word_1_388' title='bbox 377 1552 420 1578; x_wconf 78' lang='grc' dir='ltr'>διὰ</span> <span class='ocrx_word' id='word_1_389' title='bbox 433 1552 462 1578; x_wconf 84' lang='grc' dir='ltr'>τὺ</span> <span class='ocrx_word' id='word_1_390' title='bbox 473 1549 542 1578; x_wconf 77' lang='grc' dir='ltr'>εἶναι</span> <span class='ocrx_word' id='word_1_391' title='bbox 552 1551 698 1587; x_wconf 72' lang='grc' dir='ltr'>ἐλεύθεροι,</span> <span class='ocrx_word' id='word_1_392' title='bbox 710 1551 762 1577; x_wconf 76' lang='grc' dir='ltr'><strong>υἱοὶ</strong></span> <span class='ocrx_word' id='word_1_393' title='bbox 774 1561 838 1586; x_wconf 78' lang='grc' dir='ltr'>τυγ-</span> 
     </span>
    </p>
   </div>
   <div class='ocr_carea' id='block_1_50' title="bbox 39 1596 834 1636">
    <p class='ocr_par' dir='ltr' id='par_1_50' title="bbox 39 1596 834 1636">
     <span class='ocr_line' id='line_1_50' title="bbox 39 1596 834 1636; baseline -0.006 -9"><span class='ocrx_word' id='word_1_394' title='bbox 39 1601 178 1636; x_wconf 73' lang='grc' dir='ltr'>χάνουσι,</span> <span class='ocrx_word' id='word_1_395' title='bbox 201 1599 246 1624; x_wconf 79' lang='grc' dir='ltr'><strong>τό·</strong></span> <span class='ocrx_word' id='word_1_396' title='bbox 275 1607 283 1623; x_wconf 84' lang='grc' dir='ltr'><strong>ι</strong></span> <span class='ocrx_word' id='word_1_397' title='bbox 305 1598 374 1632; x_wconf 76' lang='grc' dir='ltr'>’Ἄρα</span> <span class='ocrx_word' id='word_1_398' title='bbox 394 1606 425 1631; x_wconf 88' lang='grc' dir='ltr'>γε</span> <span class='ocrx_word' id='word_1_399' title='bbox 452 1596 586 1631; x_wconf 75' lang='grc' dir='ltr'>ἐλεύθεροί</span> <span class='ocrx_word' id='word_1_400' title='bbox 611 1598 678 1622; x_wconf 77' lang='grc' dir='ltr'>εἰσιν</span> <span class='ocrx_word' id='word_1_401' title='bbox 696 1597 719 1622; x_wconf 87' lang='grc' dir='ltr'>οἱ</span> <span class='ocrx_word' id='word_1_402' title='bbox 737 1597 799 1628; x_wconf 77' lang='grc' dir='ltr'><strong>υἱοὶ,</strong></span> <span class='ocrx_word' id='word_1_403' title='bbox 825 1607 834 1622; x_wconf 76' lang='grc' dir='ltr'><strong>ι</strong></span> 
     </span>
    </p>
   </div>
   <div class='ocr_carea' id='block_1_51' title="bbox 39 1641 835 1678">
    <p class='ocr_par' dir='ltr' id='par_1_51' title="bbox 39 1641 835 1678">
     <span class='ocr_line' id='line_1_51' title="bbox 39 1641 835 1678; baseline -0.004 -7"><span class='ocrx_word' id='word_1_404' title='bbox 39 1646 96 1671; x_wconf 75' lang='grc' dir='ltr'>οὐκ</span> <span class='ocrx_word' id='word_1_405' title='bbox 121 1643 258 1678; x_wconf 79' lang='grc' dir='ltr'>ἐλεύθεροι</span> <span class='ocrx_word' id='word_1_406' title='bbox 279 1643 332 1678; x_wconf 78' lang='grc' dir='ltr'><strong>γὰρ</strong></span> <span class='ocrx_word' id='word_1_407' title='bbox 352 1643 375 1668; x_wconf 82' lang='grc' dir='ltr'><strong>οἱ</strong></span> <span class='ocrx_word' id='word_1_408' title='bbox 403 1643 455 1669; x_wconf 70' lang='grc' dir='ltr'>υἱοὶ</span> <span class='ocrx_word' id='word_1_409' title='bbox 478 1641 532 1668; x_wconf 84' lang='grc' dir='ltr'><strong>τῶν</strong></span> <span class='ocrx_word' id='word_1_410' title='bbox 555 1641 688 1676; x_wconf 82' lang='grc' dir='ltr'>βασιλέων</span> <span class='ocrx_word' id='word_1_411' title='bbox 706 1642 755 1677; x_wconf 83' lang='grc' dir='ltr'><strong>τῆς</strong></span> <span class='ocrx_word' id='word_1_412' title='bbox 768 1643 835 1677; x_wconf 72' lang='grc' dir='ltr'><strong>γῆς·</strong></span> 
     </span>
    </p>
   </div>
   <div class='ocr_carea' id='block_1_52' title="bbox 43 1686 838 1723">
    <p class='ocr_par' dir='ltr' id='par_1_52' title="bbox 43 1686 838 1723">
     <span class='ocr_line' id='line_1_52' title="bbox 43 1686 838 1723; baseline -0.001 -9"><span class='ocrx_word' id='word_1_413' title='bbox 43 1699 52 1714; x_wconf 76' lang='grc' dir='ltr'><strong>ι</strong></span> <span class='ocrx_word' id='word_1_414' title='bbox 76 1689 142 1714; x_wconf 72' lang='grc' dir='ltr'>ἐπεὶ</span> <span class='ocrx_word' id='word_1_415' title='bbox 160 1688 214 1718; x_wconf 73' lang='grc' dir='ltr'><strong>πᾶς</strong></span> <span class='ocrx_word' id='word_1_416' title='bbox 231 1689 245 1713; x_wconf 85' lang='grc' dir='ltr'><strong>ὀ</strong></span> <span class='ocrx_word' id='word_1_417' title='bbox 262 1687 345 1713; x_wconf 81' lang='grc' dir='ltr'>ποιῶν</span> <span class='ocrx_word' id='word_1_418' title='bbox 361 1686 410 1722; x_wconf 81' lang='grc' dir='ltr'>τὴν</span> <span class='ocrx_word' id='word_1_419' title='bbox 427 1687 563 1722; x_wconf 84' lang='grc' dir='ltr'>ἁμαρτίαν</span> <span class='ocrx_word' id='word_1_420' title='bbox 576 1687 668 1718; x_wconf 87' lang='grc' dir='ltr'>δοῦλος</span> <span class='ocrx_word' id='word_1_421' title='bbox 683 1687 732 1721; x_wconf 81' lang='grc' dir='ltr'><strong>τῆς</strong></span> <span class='ocrx_word' id='word_1_422' title='bbox 749 1688 838 1723; x_wconf 80' lang='grc' dir='ltr'>ἀμαρ-</span> 
     </span>
    </p>
   </div>
   <div class='ocr_carea' id='block_1_53' title="bbox 39 1732 838 1768">
    <p class='ocr_par' dir='ltr' id='par_1_53' title="bbox 39 1732 838 1768">
     <span class='ocr_line' id='line_1_53' title="bbox 39 1732 838 1768; baseline -0.003 -8"><span class='ocrx_word' id='word_1_423' title='bbox 39 1735 105 1765; x_wconf 73' lang='grc' dir='ltr'>τίας</span> <span class='ocrx_word' id='word_1_424' title='bbox 125 1734 216 1759; x_wconf 70' lang='grc' dir='ltr'>ἐστίν·</span> <span class='ocrx_word' id='word_1_425' title='bbox 240 1743 248 1758; x_wconf 84' lang='lat' dir='ltr'><strong>i</strong></span> <span class='ocrx_word' id='word_1_426' title='bbox 264 1732 400 1767; x_wconf 78' lang='grc' dir='ltr'>ἐλεύθεροι</span> <span class='ocrx_word' id='word_1_427' title='bbox 416 1732 444 1758; x_wconf 83' lang='grc' dir='ltr'><strong>δὲ</strong></span> <span class='ocrx_word' id='word_1_428' title='bbox 464 1733 488 1758; x_wconf 81' lang='grc' dir='ltr'>οἰ</span> <span class='ocrx_word' id='word_1_429' title='bbox 506 1733 647 1767; x_wconf 80' lang='grc' dir='ltr'>μείναντες</span> <span class='ocrx_word' id='word_1_430' title='bbox 669 1734 702 1767; x_wconf 84' lang='grc' dir='ltr'>τῇ</span> <span class='ocrx_word' id='word_1_431' title='bbox 725 1733 838 1768; x_wconf 72' lang='grc' dir='ltr'>ἀληθείᾳ</span> 
     </span>
    </p>
   </div>
   <div class='ocr_carea' id='block_1_54' title="bbox 39 1775 839 1812">
    <p class='ocr_par' dir='ltr' id='par_1_54' title="bbox 39 1775 839 1812">
     <span class='ocr_line' id='line_1_54' title="bbox 39 1775 839 1812; baseline -0.005 -7"><span class='ocrx_word' id='word_1_432' title='bbox 39 1779 91 1805; x_wconf 82' lang='grc' dir='ltr'><strong>τοῦ</strong></span> <span class='ocrx_word' id='word_1_433' title='bbox 109 1778 192 1812; x_wconf 72' lang='grc' dir='ltr'>λόγου</span> <span class='ocrx_word' id='word_1_434' title='bbox 210 1777 256 1804; x_wconf 82' lang='grc' dir='ltr'><strong>τοῦ</strong></span> <span class='ocrx_word' id='word_1_435' title='bbox 277 1776 343 1803; x_wconf 80' lang='grc' dir='ltr'>Θεοῦ</span> <span class='ocrx_word' id='word_1_436' title='bbox 354 1797 361 1809; x_wconf 85' lang='grc'>,</span> <span class='ocrx_word' id='word_1_437' title='bbox 377 1776 423 1802; x_wconf 67' lang='grc' dir='ltr'>καὶ</span> <span class='ocrx_word' id='word_1_438' title='bbox 439 1775 483 1802; x_wconf 77' lang='grc' dir='ltr'>διὰ</span> <span class='ocrx_word' id='word_1_439' title='bbox 496 1776 572 1802; x_wconf 84' lang='grc' dir='ltr'>τοῦτο</span> <span class='ocrx_word' id='word_1_440' title='bbox 589 1775 698 1809; x_wconf 81' lang='grc' dir='ltr'>γνόντες</span> <span class='ocrx_word' id='word_1_441' title='bbox 710 1775 758 1810; x_wconf 80' lang='grc' dir='ltr'>τὴν</span> <span class='ocrx_word' id='word_1_442' title='bbox 775 1776 839 1811; x_wconf 78' lang='grc' dir='ltr'><strong>ἀλή-</strong></span> 
     </span>
    </p>
   </div>
   <div class='ocr_carea' id='block_1_55' title="bbox 888 911 1672 951">
    <p class='ocr_par' dir='ltr' id='par_1_55' title="bbox 888 911 1672 951">
     <span class='ocr_line' id='line_1_55' title="bbox 888 911 1672 951; baseline 0.008 -14"><span class='ocrx_word' id='word_1_443' title='bbox 888 911 1028 946; x_wconf 85' lang='lat' dir='ltr'><strong>proprium</strong></span> <span class='ocrx_word' id='word_1_444' title='bbox 1044 916 1072 938; x_wconf 93' lang='lat' dir='ltr'><strong>ut</strong></span> <span class='ocrx_word' id='word_1_445' title='bbox 1087 917 1160 939; x_wconf 87' lang='lat' dir='ltr'><strong>esset</strong></span> <span class='ocrx_word' id='word_1_446' title='bbox 1177 912 1240 944; x_wconf 89' lang='lat' dir='ltr'><strong>sibi,</strong></span> <span class='ocrx_word' id='word_1_447' title='bbox 1255 921 1288 939; x_wconf 88' lang='lat' dir='ltr'><strong>ne</strong></span> <span class='ocrx_word' id='word_1_448' title='bbox 1309 921 1427 948; x_wconf 83' lang='lat' dir='ltr'><strong>unquam</strong></span> <span class='ocrx_word' id='word_1_449' title='bbox 1443 916 1512 949; x_wconf 88' lang='lat' dir='ltr'><strong>apud</strong></span> <span class='ocrx_word' id='word_1_450' title='bbox 1529 916 1672 951; x_wconf 76' lang='lat' dir='ltr'><strong>imaginem</strong></span> 
     </span>
    </p>
   </div>
   <div class='ocr_carea' id='block_1_56' title="bbox 889 958 1585 993">
    <p class='ocr_par' dir='ltr' id='par_1_56' title="bbox 889 958 1585 993">
     <span class='ocr_line' id='line_1_56' title="bbox 889 958 1585 993; baseline 0.007 -10"><span class='ocrx_word' id='word_1_451' title='bbox 889 964 941 984; x_wconf 90' lang='lat' dir='ltr'><strong>non</strong></span> <span class='ocrx_word' id='word_1_452' title='bbox 958 958 1130 992; x_wconf 83' lang='lat' dir='ltr'><strong>aspectabilis</strong></span> <span class='ocrx_word' id='word_1_453' title='bbox 1145 958 1192 984; x_wconf 82' lang='lat' dir='ltr'><strong>Dei</strong></span> <span class='ocrx_word' id='word_1_454' title='bbox 1208 958 1297 993; x_wconf 81' lang='lat' dir='ltr'><strong>imago</strong></span> <span class='ocrx_word' id='word_1_455' title='bbox 1312 959 1429 988; x_wconf 74' lang='lat' dir='ltr'><strong>Caesaris</strong></span> <span class='ocrx_word' id='word_1_456' title='bbox 1447 961 1585 988; x_wconf 83' lang='lat' dir='ltr'><strong>habeatur.</strong></span> 
     </span>
    </p>
   </div>
   <div class='ocr_carea' id='block_1_57' title="bbox 924 1002 1672 1041">
    <p class='ocr_par' dir='ltr' id='par_1_57' title="bbox 924 1002 1672 1041">
     <span class='ocr_line' id='line_1_57' title="bbox 924 1002 1672 1041; baseline 0.009 -14"><span class='ocrx_word' id='word_1_457' title='bbox 924 1002 967 1028; x_wconf 78' lang='grc'><strong>11.</strong></span> <span class='ocrx_word' id='word_1_458' title='bbox 992 1002 1052 1029; x_wconf 83' lang='lat' dir='ltr'><strong>Alio</strong></span> <span class='ocrx_word' id='word_1_459' title='bbox 1076 1003 1155 1029; x_wconf 86' lang='lat' dir='ltr'><strong>etiam</strong></span> <span class='ocrx_word' id='word_1_460' title='bbox 1177 1003 1259 1030; x_wconf 82' lang='lat' dir='ltr'><strong>modo</strong></span> <span class='ocrx_word' id='word_1_461' title='bbox 1284 1004 1310 1030; x_wconf 93' lang='lat' dir='ltr'><strong>id</strong></span> <span class='ocrx_word' id='word_1_462' title='bbox 1331 1005 1459 1039; x_wconf 82' lang='lat' dir='ltr'><strong>explicari</strong></span> <span class='ocrx_word' id='word_1_463' title='bbox 1485 1010 1572 1041; x_wconf 84' lang='lat' dir='ltr'><strong>potest</strong></span> <span class='ocrx_word' id='word_1_464' title='bbox 1586 1016 1592 1034; x_wconf 96' lang='lat'><strong>:</strong></span> <span class='ocrx_word' id='word_1_465' title='bbox 1607 1011 1672 1034; x_wconf 89' lang='lat' dir='ltr'><strong>sunt</strong></span> 
     </span>
    </p>
   </div>
   <div class='ocr_carea' id='block_1_58' title="bbox 888 1048 1672 1085">
    <p class='ocr_par' dir='ltr' id='par_1_58' title="bbox 888 1048 1672 1085">
     <span class='ocr_line' id='line_1_58' title="bbox 888 1048 1672 1085; baseline 0.009 -12"><span class='ocrx_word' id='word_1_466' title='bbox 888 1048 998 1082; x_wconf 85' lang='lat' dir='ltr'><strong>quidam</strong></span> <span class='ocrx_word' id='word_1_467' title='bbox 1008 1055 1100 1082; x_wconf 82' lang='lat' dir='ltr'><strong>regum</strong></span> <span class='ocrx_word' id='word_1_468' title='bbox 1116 1054 1194 1075; x_wconf 58' lang='lat' dir='ltr'><strong>terrae</strong></span> <span class='ocrx_word' id='word_1_469' title='bbox 1207 1049 1263 1080; x_wconf 81' lang='lat' dir='ltr'><strong>ﬁlii.</strong></span> <span class='ocrx_word' id='word_1_470' title='bbox 1278 1057 1327 1077; x_wconf 92' lang='lat' dir='ltr'><strong>nec</strong></span> <span class='ocrx_word' id='word_1_471' title='bbox 1342 1058 1436 1077; x_wconf 89' lang='lat' dir='ltr'><strong>eorum</strong></span> <span class='ocrx_word' id='word_1_472' title='bbox 1450 1056 1540 1079; x_wconf 89' lang='lat' dir='ltr'><strong>tamen</strong></span> <span class='ocrx_word' id='word_1_473' title='bbox 1554 1052 1611 1085; x_wconf 85' lang='lat' dir='ltr'><strong>lilii,</strong></span> <span class='ocrx_word' id='word_1_474' title='bbox 1627 1053 1672 1080; x_wconf 75' lang='lat' dir='ltr'><strong>sed</strong></span> 
     </span>
    </p>
   </div>
   <div class='ocr_carea' id='block_1_59' title="bbox 890 1093 1673 1133">
    <p class='ocr_par' dir='ltr' id='par_1_59' title="bbox 890 1093 1673 1133">
     <span class='ocr_line' id='line_1_59' title="bbox 890 1093 1673 1133; baseline 0.01 -14"><span class='ocrx_word' id='word_1_475' title='bbox 890 1093 937 1120; x_wconf 89' lang='lat' dir='ltr'><strong>ﬁlii</strong></span> <span class='ocrx_word' id='word_1_476' title='bbox 964 1097 991 1120; x_wconf 90' lang='lat' dir='ltr'><strong>et</strong></span> <span class='ocrx_word' id='word_1_477' title='bbox 1015 1093 1138 1120; x_wconf 89' lang='lat' dir='ltr'><strong>absolute</strong></span> <span class='ocrx_word' id='word_1_478' title='bbox 1155 1094 1202 1121; x_wconf 89' lang='lat' dir='ltr'><strong>ﬁlii</strong></span> <span class='ocrx_word' id='word_1_479' title='bbox 1222 1104 1228 1120; x_wconf 91' lang='lat'>:</span> <span class='ocrx_word' id='word_1_480' title='bbox 1246 1095 1291 1121; x_wconf 87' lang='lat' dir='ltr'><strong>alii</strong></span> <span class='ocrx_word' id='word_1_481' title='bbox 1318 1101 1418 1127; x_wconf 88' lang='lat' dir='ltr'><strong>autem,</strong></span> <span class='ocrx_word' id='word_1_482' title='bbox 1442 1097 1514 1131; x_wconf 88' lang='lat' dir='ltr'><strong>quod</strong></span> <span class='ocrx_word' id='word_1_483' title='bbox 1537 1105 1552 1124; x_wconf 87' lang='lat' dir='ltr'><strong>a</strong></span> <span class='ocrx_word' id='word_1_484' title='bbox 1579 1106 1673 1133; x_wconf 78' lang='lat' dir='ltr'><strong>regum</strong></span> 
     </span>
    </p>
   </div>
   <div class='ocr_carea' id='block_1_60' title="bbox 890 1139 1672 1177">
    <p class='ocr_par' dir='ltr' id='par_1_60' title="bbox 890 1139 1672 1177">
     <span class='ocr_line' id='line_1_60' title="bbox 890 1139 1672 1177; baseline 0.008 -13"><span class='ocrx_word' id='word_1_485' title='bbox 890 1142 968 1164; x_wconf 69' lang='lat' dir='ltr'><strong>terra:</strong></span> <span class='ocrx_word' id='word_1_486' title='bbox 982 1139 1044 1165; x_wconf 84' lang='lat' dir='ltr'><strong>filiis</strong></span> <span class='ocrx_word' id='word_1_487' title='bbox 1062 1139 1161 1166; x_wconf 81' lang='lat' dir='ltr'><strong>diversi</strong></span> <span class='ocrx_word' id='word_1_488' title='bbox 1177 1139 1241 1171; x_wconf 86' lang='lat' dir='ltr'><strong>sint,</strong></span> <span class='ocrx_word' id='word_1_489' title='bbox 1258 1141 1359 1168; x_wconf 90' lang='lat' dir='ltr'><strong>nullius</strong></span> <span class='ocrx_word' id='word_1_490' title='bbox 1372 1149 1404 1168; x_wconf 88' lang='lat' dir='ltr'><strong>ex</strong></span> <span class='ocrx_word' id='word_1_491' title='bbox 1420 1142 1453 1169; x_wconf 89' lang='lat' dir='ltr'><strong>iis</strong></span> <span class='ocrx_word' id='word_1_492' title='bbox 1468 1143 1514 1176; x_wconf 92' lang='lat' dir='ltr'><strong>qui</strong></span> <span class='ocrx_word' id='word_1_493' title='bbox 1528 1150 1610 1177; x_wconf 84' lang='lat' dir='ltr'><strong>supra</strong></span> <span class='ocrx_word' id='word_1_494' title='bbox 1622 1148 1672 1170; x_wconf 51' lang='lat' dir='ltr'><strong>ter.</strong></span> 
     </span>
    </p>
   </div>
   <div class='ocr_carea' id='block_1_61' title="bbox 888 1185 1672 1223">
    <p class='ocr_par' dir='ltr' id='par_1_61' title="bbox 888 1185 1672 1223">
     <span class='ocr_line' id='line_1_61' title="bbox 888 1185 1672 1223; baseline 0.008 -13"><span class='ocrx_word' id='word_1_495' title='bbox 888 1192 947 1211; x_wconf 85' lang='lat' dir='ltr'><strong>ram</strong></span> <span class='ocrx_word' id='word_1_496' title='bbox 965 1185 1123 1220; x_wconf 75' lang='lat' dir='ltr'><strong>deguntlilii</strong></span> <span class='ocrx_word' id='word_1_497' title='bbox 1140 1190 1213 1218; x_wconf 83' lang='lat' dir='ltr'><strong>sunt,</strong></span> <span class='ocrx_word' id='word_1_498' title='bbox 1229 1186 1276 1213; x_wconf 89' lang='lat' dir='ltr'><strong>sed</strong></span> <span class='ocrx_word' id='word_1_499' title='bbox 1299 1191 1408 1221; x_wconf 88' lang='lat' dir='ltr'><strong>propter</strong></span> <span class='ocrx_word' id='word_1_500' title='bbox 1434 1188 1485 1215; x_wconf 93' lang='lat' dir='ltr'><strong>hoc</strong></span> <span class='ocrx_word' id='word_1_501' title='bbox 1512 1189 1600 1223; x_wconf 87' lang='lat' dir='ltr'><strong>ipsum</strong></span> <span class='ocrx_word' id='word_1_502' title='bbox 1625 1190 1672 1217; x_wconf 86' lang='lat' dir='ltr'><strong>lilii</strong></span> 
     </span>
    </p>
   </div>
   <div class='ocr_carea' id='block_1_62' title="bbox 890 1230 1673 1269">
    <p class='ocr_par' dir='ltr' id='par_1_62' title="bbox 890 1230 1673 1269">
     <span class='ocr_line' id='line_1_62' title="bbox 890 1230 1673 1269; baseline 0.006 -13"><span class='ocrx_word' id='word_1_503' title='bbox 890 1234 953 1257; x_wconf 88' lang='lat' dir='ltr'><strong>sunt</strong></span> <span class='ocrx_word' id='word_1_504' title='bbox 980 1230 1021 1256; x_wconf 86' lang='lat' dir='ltr'><strong>vel</strong></span> <span class='ocrx_word' id='word_1_505' title='bbox 1047 1230 1104 1263; x_wconf 84' lang='lat' dir='ltr'><strong>Dei,</strong></span> <span class='ocrx_word' id='word_1_506' title='bbox 1123 1230 1165 1257; x_wconf 88' lang='lat' dir='ltr'><strong>vel</strong></span> <span class='ocrx_word' id='word_1_507' title='bbox 1187 1231 1272 1265; x_wconf 88' lang='lat' dir='ltr'><strong>ipsius</strong></span> <span class='ocrx_word' id='word_1_508' title='bbox 1294 1231 1373 1265; x_wconf 85' lang='lat' dir='ltr'><strong>Filii,</strong></span> <span class='ocrx_word' id='word_1_509' title='bbox 1398 1233 1438 1260; x_wconf 95' lang='lat' dir='ltr'><strong>vel</strong></span> <span class='ocrx_word' id='word_1_510' title='bbox 1459 1234 1574 1269; x_wconf 84' lang='lat' dir='ltr'><strong>alicujus</strong></span> <span class='ocrx_word' id='word_1_511' title='bbox 1593 1243 1609 1262; x_wconf 88' lang='lat' dir='ltr'><strong>e</strong></span> <span class='ocrx_word' id='word_1_512' title='bbox 1627 1235 1673 1261; x_wconf 74' lang='lat' dir='ltr'><strong>Dei</strong></span> 
     </span>
    </p>
   </div>
   <div class='ocr_carea' id='block_1_63' title="bbox 889 1274 1671 1312">
    <p class='ocr_par' dir='ltr' id='par_1_63' title="bbox 889 1274 1671 1312">
     <span class='ocr_line' id='line_1_63' title="bbox 889 1274 1671 1312; baseline 0.01 -11"><span class='ocrx_word' id='word_1_513' title='bbox 889 1275 962 1302; x_wconf 90' lang='lat' dir='ltr'><strong>ﬁliis.</strong></span> <span class='ocrx_word' id='word_1_514' title='bbox 977 1274 1004 1301; x_wconf 93' lang='lat' dir='ltr'><strong>Si</strong></span> <span class='ocrx_word' id='word_1_515' title='bbox 1018 1283 1083 1310; x_wconf 79' lang='lat' dir='ltr'><strong>ergo</strong></span> <span class='ocrx_word' id='word_1_516' title='bbox 1095 1275 1205 1302; x_wconf 88' lang='lat' dir='ltr'><strong>Petrum</strong></span> <span class='ocrx_word' id='word_1_517' title='bbox 1223 1277 1369 1312; x_wconf 83' lang='lat' dir='ltr'><strong>interroget</strong></span> <span class='ocrx_word' id='word_1_518' title='bbox 1384 1277 1510 1307; x_wconf 81' lang='lat' dir='ltr'><strong>Servator</strong></span> <span class='ocrx_word' id='word_1_519' title='bbox 1524 1280 1617 1309; x_wconf 82' lang='lat' dir='ltr'><strong>dicens</strong></span> <span class='ocrx_word' id='word_1_520' title='bbox 1628 1282 1650 1297; x_wconf 83' lang='lat'><strong>&quot;</strong></span> <span class='ocrx_word' id='word_1_521' title='bbox 1664 1291 1671 1309; x_wconf 88' lang='lat'><strong>:</strong></span> 
     </span>
    </p>
   </div>
   <div class='ocr_carea' id='block_1_64' title="bbox 893 1319 1673 1356">
    <p class='ocr_par' dir='ltr' id='par_1_64' title="bbox 893 1319 1673 1356">
     <span class='ocr_line' id='line_1_64' title="bbox 893 1319 1673 1356; baseline 0.01 -11"><span class='ocrx_word' id='word_1_522' title='bbox 893 1329 902 1345; x_wconf 75' lang='grc' dir='ltr'><strong>ι</strong></span> <span class='ocrx_word' id='word_1_523' title='bbox 918 1319 1004 1354; x_wconf 74' lang='lat' dir='ltr'><strong>Reges</strong></span> <span class='ocrx_word' id='word_1_524' title='bbox 1021 1324 1101 1347; x_wconf 76' lang='lat' dir='ltr'><strong>terrae</strong></span> <span class='ocrx_word' id='word_1_525' title='bbox 1115 1328 1130 1347; x_wconf 88' lang='lat' dir='ltr'><strong>a</strong></span> <span class='ocrx_word' id='word_1_526' title='bbox 1146 1321 1246 1355; x_wconf 85' lang='lat' dir='ltr'><strong>quibus</strong></span> <span class='ocrx_word' id='word_1_527' title='bbox 1259 1322 1396 1356; x_wconf 87' lang='lat' dir='ltr'><strong>accipiunt</strong></span> <span class='ocrx_word' id='word_1_528' title='bbox 1410 1324 1539 1351; x_wconf 79' lang='lat' dir='ltr'><strong>tributum</strong></span> <span class='ocrx_word' id='word_1_529' title='bbox 1555 1326 1595 1352; x_wconf 74' lang='lat' dir='ltr'><strong>vel</strong></span> <span class='ocrx_word' id='word_1_530' title='bbox 1609 1334 1673 1353; x_wconf 84' lang='lat' dir='ltr'><strong>ceu-</strong></span> 
     </span>
    </p>
   </div>
   <div class='ocr_carea' id='block_1_65' title="bbox 890 1365 1674 1405">
    <p class='ocr_par' dir='ltr' id='par_1_65' title="bbox 890 1365 1674 1405">
     <span class='ocr_line' id='line_1_65' title="bbox 890 1365 1674 1405; baseline 0.009 -14"><span class='ocrx_word' id='word_1_531' title='bbox 890 1365 973 1392; x_wconf 80' lang='lat' dir='ltr'><strong>suin?</strong></span> <span class='ocrx_word' id='word_1_532' title='bbox 989 1373 1003 1392; x_wconf 88' lang='lat' dir='ltr'><strong>a</strong></span> <span class='ocrx_word' id='word_1_533' title='bbox 1021 1365 1082 1392; x_wconf 87' lang='lat' dir='ltr'><strong>[iliis</strong></span> <span class='ocrx_word' id='word_1_534' title='bbox 1106 1365 1179 1399; x_wconf 86' lang='lat' dir='ltr'><strong>suis,</strong></span> <span class='ocrx_word' id='word_1_535' title='bbox 1200 1374 1233 1393; x_wconf 84' lang='lat' dir='ltr'><strong>an</strong></span> <span class='ocrx_word' id='word_1_536' title='bbox 1251 1367 1285 1393; x_wconf 89' lang='lat' dir='ltr'><strong>ab</strong></span> <span class='ocrx_word' id='word_1_537' title='bbox 1304 1368 1422 1395; x_wconf 87' lang='lat' dir='ltr'><strong>alienis?</strong></span> <span class='ocrx_word' id='word_1_538' title='bbox 1438 1379 1447 1394; x_wconf 74' lang='grc' dir='ltr'><strong>ι</strong></span> <span class='ocrx_word' id='word_1_539' title='bbox 1467 1375 1492 1397; x_wconf 91' lang='lat' dir='ltr'><strong>et</strong></span> <span class='ocrx_word' id='word_1_540' title='bbox 1511 1372 1674 1405; x_wconf 84' lang='lat' dir='ltr'><strong>respondeat</strong></span> 
     </span>
    </p>
   </div>
   <div class='ocr_carea' id='block_1_66' title="bbox 889 1410 1671 1452">
    <p class='ocr_par' dir='ltr' id='par_1_66' title="bbox 889 1410 1671 1452">
     <span class='ocr_line' id='line_1_66' title="bbox 889 1410 1671 1452; baseline 0.01 -15"><span class='ocrx_word' id='word_1_541' title='bbox 889 1410 996 1444; x_wconf 81' lang='lat' dir='ltr'><strong>Petrus,</strong></span> <span class='ocrx_word' id='word_1_542' title='bbox 1014 1419 1068 1438; x_wconf 90' lang='lat' dir='ltr'><strong>non</strong></span> <span class='ocrx_word' id='word_1_543' title='bbox 1085 1420 1099 1438; x_wconf 87' lang='lat' dir='ltr'><strong>a</strong></span> <span class='ocrx_word' id='word_1_544' title='bbox 1115 1412 1188 1444; x_wconf 88' lang='lat' dir='ltr'><strong>ﬁliis,</strong></span> <span class='ocrx_word' id='word_1_545' title='bbox 1206 1413 1252 1439; x_wconf 90' lang='lat' dir='ltr'><strong>sed</strong></span> <span class='ocrx_word' id='word_1_546' title='bbox 1273 1422 1282 1438; x_wconf 86' lang='grc'><strong><em>‹</em></strong></span> <span class='ocrx_word' id='word_1_547' title='bbox 1299 1414 1333 1440; x_wconf 80' lang='lat' dir='ltr'><strong>ali</strong></span> <span class='ocrx_word' id='word_1_548' title='bbox 1349 1414 1464 1448; x_wconf 81' lang='lat' dir='ltr'><strong>alienis;</strong></span> <span class='ocrx_word' id='word_1_549' title='bbox 1482 1425 1491 1441; x_wconf 84' lang='grc'><strong>›</strong></span> <span class='ocrx_word' id='word_1_550' title='bbox 1510 1417 1543 1444; x_wconf 88' lang='lat' dir='ltr'><strong>de</strong></span> <span class='ocrx_word' id='word_1_551' title='bbox 1559 1417 1601 1444; x_wconf 91' lang='lat' dir='ltr'><strong>his</strong></span> <span class='ocrx_word' id='word_1_552' title='bbox 1625 1418 1671 1452; x_wconf 92' lang='lat' dir='ltr'><strong>qui</strong></span> 
     </span>
    </p>
   </div>
   <div class='ocr_carea' id='block_1_67' title="bbox 889 1458 1672 1496">
    <p class='ocr_par' dir='ltr' id='par_1_67' title="bbox 889 1458 1672 1496">
     <span class='ocr_line' id='line_1_67' title="bbox 889 1458 1672 1496; baseline 0.008 -13"><span class='ocrx_word' id='word_1_553' title='bbox 889 1464 966 1492; x_wconf 77' lang='lat' dir='ltr'><strong>reges</strong></span> <span class='ocrx_word' id='word_1_554' title='bbox 981 1462 1059 1484; x_wconf 70' lang='lat' dir='ltr'><strong>terra:</strong></span> <span class='ocrx_word' id='word_1_555' title='bbox 1075 1458 1236 1492; x_wconf 81' lang='lat' dir='ltr'><strong>cognatione</strong></span> <span class='ocrx_word' id='word_1_556' title='bbox 1256 1467 1310 1485; x_wconf 90' lang='lat' dir='ltr'><strong>non</strong></span> <span class='ocrx_word' id='word_1_557' title='bbox 1329 1459 1476 1494; x_wconf 81' lang='lat' dir='ltr'><strong>attingunt,</strong></span> <span class='ocrx_word' id='word_1_558' title='bbox 1491 1465 1517 1488; x_wconf 87' lang='lat' dir='ltr'><strong>et</strong></span> <span class='ocrx_word' id='word_1_559' title='bbox 1532 1467 1672 1496; x_wconf 82' lang='lat' dir='ltr'><strong>propterea</strong></span> 
     </span>
    </p>
   </div>
   <div class='ocr_carea' id='block_1_68' title="bbox 890 1503 1675 1543">
    <p class='ocr_par' dir='ltr' id='par_1_68' title="bbox 890 1503 1675 1543">
     <span class='ocr_line' id='line_1_68' title="bbox 890 1503 1675 1543; baseline 0.006 -14"><span class='ocrx_word' id='word_1_560' title='bbox 890 1503 963 1537; x_wconf 76' lang='lat' dir='ltr'><strong>quod</strong></span> <span class='ocrx_word' id='word_1_561' title='bbox 982 1503 1057 1530; x_wconf 86' lang='lat' dir='ltr'><strong>liberi</strong></span> <span class='ocrx_word' id='word_1_562' title='bbox 1074 1508 1147 1534; x_wconf 84' lang='lat' dir='ltr'><strong>sunt.</strong></span> <span class='ocrx_word' id='word_1_563' title='bbox 1162 1503 1208 1530; x_wconf 83' lang='lat' dir='ltr'><strong>filii</strong></span> <span class='ocrx_word' id='word_1_564' title='bbox 1227 1509 1301 1536; x_wconf 89' lang='lat' dir='ltr'><strong>sunt,</strong></span> <span class='ocrx_word' id='word_1_565' title='bbox 1322 1505 1360 1531; x_wconf 89' lang='lat' dir='ltr'><strong>ait</strong></span> <span class='ocrx_word' id='word_1_566' title='bbox 1377 1505 1504 1533; x_wconf 80' lang='lat' dir='ltr'><strong>Servator</strong></span> <span class='ocrx_word' id='word_1_567' title='bbox 1516 1507 1557 1534; x_wconf 72' lang='lat'><strong>“;</strong></span> <span class='ocrx_word' id='word_1_568' title='bbox 1581 1517 1590 1533; x_wconf 73' lang='grc' dir='ltr'><strong>ε</strong></span> <span class='ocrx_word' id='word_1_569' title='bbox 1605 1507 1675 1543; x_wconf 75' lang='lat' dir='ltr'><strong>Ergo</strong></span> 
     </span>
    </p>
   </div>
   <div class='ocr_carea' id='block_1_69' title="bbox 892 1548 1674 1587">
    <p class='ocr_par' dir='ltr' id='par_1_69' title="bbox 892 1548 1674 1587">
     <span class='ocr_line' id='line_1_69' title="bbox 892 1548 1674 1587; baseline 0.006 -13"><span class='ocrx_word' id='word_1_570' title='bbox 892 1548 967 1575; x_wconf 87' lang='lat' dir='ltr'><strong>liberi</strong></span> <span class='ocrx_word' id='word_1_571' title='bbox 984 1552 1047 1575; x_wconf 90' lang='lat' dir='ltr'><strong>sunt</strong></span> <span class='ocrx_word' id='word_1_572' title='bbox 1064 1548 1120 1581; x_wconf 83' lang='lat' dir='ltr'><strong>lilii,</strong></span> <span class='ocrx_word' id='word_1_573' title='bbox 1137 1558 1145 1574; x_wconf 76' lang='grc' dir='ltr'><strong>ι</strong></span> <span class='ocrx_word' id='word_1_574' title='bbox 1162 1556 1214 1575; x_wconf 85' lang='grc' dir='ltr'>ιιοιι</span> <span class='ocrx_word' id='word_1_575' title='bbox 1233 1549 1305 1576; x_wconf 88' lang='lat' dir='ltr'><strong>enim</strong></span> <span class='ocrx_word' id='word_1_576' title='bbox 1323 1550 1399 1577; x_wconf 87' lang='lat' dir='ltr'><strong>liberi</strong></span> <span class='ocrx_word' id='word_1_577' title='bbox 1425 1557 1487 1578; x_wconf 87' lang='lat' dir='ltr'><strong>sunt</strong></span> <span class='ocrx_word' id='word_1_578' title='bbox 1511 1551 1557 1578; x_wconf 87' lang='lat' dir='ltr'><strong>ﬁlii</strong></span> <span class='ocrx_word' id='word_1_579' title='bbox 1582 1560 1674 1587; x_wconf 76' lang='lat' dir='ltr'><strong>regum</strong></span> 
     </span>
    </p>
   </div>
   <div class='ocr_carea' id='block_1_70' title="bbox 892 1595 1675 1630">
    <p class='ocr_par' dir='ltr' id='par_1_70' title="bbox 892 1595 1675 1630">
     <span class='ocr_line' id='line_1_70' title="bbox 892 1595 1675 1630; baseline 0.006 -9"><span class='ocrx_word' id='word_1_580' title='bbox 892 1598 969 1621; x_wconf 73' lang='lat' dir='ltr'><strong>terrm</strong></span> <span class='ocrx_word' id='word_1_581' title='bbox 983 1603 990 1626; x_wconf 90' lang='lat'><strong>;</strong></span> <span class='ocrx_word' id='word_1_582' title='bbox 1008 1603 1016 1619; x_wconf 74' lang='grc' dir='ltr'><strong>ι</strong></span> <span class='ocrx_word' id='word_1_583' title='bbox 1032 1595 1095 1628; x_wconf 87' lang='lat' dir='ltr'><strong>quia</strong></span> <span class='ocrx_word' id='word_1_584' title='bbox 1110 1595 1199 1622; x_wconf 83' lang='lat' dir='ltr'><strong>omnis</strong></span> <span class='ocrx_word' id='word_1_585' title='bbox 1213 1595 1258 1629; x_wconf 91' lang='lat' dir='ltr'><strong>qui</strong></span> <span class='ocrx_word' id='word_1_586' title='bbox 1274 1595 1338 1623; x_wconf 78' lang='lat' dir='ltr'><strong>facit</strong></span> <span class='ocrx_word' id='word_1_587' title='bbox 1350 1602 1500 1630; x_wconf 83' lang='lat' dir='ltr'><strong>peceatum,</strong></span> <span class='ocrx_word' id='word_1_588' title='bbox 1517 1605 1612 1625; x_wconf 86' lang='lat' dir='ltr'><strong>servus</strong></span> <span class='ocrx_word' id='word_1_589' title='bbox 1633 1604 1675 1626; x_wconf 86' lang='lat' dir='ltr'><strong>est</strong></span> 
     </span>
    </p>
   </div>
   <div class='ocr_carea' id='block_1_71' title="bbox 891 1640 1675 1676">
    <p class='ocr_par' dir='ltr' id='par_1_71' title="bbox 891 1640 1675 1676">
     <span class='ocr_line' id='line_1_71' title="bbox 891 1640 1675 1676; baseline 0.005 -10"><span class='ocrx_word' id='word_1_590' title='bbox 891 1640 993 1674; x_wconf 80' lang='lat' dir='ltr'><strong>peccati</strong></span> <span class='ocrx_word' id='word_1_591' title='bbox 1008 1640 1049 1671; x_wconf 61' lang='grc' dir='ltr'><strong>ἠς</strong></span> <span class='ocrx_word' id='word_1_592' title='bbox 1068 1649 1076 1664; x_wconf 85' lang='lat' dir='ltr'><strong>i</strong></span> <span class='ocrx_word' id='word_1_593' title='bbox 1098 1640 1174 1666; x_wconf 88' lang='lat' dir='ltr'><strong>liberi</strong></span> <span class='ocrx_word' id='word_1_594' title='bbox 1191 1646 1280 1667; x_wconf 86' lang='lat' dir='ltr'><strong>antem</strong></span> <span class='ocrx_word' id='word_1_595' title='bbox 1308 1646 1380 1673; x_wconf 89' lang='lat' dir='ltr'><strong>sunt,</strong></span> <span class='ocrx_word' id='word_1_596' title='bbox 1400 1642 1445 1676; x_wconf 90' lang='lat' dir='ltr'><strong>qui</strong></span> <span class='ocrx_word' id='word_1_597' title='bbox 1468 1650 1675 1676; x_wconf 88' lang='lat' dir='ltr'><strong>permanserunt</strong></span> 
     </span>
    </p>
   </div>
   <div class='ocr_carea' id='block_1_72' title="bbox 892 1685 1675 1718">
    <p class='ocr_par' dir='ltr' id='par_1_72' title="bbox 892 1685 1675 1718">
     <span class='ocr_line' id='line_1_72' title="bbox 892 1685 1675 1718; baseline 0.008 -8"><span class='ocrx_word' id='word_1_598' title='bbox 892 1685 918 1710; x_wconf 94' lang='lat' dir='ltr'><strong>in</strong></span> <span class='ocrx_word' id='word_1_599' title='bbox 935 1685 1049 1711; x_wconf 78' lang='lat' dir='ltr'><strong>veritate</strong></span> <span class='ocrx_word' id='word_1_600' title='bbox 1072 1687 1208 1713; x_wconf 89' lang='lat' dir='ltr'><strong>sermonis</strong></span> <span class='ocrx_word' id='word_1_601' title='bbox 1225 1686 1282 1718; x_wconf 85' lang='lat' dir='ltr'><strong>Dei,</strong></span> <span class='ocrx_word' id='word_1_602' title='bbox 1299 1691 1326 1714; x_wconf 88' lang='lat' dir='ltr'><strong>et</strong></span> <span class='ocrx_word' id='word_1_603' title='bbox 1340 1689 1479 1715; x_wconf 83' lang='lat' dir='ltr'><strong>veritatem</strong></span> <span class='ocrx_word' id='word_1_604' title='bbox 1504 1689 1604 1716; x_wconf 87' lang='lat' dir='ltr'><strong>idcirco</strong></span> <span class='ocrx_word' id='word_1_605' title='bbox 1629 1697 1675 1716; x_wconf 89' lang='lat' dir='ltr'><strong>co-</strong></span> 
     </span>
    </p>
   </div>
   <div class='ocr_carea' id='block_1_73' title="bbox 893 1731 1674 1768">
    <p class='ocr_par' dir='ltr' id='par_1_73' title="bbox 893 1731 1674 1768">
     <span class='ocr_line' id='line_1_73' title="bbox 893 1731 1674 1768; baseline 0.009 -13"><span class='ocrx_word' id='word_1_606' title='bbox 893 1735 1055 1764; x_wconf 79' lang='lat' dir='ltr'><strong>guoverunt,</strong></span> <span class='ocrx_word' id='word_1_607' title='bbox 1085 1736 1113 1757; x_wconf 90' lang='grc' dir='ltr'><strong>ιιι</strong></span> <span class='ocrx_word' id='word_1_608' title='bbox 1137 1731 1209 1758; x_wconf 87' lang='lat' dir='ltr'><strong>illius</strong></span> <span class='ocrx_word' id='word_1_609' title='bbox 1233 1739 1283 1766; x_wconf 88' lang='lat' dir='ltr'><strong>ope</strong></span> <span class='ocrx_word' id='word_1_610' title='bbox 1306 1733 1438 1760; x_wconf 84' lang='lat' dir='ltr'><strong>libertatis</strong></span> <span class='ocrx_word' id='word_1_611' title='bbox 1460 1739 1599 1768; x_wconf 85' lang='lat' dir='ltr'><strong>compotes</strong></span> <span class='ocrx_word' id='word_1_612' title='bbox 1627 1736 1674 1762; x_wconf 82' lang='lat' dir='ltr'><strong>ﬁe-</strong></span> 
     </span>
    </p>
   </div>
   <div class='ocr_carea' id='block_1_74' title="bbox 893 1775 1674 1812">
    <p class='ocr_par' dir='ltr' id='par_1_74' title="bbox 893 1775 1674 1812">
     <span class='ocr_line' id='line_1_74' title="bbox 893 1775 1674 1812; baseline 0.006 -10"><span class='ocrx_word' id='word_1_613' title='bbox 893 1779 952 1802; x_wconf 86' lang='lat' dir='ltr'><strong>rent</strong></span> <span class='ocrx_word' id='word_1_614' title='bbox 964 1775 996 1802; x_wconf 76' lang='lat'><strong>&quot;&quot;.</strong></span> <span class='ocrx_word' id='word_1_615' title='bbox 1014 1775 1041 1801; x_wconf 86' lang='lat' dir='ltr'><strong>Si</strong></span> <span class='ocrx_word' id='word_1_616' title='bbox 1059 1776 1121 1810; x_wconf 86' lang='lat' dir='ltr'><strong>quis</strong></span> <span class='ocrx_word' id='word_1_617' title='bbox 1136 1784 1199 1811; x_wconf 78' lang='lat' dir='ltr'><strong>ergo</strong></span> <span class='ocrx_word' id='word_1_618' title='bbox 1218 1777 1289 1804; x_wconf 87' lang='lat' dir='ltr'><strong>lilius</strong></span> <span class='ocrx_word' id='word_1_619' title='bbox 1304 1782 1344 1805; x_wconf 90' lang='lat' dir='ltr'><strong>est</strong></span> <span class='ocrx_word' id='word_1_620' title='bbox 1362 1779 1559 1812; x_wconf 82' lang='lat' dir='ltr'><strong>tantummodo,</strong></span> <span class='ocrx_word' id='word_1_621' title='bbox 1578 1785 1603 1807; x_wconf 87' lang='lat' dir='ltr'><strong>et</strong></span> <span class='ocrx_word' id='word_1_622' title='bbox 1621 1789 1674 1808; x_wconf 92' lang='lat' dir='ltr'><strong>non</strong></span> 
     </span>
    </p>
   </div>
   <div class='ocr_carea' id='block_1_75' title="bbox 649 1833 1072 1861">
    <p class='ocr_par' dir='ltr' id='par_1_75' title="bbox 649 1833 1072 1861">
     <span class='ocr_line' id='line_1_75' title="bbox 649 1833 1072 1861; baseline -0.002 0"><span class='ocrx_word' id='word_1_623' title='bbox 649 1834 763 1861; x_wconf 84' lang='lat' dir='ltr'><strong>VETUS</strong></span> <span class='ocrx_word' id='word_1_624' title='bbox 784 1833 1072 1861; x_wconf 66' lang='lat' dir='ltr'><strong>INTERPRETATIO.</strong></span> 
     </span>
    </p>
   </div>
   <div class='ocr_carea' id='block_1_76' title="bbox 39 1882 1674 1920">
    <p class='ocr_par' dir='ltr' id='par_1_76' title="bbox 39 1882 1674 1920">
     <span class='ocr_line' id='line_1_76' title="bbox 39 1882 1674 1920; baseline 0.002 -9"><span class='ocrx_word' id='word_1_625' title='bbox 39 1885 111 1911; x_wconf 86' lang='lat' dir='ltr'><strong>dant</strong></span> <span class='ocrx_word' id='word_1_626' title='bbox 129 1883 274 1915; x_wconf 82' lang='lat' dir='ltr'><strong>tributum,</strong></span> <span class='ocrx_word' id='word_1_627' title='bbox 290 1883 331 1909; x_wconf 80' lang='lat' dir='ltr'><strong>vel</strong></span> <span class='ocrx_word' id='word_1_628' title='bbox 346 1891 468 1914; x_wconf 83' lang='lat' dir='ltr'><strong>censum,</strong></span> <span class='ocrx_word' id='word_1_629' title='bbox 484 1882 570 1920; x_wconf 77' lang='lat' dir='ltr'><strong>et_alii</strong></span> <span class='ocrx_word' id='word_1_630' title='bbox 584 1882 870 1920; x_wconf 58' lang='lat' dir='ltr'><strong>praeterﬁlioseorum</strong></span> <span class='ocrx_word' id='word_1_631' title='bbox 887 1882 1008 1920; x_wconf 75' lang='lat' dir='ltr'><strong>extranei</strong></span> <span class='ocrx_word' id='word_1_632' title='bbox 1024 1890 1039 1920; x_wconf 63' lang='grc' dir='ltr'>ξι</span> <span class='ocrx_word' id='word_1_633' title='bbox 1056 1882 1164 1920; x_wconf 79' lang='lat' dir='ltr'><strong>regibus</strong></span> <span class='ocrx_word' id='word_1_634' title='bbox 1178 1889 1267 1916; x_wconf 72' lang='lat' dir='ltr'><strong>terrae,</strong></span> <span class='ocrx_word' id='word_1_635' title='bbox 1288 1892 1319 1910; x_wconf 74' lang='lat' dir='ltr'><strong>ex</strong></span> <span class='ocrx_word' id='word_1_636' title='bbox 1335 1885 1434 1918; x_wconf 89' lang='lat' dir='ltr'><strong>quibus</strong></span> <span class='ocrx_word' id='word_1_637' title='bbox 1446 1886 1583 1920; x_wconf 80' lang='lat' dir='ltr'><strong>accipiunt</strong></span> <span class='ocrx_word' id='word_1_638' title='bbox 1597 1894 1674 1920; x_wconf 80' lang='lat' dir='ltr'><strong>reges</strong></span> 
     </span>
    </p>
   </div>
   <div class='ocr_carea' id='block_1_77' title="bbox 41 1916 1673 1955">
    <p class='ocr_par' dir='ltr' id='par_1_77' title="bbox 41 1916 1673 1955">
     <span class='ocr_line' id='line_1_77' title="bbox 41 1916 1673 1955; baseline 0 -9"><span class='ocrx_word' id='word_1_639' title='bbox 41 1924 127 1946; x_wconf 57' lang='lat' dir='ltr'><strong>terra).</strong></span> <span class='ocrx_word' id='word_1_640' title='bbox 145 1918 288 1950; x_wconf 86' lang='lat' dir='ltr'><strong>tributum,</strong></span> <span class='ocrx_word' id='word_1_641' title='bbox 304 1918 344 1944; x_wconf 84' lang='lat' dir='ltr'><strong>vel</strong></span> <span class='ocrx_word' id='word_1_642' title='bbox 362 1925 484 1944; x_wconf 77' lang='lat' dir='ltr'><strong>censum.</strong></span> <span class='ocrx_word' id='word_1_643' title='bbox 507 1916 626 1955; x_wconf 82' lang='lat' dir='ltr'><strong>Et_suiit</strong></span> <span class='ocrx_word' id='word_1_644' title='bbox 638 1917 692 1955; x_wconf 74' lang='lat' dir='ltr'><strong>_ﬁ_lii</strong></span> <span class='ocrx_word' id='word_1_645' title='bbox 707 1917 822 1955; x_wconf 77' lang='lat' dir='ltr'><strong>quidem</strong></span> <span class='ocrx_word' id='word_1_646' title='bbox 845 1924 938 1943; x_wconf 84' lang='lat' dir='ltr'><strong>eorum</strong></span> <span class='ocrx_word' id='word_1_647' title='bbox 955 1917 1032 1943; x_wconf 87' lang='lat' dir='ltr'><strong>liberi</strong></span> <span class='ocrx_word' id='word_1_648' title='bbox 1049 1917 1119 1951; x_wconf 86' lang='lat' dir='ltr'><strong>apud</strong></span> <span class='ocrx_word' id='word_1_649' title='bbox 1138 1926 1214 1955; x_wconf 72' lang='lat' dir='ltr'><strong>reges</strong></span> <span class='ocrx_word' id='word_1_650' title='bbox 1230 1923 1317 1955; x_wconf 68' lang='lat' dir='ltr'><strong>terrae,</strong></span> <span class='ocrx_word' id='word_1_651' title='bbox 1334 1916 1405 1946; x_wconf 80' lang='lat' dir='ltr'><strong>sicut</strong></span> <span class='ocrx_word' id='word_1_652' title='bbox 1421 1921 1490 1954; x_wconf 88' lang='lat' dir='ltr'><strong>apud</strong></span> <span class='ocrx_word' id='word_1_653' title='bbox 1504 1916 1593 1955; x_wconf 78' lang='lat' dir='ltr'><strong>patres</strong></span> <span class='ocrx_word' id='word_1_654' title='bbox 1606 1916 1651 1947; x_wconf 82' lang='lat' dir='ltr'><strong>lilii</strong></span> <span class='ocrx_word' id='word_1_655' title='bbox 1667 1931 1673 1947; x_wconf 90' lang='lat'><strong>:</strong></span> 
     </span>
    </p>
   </div>
   <div class='ocr_carea' id='block_1_78' title="bbox 40 1952 1676 1989">
    <p class='ocr_par' dir='ltr' id='par_1_78' title="bbox 40 1952 1676 1989">
     <span class='ocr_line' id='line_1_78' title="bbox 40 1952 1676 1989; baseline 0.001 -9"><span class='ocrx_word' id='word_1_656' title='bbox 40 1953 173 1980; x_wconf 70' lang='lat' dir='ltr'><strong>extranei</strong></span> <span class='ocrx_word' id='word_1_657' title='bbox 193 1957 283 1979; x_wconf 84' lang='lat' dir='ltr'><strong>autem</strong></span> <span class='ocrx_word' id='word_1_658' title='bbox 298 1957 372 1979; x_wconf 87' lang='lat' dir='ltr'><strong>extra</strong></span> <span class='ocrx_word' id='word_1_659' title='bbox 393 1957 491 1989; x_wconf 77' lang='lat' dir='ltr'><strong>terram</strong></span> <span class='ocrx_word' id='word_1_660' title='bbox 507 1952 615 1989; x_wconf 78' lang='lat' dir='ltr'><strong>quidem</strong></span> <span class='ocrx_word' id='word_1_661' title='bbox 637 1952 713 1989; x_wconf 68' lang='lat' dir='ltr'><strong>Liberi</strong></span> <span class='ocrx_word' id='word_1_662' title='bbox 729 1956 802 1983; x_wconf 86' lang='lat' dir='ltr'><strong>sunt,</strong></span> <span class='ocrx_word' id='word_1_663' title='bbox 820 1956 930 1989; x_wconf 76' lang='lat' dir='ltr'><strong>propter</strong></span> <span class='ocrx_word' id='word_1_664' title='bbox 944 1959 991 1978; x_wconf 81' lang='lat' dir='ltr'><strong>eos</strong></span> <span class='ocrx_word' id='word_1_665' title='bbox 1008 1957 1098 1989; x_wconf 72' lang='lat' dir='ltr'><strong>autem</strong></span> <span class='ocrx_word' id='word_1_666' title='bbox 1112 1952 1157 1986; x_wconf 91' lang='lat' dir='ltr'><strong>qui</strong></span> <span class='ocrx_word' id='word_1_667' title='bbox 1173 1953 1349 1989; x_wconf 85' lang='lat' dir='ltr'><strong>dominantur</strong></span> <span class='ocrx_word' id='word_1_668' title='bbox 1363 1952 1469 1986; x_wconf 82' lang='lat' dir='ltr'><strong>eorum,</strong></span> <span class='ocrx_word' id='word_1_669' title='bbox 1481 1952 1512 1981; x_wconf 67' lang='grc' dir='ltr'><strong>ρι’</strong></span> <span class='ocrx_word' id='word_1_670' title='bbox 1520 1956 1676 1989; x_wconf 83' lang='lat' dir='ltr'><strong>deprimunt</strong></span> 
     </span>
    </p>
   </div>
   <div class='ocr_carea' id='block_1_79' title="bbox 40 1986 1675 2024">
    <p class='ocr_par' dir='ltr' id='par_1_79' title="bbox 40 1986 1675 2024">
     <span class='ocr_line' id='line_1_79' title="bbox 40 1986 1675 2024; baseline 0 -9"><span class='ocrx_word' id='word_1_671' title='bbox 40 1996 104 2019; x_wconf 81' lang='lat' dir='ltr'><strong>eos,</strong></span> <span class='ocrx_word' id='word_1_672' title='bbox 126 1987 200 2014; x_wconf 86' lang='lat' dir='ltr'><strong>sicut</strong></span> <span class='ocrx_word' id='word_1_673' title='bbox 219 1986 338 2021; x_wconf 65' lang='lat' dir='ltr'><strong>Egyptii</strong></span> <span class='ocrx_word' id='word_1_674' title='bbox 352 1986 422 2014; x_wconf 88' lang='lat' dir='ltr'><strong>ﬁlios</strong></span> <span class='ocrx_word' id='word_1_675' title='bbox 435 1986 527 2024; x_wconf 59' lang='lat' dir='ltr'><strong>Israel,</strong></span> <span class='ocrx_word' id='word_1_676' title='bbox 545 1986 623 2024; x_wconf 57' lang='lat' dir='ltr'><strong>seuvi.</strong></span> <span class='ocrx_word' id='word_1_677' title='bbox 639 1986 834 2024; x_wconf 65' lang='lat' dir='ltr'><strong>Propterquos</strong></span> <span class='ocrx_word' id='word_1_678' title='bbox 849 1986 1006 2024; x_wconf 74' lang='lat' dir='ltr'><strong>servientes,</strong></span> <span class='ocrx_word' id='word_1_679' title='bbox 1020 1987 1136 2024; x_wconf 72' lang='lat' dir='ltr'><strong>fortnam</strong></span> <span class='ocrx_word' id='word_1_680' title='bbox 1158 1987 1231 2024; x_wconf 70' lang='lat' dir='ltr'><strong>servi</strong></span> <span class='ocrx_word' id='word_1_681' title='bbox 1244 1989 1364 2022; x_wconf 71' lang='lat' dir='ltr'><strong>suscepit</strong></span> <span class='ocrx_word' id='word_1_682' title='bbox 1377 1988 1463 2016; x_wconf 82' lang='lat' dir='ltr'><strong>Filius</strong></span> <span class='ocrx_word' id='word_1_683' title='bbox 1480 1989 1536 2018; x_wconf 81' lang='lat' dir='ltr'><strong>Dei.</strong></span> <span class='ocrx_word' id='word_1_684' title='bbox 1553 1986 1598 2024; x_wconf 82' lang='lat' dir='ltr'><strong>qui</strong></span> <span class='ocrx_word' id='word_1_685' title='bbox 1614 1990 1675 2016; x_wconf 92' lang='lat' dir='ltr'><strong>nul-</strong></span> 
     </span>
    </p>
   </div>
   <div class='ocr_carea' id='block_1_80' title="bbox 40 2021 1674 2056">
    <p class='ocr_par' dir='ltr' id='par_1_80' title="bbox 40 2021 1674 2056">
     <span class='ocr_line' id='line_1_80' title="bbox 40 2021 1674 2056; baseline 0.001 -7"><span class='ocrx_word' id='word_1_686' title='bbox 40 2024 100 2050; x_wconf 91' lang='lat' dir='ltr'><strong>lum</strong></span> <span class='ocrx_word' id='word_1_687' title='bbox 119 2029 191 2056; x_wconf 86' lang='lat' dir='ltr'><strong>opus</strong></span> <span class='ocrx_word' id='word_1_688' title='bbox 214 2022 276 2048; x_wconf 82' lang='lat' dir='ltr'><strong>fecit</strong></span> <span class='ocrx_word' id='word_1_689' title='bbox 293 2022 393 2048; x_wconf 88' lang='lat' dir='ltr'><strong>luteum</strong></span> <span class='ocrx_word' id='word_1_690' title='bbox 409 2026 436 2048; x_wconf 89' lang='lat' dir='ltr'><strong>et</strong></span> <span class='ocrx_word' id='word_1_691' title='bbox 449 2021 555 2048; x_wconf 85' lang='lat' dir='ltr'><strong>servile.</strong></span> <span class='ocrx_word' id='word_1_692' title='bbox 573 2021 656 2054; x_wconf 86' lang='lat' dir='ltr'><strong>Quasi</strong></span> <span class='ocrx_word' id='word_1_693' title='bbox 674 2028 739 2056; x_wconf 79' lang='lat' dir='ltr'><strong>ergo</strong></span> <span class='ocrx_word' id='word_1_694' title='bbox 758 2021 860 2047; x_wconf 82' lang='lat' dir='ltr'><strong>habens</strong></span> <span class='ocrx_word' id='word_1_695' title='bbox 878 2021 991 2047; x_wconf 81' lang='lat' dir='ltr'><strong>fortnam</strong></span> <span class='ocrx_word' id='word_1_696' title='bbox 1009 2021 1078 2048; x_wconf 88' lang='lat' dir='ltr'><strong>servi</strong></span> <span class='ocrx_word' id='word_1_697' title='bbox 1101 2022 1172 2048; x_wconf 79' lang='lat' dir='ltr'><strong>illitis</strong></span> <span class='ocrx_word' id='word_1_698' title='bbox 1191 2021 1332 2048; x_wconf 19' lang='lat' dir='ltr'><strong>tributum,</strong></span> <span class='ocrx_word' id='word_1_699' title='bbox 1344 2027 1371 2050; x_wconf 85' lang='lat' dir='ltr'><strong>et</strong></span> <span class='ocrx_word' id='word_1_700' title='bbox 1392 2031 1504 2050; x_wconf 79' lang='lat' dir='ltr'><strong>censum</strong></span> <span class='ocrx_word' id='word_1_701' title='bbox 1521 2021 1603 2056; x_wconf 78' lang='lat' dir='ltr'><strong>dedit,</strong></span> <span class='ocrx_word' id='word_1_702' title='bbox 1620 2032 1674 2050; x_wconf 86' lang='lat' dir='ltr'><strong>non</strong></span> 
     </span>
    </p>
   </div>
   <div class='ocr_carea' id='block_1_81' title="bbox 40 2055 1673 2092">
    <p class='ocr_par' dir='ltr' id='par_1_81' title="bbox 40 2055 1673 2092">
     <span class='ocr_line' id='line_1_81' title="bbox 40 2055 1673 2092; baseline -0.001 -8"><span class='ocrx_word' id='word_1_703' title='bbox 40 2057 118 2085; x_wconf 85' lang='lat' dir='ltr'><strong>aliud</strong></span> <span class='ocrx_word' id='word_1_704' title='bbox 128 2055 164 2083; x_wconf 73' lang='lat' dir='ltr'><strong>ab</strong></span> <span class='ocrx_word' id='word_1_705' title='bbox 174 2057 288 2090; x_wconf 73' lang='lat' dir='ltr'><strong>eoquoil</strong></span> <span class='ocrx_word' id='word_1_706' title='bbox 299 2056 530 2092; x_wconf 70' lang='lat' dir='ltr'><strong>deditdiseipulus</strong></span> <span class='ocrx_word' id='word_1_707' title='bbox 539 2055 597 2088; x_wconf 87' lang='lat' dir='ltr'><strong>ejus</strong></span> <span class='ocrx_word' id='word_1_708' title='bbox 611 2065 618 2092; x_wconf 67' lang='grc' dir='ltr'><strong><em>ς</em></strong></span> <span class='ocrx_word' id='word_1_709' title='bbox 632 2055 769 2092; x_wconf 22' lang='grc' dir='ltr'>ἱρεονοιιί-ιιι</span> <span class='ocrx_word' id='word_1_710' title='bbox 783 2060 866 2092; x_wconf 71' lang='lat' dir='ltr'><strong>Stater</strong></span> <span class='ocrx_word' id='word_1_711' title='bbox 878 2056 1034 2092; x_wconf 73' lang='lat' dir='ltr'><strong>sufﬁcjebat.</strong></span> <span class='ocrx_word' id='word_1_712' title='bbox 1054 2061 1081 2082; x_wconf 92' lang='lat' dir='ltr'><strong>et</strong></span> <span class='ocrx_word' id='word_1_713' title='bbox 1091 2064 1174 2082; x_wconf 93' lang='lat' dir='ltr'><strong>unum</strong></span> <span class='ocrx_word' id='word_1_714' title='bbox 1188 2057 1322 2084; x_wconf 81' lang='lat' dir='ltr'><strong>uuuiisma</strong></span> <span class='ocrx_word' id='word_1_715' title='bbox 1336 2058 1408 2092; x_wconf 88' lang='lat' dir='ltr'><strong>quod</strong></span> <span class='ocrx_word' id='word_1_716' title='bbox 1419 2059 1534 2085; x_wconf 85' lang='lat' dir='ltr'><strong>dabatur</strong></span> <span class='ocrx_word' id='word_1_717' title='bbox 1546 2055 1673 2092; x_wconf 24' lang='grc' dir='ltr'>μνονιιοειι</span> 
     </span>
    </p>
   </div>
   <div class='ocr_carea' id='block_1_82' title="bbox 39 2089 1676 2126">
    <p class='ocr_par' dir='ltr' id='par_1_82' title="bbox 39 2089 1676 2126">
     <span class='ocr_line' id='line_1_82' title="bbox 39 2089 1676 2126; baseline 0.001 -8"><span class='ocrx_word' id='word_1_718' title='bbox 39 2097 66 2119; x_wconf 84' lang='lat' dir='ltr'><strong>i-t</strong></span> <span class='ocrx_word' id='word_1_719' title='bbox 81 2099 133 2126; x_wconf 89' lang='lat' dir='ltr'><strong>pro</strong></span> <span class='ocrx_word' id='word_1_720' title='bbox 144 2089 279 2125; x_wconf 84' lang='lat' dir='ltr'><strong>discipulo</strong></span> <span class='ocrx_word' id='word_1_721' title='bbox 288 2091 357 2125; x_wconf 83' lang='lat' dir='ltr'><strong>ejus.</strong></span> <span class='ocrx_word' id='word_1_722' title='bbox 371 2090 426 2117; x_wconf 47' lang='lat' dir='ltr'><strong>l&#39;loc</strong></span> <span class='ocrx_word' id='word_1_723' title='bbox 439 2089 527 2126; x_wconf 74' lang='lat' dir='ltr'><strong>autem</strong></span> <span class='ocrx_word' id='word_1_724' title='bbox 542 2091 678 2117; x_wconf 77' lang='lat' dir='ltr'><strong>numisma</strong></span> <span class='ocrx_word' id='word_1_725' title='bbox 691 2090 811 2126; x_wconf 84' lang='lat' dir='ltr'><strong>indonio</strong></span> <span class='ocrx_word' id='word_1_726' title='bbox 823 2090 929 2124; x_wconf 86' lang='lat' dir='ltr'><strong>quidem</strong></span> <span class='ocrx_word' id='word_1_727' title='bbox 944 2089 1006 2126; x_wconf 63' lang='lat' dir='ltr'><strong>Jesu</strong></span> <span class='ocrx_word' id='word_1_728' title='bbox 1020 2098 1074 2117; x_wconf 91' lang='lat' dir='ltr'><strong>non</strong></span> <span class='ocrx_word' id='word_1_729' title='bbox 1088 2095 1156 2122; x_wconf 85' lang='lat' dir='ltr'><strong>erat,</strong></span> <span class='ocrx_word' id='word_1_730' title='bbox 1170 2091 1194 2116; x_wconf 91' lang='lat' dir='ltr'><strong>in</strong></span> <span class='ocrx_word' id='word_1_731' title='bbox 1208 2092 1273 2117; x_wconf 76' lang='lat' dir='ltr'><strong>mari</strong></span> <span class='ocrx_word' id='word_1_732' title='bbox 1287 2089 1375 2119; x_wconf 80' lang='lat' dir='ltr'><strong>autem</strong></span> <span class='ocrx_word' id='word_1_733' title='bbox 1394 2097 1461 2125; x_wconf 81' lang='lat' dir='ltr'><strong>erat,</strong></span> <span class='ocrx_word' id='word_1_734' title='bbox 1483 2098 1510 2120; x_wconf 88' lang='lat' dir='ltr'><strong>et</strong></span> <span class='ocrx_word' id='word_1_735' title='bbox 1522 2089 1579 2120; x_wconf 79' lang='lat' dir='ltr'><strong>erat</strong></span> <span class='ocrx_word' id='word_1_736' title='bbox 1591 2094 1616 2120; x_wconf 86' lang='lat' dir='ltr'><strong>in</strong></span> <span class='ocrx_word' id='word_1_737' title='bbox 1628 2101 1676 2120; x_wconf 79' lang='lat' dir='ltr'><strong>ore</strong></span> 
     </span>
    </p>
   </div>
   <div class='ocr_carea' id='block_1_83' title="bbox 40 2125 1676 2162">
    <p class='ocr_par' dir='ltr' id='par_1_83' title="bbox 40 2125 1676 2162">
     <span class='ocr_line' id='line_1_83' title="bbox 40 2125 1676 2162; baseline 0.001 -10"><span class='ocrx_word' id='word_1_738' title='bbox 40 2125 128 2162; x_wconf 65' lang='lat' dir='ltr'><strong>piscis</strong></span> <span class='ocrx_word' id='word_1_739' title='bbox 142 2126 241 2152; x_wconf 89' lang='lat' dir='ltr'><strong>marini</strong></span> <span class='ocrx_word' id='word_1_740' title='bbox 250 2126 442 2162; x_wconf 69' lang='lat' dir='ltr'><strong>:quem_ipsum_</strong></span> <span class='ocrx_word' id='word_1_741' title='bbox 453 2125 552 2162; x_wconf 85' lang='lat' dir='ltr'><strong>piscem</strong></span> <span class='ocrx_word' id='word_1_742' title='bbox 566 2125 682 2162; x_wconf 76' lang='lat' dir='ltr'><strong>arbitror</strong></span> <span class='ocrx_word' id='word_1_743' title='bbox 692 2125 843 2162; x_wconf 88' lang='lat' dir='ltr'><strong>adjuratuni</strong></span> <span class='ocrx_word' id='word_1_744' title='bbox 856 2125 1012 2162; x_wconf 74' lang='lat' dir='ltr'><strong>ascendisse</strong></span> <span class='ocrx_word' id='word_1_745' title='bbox 1019 2126 1051 2151; x_wconf 86' lang='lat' dir='ltr'><strong>ad</strong></span> <span class='ocrx_word' id='word_1_746' title='bbox 1061 2126 1168 2162; x_wconf 74' lang='lat' dir='ltr'><strong>hamum</strong></span> <span class='ocrx_word' id='word_1_747' title='bbox 1181 2127 1264 2162; x_wconf 73' lang='lat' dir='ltr'><strong>Petri,</strong></span> <span class='ocrx_word' id='word_1_748' title='bbox 1276 2131 1302 2153; x_wconf 89' lang='lat' dir='ltr'><strong>et</strong></span> <span class='ocrx_word' id='word_1_749' title='bbox 1313 2127 1536 2161; x_wconf 85' lang='lat' dir='ltr'><strong>comprehensum</strong></span> <span class='ocrx_word' id='word_1_750' title='bbox 1549 2129 1621 2155; x_wconf 82' lang='lat' dir='ltr'><strong>abeo</strong></span> <span class='ocrx_word' id='word_1_751' title='bbox 1629 2127 1676 2162; x_wconf 88' lang='lat' dir='ltr'><strong>qni</strong></span> 
     </span>
    </p>
   </div>
   <div class='ocr_carea' id='block_1_84' title="bbox 41 2159 1675 2195">
    <p class='ocr_par' dir='ltr' id='par_1_84' title="bbox 41 2159 1675 2195">
     <span class='ocr_line' id='line_1_84' title="bbox 41 2159 1675 2195; baseline 0 -6"><span class='ocrx_word' id='word_1_752' title='bbox 41 2159 192 2189; x_wconf 78' lang='lat' dir='ltr'><strong>hominum</strong></span> <span class='ocrx_word' id='word_1_753' title='bbox 204 2161 322 2195; x_wconf 84' lang='lat' dir='ltr'><strong>piscator</strong></span> <span class='ocrx_word' id='word_1_754' title='bbox 331 2160 419 2187; x_wconf 85' lang='lat' dir='ltr'><strong>fuerat</strong></span> <span class='ocrx_word' id='word_1_755' title='bbox 430 2160 528 2191; x_wconf 79' lang='lat' dir='ltr'><strong>factus,</strong></span> <span class='ocrx_word' id='word_1_756' title='bbox 545 2160 571 2186; x_wconf 92' lang='lat' dir='ltr'><strong>in</strong></span> <span class='ocrx_word' id='word_1_757' title='bbox 584 2160 683 2195; x_wconf 81' lang='lat' dir='ltr'><strong>quibus</strong></span> <span class='ocrx_word' id='word_1_758' title='bbox 698 2164 755 2186; x_wconf 86' lang='lat' dir='ltr'><strong>erat</strong></span> <span class='ocrx_word' id='word_1_759' title='bbox 771 2160 816 2193; x_wconf 90' lang='lat' dir='ltr'><strong>qui</strong></span> <span class='ocrx_word' id='word_1_760' title='bbox 833 2167 905 2195; x_wconf 80' lang='lat' dir='ltr'><strong>nunc</strong></span> <span class='ocrx_word' id='word_1_761' title='bbox 919 2159 1056 2186; x_wconf 90' lang='lat' dir='ltr'><strong>moraliter</strong></span> <span class='ocrx_word' id='word_1_762' title='bbox 1065 2161 1164 2187; x_wconf 89' lang='lat' dir='ltr'><strong>dicitur</strong></span> <span class='ocrx_word' id='word_1_763' title='bbox 1174 2161 1268 2194; x_wconf 86' lang='lat' dir='ltr'><strong>piscis.</strong></span> <span class='ocrx_word' id='word_1_764' title='bbox 1286 2167 1313 2187; x_wconf 87' lang='lat' dir='ltr'><strong>ut</strong></span> <span class='ocrx_word' id='word_1_765' title='bbox 1331 2159 1438 2188; x_wconf 84' lang='lat' dir='ltr'><strong>tollatur</strong></span> <span class='ocrx_word' id='word_1_766' title='bbox 1450 2163 1483 2189; x_wconf 87' lang='lat' dir='ltr'><strong>ab</strong></span> <span class='ocrx_word' id='word_1_767' title='bbox 1494 2170 1526 2189; x_wconf 89' lang='lat' dir='ltr'><strong>eo</strong></span> <span class='ocrx_word' id='word_1_768' title='bbox 1539 2159 1675 2190; x_wconf 83' lang='lat' dir='ltr'><strong>nuinisuia</strong></span> 
     </span>
    </p>
   </div>
   <div class='ocr_carea' id='block_1_85' title="bbox 41 2194 1673 2231">
    <p class='ocr_par' dir='ltr' id='par_1_85' title="bbox 41 2194 1673 2231">
     <span class='ocr_line' id='line_1_85' title="bbox 41 2194 1673 2231; baseline 0.001 -9"><span class='ocrx_word' id='word_1_769' title='bbox 41 2196 120 2230; x_wconf 91' lang='lat' dir='ltr'><strong>quod</strong></span> <span class='ocrx_word' id='word_1_770' title='bbox 135 2194 252 2231; x_wconf 72' lang='lat' dir='ltr'><strong>habebat</strong></span> <span class='ocrx_word' id='word_1_771' title='bbox 263 2195 406 2229; x_wconf 76' lang='lat' dir='ltr'><strong>imaginem</strong></span> <span class='ocrx_word' id='word_1_772' title='bbox 422 2195 548 2231; x_wconf 67' lang='lat' dir='ltr'><strong>Caesaris,</strong></span> <span class='ocrx_word' id='word_1_773' title='bbox 562 2199 589 2221; x_wconf 91' lang='lat' dir='ltr'><strong>et</strong></span> <span class='ocrx_word' id='word_1_774' title='bbox 605 2194 652 2231; x_wconf 70' lang='lat' dir='ltr'><strong>ﬁat</strong></span> <span class='ocrx_word' id='word_1_775' title='bbox 668 2194 738 2231; x_wconf 72' lang='lat' dir='ltr'><strong>inter</strong></span> <span class='ocrx_word' id='word_1_776' title='bbox 754 2201 800 2221; x_wconf 84' lang='lat' dir='ltr'><strong>eos</strong></span> <span class='ocrx_word' id='word_1_777' title='bbox 814 2195 858 2227; x_wconf 92' lang='lat' dir='ltr'><strong>qui</strong></span> <span class='ocrx_word' id='word_1_778' title='bbox 878 2194 971 2231; x_wconf 68' lang='lat' dir='ltr'><strong>piseali</strong></span> <span class='ocrx_word' id='word_1_779' title='bbox 990 2199 1052 2231; x_wconf 66' lang='lat' dir='ltr'><strong>sunt</strong></span> <span class='ocrx_word' id='word_1_780' title='bbox 1069 2202 1152 2231; x_wconf 80' lang='lat' dir='ltr'><strong>eum._</strong></span> <span class='ocrx_word' id='word_1_781' title='bbox 1163 2195 1213 2227; x_wconf 79' lang='lat' dir='ltr'><strong>Qui</strong></span> <span class='ocrx_word' id='word_1_782' title='bbox 1229 2203 1293 2230; x_wconf 75' lang='lat' dir='ltr'><strong>ergo</strong></span> <span class='ocrx_word' id='word_1_783' title='bbox 1305 2196 1383 2223; x_wconf 85' lang='lat' dir='ltr'><strong>habet</strong></span> <span class='ocrx_word' id='word_1_784' title='bbox 1398 2205 1458 2231; x_wconf 70' lang='lat' dir='ltr'><strong>qua:</strong></span> <span class='ocrx_word' id='word_1_785' title='bbox 1472 2203 1535 2224; x_wconf 88' lang='lat' dir='ltr'><strong>sunt</strong></span> <span class='ocrx_word' id='word_1_786' title='bbox 1547 2198 1673 2228; x_wconf 74' lang='lat' dir='ltr'><strong>Caesaris,</strong></span> 
     </span>
    </p>
   </div>
   <div class='ocr_carea' id='block_1_86' title="bbox 39 2228 1674 2266">
    <p class='ocr_par' dir='ltr' id='par_1_86' title="bbox 39 2228 1674 2266">
     <span class='ocr_line' id='line_1_86' title="bbox 39 2228 1674 2266; baseline 0.001 -9"><span class='ocrx_word' id='word_1_787' title='bbox 39 2228 147 2257; x_wconf 68' lang='lat' dir='ltr'><strong>Cmsari</strong></span> <span class='ocrx_word' id='word_1_788' title='bbox 160 2237 193 2257; x_wconf 83' lang='lat' dir='ltr'><strong>ea</strong></span> <span class='ocrx_word' id='word_1_789' title='bbox 208 2230 312 2262; x_wconf 85' lang='lat' dir='ltr'><strong>reddat,</strong></span> <span class='ocrx_word' id='word_1_790' title='bbox 322 2228 351 2256; x_wconf 72' lang='lat' dir='ltr'><strong>iit</strong></span> <span class='ocrx_word' id='word_1_791' title='bbox 361 2230 473 2263; x_wconf 88' lang='lat' dir='ltr'><strong>posthac</strong></span> <span class='ocrx_word' id='word_1_792' title='bbox 484 2229 692 2266; x_wconf 10' lang='lat' dir='ltr'><strong>valeaturedilere</strong></span> <span class='ocrx_word' id='word_1_793' title='bbox 702 2228 758 2266; x_wconf 76' lang='lat' dir='ltr'><strong>Deo</strong></span> <span class='ocrx_word' id='word_1_794' title='bbox 771 2236 832 2263; x_wconf 71' lang='lat' dir='ltr'><strong>qua:</strong></span> <span class='ocrx_word' id='word_1_795' title='bbox 847 2234 910 2255; x_wconf 89' lang='lat' dir='ltr'><strong>sunt</strong></span> <span class='ocrx_word' id='word_1_796' title='bbox 923 2228 979 2255; x_wconf 89' lang='lat' dir='ltr'><strong>Dei.</strong></span> <span class='ocrx_word' id='word_1_797' title='bbox 992 2228 1124 2261; x_wconf 81' lang='lat' dir='ltr'><strong>Quoniam</strong></span> <span class='ocrx_word' id='word_1_798' title='bbox 1138 2229 1216 2266; x_wconf 81' lang='lat' dir='ltr'><strong>Jesus</strong></span> <span class='ocrx_word' id='word_1_799' title='bbox 1231 2228 1282 2257; x_wconf 76' lang='lat' dir='ltr'><strong>non</strong></span> <span class='ocrx_word' id='word_1_800' title='bbox 1294 2231 1387 2258; x_wconf 84' lang='lat' dir='ltr'><strong>habuit</strong></span> <span class='ocrx_word' id='word_1_801' title='bbox 1400 2228 1674 2266; x_wconf 67' lang='lat' dir='ltr'><strong>iniagineiiiCazsaris,</strong></span> 
     </span>
    </p>
   </div>
   <div class='ocr_carea' id='block_1_87' title="bbox 40 2263 1674 2299">
    <p class='ocr_par' dir='ltr' id='par_1_87' title="bbox 40 2263 1674 2299">
     <span class='ocr_line' id='line_1_87' title="bbox 40 2263 1674 2299; baseline 0.001 -8"><span class='ocrx_word' id='word_1_802' title='bbox 40 2266 175 2299; x_wconf 86' lang='lat' dir='ltr'><strong>princeps</strong></span> <span class='ocrx_word' id='word_1_803' title='bbox 192 2265 265 2291; x_wconf 90' lang='lat' dir='ltr'><strong>enini</strong></span> <span class='ocrx_word' id='word_1_804' title='bbox 282 2265 372 2292; x_wconf 68' lang='lat' dir='ltr'><strong>saiculi</strong></span> <span class='ocrx_word' id='word_1_805' title='bbox 391 2264 471 2297; x_wconf 89' lang='lat' dir='ltr'><strong>hujus</strong></span> <span class='ocrx_word' id='word_1_806' title='bbox 487 2264 554 2290; x_wconf 90' lang='lat' dir='ltr'><strong>nihil</strong></span> <span class='ocrx_word' id='word_1_807' title='bbox 571 2263 688 2290; x_wconf 86' lang='lat' dir='ltr'><strong>habebat</strong></span> <span class='ocrx_word' id='word_1_808' title='bbox 702 2263 728 2299; x_wconf 83' lang='lat' dir='ltr'><strong>in</strong></span> <span class='ocrx_word' id='word_1_809' title='bbox 745 2271 786 2294; x_wconf 82' lang='lat' dir='ltr'><strong>eo,</strong></span> <span class='ocrx_word' id='word_1_810' title='bbox 802 2267 942 2297; x_wconf 79' lang='lat' dir='ltr'><strong>propterea</strong></span> <span class='ocrx_word' id='word_1_811' title='bbox 965 2270 1016 2289; x_wconf 93' lang='lat' dir='ltr'><strong>non</strong></span> <span class='ocrx_word' id='word_1_812' title='bbox 1033 2271 1065 2290; x_wconf 74' lang='lat' dir='ltr'><strong>ex</strong></span> <span class='ocrx_word' id='word_1_813' title='bbox 1084 2264 1203 2298; x_wconf 85' lang='lat' dir='ltr'><strong>proprio,</strong></span> <span class='ocrx_word' id='word_1_814' title='bbox 1221 2265 1267 2291; x_wconf 87' lang='lat' dir='ltr'><strong>sed</strong></span> <span class='ocrx_word' id='word_1_815' title='bbox 1279 2273 1311 2291; x_wconf 83' lang='lat' dir='ltr'><strong>ex</strong></span> <span class='ocrx_word' id='word_1_816' title='bbox 1327 2263 1496 2293; x_wconf 65' lang='lat' dir='ltr'><strong>coxiveiiieiiti</strong></span> <span class='ocrx_word' id='word_1_817' title='bbox 1514 2267 1573 2294; x_wconf 85' lang='lat' dir='ltr'><strong>loco</strong></span> <span class='ocrx_word' id='word_1_818' title='bbox 1590 2267 1674 2294; x_wconf 84' lang='lat' dir='ltr'><strong>maris</strong></span> 
     </span>
    </p>
   </div>
   <div class='ocr_carea' id='block_1_88' title="bbox 40 2298 1674 2336">
    <p class='ocr_par' dir='ltr' id='par_1_88' title="bbox 40 2298 1674 2336">
     <span class='ocr_line' id='line_1_88' title="bbox 40 2298 1674 2336; baseline 0.001 -10"><span class='ocrx_word' id='word_1_819' title='bbox 40 2298 195 2333; x_wconf 72' lang='lat' dir='ltr'><strong>imaginem</strong></span> <span class='ocrx_word' id='word_1_820' title='bbox 211 2299 332 2336; x_wconf 66' lang='lat' dir='ltr'><strong>Caesaris</strong></span> <span class='ocrx_word' id='word_1_821' title='bbox 351 2299 453 2333; x_wconf 84' lang='lat' dir='ltr'><strong>accepit.</strong></span> <span class='ocrx_word' id='word_1_822' title='bbox 469 2306 540 2330; x_wconf 84' lang='lat' dir='ltr'><strong>eam,</strong></span> <span class='ocrx_word' id='word_1_823' title='bbox 555 2303 586 2336; x_wconf 78' lang='lat' dir='ltr'><strong>ut</strong></span> <span class='ocrx_word' id='word_1_824' title='bbox 596 2298 641 2336; x_wconf 69' lang='lat' dir='ltr'><strong>det</strong></span> <span class='ocrx_word' id='word_1_825' title='bbox 655 2298 764 2332; x_wconf 72' lang='lat' dir='ltr'><strong>regibus</strong></span> <span class='ocrx_word' id='word_1_826' title='bbox 785 2302 863 2324; x_wconf 68' lang='lat' dir='ltr'><strong>terrae</strong></span> <span class='ocrx_word' id='word_1_827' title='bbox 876 2305 925 2332; x_wconf 92' lang='lat' dir='ltr'><strong>pro</strong></span> <span class='ocrx_word' id='word_1_828' title='bbox 944 2305 988 2336; x_wconf 89' lang='lat' dir='ltr'><strong>se,_</strong></span> <span class='ocrx_word' id='word_1_829' title='bbox 1000 2302 1027 2336; x_wconf 69' lang='lat' dir='ltr'><strong>et</strong></span> <span class='ocrx_word' id='word_1_830' title='bbox 1042 2306 1090 2336; x_wconf 80' lang='lat' dir='ltr'><strong>pro</strong></span> <span class='ocrx_word' id='word_1_831' title='bbox 1105 2299 1238 2336; x_wconf 83' lang='lat' dir='ltr'><strong>discipulo</strong></span> <span class='ocrx_word' id='word_1_832' title='bbox 1253 2307 1313 2331; x_wconf 90' lang='lat' dir='ltr'><strong>suo,</strong></span> <span class='ocrx_word' id='word_1_833' title='bbox 1336 2305 1364 2327; x_wconf 92' lang='lat' dir='ltr'><strong>ut</strong></span> <span class='ocrx_word' id='word_1_834' title='bbox 1378 2308 1427 2327; x_wconf 91' lang='lat' dir='ltr'><strong>nec</strong></span> <span class='ocrx_word' id='word_1_835' title='bbox 1447 2302 1614 2328; x_wconf 86' lang='lat' dir='ltr'><strong>arbitrentur</strong></span> <span class='ocrx_word' id='word_1_836' title='bbox 1628 2302 1674 2336; x_wconf 89' lang='lat' dir='ltr'><strong>qui</strong></span> 
     </span>
    </p>
   </div>
   <div class='ocr_carea' id='block_1_89' title="bbox 40 2333 1675 2369">
    <p class='ocr_par' dir='ltr' id='par_1_89' title="bbox 40 2333 1675 2369">
     <span class='ocr_line' id='line_1_89' title="bbox 40 2333 1675 2369; baseline 0.001 -9"><span class='ocrx_word' id='word_1_837' title='bbox 40 2334 209 2361; x_wconf 80' lang='lat' dir='ltr'><strong>didrachma</strong></span> <span class='ocrx_word' id='word_1_838' title='bbox 223 2334 401 2368; x_wconf 70' lang='lat' dir='ltr'><strong>aeizipiebant,</strong></span> <span class='ocrx_word' id='word_1_839' title='bbox 419 2340 479 2360; x_wconf 88' lang='lat' dir='ltr'><strong>esse</strong></span> <span class='ocrx_word' id='word_1_840' title='bbox 496 2341 557 2359; x_wconf 89' lang='lat' dir='ltr'><strong>eum</strong></span> <span class='ocrx_word' id='word_1_841' title='bbox 571 2333 720 2369; x_wconf 71' lang='lat' dir='ltr'><strong>debitorem</strong></span> <span class='ocrx_word' id='word_1_842' title='bbox 733 2340 824 2369; x_wconf 74' lang='lat' dir='ltr'><strong>regum</strong></span> <span class='ocrx_word' id='word_1_843' title='bbox 834 2336 926 2369; x_wconf 66' lang='lat' dir='ltr'><strong>terrae,</strong></span> <span class='ocrx_word' id='word_1_844' title='bbox 944 2333 1031 2369; x_wconf 84' lang='lat' dir='ltr'><strong>reddit</strong></span> <span class='ocrx_word' id='word_1_845' title='bbox 1042 2333 1114 2359; x_wconf 84' lang='lat' dir='ltr'><strong>enim</strong></span> <span class='ocrx_word' id='word_1_846' title='bbox 1130 2334 1246 2360; x_wconf 82' lang='lat' dir='ltr'><strong>debitam</strong></span> <span class='ocrx_word' id='word_1_847' title='bbox 1261 2342 1313 2360; x_wconf 92' lang='lat' dir='ltr'><strong>non</strong></span> <span class='ocrx_word' id='word_1_848' title='bbox 1332 2337 1484 2368; x_wconf 83' lang='lat' dir='ltr'><strong>suscipiens</strong></span> <span class='ocrx_word' id='word_1_849' title='bbox 1500 2344 1573 2368; x_wconf 89' lang='lat' dir='ltr'><strong>eum,</strong></span> <span class='ocrx_word' id='word_1_850' title='bbox 1588 2333 1675 2369; x_wconf 79' lang='lat' dir='ltr'><strong>neque</strong></span> 
     </span>
    </p>
   </div>
   <div class='ocr_carea' id='block_1_90' title="bbox 80 2367 1673 2405">
    <p class='ocr_par' dir='ltr' id='par_1_90' title="bbox 80 2367 1673 2405">
     <span class='ocr_line' id='line_1_90' title="bbox 80 2367 1673 2405; baseline 0.001 -11"><span class='ocrx_word' id='word_1_851' title='bbox 80 2369 205 2398; x_wconf 84' lang='lat' dir='ltr'><strong>ssidens.</strong></span> <span class='ocrx_word' id='word_1_852' title='bbox 223 2367 310 2405; x_wconf 60' lang='lat' dir='ltr'><strong>lioque</strong></span> <span class='ocrx_word' id='word_1_853' title='bbox 327 2368 482 2403; x_wconf 85' lang='lat' dir='ltr'><strong>acquirens,</strong></span> <span class='ocrx_word' id='word_1_854' title='bbox 495 2375 582 2401; x_wconf 89' lang='lat' dir='ltr'><strong>neque</strong></span> <span class='ocrx_word' id='word_1_855' title='bbox 597 2367 701 2394; x_wconf 85' lang='lat' dir='ltr'><strong>faciens</strong></span> <span class='ocrx_word' id='word_1_856' title='bbox 715 2375 776 2394; x_wconf 89' lang='lat' dir='ltr'><strong>eum</strong></span> <span class='ocrx_word' id='word_1_857' title='bbox 790 2367 840 2393; x_wconf 85' lang='lat' dir='ltr'><strong>sibi</strong></span> <span class='ocrx_word' id='word_1_858' title='bbox 852 2367 1064 2401; x_wconf 85' lang='lat' dir='ltr'><strong>possessionem,</strong></span> <span class='ocrx_word' id='word_1_859' title='bbox 1080 2373 1109 2394; x_wconf 93' lang='lat' dir='ltr'><strong>ut</strong></span> <span class='ocrx_word' id='word_1_860' title='bbox 1122 2376 1156 2395; x_wconf 91' lang='lat' dir='ltr'><strong>ne</strong></span> <span class='ocrx_word' id='word_1_861' title='bbox 1167 2369 1203 2395; x_wconf 90' lang='lat' dir='ltr'><strong>sit</strong></span> <span class='ocrx_word' id='word_1_862' title='bbox 1213 2369 1359 2403; x_wconf 80' lang='lat' dir='ltr'><strong>aliquando</strong></span> <span class='ocrx_word' id='word_1_863' title='bbox 1372 2367 1461 2405; x_wconf 76' lang='lat' dir='ltr'><strong>imago</strong></span> <span class='ocrx_word' id='word_1_864' title='bbox 1472 2370 1588 2398; x_wconf 67' lang='lat' dir='ltr'><strong>Caesaris</strong></span> <span class='ocrx_word' id='word_1_865' title='bbox 1601 2367 1673 2405; x_wconf 81' lang='lat' dir='ltr'><strong>apud</strong></span> 
     </span>
    </p>
   </div>
   <div class='ocr_carea' id='block_1_91' title="bbox 39 2402 324 2430">
    <p class='ocr_par' dir='ltr' id='par_1_91' title="bbox 39 2402 324 2430">
     <span class='ocr_line' id='line_1_91' title="bbox 39 2402 324 2430; baseline -0.004 0"><span class='ocrx_word' id='word_1_866' title='bbox 39 2402 213 2430; x_wconf 88' lang='lat' dir='ltr'><strong>invisibilem</strong></span> <span class='ocrx_word' id='word_1_867' title='bbox 230 2402 324 2429; x_wconf 87' lang='lat' dir='ltr'><strong>Deum.</strong></span> 
     </span>
    </p>
   </div>
   <div class='ocr_carea' id='block_1_92' title="bbox 80 2436 1668 2471">
    <p class='ocr_par' dir='ltr' id='par_1_92' title="bbox 80 2436 1668 2471">
     <span class='ocr_line' id='line_1_92' title="bbox 80 2436 1668 2471; baseline 0.001 -7"><span class='ocrx_word' id='word_1_868' title='bbox 80 2438 127 2464; x_wconf 83' lang='grc' dir='ltr'><strong>Η.</strong></span> <span class='ocrx_word' id='word_1_869' title='bbox 151 2437 202 2464; x_wconf 83' lang='lat' dir='ltr'><strong>Ista</strong></span> <span class='ocrx_word' id='word_1_870' title='bbox 217 2438 336 2464; x_wconf 81' lang='lat' dir='ltr'><strong>diximus</strong></span> <span class='ocrx_word' id='word_1_871' title='bbox 351 2437 500 2464; x_wconf 84' lang='lat' dir='ltr'><strong>secundum</strong></span> <span class='ocrx_word' id='word_1_872' title='bbox 526 2444 607 2462; x_wconf 92' lang='lat' dir='ltr'><strong>unum</strong></span> <span class='ocrx_word' id='word_1_873' title='bbox 633 2436 754 2468; x_wconf 83' lang='lat' dir='ltr'><strong>modum,</strong></span> <span class='ocrx_word' id='word_1_874' title='bbox 773 2437 900 2470; x_wconf 79' lang='lat' dir='ltr'><strong>quoniam</strong></span> <span class='ocrx_word' id='word_1_875' title='bbox 925 2436 1058 2471; x_wconf 85' lang='lat' dir='ltr'><strong>duplicem</strong></span> <span class='ocrx_word' id='word_1_876' title='bbox 1082 2445 1191 2465; x_wconf 85' lang='lat' dir='ltr'><strong>sensum</strong></span> <span class='ocrx_word' id='word_1_877' title='bbox 1216 2438 1296 2465; x_wconf 90' lang='lat' dir='ltr'><strong>habet</strong></span> <span class='ocrx_word' id='word_1_878' title='bbox 1320 2439 1363 2465; x_wconf 89' lang='lat' dir='ltr'><strong>hic</strong></span> <span class='ocrx_word' id='word_1_879' title='bbox 1382 2447 1481 2466; x_wconf 86' lang='lat' dir='ltr'><strong>seruio.</strong></span> <span class='ocrx_word' id='word_1_880' title='bbox 1511 2439 1668 2466; x_wconf 79' lang='lat' dir='ltr'><strong>Secundum</strong></span> 
     </span>
    </p>
   </div>
   <div class='ocr_carea' id='block_1_93' title="bbox 39 2471 1673 2508">
    <p class='ocr_par' dir='ltr' id='par_1_93' title="bbox 39 2471 1673 2508">
     <span class='ocr_line' id='line_1_93' title="bbox 39 2471 1673 2508; baseline 0 -9"><span class='ocrx_word' id='word_1_881' title='bbox 39 2473 165 2499; x_wconf 82' lang='lat' dir='ltr'><strong>alterum</strong></span> <span class='ocrx_word' id='word_1_882' title='bbox 182 2478 272 2498; x_wconf 66' lang='lat' dir='ltr'><strong>autem</strong></span> <span class='ocrx_word' id='word_1_883' title='bbox 290 2472 353 2498; x_wconf 82' lang='lat' dir='ltr'><strong>talia</strong></span> <span class='ocrx_word' id='word_1_884' title='bbox 369 2473 421 2498; x_wconf 85' lang='lat' dir='ltr'><strong>dici</strong></span> <span class='ocrx_word' id='word_1_885' title='bbox 437 2476 560 2506; x_wconf 79' lang='lat' dir='ltr'><strong>pOSsnnt.</strong></span> <span class='ocrx_word' id='word_1_886' title='bbox 579 2471 709 2508; x_wconf 79' lang='lat' dir='ltr'><strong>Filiorum</strong></span> <span class='ocrx_word' id='word_1_887' title='bbox 728 2476 792 2508; x_wconf 84' lang='lat' dir='ltr'><strong>sunt</strong></span> <span class='ocrx_word' id='word_1_888' title='bbox 805 2471 915 2508; x_wconf 80' lang='lat' dir='ltr'><strong>quidam</strong></span> <span class='ocrx_word' id='word_1_889' title='bbox 935 2472 980 2498; x_wconf 88' lang='lat' dir='ltr'><strong>lilii</strong></span> <span class='ocrx_word' id='word_1_890' title='bbox 1000 2480 1092 2507; x_wconf 76' lang='lat' dir='ltr'><strong>regum</strong></span> <span class='ocrx_word' id='word_1_891' title='bbox 1108 2477 1186 2499; x_wconf 74' lang='lat' dir='ltr'><strong>terra:</strong></span> <span class='ocrx_word' id='word_1_892' title='bbox 1202 2481 1208 2499; x_wconf 88' lang='lat'>:</span> <span class='ocrx_word' id='word_1_893' title='bbox 1224 2474 1268 2499; x_wconf 85' lang='lat' dir='ltr'><strong>alii</strong></span> <span class='ocrx_word' id='word_1_894' title='bbox 1285 2479 1375 2500; x_wconf 85' lang='lat' dir='ltr'><strong>autem</strong></span> <span class='ocrx_word' id='word_1_895' title='bbox 1392 2479 1501 2508; x_wconf 87' lang='lat' dir='ltr'><strong>propter</strong></span> <span class='ocrx_word' id='word_1_896' title='bbox 1516 2475 1567 2500; x_wconf 91' lang='lat' dir='ltr'><strong>hoc</strong></span> <span class='ocrx_word' id='word_1_897' title='bbox 1585 2474 1673 2508; x_wconf 74' lang='lat' dir='ltr'><strong>ipsum</strong></span> 
     </span>
    </p>
   </div>
   <div class='ocr_carea' id='block_1_94' title="bbox 39 2506 1672 2542">
    <p class='ocr_par' dir='ltr' id='par_1_94' title="bbox 39 2506 1672 2542">
     <span class='ocr_line' id='line_1_94' title="bbox 39 2506 1672 2542; baseline 0.001 -9"><span class='ocrx_word' id='word_1_898' title='bbox 39 2507 119 2542; x_wconf 85' lang='lat' dir='ltr'><strong>quod</strong></span> <span class='ocrx_word' id='word_1_899' title='bbox 137 2507 218 2533; x_wconf 83' lang='lat' dir='ltr'><strong>alieni</strong></span> <span class='ocrx_word' id='word_1_900' title='bbox 234 2513 296 2533; x_wconf 81' lang='lat' dir='ltr'><strong>sum.</strong></span> <span class='ocrx_word' id='word_1_901' title='bbox 309 2515 325 2533; x_wconf 89' lang='lat' dir='ltr'><strong>a</strong></span> <span class='ocrx_word' id='word_1_902' title='bbox 342 2507 407 2542; x_wconf 81' lang='lat' dir='ltr'><strong>ﬁliis</strong></span> <span class='ocrx_word' id='word_1_903' title='bbox 420 2514 512 2540; x_wconf 73' lang='lat' dir='ltr'><strong>regum</strong></span> <span class='ocrx_word' id='word_1_904' title='bbox 531 2511 618 2542; x_wconf 67' lang='lat' dir='ltr'><strong>terrae,</strong></span> <span class='ocrx_word' id='word_1_905' title='bbox 631 2506 736 2542; x_wconf 69' lang='lat' dir='ltr'><strong>nullius</strong></span> <span class='ocrx_word' id='word_1_906' title='bbox 750 2506 856 2540; x_wconf 83' lang='lat' dir='ltr'><strong>quidem</strong></span> <span class='ocrx_word' id='word_1_907' title='bbox 870 2513 969 2542; x_wconf 69' lang='lat' dir='ltr'><strong>eorum</strong></span> <span class='ocrx_word' id='word_1_908' title='bbox 985 2508 1029 2541; x_wconf 92' lang='lat' dir='ltr'><strong>qui</strong></span> <span class='ocrx_word' id='word_1_909' title='bbox 1044 2512 1107 2533; x_wconf 80' lang='lat' dir='ltr'><strong>sunt</strong></span> <span class='ocrx_word' id='word_1_910' title='bbox 1123 2515 1204 2541; x_wconf 87' lang='lat' dir='ltr'><strong>super</strong></span> <span class='ocrx_word' id='word_1_911' title='bbox 1222 2513 1321 2534; x_wconf 87' lang='lat' dir='ltr'><strong>terrain</strong></span> <span class='ocrx_word' id='word_1_912' title='bbox 1341 2506 1473 2537; x_wconf 55' lang='grc' dir='ltr'><strong>ιειηέυὼ,</strong></span> <span class='ocrx_word' id='word_1_913' title='bbox 1492 2510 1536 2535; x_wconf 83' lang='lat' dir='ltr'><strong>sed</strong></span> <span class='ocrx_word' id='word_1_914' title='bbox 1551 2506 1600 2535; x_wconf 81' lang='lat' dir='ltr'><strong>aut</strong></span> <span class='ocrx_word' id='word_1_915' title='bbox 1615 2507 1672 2538; x_wconf 84' lang='lat' dir='ltr'><strong>Dei,</strong></span> 
     </span>
    </p>
   </div>
   <div class='ocr_carea' id='block_1_95' title="bbox 39 2540 1673 2583">
    <p class='ocr_par' dir='ltr' id='par_1_95' title="bbox 39 2540 1673 2583">
     <span class='ocr_line' id='line_1_95' title="bbox 39 2540 1673 2583; baseline 0 -14"><span class='ocrx_word' id='word_1_916' title='bbox 39 2540 94 2569; x_wconf 71' lang='lat' dir='ltr'><strong>aut</strong></span> <span class='ocrx_word' id='word_1_917' title='bbox 110 2541 174 2568; x_wconf 84' lang='lat' dir='ltr'><strong>Filii</strong></span> <span class='ocrx_word' id='word_1_918' title='bbox 193 2542 251 2574; x_wconf 88' lang='lat' dir='ltr'><strong>Dei,</strong></span> <span class='ocrx_word' id='word_1_919' title='bbox 269 2541 444 2583; x_wconf 48' lang='lat' dir='ltr'><strong>ant&#39;alicujus</strong></span> <span class='ocrx_word' id='word_1_920' title='bbox 459 2541 576 2568; x_wconf 85' lang='lat' dir='ltr'><strong>filiorum</strong></span> <span class='ocrx_word' id='word_1_921' title='bbox 591 2541 647 2567; x_wconf 86' lang='lat' dir='ltr'><strong>Dei.</strong></span> <span class='ocrx_word' id='word_1_922' title='bbox 663 2541 776 2573; x_wconf 84' lang='lat' dir='ltr'><strong>Quando</strong></span> <span class='ocrx_word' id='word_1_923' title='bbox 789 2548 853 2574; x_wconf 80' lang='lat' dir='ltr'><strong>ergo</strong></span> <span class='ocrx_word' id='word_1_924' title='bbox 868 2540 1154 2576; x_wconf 73' lang='lat' dir='ltr'><strong>Salvatorinterrogat</strong></span> <span class='ocrx_word' id='word_1_925' title='bbox 1169 2542 1288 2576; x_wconf 84' lang='lat' dir='ltr'><strong>Petrum,</strong></span> <span class='ocrx_word' id='word_1_926' title='bbox 1303 2543 1395 2570; x_wconf 83' lang='lat' dir='ltr'><strong>dicens</strong></span> <span class='ocrx_word' id='word_1_927' title='bbox 1410 2553 1416 2569; x_wconf 92' lang='lat'><strong>:</strong></span> <span class='ocrx_word' id='word_1_928' title='bbox 1435 2553 1444 2569; x_wconf 76' lang='grc' dir='ltr'><strong>ι</strong></span> <span class='ocrx_word' id='word_1_929' title='bbox 1462 2543 1547 2577; x_wconf 61' lang='lat' dir='ltr'><strong>Reges</strong></span> <span class='ocrx_word' id='word_1_930' title='bbox 1560 2549 1638 2569; x_wconf 72' lang='lat' dir='ltr'><strong>lCIrtB</strong></span> <span class='ocrx_word' id='word_1_931' title='bbox 1657 2550 1673 2569; x_wconf 84' lang='lat' dir='ltr'><strong>a</strong></span> 
     </span>
    </p>
   </div>
   <div class='ocr_carea' id='block_1_96' title="bbox 68 2611 835 2647">
    <p class='ocr_par' dir='ltr' id='par_1_96' title="bbox 68 2611 835 2645">
     <span class='ocr_line' id='line_1_96' title="bbox 68 2611 835 2645; baseline 0.001 -8"><span class='ocrx_word' id='word_1_932' title='bbox 68 2612 95 2628; x_wconf 69' lang='lat'><strong>“</strong></span> <span class='ocrx_word' id='word_1_933' title='bbox 112 2611 198 2638; x_wconf 83' lang='lat' dir='ltr'><strong>Marc.</strong></span> <span class='ocrx_word' id='word_1_934' title='bbox 212 2619 261 2645; x_wconf 67' lang='grc' dir='ltr'>ιιι,</span> <span class='ocrx_word' id='word_1_935' title='bbox 280 2612 322 2644; x_wconf 80' lang='grc'><strong>16,</strong></span> <span class='ocrx_word' id='word_1_936' title='bbox 340 2611 575 2645; x_wconf 63' lang='lat' dir='ltr'><strong>17;Lue.xx,25,</strong></span> <span class='ocrx_word' id='word_1_937' title='bbox 594 2612 638 2639; x_wconf 70' lang='lat'><strong>25.</strong></span> <span class='ocrx_word' id='word_1_938' title='bbox 678 2611 700 2628; x_wconf 72' lang='lat'>“</span> <span class='ocrx_word' id='word_1_939' title='bbox 715 2611 835 2639; x_wconf 55' lang='lat' dir='ltr'><strong>Manius</strong></span> 
     </span>
    </p>
   </div>
   <div class='ocr_carea' id='block_1_97' title="bbox 924 2611 1673 2647">
    <p class='ocr_par' dir='ltr' id='par_1_97' title="bbox 924 2611 1673 2647">
     <span class='ocr_line' id='line_1_97' title="bbox 924 2611 1673 2647; baseline 0.003 -8"><span class='ocrx_word' id='word_1_940' title='bbox 924 2613 946 2645; x_wconf 81' lang='grc'><strong>1,</strong></span> <span class='ocrx_word' id='word_1_941' title='bbox 958 2613 1003 2640; x_wconf 75' lang='grc'><strong>25.</strong></span> <span class='ocrx_word' id='word_1_942' title='bbox 1043 2613 1065 2628; x_wconf 75' lang='grc'><strong>⁸⁸</strong></span> <span class='ocrx_word' id='word_1_943' title='bbox 1079 2612 1144 2640; x_wconf 74' lang='grc' dir='ltr'>ΙιιιιΙ.</span> <span class='ocrx_word' id='word_1_944' title='bbox 1180 2613 1201 2629; x_wconf 75' lang='grc'><strong>⁸⁷</strong></span> <span class='ocrx_word' id='word_1_945' title='bbox 1215 2613 1293 2641; x_wconf 84' lang='lat' dir='ltr'><strong>Joan.</strong></span> <span class='ocrx_word' id='word_1_946' title='bbox 1306 2623 1364 2647; x_wconf 80' lang='lat' dir='ltr'><strong>vni,</strong></span> <span class='ocrx_word' id='word_1_947' title='bbox 1374 2615 1418 2641; x_wconf 73' lang='grc'><strong>54.</strong></span> <span class='ocrx_word' id='word_1_948' title='bbox 1453 2611 1546 2644; x_wconf 61' lang='lat' dir='ltr'><strong>“ltro</strong></span> <span class='ocrx_word' id='word_1_949' title='bbox 1570 2614 1613 2646; x_wconf 64' lang='grc'><strong>31,</strong></span> <span class='ocrx_word' id='word_1_950' title='bbox 1626 2615 1673 2642; x_wconf 73' lang='lat'><strong>32.</strong></span> 
     </span>
    </p>
   </div>
   <div class='ocr_carea' id='block_1_98' title="bbox 41 2677 833 2714">
    <p class='ocr_par' dir='ltr' id='par_1_98' title="bbox 41 2677 833 2714">
     <span class='ocr_line' id='line_1_98' title="bbox 41 2677 833 2714; baseline 0 -6"><span class='ocrx_word' id='word_1_951' title='bbox 41 2682 76 2708; x_wconf 83' lang='lat' dir='ltr'><strong>R.</strong></span> <span class='ocrx_word' id='word_1_952' title='bbox 94 2682 126 2707; x_wconf 82' lang='grc' dir='ltr'>ὲν</span> <span class='ocrx_word' id='word_1_953' title='bbox 143 2677 176 2714; x_wconf 85' lang='grc' dir='ltr'><strong>ᾦ.</strong></span> <span class='ocrx_word' id='word_1_954' title='bbox 194 2680 222 2707; x_wconf 91' lang='lat' dir='ltr'><strong>Si</strong></span> <span class='ocrx_word' id='word_1_955' title='bbox 238 2681 315 2714; x_wconf 75' lang='lat' dir='ltr'><strong>legis,</strong></span> <span class='ocrx_word' id='word_1_956' title='bbox 330 2682 359 2707; x_wconf 81' lang='grc' dir='ltr'>ὲν</span> <span class='ocrx_word' id='word_1_957' title='bbox 371 2677 403 2714; x_wconf 80' lang='grc' dir='ltr'><strong>ᾧ,</strong></span> <span class='ocrx_word' id='word_1_958' title='bbox 422 2681 552 2707; x_wconf 81' lang='lat' dir='ltr'><strong>referetur</strong></span> <span class='ocrx_word' id='word_1_959' title='bbox 566 2681 598 2707; x_wconf 90' lang='lat' dir='ltr'><strong>ad</strong></span> <span class='ocrx_word' id='word_1_960' title='bbox 617 2681 716 2714; x_wconf 83' lang='lat' dir='ltr'><strong>piscem</strong></span> <span class='ocrx_word' id='word_1_961' title='bbox 732 2690 738 2708; x_wconf 89' lang='lat'><strong>:</strong></span> <span class='ocrx_word' id='word_1_962' title='bbox 752 2681 785 2714; x_wconf 82' lang='lat' dir='ltr'><strong>si,</strong></span> <span class='ocrx_word' id='word_1_963' title='bbox 805 2681 833 2708; x_wconf 80' lang='grc' dir='ltr'>ὲν</span> 
     </span>
    </p>
   </div>
   <div class='ocr_carea' id='block_1_99' title="bbox 38 2715 834 2750">
    <p class='ocr_par' dir='ltr' id='par_1_99' title="bbox 38 2715 834 2750">
     <span class='ocr_line' id='line_1_99' title="bbox 38 2715 834 2750; baseline 0 -7"><span class='ocrx_word' id='word_1_964' title='bbox 38 2715 96 2747; x_wconf 78' lang='grc' dir='ltr'><strong>οἷς.</strong></span> <span class='ocrx_word' id='word_1_965' title='bbox 119 2716 254 2742; x_wconf 85' lang='lat' dir='ltr'><strong>referetur</strong></span> <span class='ocrx_word' id='word_1_966' title='bbox 268 2716 301 2742; x_wconf 84' lang='lat' dir='ltr'><strong>ad</strong></span> <span class='ocrx_word' id='word_1_967' title='bbox 324 2716 458 2742; x_wconf 84' lang='lat' dir='ltr'><strong>homines.</strong></span> <span class='ocrx_word' id='word_1_968' title='bbox 480 2715 564 2750; x_wconf 81' lang='grc' dir='ltr'>ἰχούς</span> <span class='ocrx_word' id='word_1_969' title='bbox 579 2720 667 2742; x_wconf 83' lang='lat' dir='ltr'><strong>autem</strong></span> <span class='ocrx_word' id='word_1_970' title='bbox 691 2716 733 2742; x_wconf 93' lang='lat' dir='ltr'><strong>ille</strong></span> <span class='ocrx_word' id='word_1_971' title='bbox 755 2716 834 2743; x_wconf 77' lang='lat' dir='ltr'><strong>Chri-</strong></span> 
     </span>
    </p>
   </div>
   <div class='ocr_carea' id='block_1_100' title="bbox 39 2750 832 2785">
    <p class='ocr_par' dir='ltr' id='par_1_100' title="bbox 39 2750 832 2785">
     <span class='ocr_line' id='line_1_100' title="bbox 39 2750 832 2785; baseline -0.001 -8"><span class='ocrx_word' id='word_1_972' title='bbox 39 2758 105 2778; x_wconf 86' lang='lat' dir='ltr'><strong>stus</strong></span> <span class='ocrx_word' id='word_1_973' title='bbox 121 2755 174 2777; x_wconf 86' lang='lat' dir='ltr'><strong>cst.</strong></span> <span class='ocrx_word' id='word_1_974' title='bbox 198 2750 234 2776; x_wconf 89' lang='lat' dir='ltr'><strong>ita</strong></span> <span class='ocrx_word' id='word_1_975' title='bbox 248 2751 282 2776; x_wconf 80' lang='lat' dir='ltr'><strong>ali</strong></span> <span class='ocrx_word' id='word_1_976' title='bbox 297 2751 416 2784; x_wconf 90' lang='lat' dir='ltr'><strong>antiquis</strong></span> <span class='ocrx_word' id='word_1_977' title='bbox 432 2750 557 2777; x_wconf 85' lang='lat' dir='ltr'><strong>Patribus</strong></span> <span class='ocrx_word' id='word_1_978' title='bbox 579 2751 739 2784; x_wconf 79' lang='lat' dir='ltr'><strong>appellatus,</strong></span> <span class='ocrx_word' id='word_1_979' title='bbox 760 2751 832 2785; x_wconf 92' lang='lat' dir='ltr'><strong>quod</strong></span> 
     </span>
    </p>
   </div>
   <div class='ocr_carea' id='block_1_101' title="bbox 39 2784 832 2820">
    <p class='ocr_par' dir='ltr' id='par_1_101' title="bbox 39 2784 832 2820">
     <span class='ocr_line' id='line_1_101' title="bbox 39 2784 832 2820; baseline -0.003 -8"><span class='ocrx_word' id='word_1_980' title='bbox 39 2792 147 2812; x_wconf 84' lang='lat' dir='ltr'><strong>vocum</strong></span> <span class='ocrx_word' id='word_1_981' title='bbox 167 2785 284 2820; x_wconf 74' lang='lat' dir='ltr'><strong>illarum,</strong></span> <span class='ocrx_word' id='word_1_982' title='bbox 309 2785 546 2820; x_wconf 40' lang='lat' dir='ltr'><strong>’lne&#39;oGiX‘om-Jg</strong></span> <span class='ocrx_word' id='word_1_983' title='bbox 560 2784 626 2811; x_wconf 83' lang='grc' dir='ltr'>Θεοῦ</span> <span class='ocrx_word' id='word_1_984' title='bbox 648 2785 710 2816; x_wconf 79' lang='grc' dir='ltr'><strong>Υἱὸς</strong></span> <span class='ocrx_word' id='word_1_985' title='bbox 727 2784 832 2820; x_wconf 71' lang='grc' dir='ltr'><strong>Σωτήρ,</strong></span> 
     </span>
    </p>
   </div>
   <div class='ocr_carea' id='block_1_102' title="bbox 39 2819 831 2855">
    <p class='ocr_par' dir='ltr' id='par_1_102' title="bbox 39 2819 831 2855">
     <span class='ocr_line' id='line_1_102' title="bbox 39 2819 831 2855; baseline -0.003 -8"><span class='ocrx_word' id='word_1_986' title='bbox 39 2821 136 2855; x_wconf 75' lang='lat' dir='ltr'><strong>sigla,</strong></span> <span class='ocrx_word' id='word_1_987' title='bbox 166 2819 259 2854; x_wconf 71' lang='grc' dir='ltr'><strong>ἰχθύς,</strong></span> <span class='ocrx_word' id='word_1_988' title='bbox 283 2819 388 2846; x_wconf 81' lang='lat' dir='ltr'><strong>eﬁieiat.</strong></span> <span class='ocrx_word' id='word_1_989' title='bbox 413 2819 596 2847; x_wconf 81' lang='lat' dir='ltr'><strong>Tertullianus</strong></span> <span class='ocrx_word' id='word_1_990' title='bbox 622 2820 658 2846; x_wconf 85' lang='lat' dir='ltr'><strong>De</strong></span> <span class='ocrx_word' id='word_1_991' title='bbox 682 2819 831 2854; x_wconf 68' lang='lat' dir='ltr'><strong>baptismo,</strong></span> 
     </span>
    </p>
   </div>
   <div class='ocr_carea' id='block_1_103' title="bbox 887 2680 1674 2717">
    <p class='ocr_par' dir='ltr' id='par_1_103' title="bbox 887 2680 1674 2717">
     <span class='ocr_line' id='line_1_103' title="bbox 887 2680 1674 2717; baseline 0.003 -10"><span class='ocrx_word' id='word_1_992' title='bbox 887 2680 1001 2716; x_wconf 86' lang='lat' dir='ltr'><strong>Optatus</strong></span> <span class='ocrx_word' id='word_1_993' title='bbox 1015 2681 1185 2717; x_wconf 77' lang='lat' dir='ltr'><strong>Milevitauus</strong></span> <span class='ocrx_word' id='word_1_994' title='bbox 1198 2681 1244 2708; x_wconf 91' lang='lat' dir='ltr'><strong>lib.</strong></span> <span class='ocrx_word' id='word_1_995' title='bbox 1262 2690 1301 2717; x_wconf 79' lang='lat' dir='ltr'><strong>ut,</strong></span> <span class='ocrx_word' id='word_1_996' title='bbox 1316 2682 1416 2709; x_wconf 84' lang='lat' dir='ltr'><strong>Contra</strong></span> <span class='ocrx_word' id='word_1_997' title='bbox 1430 2681 1564 2714; x_wconf 66' lang='lat' dir='ltr'><strong>Parmam,</strong></span> <span class='ocrx_word' id='word_1_998' title='bbox 1580 2683 1674 2717; x_wconf 79' lang='lat' dir='ltr'><strong>Augu-</strong></span> 
     </span>
    </p>
   </div>
   <div class='ocr_carea' id='block_1_104' title="bbox 888 2716 1675 2752">
    <p class='ocr_par' dir='ltr' id='par_1_104' title="bbox 888 2716 1675 2752">
     <span class='ocr_line' id='line_1_104' title="bbox 888 2716 1675 2752; baseline 0.004 -10"><span class='ocrx_word' id='word_1_999' title='bbox 888 2717 975 2752; x_wconf 86' lang='lat' dir='ltr'><strong>stinus</strong></span> <span class='ocrx_word' id='word_1_1000' title='bbox 994 2716 1040 2743; x_wconf 89' lang='lat' dir='ltr'><strong>lib.</strong></span> <span class='ocrx_word' id='word_1_1001' title='bbox 1056 2725 1120 2743; x_wconf 81' lang='lat' dir='ltr'><strong>xviii</strong></span> <span class='ocrx_word' id='word_1_1002' title='bbox 1136 2716 1173 2742; x_wconf 87' lang='lat' dir='ltr'><strong>De</strong></span> <span class='ocrx_word' id='word_1_1003' title='bbox 1188 2717 1259 2742; x_wconf 74' lang='lat' dir='ltr'><strong>civil.</strong></span> <span class='ocrx_word' id='word_1_1004' title='bbox 1270 2716 1333 2752; x_wconf 17' lang='grc' dir='ltr'><strong>κυεῖ,</strong></span> <span class='ocrx_word' id='word_1_1005' title='bbox 1352 2725 1412 2752; x_wconf 63' lang='grc' dir='ltr'>(κιρ.</span> <span class='ocrx_word' id='word_1_1006' title='bbox 1427 2717 1474 2748; x_wconf 74' lang='grc' dir='ltr'><strong>25ς</strong></span> <span class='ocrx_word' id='word_1_1007' title='bbox 1493 2716 1675 2752; x_wconf 41' lang='lat' dir='ltr'><strong>Prospei-{De</strong></span> 
     </span>
    </p>
   </div>
   <div class='ocr_carea' id='block_1_105' title="bbox 887 2751 1673 2789">
    <p class='ocr_par' dir='ltr' id='par_1_105' title="bbox 887 2751 1673 2789">
     <span class='ocr_line' id='line_1_105' title="bbox 887 2751 1673 2789; baseline 0.004 -12"><span class='ocrx_word' id='word_1_1008' title='bbox 887 2751 1106 2789; x_wconf 59' lang='lat' dir='ltr'><strong>gradiqt.,__part.</strong></span> <span class='ocrx_word' id='word_1_1009' title='bbox 1126 2759 1234 2789; x_wconf 83' lang='lat' dir='ltr'><strong>ii,__c:ip.</strong></span> <span class='ocrx_word' id='word_1_1010' title='bbox 1249 2751 1300 2782; x_wconf 79' lang='lat'><strong>&#39;59,</strong></span> <span class='ocrx_word' id='word_1_1011' title='bbox 1324 2751 1486 2787; x_wconf 76' lang='grc' dir='ltr'>ψευδώνυμα</span> <span class='ocrx_word' id='word_1_1012' title='bbox 1509 2751 1673 2789; x_wconf 66' lang='lat' dir='ltr'><strong>Sibyllaruiii</strong></span> 
     </span>
    </p>
   </div>
   <div class='ocr_carea' id='block_1_106' title="bbox 887 2785 1289 2813">
    <p class='ocr_par' dir='ltr' id='par_1_106' title="bbox 887 2785 1289 2813">
     <span class='ocr_line' id='line_1_106' title="bbox 887 2785 1289 2813; baseline 0 -1"><span class='ocrx_word' id='word_1_1013' title='bbox 887 2785 1001 2813; x_wconf 86' lang='lat' dir='ltr'><strong>Oraeula</strong></span> <span class='ocrx_word' id='word_1_1014' title='bbox 1017 2786 1063 2812; x_wconf 92' lang='lat' dir='ltr'><strong>lib.</strong></span> <span class='ocrx_word' id='word_1_1015' title='bbox 1080 2794 1138 2812; x_wconf 92' lang='lat' dir='ltr'><strong>vin.</strong></span> <span class='ocrx_word' id='word_1_1016' title='bbox 1158 2785 1289 2812; x_wconf 68' lang='lat' dir='ltr'><strong>Hunnus.</strong></span> 
     </span>
    </p>
   </div>
  </div>
