1859 3051
119 146 185 175 I129

588 146 764 174 (ΙΟΜΜΕΝΤ.
785 146 818 173 ΙΝ
836 144 1044 173 ΜΑΤἸἮιιΕυΜ
1064 143 1182 172 TOMUS
1201 143 1270 171 Xlll.

1683 147 1749 173 H30

121 213 131 229 ι
171 204 202 230 ἐν
214 202 306 240 ἐκείνῃ
323 204 356 239 τῇ
381 202 508 240 ἧμέρᾳ,›
525 205 541 241 ἢ
563 204 660 240 (ὥρα.)
681 204 855 239 σχοπὴσωμεπ

1015 206 1042 234 ιι,
1058 211 1067 228 t
1084 201 1110 229 in
1125 202 1171 229 illo
1183 202 1236 234 die,
1250 213 1259 228 ι
1277 201 1318 229 vel
1334 211 1343 227 t
1356 201 1438 234 hora,
1454 211 1463 227 ι
1481 201 1620 230 videamus
1635 209 1669 229 an
1687 204 1749 231 inde.

117 245 173 276 οἶόν
188 248 218 276 τέ
230 250 305 276 ἐστιν
325 249 373 276 ἀπ’
396 249 509 276 ἐκείνων
529 250 587 276 ὁδὸν
605 250 698 276 λαϐεῖν
716 249 784 285 πρὸς
801 249 832 276 τὸ
846 250 910 276 θεω-

120 295 199 330 ρῆσαι
224 294 262 327 ὡς
276 295 428 329 ἀναγκαίαν
439 295 500 331 τὴν⁹
521 296 577 322 «ἐν
593 295 687 332 ἐκείνῃ
708 297 742 331 τῇ
766 295 908 331 ἡμέρᾳ,ἢι

121 339 227 376 «ὦραμ
260 340 434 377 προσθήκην.
467 341 659 376 Ἐληλὺθεισαν
680 342 768 368 τοίνυν
792 342 832 373 είς
860 342 910 376 τὴν

119 386 307 423 Καφαρναοὺμ
329 387 343 413 6
375 386 478 422 Ἰησοῦς
501 387 559 422 ἅμα
582 388 639 419 τοῖς
661 387 796 423 μαθηταῖς
816 387 908 419 αὐτοῦ,

119 430 181 458 ἔνθα
199 440 209 458 ‹
226 432 250 457 οἱ
267 431 302 458 τὰ
315 431 450 466 δίδραχμα
461 431 646 467 λαμϐάνοντες
663 431 702 466 τῷ
717 432 812 466 Πέτρῳ
824 440 910 466 προσ-

117 473 214 512 ῆλθον,
234 487 243 502 ι
261 478 308 504 καὶ
328 478 483 513 ἐρωτῶντες
505 475 582 504 εἷπον
609 478 653 504 τό·
674 488 683 503 t
710 478 740 504 ὐ
754 477 912 509 διδάσκαλος

119 520 195 558 ὗμῶν
211 524 241 550 οὐ
255 523 328 550 τελεί
342 523 376 550 τὰ
392 523 545 559 δίδραχμα;
568 533 577 549 ι
596 521 673 556 Εἶτα,
691 523 911 560 ἀποκριναμένου

121 569 188 605 πρὸς
208 567 307 601 αὐτοὺς
328 569 374 596 τοῦ
399 570 514 605 Πέτρου,
536 570 582 596 καὶ
599 570 738 602 εἰπόντος’
758 579 769 596 ι
788 570 853 601 Ναὶ,
872 579 880 595 ι
899 570 913 595 6

123 611 237 649 Ἰησοῦς,
260 613 566 649 προσαπολογησὸμενος
581 613 637 649 (12)
661 613 726 649 περὶ
745 613 794 648 τῆς
813 613 912 644 δόσεως

120 660 174 686 τῶν
196 659 360 695 διδράχμων,
387 660 492 695 πέμπει
511 659 556 686 τὸν
584 660 688 695 Πέτρον
706 659 744 694 τῷ
773 658 913 694 ἀγκίστρῳ

119 704 314 733 ἀνασπάσοντα
333 704 418 739 ἰχθὺν,
434 701 465 730 οὗ
484 705 515 730 ἐν
531 704 571 740 τῷ
594 704 707 740 στόματι
729 704 849 738 ἔφασκεν
866 703 911 730 εὑ-

117 750 283 787 ρεθήσεσθαι
307 751 428 786 στατῆρα
451 750 495 777 τὸν
521 750 700 786 δοθησόμενον
720 750 790 786 ὑπὲρ
816 749 912 776 ἑαυτοῦ

119 795 167 822 καὶ
187 795 299 830 Πέτρου.
322 796 400 822 Δοκεῖ
414 793 461 822 οῦν
478 805 535 831 μοι,
554 796 596 823 ὅτι
613 796 668 832 (15)
691 796 822 831 μεγίστην
838 795 914 830 νομί-

120 849 215 872 σαντες
232 841 335 876 ταύτην
356 839 427 868 εἶναι
447 841 500 867 ὑπὸ
521 841 568 868 τοῦ
599 841 686 877 Ἰησοῦ
710 842 778 877 πρὸς
797 841 842 867 τὸν
863 841 913 867 Πέ-

960 247 1141 283 perpendendi
1156 248 1334 275 additamenti
1359 247 1441 282 hujus
1454 269 1461 280 ,
1481 258 1490 274 ι
1508 248 1535 276 in
1550 248 1596 276 illo
1611 250 1665 281 die.
1679 259 1689 276 ι
1708 253 1750 278 re!

964 294 1062 327 «liora,
1080 303 1090 320 ι
1107 299 1236 329 tanquam
1250 294 1409 327 necessarii,
1423 294 1495 321 viam
1515 294 1584 322 inire
1601 297 1748 330 possimus.

961 339 1153 375 Capharnaum
1170 345 1280 367 venerat
1297 347 1350 368 una
1370 348 1432 368 cum
1445 340 1587 376 discipulis
1598 340 1677 370 Jcsus
1688 363 1696 376 ,
1713 343 1751 370 ibi

963 395 974 411 ι
993 390 1168 414 accesserunt
1189 386 1236 421 qui
1263 386 1421 414 didrachma
1445 387 1632 422 accipiebant,
1655 389 1688 416 ad
1701 388 1752 417 Pe—

963 435 1046 464 trum,
1064 441 1074 457 ι
1102 436 1129 459 et
1156 431 1354 467 interrogantes
1375 431 1504 460 dixerunt
1519 442 1525 460 :
1543 442 1552 459 ‹
1567 432 1696 470 Magister
1707 442 1752 462 ve-

961 479 1017 503 ster
1036 483 1090 503 non
1107 475 1188 503 solvit
1210 475 1390 504 didrachma?
1409 486 1418 502 ι
1438 477 1539 506 Deinde
1560 486 1622 506 cum
1637 487 1752 514 respon-

962 521 1047 549 disset
1061 522 1100 549 eis
1118 521 1226 554 Petrus,
1242 526 1268 549 et
1283 522 1416 550 dixisset:
1438 532 1447 549 ‹
1467 522 1566 556 Etiam,
1586 533 1595 550 ι
1612 524 1692 552 Jesus
1709 533 1754 552 ra-

962 568 1062 594 tionem
1087 566 1203 594 reddens
1228 575 1278 594 cur
1301 567 1461 596 didrachma
1488 569 1622 604 solveret,
1640 569 1751 599 Petrum

963 613 1038 641 misit
1053 613 1100 647 qui
1115 613 1197 640 hamo
1219 613 1322 648 piscem
1337 614 1471 647 extraxit,
1497 615 1576 650 cujus
1595 616 1622 643 in
1640 625 1687 644 ore
1702 625 1752 652 pro

963 666 993 686 se
1005 663 1031 686 et
1044 657 1124 685 Petro
1138 658 1309 692 pendendum
1335 663 1461 687 staterem
1485 665 1623 695 repertum
1639 661 1672 689 iri
1689 670 1752 697 pro-

963 705 1109 732 nuntiavit.
1128 704 1197 731 Cum
1212 711 1277 739 ergo
1291 705 1411 733 maximo
1426 713 1440 732 a
1451 705 1514 734 Jesu
1527 706 1635 735 Petrum
1648 707 1753 736 honore

964 749 1090 777 affectum
1114 750 1323 783 existimarent,
1342 751 1388 786 qui
1411 751 1543 786 majorem
1567 759 1629 780 eum
1646 753 1752 781 caeteris

964 795 1021 823 suis
1041 796 1182 831 discipulis
1201 797 1368 832 judicasset;
1388 797 1414 823 id
1435 797 1506 832 quod
1530 798 1751 833 suspicabantur,

963 840 1057 869 Jesum
1082 841 1295 878 interrogando,
1328 843 1588 879 responsioncmque
1612 845 1672 879 ejus
1701 852 1752 874 nu-

118 894 182 922 τρον
206 886 298 922 τιμὴν,
320 887 463 922 κρίναντος
487 886 569 913 αὑτὸν
595 886 708 922 μείζονα
737 886 791 912 τῶν
812 887 852 913 λοι

1017 886 1065 914 udo
1089 887 1258 922 exploratum
1277 888 1377 915 habere
1395 888 1516 916 voluisse
1531 889 1598 916 mihi
1615 890 1751 922 videntur,

117 931 274 966 γνωρίμων,
297 932 437 958 ἐϐούλοντο
455 932 525 966 ὅπερ
544 932 674 959 ὑπενόουν
689 931 852 968 ὰκριὸῶσαι,
869 932 912 959 διὰ

117 975 166 1002 τοῦ
184 976 331 1012 πυθόμενοι
348 976 394 1003 τοῦ
415 977 502 1012 Ἰησοῦ
517 976 632 1004 ἀκοῦσαι
646 977 711 1012 παρ’
727 976 809 1003 αὑτοῦ
825 977 859 1009 εί,
876 977 913 1009 ὡς

119 1021 311 1057 ὑπελάμϐανον
323 1042 331 1054 ,
353 1023 464 1058 μείζονα
489 1022 601 1058 κέκρικε
619 1023 664 1050 τὸν
685 1023 787 1059 Πέτρον
803 1023 893 1050 αὐτῶν
904 1032 910 1039 ·

119 1067 179 1102 ἅμα
195 1066 222 1093 δὲ
242 1066 356 1102 ἤλπιζον
376 1068 423 1093 καὶ
437 1066 487 1102 τὴν
507 1067 597 1094 αἰτίαν
617 1067 737 1094 εἴσεσοαι
751 1067 798 1094 τοῦ
815 1075 914 1103 προκε-

118 1112 230 1148 κρίσθαι
246 1111 291 1139 τδν
307 1113 409 1148 Πέτρον
422 1113 475 1139 τῶν
487 1112 589 1139 λοιπῶν
602 1112 740 1148 μαθητῶν.
761 1113 842 1139 Ταῦτ’
855 1111 912 1145 οὖν,

117 1157 208 1194 οἶμαι,
218 1157 338 1194 δηλῶσαι
351 1159 365 1184 6
379 1156 518 1190 Ματθαῖος
529 1158 701 1194 βουλόμενος,
716 1158 838 1194 ἐπήγαγε
854 1158 893 1194 τῷ
905 1167 911 1173 ·

119 1215 131 1232 ‹
156 1206 274 1232 Ἐκεῖνον
290 1204 391 1238 λαϐὼν,
411 1214 420 1231 ι
439 1205 560 1240 δηλονότι
572 1205 618 1231 τὸν
634 1204 766 1240 στατῆρα,
783 1214 791 1229 ι
806 1203 850 1236 δὸς
863 1204 913 1231 αύη

118 1252 176 1283 τοῖς
192 1251 251 1277 ἀντὶ
265 1249 332 1286 ἐμοῦ
350 1250 398 1277 καὶ
415 1250 473 1282 σοῦ,
493 1260 502 1275 ι
516 1250 561 1277 τό·
579 1259 588 1276 t
613 1250 657 1276 Ἑν
669 1250 761 1286 ἐκείνῃ
777 1251 809 1285 τῇ
823 1249 914 1285 ἡμέρᾳ

118 1295 272 1331 προσῆλθον
291 1297 315 1322 oi
336 1296 456 1332 μαθηταὶ
475 1296 515 1331 τῷ
537 1296 624 1331 Ἰησοῦ
641 1295 781 1331 λέγοντες·
800 1297 847 1328 Τίς
861 1296 914 1332 ἄρα

120 1341 223 1378 μείζων
242 1342 316 1368 ἐστὶν
332 1343 361 1368 ὲν
382 1343 415 1378 τῇ
438 1341 562 1378 βασιλείᾳ.
581 1343 635 1369 τῶν
657 1342 796 1378 οὐρανῶν;
818 1352 827 1368 ι
844 1342 913 1378 τάχα

118 1386 149 1413 δὲ
175 1386 222 1413 καὶ
245 1385 402 1421 ἀμφέϐαλον
425 1386 470 1413 διὰ
492 1387 523 1413 τὸ
545 1387 600 1422 (14)
621 1388 696 1423 τρεῖς
717 1385 915 1423 προκεκρίσθαι

118 1432 192 1460 κατὰ
202 1432 251 1468 τὴν
264 1432 475 1468 μεταμόρφωσιν
485 1440 492 1447 ·
508 1432 667 1467 ἀμφέϐαλον
682 1432 711 1459 δὲ
726 1433 790 1468 περὶ
808 1432 855 1459 τοῦ
872 1433 914 1465 τίς

118 1478 176 1505 τῶν
187 1478 272 1515 τριῶν
289 1477 390 1514 μείζων
407 1477 477 1505 εἷναι
493 1479 618 1514 κέκριται
630 1478 707 1515 παρὰ
720 1477 758 1514 τῷ
771 1478 867 1514 Κυρίῳ
877 1487 883 1494 ·
900 1480 914 1505 6

119 1525 173 1562 μὲν
193 1526 246 1561 γὰρ
272 1525 398 1561 Ἰωάννης
420 1525 551 1552 ἀνέπεσεν
571 1526 617 1552 ἐπὶ
632 1525 662 1552 τὸ
674 1525 771 1560 στῆθος
784 1525 866 1552 αὐτοῦ
878 1525 912 1551 δι’

119 1562 242 1606 ἀγάιιῖιην,
259 1571 307 1598 καὶ
322 1570 467 1598 ἀκόλουθον
484 1571 535 1606 πρὸ
550 1571 595 1598 τοῦ
613 1572 721 1598 δείπνου
741 1571 823 1607 τιμῆς
839 1571 912 1604 ἐξαι-

119 1616 201 1652 ρέτου
229 1616 350 1652 σύμϐολα
371 1617 456 1643 πολλὰ
480 1617 578 1649 αὐτοὺς
606 1617 757 1652 ἑωρακέναι
781 1617 849 1653 πρὸς
868 1617 914 1644 τὸν

125 1663 254 1698 Ἰωάννην
270 1663 324 1690 ἀπὸ
335 1663 381 1689 τοῦ
401 1663 487 1699 Ἰησοῦ
498 1670 506 1679 '
531 1665 546 1690 6
561 1663 589 1690 δὲ
600 1664 703 1698 Πέτρος
718 1664 747 1690 ὲν
767 1665 799 1699 τῇ
819 1664 914 1699 ὁμολο-

117 1709 170 1745 γίᾳ
184 1710 284 1744 ἤκουσε
305 1709 442 1745 μακάριος
465 1708 509 1736 διὰ
524 1709 570 1736 τό·
597 1719 605 1735 t
625 1709 660 1735 Σὺ
681 1707 707 1735 εἴ
727 1710 742 1736 6
762 1710 879 1745 Χριστὸς
901 1710 915 1735 ὁ

119 1755 188 1787 Υἱὸς
211 1755 259 1782 τοῦ
287 1755 355 1782 Θεοῦ
379 1755 427 1782 τοῦ
455 1755 571 1787 ζῶντος·
601 1765 611 1781 ν
641 1754 721 1781 πάλιν
747 1754 777 1781 δὲ
802 1755 845 1781 διὰ
869 1755 915 1780 τό·

119 1810 132 1828 ο
153 1801 262 1835 ’Ὕπαγε
275 1801 363 1827 ὀπίσω
382 1809 432 1836 μου
446 1821 454 1834 ,
479 1801 602 1827 Σατανᾶ·
628 1800 774 1827 σκάνδαλόν
801 1809 851 1836 μου
871 1799 912 1826 εἴ·

118 1849 164 1875 ὅτι
177 1848 208 1874 οὐ
220 1849 327 1884 φρονεῖς
338 1847 372 1874 τὰ
381 1847 428 1874 τοῦ
439 1847 518 1880 Θεοῦ,
532 1846 599 1874 ἀλλὰ
611 1846 646 1874 τὰ
655 1846 709 1874 τῶν
722 1846 884 1883 ἀνθρώπων,
904 1856 913 1872 ›

963 939 1010 965 an,
1024 933 1255 967 quemadmodum
1271 934 1465 969 conjiciebant,
1478 943 1541 962 eum
1555 935 1654 970 seipsis
1666 936 1753 971 majo-

963 986 1020 1006 rem
1033 978 1184 1014 judicasset
1200 988 1208 1006 :
1226 979 1308 1007 simul
1324 980 1408 1007 etiam
1422 980 1569 1016 sperabant
1582 981 1704 1009 futurum
1723 988 1753 1010 ut

963 1031 1074 1052 causam
1089 1029 1293 1060 cognoscerent,
1317 1025 1400 1060 539
1414 1033 1464 1052 cur
1480 1026 1586 1054 caeteris
1611 1027 1753 1062 discipulis

963 1069 1060 1099 Petrus
1077 1071 1211 1098 antelatus
1225 1070 1331 1099 fuisset.
1352 1072 1421 1098 Cum
1435 1071 1493 1099 haec
1506 1072 1587 1107 igitur
1600 1072 1753 1108 significare

964 1115 1044 1143 vellet
1057 1115 1201 1144 Matthaeus
1217 1116 1259 1145 his
1272 1116 1363 1145 verbis
1378 1125 1385 1144 :
1405 1125 1414 1142 ι
1431 1117 1508 1144 illum
1523 1125 1646 1150 sumens,
1666 1127 1675 1144 ι
1695 1123 1753 1145 sta-

964 1165 1047 1188 terem
1069 1161 1210 1195 videlicet,
1239 1171 1249 1188 ι
1266 1164 1299 1190 da
1313 1163 1353 1190 eis
1368 1170 1417 1197 pro
1433 1170 1476 1190 tne
1496 1167 1523 1190 et
1547 1167 1572 1191 te
1583 1184 1590 1197 ,
1607 1173 1616 1189 ι
1637 1163 1752 1198 subjun-

964 1207 1004 1234 xit
1024 1216 1031 1234 :
1060 1215 1069 1233 ι
1096 1207 1124 1234 in
1145 1207 1192 1235 illo
1209 1207 1253 1235 die
1269 1212 1446 1235 accesserunt
1468 1208 1595 1243 discipuli
1612 1208 1645 1235 ad
1658 1208 1751 1236 Jesum

963 1252 1084 1280 dicentes
1096 1261 1102 1279 :
1113 1251 1181 1285 Quis
1194 1257 1274 1287 putas
1286 1252 1374 1287 major
1386 1256 1427 1279 est
1441 1252 1467 1279 in
1482 1259 1568 1287 regno
1580 1252 1750 1279 cmlorum‘h

964 1298 1028 1325 Inde
1040 1302 1130 1325 autem
1143 1297 1260 1325 fortasse
1274 1297 1408 1325 dubitatio
1425 1304 1519 1325 eorum
1537 1301 1596 1324 orta
1608 1301 1661 1330 est,
1679 1297 1752 1332 quod

964 1349 1019 1371 tres
1043 1343 1070 1371 in
1098 1342 1339 1379 transﬁguratione
1358 1343 1504 1378 antepositi
1529 1342 1661 1376 fuissent;
1691 1343 1753 1378 quis

963 1395 1054 1418 autem
1088 1390 1170 1418 trium
1194 1389 1302 1416 illorum
1324 1388 1413 1424 major
1437 1395 1453 1415 a
1468 1387 1583 1415 Domino
1615 1388 1754 1423 judicatus

963 1437 1076 1469 fuisset,
1091 1443 1122 1463 ea
1137 1443 1202 1464 vero
1214 1435 1247 1463 de
1263 1442 1291 1462 re
1306 1434 1481 1468 dubitabant;
1509 1442 1571 1461 nam
1590 1434 1709 1462 Joannes
1725 1434 1754 1461 in

963 1481 1023 1517 ejus
1039 1485 1134 1516 pectus
1149 1488 1203 1515 pra:
1216 1487 1310 1507 amore
1324 1480 1465 1513 recubuit,
1485 1485 1511 1507 et
1524 1480 1608 1507 multa
1622 1485 1684 1508 ante
1699 1487 1754 1508 eoe-

965 1536 1027 1555 nam
1053 1528 1200 1563 singularis
1223 1527 1335 1555 honoris
1356 1527 1383 1554 in
1399 1527 1533 1555 Joannem
1549 1535 1563 1554 a
1580 1527 1644 1556 Jesu
1660 1529 1752 1556 collati

965 1578 1126 1608 argumenta
1138 1573 1241 1601 vidisse
1253 1580 1301 1600 eos
1315 1573 1377 1600 inde
1391 1573 1454 1600 licet
1469 1574 1642 1607 existimare;
1655 1574 1753 1603 Petrus

965 1623 1055 1647 autem
1073 1619 1101 1646 in
1122 1619 1297 1647 confessione
1316 1619 1412 1647 beatus
1427 1620 1576 1655 appellatus
1589 1625 1631 1647 est
1646 1626 1755 1655 propter

966 1665 1031 1693 illud
1047 1674 1054 1692 :
1070 1666 1093 1681 '"'
1107 1675 1116 1691 I
1128 1665 1168 1692 Tu
1185 1673 1215 1694 es
1228 1665 1354 1693 Christus
1370 1665 1454 1693 Filius
1471 1665 1517 1693 Dei
1541 1666 1611 1700 vivi;
1630 1675 1639 1692 ι
1659 1675 1755 1694 rursus

967 1716 1056 1740 autem
1079 1716 1190 1746 propter
1215 1711 1288 1738 istud
1302 1712 1326 1727 ⁸⁵
1345 1721 1351 1738 :
1372 1721 1382 1737 ‹
1402 1711 1473 1739 Vade
1486 1717 1546 1746 post
1563 1720 1622 1744 me,
1641 1712 1753 1745 Satana.

968 1757 1126 1785 scandalum
1154 1765 1183 1784 es
1206 1756 1292 1784 mihi:
1320 1757 1383 1792 quia
1407 1765 1462 1784 non
1485 1757 1558 1792 sapis
1577 1766 1608 1785 ea
1630 1766 1691 1793 qua:
1708 1759 1754 1786 Dei

968 1805 1049 1834 sunt;
1069 1801 1115 1828 sed
1140 1808 1171 1828 ea
1186 1809 1247 1836 quae
1263 1805 1326 1828 sunt
1348 1801 1507 1835 hominum,
1535 1811 1545 1828 ι
1562 1803 1655 1830 animo
1677 1810 1756 1831 erant

971 1847 1076 1874 incerto
1101 1853 1133 1873 ac
1150 1847 1249 1879 dubio,
1271 1853 1306 1873 an
1323 1846 1346 1873 is
1359 1845 1476 1874 fortasse
1500 1847 1588 1882 major
1604 1856 1657 1875 non
1672 1854 1754 1883 esset,

724 1904 841 1933 VETUS
861 1903 1152 1932 lNTERPRE'l‘ATIO.

114 1953 195 1981 enim
218 1952 245 1978 in
259 1952 450 1987 Capliarnaum
463 1951 543 1980 Jesus
565 1960 627 1980 cum
645 1952 785 1987 discipulis
810 1951 877 1984 suis,
899 1951 955 1987 ubi,
968 1955 994 1978 et
1010 1950 1170 1987 didrachma
1187 1950 1518 1987 exigentes_aeeesserUnt
1542 1950 1575 1987 ad
1593 1949 1714 1987 Petrum,
1729 1957 1756 1978 et

119 1985 324 2022 interrogantes
356 1988 507 2015 dixerunt:
532 1998 541 2014 ί
565 1988 692 2022 Magister
715 1985 807 2022 vester
834 1994 887 2014 non
917 1985 1229 2022 SOlVikdidt‘ﬂCllﬂlﬂ?!
1265 1986 1303 2013 lta
1328 1985 1408 2013 Petro
1434 1985 1615 2022 respondente
1641 1985 1674 2012 ad
1695 1993 1754 2018 eos,

120 2033 132 2048 1
148 2020 251 2054 etiam}
268 2031 277 2047 ι
303 2022 406 2050 faciens
426 2023 538 2050 verbum
558 2025 591 2050 de
609 2020 777 2050 didrachmis
792 2021 873 2049 Jcsus
902 2021 985 2048 mittit
1000 2020 1111 2047 Petrum
1138 2028 1198 2047 cuin
1223 2020 1304 2047 hamo
1327 2020 1556 2054 comprehendere
1581 2020 1699 2054 piscem,
1727 2021 1754 2048 in

117 2058 204 2093 cujus
219 2065 266 2093 ore
284 2057 391 2085 dicebat
412 2058 605 2085 inveniendum
629 2065 690 2085 esse
707 2061 846 2093 staterem,
868 2057 1026 2093 ut_d:_iretur
1043 2063 1092 2093 pro
1112 2063 1140 2082 sc
1154 2060 1181 2082 et
1197 2055 1287 2093 Petro.
1305 2054 1362 2093 Ego
1378 2054 1505 2093 arbitror,
1522 2055 1650 2089 quoniam
1667 2056 1755 2093 maxi-

118 2089 199 2120 mum
218 2092 290 2120 hunc
309 2093 497 2120 existimantes
522 2093 654 2120 honorem
676 2092 703 2119 in
717 2091 827 2119 Petrum
852 2099 866 2118 a
881 2091 991 2118 Christo
1011 2089 1157 2122 collatum,
1180 2091 1263 2126 quasi,
1275 2098 1322 2126 per
1332 2089 1389 2117 ’lioc
1403 2089 1632 2126 judicassetreum
1649 2091 1757 2126 caeteris

117 2127 265 2162 discipulis
284 2128 442 2160 meliorem,
465 2128 627 2162 cupiebant,
649 2127 720 2162 quod
743 2127 1049 2162 suspicabantur_eaute
1064 2133 1237 2162 cognoscere.
1257 2125 1343 2162 Simul
1364 2129 1452 2162 autem
1477 2125 1622 2162 sperabant
1637 2125 1708 2160 quod
1729 2131 1757 2153 et

117 2159 237 2191 causam
257 2162 343 2196 ipsam
364 2159 536 2190 revelationis
553 2159 750 2197 interrogantes
767 2159 1006 2197 ίηὶιίειδνεηιηιίοο
1017 2168 1082 2197 ergo
1098 2159 1242 2197 ostendere
1257 2160 1350 2188 volens
1364 2159 1518 2197 Matthmus,
1537 2160 1631 2197 adjicit
1646 2159 1756 2197 propter

117 2198 189 2225 illud
204 2194 276 2232 quod
287 2198 322 2224 ait
336 2205 357 2223 :t
372 2197 450 2225 Hunc
466 2197 602 2232 accipiens
616 2198 649 2225 da
657 2194 772 2232 propter
788 2201 868 2232 meret
881 2201 905 2223 te
917 2203 923 2221 :
933 2195 964 2232 in
981 2196 1025 2232 il_la
1039 2194 1109 2232 die,»
1120 2195 1171 2227 vel,
1188 2204 1197 2221 ‹
1210 2196 1275 2222 hora
1289 2198 1463 2232 accesserunt
1477 2194 1603 2232 discipuli
1615 2194 1652 2222 ad
1662 2194 1755 2232 Iesum

118 2229 265 2260 dicentes:
284 2231 351 2265 Quis
366 2237 446 2267 putas
468 2229 553 2267 major
568 2237 610 2260 est
636 2229 672 2259 in"
684 2229 767 2266 re'gno
787 2231 940 2267 ccelorum?
958 2241 966 2255 ι
993 2229 1221 2267 Ὲοτείιίιηλςλιιιριη
1241 2236 1268 2257 et
1281 2230 1442 2267 dubitabant
1458 2229 1667 2267 etiainproptcr
1691 2231 1757 2267 illud

116 2267 343 2303 quodrsuperius
363 2265 418 2295 tres
438 2265 564 2303 discipuli
583 2267 670 2302 magis
693 2265 772 2294 erant
787 2265 1100 2303 digniticati,»_assum_pti
1121 2265 1287 2303 in_mo_nte_m
1304 2273 1365 2292 cum
1384 2265 1443 2299 ipso
1464 2265 1759 2303 tttmviderenttransti-

117 2275 198 2303 (μιοα
218 2275 343 2301 Superius
363 2275 418 2295 ιιές
438 2275 505 2295 ("SCI
528 2275 564 2294 lIH
583 2275 670 2302 [IIIIng
693 2275 772 2294 erant
787 2275 951 2301 algntucau,
966 2275 1100 2299 ﬂSSulllpll
1122 2275 1147 2291 ΙΙΙ
1168 2275 1287 2291 ηιυιιιριιι
1304 2275 1365 2292 cum
1385 2275 1443 2299 IPSO
1464 2275 1492 2290 Ill
1512 2275 1634 2292 VluCl'Clll.
1649 2275 1759 2293 transti-

117 2302 296 2337 gurationem
313 2302 406 2337 glorize
420 2303 489 2337 ejus.
507 2275 672 2329 Bubitabant
689 2307 779 2328 autem
793 2301 857 2336 quis
874 2301 908 2337 tle
923 2301 1010 2327 tribus
1026 2300 1079 2337 illis
1100 2300 1196 2337 melior
1208 2300 1437 2337 judicatusessct
1451 2307 1465 2326 a
1481 2298 1602 2337 Christo.
1618 2301 1759 2337 Distrahe-

118 2333 207 2364 Eatur
223 2333 500 2364 autem’existiniatio
519 2345 617 2365 sensus
641 2344 736 2364 eorum
760 2333 811 2369 per"
823 2336 914 2362 varias
931 2342 1039 2362 causas.
1058 2333 1198 2362 Interdum
1211 2333 1338 2369 quidem,
1353 2333 1486 2361 Joannem
1508 2334 1599 2362 forsan
1618 2336 1758 2362 meliorem

117 2373 256 2407 putabant
273 2379 348 2404 esse,
367 2380 400 2399 eo
422 2372 494 2407 quod
516 2373 679 2400 recubuerat
702 2378 784 2407 super
804 2375 897 2407 pectus
912 2370 1062 2407 Salvatoris
1084 2370 1110 2396 in
1126 2377 1216 2407 ctena,
1235 2375 1262 2396 et
1280 2374 1385 2407 secreta
1406 2369 1521 2407 consilia
1538 2370 1562 2395 ei
1578 2377 1633 2404 pra:
1652 2370 1759 2397 caeteris

118 2404 234 2435 fuerant
247 2407 393 2434 declarata.
413 2404 548 2434 Interdum
564 2412 653 2434 autem
668 2404 869 2433 arbitrabantur
880 2404 989 2432 Petrum
1007 2405 1136 2440 majOrem
1156 2405 1182 2431 in
1196 2412 1276 2440 regno
1289 2405 1432 2440 caelorum.
1447 2405 1487 2431 vel
1498 2409 1607 2438 propter
1623 2410 1756 2440 statereim

118 2443 200 2470 hunc
215 2442 262 2476 qui
276 2442 356 2469 datus
371 2446 413 2469 est
428 2449 478 2476 pro
490 2442 599 2469 Christo
616 2447 642 2469 et
654 2441 745 2473 Petro,
760 2440 801 2467 vel
817 2443 926 2476 propter
949 2439 1017 2476 illu‘d
1035 2439 1106 2473 quod
1123 2439 1218 2476 Petrus
1233 2439 1301 2476 dixit
1325 2440 1358 2476 ad
1374 2439 1470 2476 Jesum‘
1484 2446 1539 2473 prae
1552 2440 1656 2466 cmtcris
1669 2448 1675 2464 :
1693 2450 1701 2465 ι
1717 2439 1759 2476 Τλιι

118 2485 153 2505 es
168 2473 295 2504 Christus
309 2476 392 2504 Filius
409 2473 455 2503 Dei
480 2476 550 2509 vivi;
568 2486 576 2502 ι
607 2482 633 2503 et
658 2477 786 2503 Christus
808 2473 842 2502 ad
863 2473 946 2502 cum:
965 2484 973 2499 ι
991 2474 1089 2502 Beatus
1111 2482 1151 2506 es,
1172 2473 1265 2501 Simon
1282 2474 1490 2510 Barjona,_quia
1514 2481 1578 2501 caro
1600 2479 1627 2501 et
1647 2474 1759 2508 sanguis

118 2519 181 2540 non
202 2512 330 2539 revelavit
352 2512 410 2543 tibi,
430 2512 476 2539 sed
490 2507 569 2539 Pater
586 2519 664 2538 meus
679 2511 725 2545 qui
746 2515 787 2538 est
809 2511 836 2536 in
854 2510 948 2543 caelis;
972 2514 1000 2536 et
1017 2517 1066 2545 ego
1087 2510 1148 2536 dico
1166 2510 1214 2536 tibi
1233 2510 1297 2544 quia
1319 2507 1346 2536 tu
1371 2516 1401 2536 es
1413 2507 1520 2540 Petrus.
1538 2514 1565 2545 et
1587 2517 1670 2543 super
1688 2507 1759 2535 hanc

118 2552 230 2581 petram
246 2547 385 2574 aediﬁcabo
401 2546 548 2574 Ecclesium
567 2554 666 2578 meam,
682 2544 708 2573 et
725 2549 809 2580 porta:
828 2545 978 2581 inferorum
1002 2545 1263 2581 noujprevalehrunt
1277 2544 1318 2576 ei,
1338 2554 1346 2569 ι
1369 2548 1396 2571 et
1412 2549 1519 2581 uetera.
1545 2544 1645 2581 lterum
1665 2549 1758 2581 autem

119 2578 242 2609 forsitan
258 2589 351 2616 eorum
368 2581 545 2608 revocabatur
558 2581 660 2616 opinio,
677 2578 817 2616 propterea
840 2580 913 2616 quod
928 2581 1032 2616 dixerat
1043 2578 1169 2606 Christus
1180 2580 1220 2616 ad
1234 2579 1352 2616 Petrlnn,
1370 2579 1442 2613 quod
1456 2579 1516 2616 aliis
1531 2587 1585 2616 non
1601 2579 1705 2616 dixerat
1719 2578 1760 2605 di-

117 2617 239 2653 scipulis
253 2625 260 2642 :
275 2625 285 2642 ‹
302 2615 374 2643 Vade
392 2621 454 2652 post
469 2624 522 2648 me,
538 2613 651 2648 Saiana,
668 2613 826 2644 scandalum
841 2613 908 2642 mihi
924 2622 964 2647 es,
982 2615 1044 2650 quia
1058 2622 1111 2641 non
1129 2615 1202 2649 sapis
1216 2622 1276 2649 qua:
1290 2613 1336 2641 Dei
1354 2618 1428 2646 sunt,
1443 2614 1489 2641 sed
1503 2621 1564 2647 qua:
1581 2614 1721 2640 hominum
1732 2622 1756 2646 ;›

157 2674 184 2690 ⁵⁵
203 2673 298 2700 Matth.
316 2681 373 2704 xw,
392 2672 435 2700 16.
476 2673 498 2689 ⁵⁵
520 2673 586 2700 ibid.
604 2673 650 2699 25.

160 2741 218 2777 (12)
238 2741 599 2777 Προᾳαπολογησόμενος.
621 2739 666 2777 Sic
675 2740 754 2777 habet
765 2739 864 2777 Tal-ini
867 2747 917 2777 co-

115 2774 187 2808 dei.
206 2774 234 2803 et
258 2775 339 2810 paulo
352 2774 486 2810 postem].
498 2774 621 2810 Anglia,
637 2775 839 2802 ἀνασπάσοντα.
854 2774 917 2801 Edi-

117 2814 161 2841 tio
179 2811 282 2843 Huetii,
297 2810 454 2846 προσαπολο
473 2810 621 2846 ησάμενος,
637 2815 663 2838 et
677 2810 881 2837 ἁνασπάσαντα.

156 2847 217 2872 (t5)
228 2843 377 2872 Δοκεῐοῦν
385 2854 445 2872 μοι.
454 2819 509 2872 ἔτι.
519 2850 571 2872 etc.
581 2845 671 2872 Brevis
686 2845 819 2872 enarratio
829 2844 879 2872 Chl

156 2847 217 2883 (15)
228 2843 445 2880 Δοκεῐὸῦνμοι,
455 2843 509 2877 ait,
519 2843 571 2872 etc.
581 2845 671 2872 Brevis
686 2845 819 2872 enarratio
829 2844 917 2879 Chry-

286 2896 424 2925 Pnnoc.
447 2895 505 2925 Ga.
524 2893 611 2925 Xlll.
1614 2892 1652 2920 56

971 2744 1094 2766 sostomo
1110 2739 1220 2772 tributa,
1242 2739 1470 2774 Thcophylactus,
1496 2739 1667 2776 Eutliymius.
1687 2739 1755 2769 llus-

973 2782 1042 2802 ’1⁷1υὸ-

1009 2810 1065 2844 (tt)
1085 2809 1136 2837 Διὰ
1148 2810 1191 2844 τό,
1205 2814 1257 2838 etc.
1277 2810 1370 2839 Codex
1382 2811 1487 2845 Tarini,
1503 2811 1565 2847 περὶ
1577 2810 1637 2838 τοῦ.
