  <div class='ocr_page' id='page_1' title='image "/cluster/home/n/w/nwhite01/storage/ocr_20150623/13/njp.32101077772430/721.png"; bbox 0 0 1859 3051; ppageno 0'>
   <div class='ocr_carea' id='block_1_1' title="bbox 165 99 227 127">
    <p class='ocr_par' dir='ltr' id='par_1_1' title="bbox 165 99 227 127">
     <span class='ocr_line' id='line_1_1' title="bbox 165 99 227 127; baseline 0.016 -1"><span class='ocrx_word' id='word_1_1' title='bbox 165 99 227 127; x_wconf 72' lang='grc'><strong>1155</strong></span> 
     </span>
    </p>
   </div>
   <div class='ocr_carea' id='block_1_2' title="bbox 896 101 1058 130">
    <p class='ocr_par' dir='ltr' id='par_1_2' title="bbox 896 101 1058 130">
     <span class='ocr_line' id='line_1_2' title="bbox 896 101 1058 130; baseline 0 -1"><span class='ocrx_word' id='word_1_2' title='bbox 896 101 1058 130; x_wconf 78' lang='lat' dir='ltr'><strong>ORIGENIS</strong></span> 
     </span>
    </p>
   </div>
   <div class='ocr_carea' id='block_1_3' title="bbox 1715 104 1785 137">
    <p class='ocr_par' dir='ltr' id='par_1_3' title="bbox 1715 104 1785 137">
     <span class='ocr_line' id='line_1_3' title="bbox 1715 104 1785 137; baseline 0.014 -3"><span class='ocrx_word' id='word_1_3' title='bbox 1715 104 1785 137; x_wconf 72' lang='grc' dir='ltr'><strong>Ἠῦί]</strong></span> 
     </span>
    </p>
   </div>
   <div class='ocr_carea' id='block_1_4' title="bbox 155 157 924 203">
    <p class='ocr_par' dir='ltr' id='par_1_4' title="bbox 155 157 924 196">
     <span class='ocr_line' id='line_1_4' title="bbox 155 157 924 196; baseline 0.004 -10"><span class='ocrx_word' id='word_1_4' title='bbox 155 158 229 193; x_wconf 82' lang='lat' dir='ltr'><strong>quis,</strong></span> <span class='ocrx_word' id='word_1_5' title='bbox 255 165 318 185; x_wconf 92' lang='lat' dir='ltr'><strong>cum</strong></span> <span class='ocrx_word' id='word_1_6' title='bbox 344 157 385 187; x_wconf 90' lang='lat' dir='ltr'><strong>vir</strong></span> <span class='ocrx_word' id='word_1_7' title='bbox 407 159 452 192; x_wconf 89' lang='lat' dir='ltr'><strong>sit,</strong></span> <span class='ocrx_word' id='word_1_8' title='bbox 476 159 568 188; x_wconf 83' lang='lat' dir='ltr'><strong>viriles</strong></span> <span class='ocrx_word' id='word_1_9' title='bbox 592 164 681 188; x_wconf 89' lang='lat' dir='ltr'><strong>tamen</strong></span> <span class='ocrx_word' id='word_1_10' title='bbox 706 160 924 196; x_wconf 75' lang='lat' dir='ltr'><strong>concupiscentia</strong></span> 
     </span>
    </p>
   </div>
   <div class='ocr_carea' id='block_1_5' title="bbox 994 157 1783 203">
    <p class='ocr_par' dir='ltr' id='par_1_5' title="bbox 994 163 1783 203">
     <span class='ocr_line' id='line_1_5' title="bbox 994 163 1783 203; baseline 0.005 -13"><span class='ocrx_word' id='word_1_11' title='bbox 994 163 1118 200; x_wconf 81' lang='grc' dir='ltr'>νεκρώσῃ</span> <span class='ocrx_word' id='word_1_12' title='bbox 1133 164 1180 196; x_wconf 80' lang='grc' dir='ltr'>τὰς</span> <span class='ocrx_word' id='word_1_13' title='bbox 1194 165 1321 200; x_wconf 79' lang='grc' dir='ltr'>ἀνδρικάς</span> <span class='ocrx_word' id='word_1_14' title='bbox 1334 165 1490 201; x_wconf 71' lang='grc' dir='ltr'>ἐπιουμίας,</span> <span class='ocrx_word' id='word_1_15' title='bbox 1500 165 1636 202; x_wconf 79' lang='grc' dir='ltr'>πνεύματι</span> <span class='ocrx_word' id='word_1_16' title='bbox 1648 167 1698 198; x_wconf 79' lang='grc' dir='ltr'>τὰς</span> <span class='ocrx_word' id='word_1_17' title='bbox 1715 169 1783 203; x_wconf 70' lang='grc' dir='ltr'>πρά-</span> 
     </span>
    </p>
   </div>
   <div class='ocr_carea' id='block_1_6' title="bbox 156 204 944 242">
    <p class='ocr_par' dir='ltr' id='par_1_6' title="bbox 156 204 944 242">
     <span class='ocr_line' id='line_1_6' title="bbox 156 204 944 242; baseline 0.008 -12"><span class='ocrx_word' id='word_1_18' title='bbox 156 211 242 239; x_wconf 79' lang='grc' dir='ltr'>ιιςιμιο</span> <span class='ocrx_word' id='word_1_19' title='bbox 254 204 322 232; x_wconf 86' lang='lat' dir='ltr'><strong>adeo</strong></span> <span class='ocrx_word' id='word_1_20' title='bbox 336 206 485 238; x_wconf 85' lang='lat' dir='ltr'><strong>enecucrit,</strong></span> <span class='ocrx_word' id='word_1_21' title='bbox 500 206 620 234; x_wconf 85' lang='lat' dir='ltr'><strong>actiones</strong></span> <span class='ocrx_word' id='word_1_22' title='bbox 635 208 758 242; x_wconf 87' lang='lat' dir='ltr'><strong>corporis</strong></span> <span class='ocrx_word' id='word_1_23' title='bbox 773 208 868 242; x_wconf 88' lang='lat' dir='ltr'><strong>spiritu</strong></span> <span class='ocrx_word' id='word_1_24' title='bbox 886 213 944 236; x_wconf 86' lang='lat' dir='ltr'><strong>tru-</strong></span> 
     </span>
    </p>
   </div>
   <div class='ocr_carea' id='block_1_7' title="bbox 154 249 942 286">
    <p class='ocr_par' dir='ltr' id='par_1_7' title="bbox 154 249 942 286">
     <span class='ocr_line' id='line_1_7' title="bbox 154 249 942 286; baseline 0.004 -8"><span class='ocrx_word' id='word_1_25' title='bbox 154 249 262 283; x_wconf 84' lang='lat' dir='ltr'><strong>cidans,</strong></span> <span class='ocrx_word' id='word_1_26' title='bbox 276 254 303 278; x_wconf 88' lang='lat' dir='ltr'><strong>et</strong></span> <span class='ocrx_word' id='word_1_27' title='bbox 321 259 330 276; x_wconf 88' lang='grc' dir='ltr'><strong>ι</strong></span> <span class='ocrx_word' id='word_1_28' title='bbox 348 258 455 286; x_wconf 79' lang='lat' dir='ltr'><strong>semper</strong></span> <span class='ocrx_word' id='word_1_29' title='bbox 470 253 706 280; x_wconf 85' lang='lat' dir='ltr'><strong>mortiﬁcationem</strong></span> <span class='ocrx_word' id='word_1_30' title='bbox 722 252 785 281; x_wconf 87' lang='lat' dir='ltr'><strong>Jcsu</strong></span> <span class='ocrx_word' id='word_1_31' title='bbox 801 253 902 281; x_wconf 85' lang='lat' dir='ltr'><strong>Christi</strong></span> <span class='ocrx_word' id='word_1_32' title='bbox 915 254 942 281; x_wconf 92' lang='lat' dir='ltr'><strong>in</strong></span> 
     </span>
    </p>
   </div>
   <div class='ocr_carea' id='block_1_8' title="bbox 153 297 940 334">
    <p class='ocr_par' dir='ltr' id='par_1_8' title="bbox 153 297 940 334">
     <span class='ocr_line' id='line_1_8' title="bbox 153 297 940 334; baseline 0.006 -11"><span class='ocrx_word' id='word_1_33' title='bbox 153 303 269 330; x_wconf 89' lang='lat' dir='ltr'><strong>corpore</strong></span> <span class='ocrx_word' id='word_1_34' title='bbox 287 304 338 324; x_wconf 88' lang='lat' dir='ltr'><strong>suo</strong></span> <span class='ocrx_word' id='word_1_35' title='bbox 352 297 548 327; x_wconf 80' lang='lat' dir='ltr'><strong>circumferens</strong></span> <span class='ocrx_word' id='word_1_36' title='bbox 563 299 602 331; x_wconf 77' lang='grc'><strong>⁸⁸,</strong></span> <span class='ocrx_word' id='word_1_37' title='bbox 620 304 675 327; x_wconf 66' lang='lat' dir='ltr'><strong>rut</strong></span> <span class='ocrx_word' id='word_1_38' title='bbox 686 299 792 334; x_wconf 87' lang='lat' dir='ltr'><strong>pueruli</strong></span> <span class='ocrx_word' id='word_1_39' title='bbox 810 307 940 328; x_wconf 88' lang='lat' dir='ltr'><strong>venereo-</strong></span> 
     </span>
    </p>
   </div>
   <div class='ocr_carea' id='block_1_9' title="bbox 154 343 943 381">
    <p class='ocr_par' dir='ltr' id='par_1_9' title="bbox 154 343 943 381">
     <span class='ocr_line' id='line_1_9' title="bbox 154 343 943 381; baseline 0.005 -12"><span class='ocrx_word' id='word_1_40' title='bbox 154 349 214 369; x_wconf 92' lang='lat' dir='ltr'><strong>rum</strong></span> <span class='ocrx_word' id='word_1_41' title='bbox 239 343 359 378; x_wconf 79' lang='lat' dir='ltr'><strong>expertis</strong></span> <span class='ocrx_word' id='word_1_42' title='bbox 382 348 409 371; x_wconf 87' lang='lat' dir='ltr'><strong>et</strong></span> <span class='ocrx_word' id='word_1_43' title='bbox 431 344 521 371; x_wconf 83' lang='lat' dir='ltr'><strong>viriles</strong></span> <span class='ocrx_word' id='word_1_44' title='bbox 551 344 664 372; x_wconf 78' lang='lat' dir='ltr'><strong>ali‘ectu-s</strong></span> <span class='ocrx_word' id='word_1_45' title='bbox 695 344 818 372; x_wconf 90' lang='lat' dir='ltr'><strong>nondum</strong></span> <span class='ocrx_word' id='word_1_46' title='bbox 839 346 943 381; x_wconf 78' lang='lat' dir='ltr'><strong>experti</strong></span> 
     </span>
    </p>
   </div>
   <div class='ocr_carea' id='block_1_10' title="bbox 154 390 942 426">
    <p class='ocr_par' dir='ltr' id='par_1_10' title="bbox 154 390 942 426">
     <span class='ocr_line' id='line_1_10' title="bbox 154 390 942 426; baseline 0.004 -11"><span class='ocrx_word' id='word_1_47' title='bbox 154 393 254 416; x_wconf 89' lang='lat' dir='ltr'><strong>statum</strong></span> <span class='ocrx_word' id='word_1_48' title='bbox 271 393 470 424; x_wconf 81' lang='lat' dir='ltr'><strong>consequatur;</strong></span> <span class='ocrx_word' id='word_1_49' title='bbox 497 397 646 418; x_wconf 86' lang='lat' dir='ltr'><strong>conversus</strong></span> <span class='ocrx_word' id='word_1_50' title='bbox 657 390 707 418; x_wconf 85' lang='lat' dir='ltr'><strong>ille</strong></span> <span class='ocrx_word' id='word_1_51' title='bbox 717 394 775 423; x_wconf 86' lang='lat' dir='ltr'><strong>est,</strong></span> <span class='ocrx_word' id='word_1_52' title='bbox 800 395 829 419; x_wconf 88' lang='lat' dir='ltr'><strong>et</strong></span> <span class='ocrx_word' id='word_1_53' title='bbox 845 399 942 426; x_wconf 87' lang='lat' dir='ltr'><strong>puero-</strong></span> 
     </span>
    </p>
   </div>
   <div class='ocr_carea' id='block_1_11' title="bbox 153 433 942 471">
    <p class='ocr_par' dir='ltr' id='par_1_11' title="bbox 153 433 942 471">
     <span class='ocr_line' id='line_1_11' title="bbox 153 433 942 471; baseline 0.005 -11"><span class='ocrx_word' id='word_1_54' title='bbox 153 441 214 460; x_wconf 92' lang='lat' dir='ltr'><strong>rum</strong></span> <span class='ocrx_word' id='word_1_55' title='bbox 238 433 337 462; x_wconf 88' lang='lat' dir='ltr'><strong>similis</strong></span> <span class='ocrx_word' id='word_1_56' title='bbox 360 433 472 462; x_wconf 76' lang='lat' dir='ltr'><strong>eﬂ‘ectus</strong></span> <span class='ocrx_word' id='word_1_57' title='bbox 489 443 495 461; x_wconf 90' lang='lat'><strong>:</strong></span> <span class='ocrx_word' id='word_1_58' title='bbox 510 439 536 461; x_wconf 88' lang='lat' dir='ltr'><strong>ct</strong></span> <span class='ocrx_word' id='word_1_59' title='bbox 548 441 612 462; x_wconf 86' lang='lat' dir='ltr'><strong>vero</strong></span> <span class='ocrx_word' id='word_1_60' title='bbox 625 438 728 470; x_wconf 87' lang='lat' dir='ltr'><strong>quanto</strong></span> <span class='ocrx_word' id='word_1_61' title='bbox 741 436 829 471; x_wconf 77' lang='lat' dir='ltr'><strong>mgis</strong></span> <span class='ocrx_word' id='word_1_62' title='bbox 845 436 873 464; x_wconf 93' lang='lat' dir='ltr'><strong>in</strong></span> <span class='ocrx_word' id='word_1_63' title='bbox 888 436 942 464; x_wconf 88' lang='lat' dir='ltr'><strong>hoc</strong></span> 
     </span>
    </p>
   </div>
   <div class='ocr_carea' id='block_1_12' title="bbox 152 479 939 517">
    <p class='ocr_par' dir='ltr' id='par_1_12' title="bbox 152 479 939 517">
     <span class='ocr_line' id='line_1_12' title="bbox 152 479 939 517; baseline 0.004 -11"><span class='ocrx_word' id='word_1_64' title='bbox 152 486 301 514; x_wconf 90' lang='lat' dir='ltr'><strong>puerorum</strong></span> <span class='ocrx_word' id='word_1_65' title='bbox 324 479 396 507; x_wconf 86' lang='lat' dir='ltr'><strong>circa</strong></span> <span class='ocrx_word' id='word_1_66' title='bbox 418 479 552 514; x_wconf 85' lang='lat' dir='ltr'><strong>ejusmodi</strong></span> <span class='ocrx_word' id='word_1_67' title='bbox 573 479 686 508; x_wconf 80' lang='lat' dir='ltr'><strong>an‘ectus</strong></span> <span class='ocrx_word' id='word_1_68' title='bbox 699 485 770 509; x_wconf 91' lang='lat' dir='ltr'><strong>statu</strong></span> <span class='ocrx_word' id='word_1_69' title='bbox 785 481 939 517; x_wconf 82' lang='lat' dir='ltr'><strong>profecerit,</strong></span> 
     </span>
    </p>
   </div>
   <div class='ocr_carea' id='block_1_13' title="bbox 152 525 940 560">
    <p class='ocr_par' dir='ltr' id='par_1_13' title="bbox 152 525 940 560">
     <span class='ocr_line' id='line_1_13' title="bbox 152 525 940 560; baseline 0.003 -8"><span class='ocrx_word' id='word_1_70' title='bbox 152 530 227 552; x_wconf 87' lang='lat' dir='ltr'><strong>tanto</strong></span> <span class='ocrx_word' id='word_1_71' title='bbox 241 525 273 552; x_wconf 86' lang='lat' dir='ltr'><strong>iis</strong></span> <span class='ocrx_word' id='word_1_72' title='bbox 284 525 331 560; x_wconf 87' lang='lat' dir='ltr'><strong>qui</strong></span> <span class='ocrx_word' id='word_1_73' title='bbox 345 531 374 552; x_wconf 88' lang='lat' dir='ltr'><strong>se</strong></span> <span class='ocrx_word' id='word_1_74' title='bbox 387 529 526 557; x_wconf 84' lang='lat' dir='ltr'><strong>exercent,</strong></span> <span class='ocrx_word' id='word_1_75' title='bbox 553 529 580 553; x_wconf 87' lang='lat' dir='ltr'><strong>et</strong></span> <span class='ocrx_word' id='word_1_76' title='bbox 592 526 713 553; x_wconf 90' lang='lat' dir='ltr'><strong>nondum</strong></span> <span class='ocrx_word' id='word_1_77' title='bbox 729 530 820 554; x_wconf 89' lang='lat' dir='ltr'><strong>tantos</strong></span> <span class='ocrx_word' id='word_1_78' title='bbox 834 527 940 554; x_wconf 74' lang='lat' dir='ltr'><strong>incon-</strong></span> 
     </span>
    </p>
   </div>
   <div class='ocr_carea' id='block_1_14' title="bbox 152 570 938 609">
    <p class='ocr_par' dir='ltr' id='par_1_14' title="bbox 152 570 938 609">
     <span class='ocr_line' id='line_1_14' title="bbox 152 570 938 609; baseline 0.005 -11"><span class='ocrx_word' id='word_1_79' title='bbox 152 571 264 598; x_wconf 86' lang='lat' dir='ltr'><strong>tinentia</strong></span> <span class='ocrx_word' id='word_1_80' title='bbox 289 578 451 606; x_wconf 74' lang='lat' dir='ltr'><strong>progressus</strong></span> <span class='ocrx_word' id='word_1_81' title='bbox 474 570 616 604; x_wconf 77' lang='lat' dir='ltr'><strong>fecerunt,</strong></span> <span class='ocrx_word' id='word_1_82' title='bbox 643 573 731 608; x_wconf 82' lang='lat' dir='ltr'><strong>major</strong></span> <span class='ocrx_word' id='word_1_83' title='bbox 753 577 795 600; x_wconf 90' lang='lat' dir='ltr'><strong>est</strong></span> <span class='ocrx_word' id='word_1_84' title='bbox 813 573 840 600; x_wconf 92' lang='lat' dir='ltr'><strong>in</strong></span> <span class='ocrx_word' id='word_1_85' title='bbox 855 581 938 609; x_wconf 77' lang='lat' dir='ltr'><strong>regno</strong></span> 
     </span>
    </p>
   </div>
   <div class='ocr_carea' id='block_1_15' title="bbox 149 615 938 654">
    <p class='ocr_par' dir='ltr' id='par_1_15' title="bbox 149 615 938 654">
     <span class='ocr_line' id='line_1_15' title="bbox 149 615 938 654; baseline 0.004 -10"><span class='ocrx_word' id='word_1_86' title='bbox 149 617 292 644; x_wconf 81' lang='lat' dir='ltr'><strong>caelorum.</strong></span> <span class='ocrx_word' id='word_1_87' title='bbox 313 615 392 649; x_wconf 85' lang='lat' dir='ltr'><strong>Quod</strong></span> <span class='ocrx_word' id='word_1_88' title='bbox 407 620 497 644; x_wconf 90' lang='lat' dir='ltr'><strong>autem</strong></span> <span class='ocrx_word' id='word_1_89' title='bbox 516 617 549 644; x_wconf 89' lang='lat' dir='ltr'><strong>dc</strong></span> <span class='ocrx_word' id='word_1_90' title='bbox 562 617 643 645; x_wconf 80' lang='lat' dir='ltr'><strong>rebus</strong></span> <span class='ocrx_word' id='word_1_91' title='bbox 655 618 779 646; x_wconf 79' lang='lat' dir='ltr'><strong>venereis</strong></span> <span class='ocrx_word' id='word_1_92' title='bbox 795 618 822 646; x_wconf 92' lang='lat' dir='ltr'><strong>in</strong></span> <span class='ocrx_word' id='word_1_93' title='bbox 838 626 938 654; x_wconf 88' lang='lat' dir='ltr'><strong>pueros</strong></span> 
     </span>
    </p>
   </div>
   <div class='ocr_carea' id='block_1_16' title="bbox 147 662 939 698">
    <p class='ocr_par' dir='ltr' id='par_1_16' title="bbox 147 662 939 698">
     <span class='ocr_line' id='line_1_16' title="bbox 147 662 939 698; baseline 0.004 -9"><span class='ocrx_word' id='word_1_94' title='bbox 147 662 252 690; x_wconf 88' lang='lat' dir='ltr'><strong>dictum</strong></span> <span class='ocrx_word' id='word_1_95' title='bbox 266 666 326 695; x_wconf 87' lang='lat' dir='ltr'><strong>est,</strong></span> <span class='ocrx_word' id='word_1_96' title='bbox 350 662 421 690; x_wconf 91' lang='lat' dir='ltr'><strong>idem</strong></span> <span class='ocrx_word' id='word_1_97' title='bbox 438 662 471 690; x_wconf 93' lang='lat' dir='ltr'><strong>de</strong></span> <span class='ocrx_word' id='word_1_98' title='bbox 485 663 599 698; x_wconf 83' lang='lat' dir='ltr'><strong>reliquis</strong></span> <span class='ocrx_word' id='word_1_99' title='bbox 620 663 810 692; x_wconf 64' lang='lat' dir='ltr'><strong>adfectionibus</strong></span> <span class='ocrx_word' id='word_1_100' title='bbox 824 669 851 692; x_wconf 88' lang='lat' dir='ltr'><strong>et</strong></span> <span class='ocrx_word' id='word_1_101' title='bbox 863 665 939 692; x_wconf 88' lang='lat' dir='ltr'><strong>inlir-</strong></span> 
     </span>
    </p>
   </div>
   <div class='ocr_carea' id='block_1_17' title="bbox 147 708 938 746">
    <p class='ocr_par' dir='ltr' id='par_1_17' title="bbox 147 708 938 746">
     <span class='ocr_line' id='line_1_17' title="bbox 147 708 938 746; baseline 0.001 -9"><span class='ocrx_word' id='word_1_102' title='bbox 147 708 289 737; x_wconf 88' lang='lat' dir='ltr'><strong>mitatibus</strong></span> <span class='ocrx_word' id='word_1_103' title='bbox 297 715 334 736; x_wconf 79' lang='lat' dir='ltr'><strong>ac</strong></span> <span class='ocrx_word' id='word_1_104' title='bbox 346 708 449 737; x_wconf 87' lang='lat' dir='ltr'><strong>morbis</strong></span> <span class='ocrx_word' id='word_1_105' title='bbox 461 709 546 737; x_wconf 87' lang='lat' dir='ltr'><strong>animi</strong></span> <span class='ocrx_word' id='word_1_106' title='bbox 565 709 619 738; x_wconf 90' lang='lat' dir='ltr'><strong>dici</strong></span> <span class='ocrx_word' id='word_1_107' title='bbox 641 715 733 745; x_wconf 82' lang='lat' dir='ltr'><strong>queat,</strong></span> <span class='ocrx_word' id='word_1_108' title='bbox 751 710 778 738; x_wconf 91' lang='lat' dir='ltr'><strong>in</strong></span> <span class='ocrx_word' id='word_1_109' title='bbox 791 718 852 746; x_wconf 71' lang='lat' dir='ltr'><strong>quae</strong></span> <span class='ocrx_word' id='word_1_110' title='bbox 864 718 879 738; x_wconf 88' lang='lat' dir='ltr'><strong>a</strong></span> <span class='ocrx_word' id='word_1_111' title='bbox 893 719 938 739; x_wconf 89' lang='lat' dir='ltr'><strong>na-</strong></span> 
     </span>
    </p>
   </div>
   <div class='ocr_carea' id='block_1_18' title="bbox 147 756 937 792">
    <p class='ocr_par' dir='ltr' id='par_1_18' title="bbox 147 756 937 792">
     <span class='ocr_line' id='line_1_18' title="bbox 147 756 937 792; baseline 0.004 -10"><span class='ocrx_word' id='word_1_112' title='bbox 147 759 208 782; x_wconf 87' lang='lat' dir='ltr'><strong>tura</strong></span> <span class='ocrx_word' id='word_1_113' title='bbox 228 759 417 790; x_wconf 86' lang='lat' dir='ltr'><strong>comparatum</strong></span> <span class='ocrx_word' id='word_1_114' title='bbox 442 759 536 787; x_wconf 80' lang='lat' dir='ltr'><strong>estut</strong></span> <span class='ocrx_word' id='word_1_115' title='bbox 549 763 604 783; x_wconf 94' lang='lat' dir='ltr'><strong>nou</strong></span> <span class='ocrx_word' id='word_1_116' title='bbox 626 756 748 784; x_wconf 87' lang='lat' dir='ltr'><strong>incidant</strong></span> <span class='ocrx_word' id='word_1_117' title='bbox 763 757 851 792; x_wconf 89' lang='lat' dir='ltr'><strong>pueri,</strong></span> <span class='ocrx_word' id='word_1_118' title='bbox 875 757 937 792; x_wconf 92' lang='lat' dir='ltr'><strong>qui-</strong></span> 
     </span>
    </p>
   </div>
   <div class='ocr_carea' id='block_1_19' title="bbox 146 799 936 835">
    <p class='ocr_par' dir='ltr' id='par_1_19' title="bbox 146 799 936 835">
     <span class='ocr_line' id='line_1_19' title="bbox 146 799 936 835; baseline 0.003 -7"><span class='ocrx_word' id='word_1_119' title='bbox 146 807 256 835; x_wconf 86' lang='lat' dir='ltr'><strong>cunque</strong></span> <span class='ocrx_word' id='word_1_120' title='bbox 277 799 427 835; x_wconf 88' lang='lat' dir='ltr'><strong>perl&#39;ectum</strong></span> <span class='ocrx_word' id='word_1_121' title='bbox 445 800 560 828; x_wconf 84' lang='lat' dir='ltr'><strong>rationis</strong></span> <span class='ocrx_word' id='word_1_122' title='bbox 579 808 659 828; x_wconf 90' lang='lat' dir='ltr'><strong>usum</strong></span> <span class='ocrx_word' id='word_1_123' title='bbox 677 802 797 829; x_wconf 90' lang='lat' dir='ltr'><strong>nondum</strong></span> <span class='ocrx_word' id='word_1_124' title='bbox 819 802 936 830; x_wconf 83' lang='lat' dir='ltr'><strong>assecuti</strong></span> 
     </span>
    </p>
   </div>
   <div class='ocr_carea' id='block_1_20' title="bbox 147 835 972 883">
    <p class='ocr_par' dir='ltr' id='par_1_20' title="bbox 147 835 972 883">
     <span class='ocr_line' id='line_1_20' title="bbox 147 835 972 883; baseline 0.004 -10"><span class='ocrx_word' id='word_1_125' title='bbox 147 851 226 879; x_wconf 90' lang='lat' dir='ltr'><strong>sunt;</strong></span> <span class='ocrx_word' id='word_1_126' title='bbox 242 846 317 874; x_wconf 84' lang='lat' dir='ltr'><strong>verbi</strong></span> <span class='ocrx_word' id='word_1_127' title='bbox 332 853 426 879; x_wconf 87' lang='lat' dir='ltr'><strong>causa,</strong></span> <span class='ocrx_word' id='word_1_128' title='bbox 441 850 470 873; x_wconf 91' lang='lat' dir='ltr'><strong>ut</strong></span> <span class='ocrx_word' id='word_1_129' title='bbox 482 846 545 882; x_wconf 87' lang='lat' dir='ltr'><strong>quis</strong></span> <span class='ocrx_word' id='word_1_130' title='bbox 557 851 744 880; x_wconf 86' lang='lat' dir='ltr'><strong>convertatur,</strong></span> <span class='ocrx_word' id='word_1_131' title='bbox 760 851 787 875; x_wconf 89' lang='lat' dir='ltr'><strong>et</strong></span> <span class='ocrx_word' id='word_1_132' title='bbox 797 848 936 883; x_wconf 91' lang='lat' dir='ltr'><strong>quomodo</strong></span> <span class='ocrx_word' id='word_1_133' title='bbox 951 835 972 863; x_wconf 77' lang='grc' dir='ltr'>Β</span> 
     </span>
    </p>
   </div>
   <div class='ocr_carea' id='block_1_21' title="bbox 147 889 933 927">
    <p class='ocr_par' dir='ltr' id='par_1_21' title="bbox 147 889 933 927">
     <span class='ocr_line' id='line_1_21' title="bbox 147 889 933 927; baseline 0.004 -9"><span class='ocrx_word' id='word_1_134' title='bbox 147 898 177 918; x_wconf 88' lang='lat' dir='ltr'><strong>se</strong></span> <span class='ocrx_word' id='word_1_135' title='bbox 190 890 271 917; x_wconf 84' lang='lat' dir='ltr'><strong>habet</strong></span> <span class='ocrx_word' id='word_1_136' title='bbox 286 890 319 917; x_wconf 88' lang='lat' dir='ltr'><strong>ad</strong></span> <span class='ocrx_word' id='word_1_137' title='bbox 335 889 408 917; x_wconf 81' lang='lat' dir='ltr'><strong>iram</strong></span> <span class='ocrx_word' id='word_1_138' title='bbox 426 897 509 924; x_wconf 92' lang='lat' dir='ltr'><strong>puer,</strong></span> <span class='ocrx_word' id='word_1_139' title='bbox 525 890 587 918; x_wconf 84' lang='lat' dir='ltr'><strong>talis</strong></span> <span class='ocrx_word' id='word_1_140' title='bbox 599 890 644 919; x_wconf 84' lang='lat' dir='ltr'><strong>ille</strong></span> <span class='ocrx_word' id='word_1_141' title='bbox 654 910 661 924; x_wconf 90' lang='lat'><strong>,</strong></span> <span class='ocrx_word' id='word_1_142' title='bbox 677 891 718 919; x_wconf 88' lang='lat' dir='ltr'><strong>vir</strong></span> <span class='ocrx_word' id='word_1_143' title='bbox 732 891 805 925; x_wconf 89' lang='lat' dir='ltr'><strong>licet,</strong></span> <span class='ocrx_word' id='word_1_144' title='bbox 821 892 933 927; x_wconf 79' lang='lat' dir='ltr'><strong>evadat;</strong></span> 
     </span>
    </p>
   </div>
   <div class='ocr_carea' id='block_1_22' title="bbox 146 933 934 973">
    <p class='ocr_par' dir='ltr' id='par_1_22' title="bbox 146 933 934 973">
     <span class='ocr_line' id='line_1_22' title="bbox 146 933 934 973; baseline 0.006 -12"><span class='ocrx_word' id='word_1_145' title='bbox 146 939 174 962; x_wconf 87' lang='lat' dir='ltr'><strong>et</strong></span> <span class='ocrx_word' id='word_1_146' title='bbox 186 933 419 970; x_wconf 83' lang='lat' dir='ltr'><strong>quemadmodum</strong></span> <span class='ocrx_word' id='word_1_147' title='bbox 435 942 465 963; x_wconf 88' lang='lat' dir='ltr'><strong>se</strong></span> <span class='ocrx_word' id='word_1_148' title='bbox 479 935 562 962; x_wconf 79' lang='lat' dir='ltr'><strong>habet</strong></span> <span class='ocrx_word' id='word_1_149' title='bbox 577 935 609 962; x_wconf 92' lang='lat' dir='ltr'><strong>ad</strong></span> <span class='ocrx_word' id='word_1_150' title='bbox 626 943 773 964; x_wconf 70' lang='lat' dir='ltr'><strong>maerorem</strong></span> <span class='ocrx_word' id='word_1_151' title='bbox 791 945 869 972; x_wconf 90' lang='lat' dir='ltr'><strong>puer,</strong></span> <span class='ocrx_word' id='word_1_152' title='bbox 887 939 934 973; x_wconf 90' lang='lat' dir='ltr'><strong>qui</strong></span> 
     </span>
    </p>
   </div>
   <div class='ocr_carea' id='block_1_23' title="bbox 147 979 933 1019">
    <p class='ocr_par' dir='ltr' id='par_1_23' title="bbox 147 979 933 1019">
     <span class='ocr_line' id='line_1_23' title="bbox 147 979 933 1019; baseline 0.006 -12"><span class='ocrx_word' id='word_1_153' title='bbox 147 984 204 1007; x_wconf 94' lang='lat' dir='ltr'><strong>tum</strong></span> <span class='ocrx_word' id='word_1_154' title='bbox 223 980 302 1012; x_wconf 86' lang='lat' dir='ltr'><strong>ridet,</strong></span> <span class='ocrx_word' id='word_1_155' title='bbox 319 983 346 1007; x_wconf 90' lang='lat' dir='ltr'><strong>et</strong></span> <span class='ocrx_word' id='word_1_156' title='bbox 363 979 431 1007; x_wconf 88' lang='lat' dir='ltr'><strong>ludit</strong></span> <span class='ocrx_word' id='word_1_157' title='bbox 448 987 658 1016; x_wconf 85' lang='lat' dir='ltr'><strong>nonnunquam,</strong></span> <span class='ocrx_word' id='word_1_158' title='bbox 673 989 736 1009; x_wconf 92' lang='lat' dir='ltr'><strong>cum</strong></span> <span class='ocrx_word' id='word_1_159' title='bbox 752 987 878 1012; x_wconf 89' lang='lat' dir='ltr'><strong>mortuus</strong></span> <span class='ocrx_word' id='word_1_160' title='bbox 889 984 933 1019; x_wconf 87' lang='lat' dir='ltr'><strong>ja-</strong></span> 
     </span>
    </p>
   </div>
   <div class='ocr_carea' id='block_1_24' title="bbox 145 1025 934 1062">
    <p class='ocr_par' dir='ltr' id='par_1_24' title="bbox 145 1025 934 1062">
     <span class='ocr_line' id='line_1_24' title="bbox 145 1025 934 1062; baseline 0.006 -9"><span class='ocrx_word' id='word_1_161' title='bbox 145 1030 189 1053; x_wconf 88' lang='lat' dir='ltr'><strong>cet</strong></span> <span class='ocrx_word' id='word_1_162' title='bbox 203 1030 295 1061; x_wconf 88' lang='lat' dir='ltr'><strong>pater,</strong></span> <span class='ocrx_word' id='word_1_163' title='bbox 314 1025 357 1053; x_wconf 86' lang='lat' dir='ltr'><strong>vel</strong></span> <span class='ocrx_word' id='word_1_164' title='bbox 371 1029 476 1059; x_wconf 80' lang='lat' dir='ltr'><strong>mater,</strong></span> <span class='ocrx_word' id='word_1_165' title='bbox 501 1026 543 1053; x_wconf 87' lang='lat' dir='ltr'><strong>vel</strong></span> <span class='ocrx_word' id='word_1_166' title='bbox 552 1026 656 1062; x_wconf 76' lang='lat' dir='ltr'><strong>aliquis</strong></span> <span class='ocrx_word' id='word_1_167' title='bbox 669 1034 685 1055; x_wconf 89' lang='lat' dir='ltr'><strong>e</strong></span> <span class='ocrx_word' id='word_1_168' title='bbox 699 1027 848 1062; x_wconf 72' lang='lat' dir='ltr'><strong>fratribus,</strong></span> <span class='ocrx_word' id='word_1_169' title='bbox 873 1030 934 1058; x_wconf 90' lang='lat' dir='ltr'><strong>talis</strong></span> 
     </span>
    </p>
   </div>
   <div class='ocr_carea' id='block_1_25' title="bbox 146 1070 935 1109">
    <p class='ocr_par' dir='ltr' id='par_1_25' title="bbox 146 1070 935 1109">
     <span class='ocr_line' id='line_1_25' title="bbox 146 1070 935 1109; baseline 0.005 -10"><span class='ocrx_word' id='word_1_170' title='bbox 146 1071 243 1100; x_wconf 83' lang='lat' dir='ltr'><strong>evadat</strong></span> <span class='ocrx_word' id='word_1_171' title='bbox 256 1072 302 1107; x_wconf 92' lang='lat' dir='ltr'><strong>qui</strong></span> <span class='ocrx_word' id='word_1_172' title='bbox 318 1078 467 1099; x_wconf 89' lang='lat' dir='ltr'><strong>conversus</strong></span> <span class='ocrx_word' id='word_1_173' title='bbox 491 1070 590 1104; x_wconf 81' lang='lat' dir='ltr'><strong>fuerit,</strong></span> <span class='ocrx_word' id='word_1_174' title='bbox 610 1073 706 1108; x_wconf 74' lang='lat' dir='ltr'><strong>quales</strong></span> <span class='ocrx_word' id='word_1_175' title='bbox 721 1078 784 1101; x_wconf 89' lang='lat' dir='ltr'><strong>sunt</strong></span> <span class='ocrx_word' id='word_1_176' title='bbox 797 1075 890 1109; x_wconf 86' lang='lat' dir='ltr'><strong>pueri.</strong></span> <span class='ocrx_word' id='word_1_177' title='bbox 907 1080 935 1103; x_wconf 90' lang='lat' dir='ltr'><strong>ct</strong></span> 
     </span>
    </p>
   </div>
   <div class='ocr_carea' id='block_1_26' title="bbox 145 1117 934 1155">
    <p class='ocr_par' dir='ltr' id='par_1_26' title="bbox 145 1117 934 1155">
     <span class='ocr_line' id='line_1_26' title="bbox 145 1117 934 1155; baseline 0.005 -11"><span class='ocrx_word' id='word_1_178' title='bbox 145 1117 268 1145; x_wconf 87' lang='lat' dir='ltr'><strong>habitum</strong></span> <span class='ocrx_word' id='word_1_179' title='bbox 295 1117 329 1145; x_wconf 85' lang='lat' dir='ltr'><strong>ad</strong></span> <span class='ocrx_word' id='word_1_180' title='bbox 350 1117 554 1152; x_wconf 85' lang='lat' dir='ltr'><strong>suscipiendum</strong></span> <span class='ocrx_word' id='word_1_181' title='bbox 571 1125 717 1146; x_wconf 64' lang='lat' dir='ltr'><strong>maerorem</strong></span> <span class='ocrx_word' id='word_1_182' title='bbox 741 1119 854 1148; x_wconf 88' lang='lat' dir='ltr'><strong>minime</strong></span> <span class='ocrx_word' id='word_1_183' title='bbox 870 1128 934 1155; x_wconf 82' lang='lat' dir='ltr'><strong>pro-</strong></span> 
     </span>
    </p>
   </div>
   <div class='ocr_carea' id='block_1_27' title="bbox 146 1164 934 1200">
    <p class='ocr_par' dir='ltr' id='par_1_27' title="bbox 146 1164 934 1200">
     <span class='ocr_line' id='line_1_27' title="bbox 146 1164 934 1200; baseline 0.003 -8"><span class='ocrx_word' id='word_1_184' title='bbox 146 1165 242 1193; x_wconf 86' lang='lat' dir='ltr'><strong>clivem</strong></span> <span class='ocrx_word' id='word_1_185' title='bbox 260 1172 275 1191; x_wconf 91' lang='lat' dir='ltr'><strong>a</strong></span> <span class='ocrx_word' id='word_1_186' title='bbox 290 1164 397 1192; x_wconf 88' lang='lat' dir='ltr'><strong>ratione</strong></span> <span class='ocrx_word' id='word_1_187' title='bbox 411 1171 560 1199; x_wconf 85' lang='lat' dir='ltr'><strong>comparet,</strong></span> <span class='ocrx_word' id='word_1_188' title='bbox 584 1168 614 1192; x_wconf 84' lang='lat' dir='ltr'><strong>ut</strong></span> <span class='ocrx_word' id='word_1_189' title='bbox 633 1165 722 1200; x_wconf 88' lang='lat' dir='ltr'><strong>qualis</strong></span> <span class='ocrx_word' id='word_1_190' title='bbox 737 1169 779 1193; x_wconf 86' lang='lat' dir='ltr'><strong>est</strong></span> <span class='ocrx_word' id='word_1_191' title='bbox 798 1166 832 1193; x_wconf 90' lang='lat' dir='ltr'><strong>ad</strong></span> <span class='ocrx_word' id='word_1_192' title='bbox 847 1166 934 1194; x_wconf 84' lang='lat' dir='ltr'><strong>tristi-</strong></span> 
     </span>
    </p>
   </div>
   <div class='ocr_carea' id='block_1_28' title="bbox 147 1209 933 1248">
    <p class='ocr_par' dir='ltr' id='par_1_28' title="bbox 147 1209 933 1248">
     <span class='ocr_line' id='line_1_28' title="bbox 147 1209 933 1248; baseline 0.003 -10"><span class='ocrx_word' id='word_1_193' title='bbox 147 1211 214 1239; x_wconf 88' lang='lat' dir='ltr'><strong>tiam</strong></span> <span class='ocrx_word' id='word_1_194' title='bbox 228 1210 343 1246; x_wconf 77' lang='lat' dir='ltr'><strong>exiguus</strong></span> <span class='ocrx_word' id='word_1_195' title='bbox 357 1210 498 1246; x_wconf 84' lang='lat' dir='ltr'><strong>puerulus,</strong></span> <span class='ocrx_word' id='word_1_196' title='bbox 513 1209 575 1238; x_wconf 86' lang='lat' dir='ltr'><strong>talis</strong></span> <span class='ocrx_word' id='word_1_197' title='bbox 587 1210 632 1238; x_wconf 89' lang='lat' dir='ltr'><strong>ille</strong></span> <span class='ocrx_word' id='word_1_198' title='bbox 648 1210 692 1238; x_wconf 90' lang='lat' dir='ltr'><strong>sit.</strong></span> <span class='ocrx_word' id='word_1_199' title='bbox 718 1210 813 1239; x_wconf 86' lang='lat' dir='ltr'><strong>Simile</strong></span> <span class='ocrx_word' id='word_1_200' title='bbox 824 1219 933 1248; x_wconf 89' lang='lat' dir='ltr'><strong>quoque</strong></span> 
     </span>
    </p>
   </div>
   <div class='ocr_carea' id='block_1_29' title="bbox 145 1256 933 1294">
    <p class='ocr_par' dir='ltr' id='par_1_29' title="bbox 145 1256 933 1294">
     <span class='ocr_line' id='line_1_29' title="bbox 145 1256 933 1294; baseline 0.001 -8"><span class='ocrx_word' id='word_1_201' title='bbox 145 1258 179 1286; x_wconf 91' lang='lat' dir='ltr'><strong>de</strong></span> <span class='ocrx_word' id='word_1_202' title='bbox 194 1266 227 1286; x_wconf 90' lang='lat' dir='ltr'><strong>eo</strong></span> <span class='ocrx_word' id='word_1_203' title='bbox 244 1257 318 1286; x_wconf 87' lang='lat' dir='ltr'><strong>dices</strong></span> <span class='ocrx_word' id='word_1_204' title='bbox 330 1256 403 1293; x_wconf 89' lang='lat' dir='ltr'><strong>quod</strong></span> <span class='ocrx_word' id='word_1_205' title='bbox 418 1257 544 1292; x_wconf 87' lang='lat' dir='ltr'><strong>voluptas</strong></span> <span class='ocrx_word' id='word_1_206' title='bbox 556 1261 729 1292; x_wconf 84' lang='lat' dir='ltr'><strong>nuncupatur</strong></span> <span class='ocrx_word' id='word_1_207' title='bbox 739 1279 747 1292; x_wconf 87' lang='lat'><strong>,</strong></span> <span class='ocrx_word' id='word_1_208' title='bbox 762 1265 815 1294; x_wconf 92' lang='lat' dir='ltr'><strong>qua</strong></span> <span class='ocrx_word' id='word_1_209' title='bbox 833 1263 933 1287; x_wconf 86' lang='lat' dir='ltr'><strong>temere</strong></span> 
     </span>
    </p>
   </div>
   <div class='ocr_carea' id='block_1_30' title="bbox 143 1313 932 1350">
    <p class='ocr_par' dir='ltr' id='par_1_30' title="bbox 143 1313 932 1350">
     <span class='ocr_line' id='line_1_30' title="bbox 143 1313 932 1350; baseline -0.001 -7"><span class='ocrx_word' id='word_1_210' title='bbox 143 1320 171 1343; x_wconf 91' lang='lat' dir='ltr'><strong>ct</strong></span> <span class='ocrx_word' id='word_1_211' title='bbox 185 1315 289 1350; x_wconf 83' lang='lat' dir='ltr'><strong>absque</strong></span> <span class='ocrx_word' id='word_1_212' title='bbox 314 1314 420 1342; x_wconf 89' lang='lat' dir='ltr'><strong>ratione</strong></span> <span class='ocrx_word' id='word_1_213' title='bbox 441 1313 626 1342; x_wconf 86' lang='lat' dir='ltr'><strong>accenduntur</strong></span> <span class='ocrx_word' id='word_1_214' title='bbox 642 1317 669 1341; x_wconf 92' lang='lat' dir='ltr'><strong>et</strong></span> <span class='ocrx_word' id='word_1_215' title='bbox 692 1314 868 1342; x_wconf 84' lang='lat' dir='ltr'><strong>stimulantur</strong></span> <span class='ocrx_word' id='word_1_216' title='bbox 881 1314 932 1342; x_wconf 91' lang='lat' dir='ltr'><strong>ho-</strong></span> 
     </span>
    </p>
   </div>
   <div class='ocr_carea' id='block_1_31' title="bbox 142 1358 933 1395">
    <p class='ocr_par' dir='ltr' id='par_1_31' title="bbox 142 1358 933 1395">
     <span class='ocr_line' id='line_1_31' title="bbox 142 1358 933 1395; baseline 0 -7"><span class='ocrx_word' id='word_1_217' title='bbox 142 1360 231 1388; x_wconf 89' lang='lat' dir='ltr'><strong>mines</strong></span> <span class='ocrx_word' id='word_1_218' title='bbox 245 1367 375 1395; x_wconf 87' lang='lat' dir='ltr'><strong>nequam,</strong></span> <span class='ocrx_word' id='word_1_219' title='bbox 393 1359 492 1394; x_wconf 90' lang='lat' dir='ltr'><strong>cuique</strong></span> <span class='ocrx_word' id='word_1_220' title='bbox 514 1358 627 1386; x_wconf 89' lang='lat' dir='ltr'><strong>minime</strong></span> <span class='ocrx_word' id='word_1_221' title='bbox 647 1358 758 1387; x_wconf 77' lang='lat' dir='ltr'><strong>obnoxii</strong></span> <span class='ocrx_word' id='word_1_222' title='bbox 772 1358 853 1395; x_wconf 73' lang='lat'><strong>592</strong></span> <span class='ocrx_word' id='word_1_223' title='bbox 868 1365 933 1388; x_wconf 87' lang='lat' dir='ltr'><strong>sunt</strong></span> 
     </span>
    </p>
   </div>
   <div class='ocr_carea' id='block_1_32' title="bbox 143 1404 930 1441">
    <p class='ocr_par' dir='ltr' id='par_1_32' title="bbox 143 1404 930 1441">
     <span class='ocr_line' id='line_1_32' title="bbox 143 1404 930 1441; baseline -0.001 -7"><span class='ocrx_word' id='word_1_224' title='bbox 143 1406 236 1441; x_wconf 64' lang='lat' dir='ltr'><strong>pueri,</strong></span> <span class='ocrx_word' id='word_1_225' title='bbox 262 1409 290 1433; x_wconf 91' lang='lat' dir='ltr'><strong>et</strong></span> <span class='ocrx_word' id='word_1_226' title='bbox 311 1405 358 1440; x_wconf 93' lang='lat' dir='ltr'><strong>qui</strong></span> <span class='ocrx_word' id='word_1_227' title='bbox 371 1408 568 1433; x_wconf 90' lang='lat' dir='ltr'><strong>convertuntur</strong></span> <span class='ocrx_word' id='word_1_228' title='bbox 588 1411 620 1432; x_wconf 89' lang='lat' dir='ltr'><strong>ac</strong></span> <span class='ocrx_word' id='word_1_229' title='bbox 640 1404 733 1439; x_wconf 88' lang='lat' dir='ltr'><strong>pueris</strong></span> <span class='ocrx_word' id='word_1_230' title='bbox 750 1404 854 1433; x_wconf 88' lang='lat' dir='ltr'><strong>similes</strong></span> <span class='ocrx_word' id='word_1_231' title='bbox 875 1405 930 1433; x_wconf 78' lang='lat' dir='ltr'><strong>eiii-</strong></span> 
     </span>
    </p>
   </div>
   <div class='ocr_carea' id='block_1_33' title="bbox 144 1450 932 1484">
    <p class='ocr_par' dir='ltr' id='par_1_33' title="bbox 144 1450 932 1484">
     <span class='ocr_line' id='line_1_33' title="bbox 144 1450 932 1484; baseline -0.001 -4"><span class='ocrx_word' id='word_1_232' title='bbox 144 1451 266 1480; x_wconf 81' lang='lat' dir='ltr'><strong>ciuntur.</strong></span> <span class='ocrx_word' id='word_1_233' title='bbox 291 1450 526 1484; x_wconf 83' lang='lat' dir='ltr'><strong>Quemadmodum</strong></span> <span class='ocrx_word' id='word_1_234' title='bbox 542 1457 608 1477; x_wconf 89' lang='lat' dir='ltr'><strong>vero</strong></span> <span class='ocrx_word' id='word_1_235' title='bbox 621 1455 753 1478; x_wconf 86' lang='lat' dir='ltr'><strong>accurate</strong></span> <span class='ocrx_word' id='word_1_236' title='bbox 767 1451 801 1479; x_wconf 91' lang='lat' dir='ltr'><strong>ab</strong></span> <span class='ocrx_word' id='word_1_237' title='bbox 812 1451 873 1480; x_wconf 89' lang='lat' dir='ltr'><strong>aliis</strong></span> <span class='ocrx_word' id='word_1_238' title='bbox 885 1451 932 1479; x_wconf 89' lang='lat' dir='ltr'><strong>de-</strong></span> 
     </span>
    </p>
   </div>
   <div class='ocr_carea' id='block_1_34' title="bbox 996 209 1781 248">
    <p class='ocr_par' dir='ltr' id='par_1_34' title="bbox 996 209 1781 248">
     <span class='ocr_line' id='line_1_34' title="bbox 996 209 1781 248; baseline 0.006 -14"><span class='ocrx_word' id='word_1_239' title='bbox 996 209 1051 241; x_wconf 82' lang='grc' dir='ltr'>ξεις</span> <span class='ocrx_word' id='word_1_240' title='bbox 1063 209 1109 235; x_wconf 82' lang='grc' dir='ltr'><strong>τοῦ</strong></span> <span class='ocrx_word' id='word_1_241' title='bbox 1120 209 1245 244; x_wconf 84' lang='grc' dir='ltr'>σώματος</span> <span class='ocrx_word' id='word_1_242' title='bbox 1259 209 1393 243; x_wconf 80' lang='grc' dir='ltr'>θανατῶν,</span> <span class='ocrx_word' id='word_1_243' title='bbox 1405 212 1452 237; x_wconf 72' lang='grc' dir='ltr'>καὶ</span> <span class='ocrx_word' id='word_1_244' title='bbox 1465 220 1474 237; x_wconf 80' lang='grc' dir='ltr'><strong>ι</strong></span> <span class='ocrx_word' id='word_1_245' title='bbox 1493 211 1610 238; x_wconf 71' lang='grc' dir='ltr'>πάντοτε</span> <span class='ocrx_word' id='word_1_246' title='bbox 1621 211 1670 247; x_wconf 82' lang='grc' dir='ltr'><strong>τὴν</strong></span> <span class='ocrx_word' id='word_1_247' title='bbox 1680 213 1781 248; x_wconf 71' lang='grc' dir='ltr'>νέκρωσ</span> 
     </span>
    </p>
   </div>
   <div class='ocr_carea' id='block_1_35' title="bbox 995 254 1782 292">
    <p class='ocr_par' dir='ltr' id='par_1_35' title="bbox 995 254 1782 292">
     <span class='ocr_line' id='line_1_35' title="bbox 995 254 1782 292; baseline 0.005 -12"><span class='ocrx_word' id='word_1_248' title='bbox 995 263 1037 281; x_wconf 89' lang='grc' dir='ltr'><strong>σιν</strong></span> <span class='ocrx_word' id='word_1_249' title='bbox 1064 254 1110 280; x_wconf 81' lang='grc' dir='ltr'><strong>τοῦ</strong></span> <span class='ocrx_word' id='word_1_250' title='bbox 1142 254 1229 290; x_wconf 82' lang='grc' dir='ltr'>Ἰησοῦ</span> <span class='ocrx_word' id='word_1_251' title='bbox 1250 255 1279 281; x_wconf 79' lang='grc' dir='ltr'><strong>ἐν</strong></span> <span class='ocrx_word' id='word_1_252' title='bbox 1300 255 1339 290; x_wconf 82' lang='grc' dir='ltr'><strong>τῷ</strong></span> <span class='ocrx_word' id='word_1_253' title='bbox 1362 255 1468 291; x_wconf 84' lang='grc' dir='ltr'>σώματι</span> <span class='ocrx_word' id='word_1_254' title='bbox 1492 256 1660 292; x_wconf 77' lang='grc' dir='ltr'>περιφέρων,</span> <span class='ocrx_word' id='word_1_255' title='bbox 1680 266 1689 282; x_wconf 76' lang='grc' dir='ltr'><strong>ι</strong></span> <span class='ocrx_word' id='word_1_256' title='bbox 1713 256 1782 284; x_wconf 76' lang='grc' dir='ltr'><strong>ὥστε</strong></span> 
     </span>
    </p>
   </div>
   <div class='ocr_carea' id='block_1_36' title="bbox 993 300 1784 339">
    <p class='ocr_par' dir='ltr' id='par_1_36' title="bbox 993 300 1784 339">
     <span class='ocr_line' id='line_1_36' title="bbox 993 300 1784 339; baseline 0.003 -12"><span class='ocrx_word' id='word_1_257' title='bbox 993 301 1099 328; x_wconf 82' lang='grc' dir='ltr'><strong>παιδίου</strong></span> <span class='ocrx_word' id='word_1_258' title='bbox 1111 300 1243 336; x_wconf 83' lang='grc' dir='ltr'>ἀγεύστου</span> <span class='ocrx_word' id='word_1_259' title='bbox 1258 302 1430 337; x_wconf 74' lang='grc' dir='ltr'>ἀφροδισξων,</span> <span class='ocrx_word' id='word_1_260' title='bbox 1448 303 1495 329; x_wconf 76' lang='grc' dir='ltr'><strong>καὶ</strong></span> <span class='ocrx_word' id='word_1_261' title='bbox 1508 303 1671 338; x_wconf 80' lang='grc' dir='ltr'>ἀνεννοήτου</span> <span class='ocrx_word' id='word_1_262' title='bbox 1694 303 1784 339; x_wconf 83' lang='grc' dir='ltr'>ἀνδρι-</span> 
     </span>
    </p>
   </div>
   <div class='ocr_carea' id='block_1_37' title="bbox 993 347 1782 385">
    <p class='ocr_par' dir='ltr' id='par_1_37' title="bbox 993 347 1782 385">
     <span class='ocr_line' id='line_1_37' title="bbox 993 347 1782 385; baseline 0.003 -11"><span class='ocrx_word' id='word_1_263' title='bbox 993 347 1048 374; x_wconf 81' lang='grc' dir='ltr'>κῶν</span> <span class='ocrx_word' id='word_1_264' title='bbox 1062 348 1219 383; x_wconf 84' lang='grc' dir='ltr'><strong>κινημάτων</strong></span> <span class='ocrx_word' id='word_1_265' title='bbox 1228 348 1300 383; x_wconf 72' lang='grc' dir='ltr'>ἔχειν</span> <span class='ocrx_word' id='word_1_266' title='bbox 1307 348 1485 380; x_wconf 81' lang='grc' dir='ltr'>κατάστασιν,</span> <span class='ocrx_word' id='word_1_267' title='bbox 1495 350 1509 375; x_wconf 83' lang='grc' dir='ltr'><strong>ὁ</strong></span> <span class='ocrx_word' id='word_1_268' title='bbox 1517 348 1638 380; x_wconf 81' lang='grc' dir='ltr'>τοιοῦτος</span> <span class='ocrx_word' id='word_1_269' title='bbox 1648 349 1782 385; x_wconf 68' lang='grc' dir='ltr'>ἐστράφη,</span> 
     </span>
    </p>
   </div>
   <div class='ocr_carea' id='block_1_38' title="bbox 992 394 1782 432">
    <p class='ocr_par' dir='ltr' id='par_1_38' title="bbox 992 394 1782 432">
     <span class='ocr_line' id='line_1_38' title="bbox 992 394 1782 432; baseline 0.003 -12"><span class='ocrx_word' id='word_1_270' title='bbox 992 394 1039 420; x_wconf 71' lang='grc' dir='ltr'>καὶ</span> <span class='ocrx_word' id='word_1_271' title='bbox 1055 394 1166 428; x_wconf 79' lang='grc' dir='ltr'>γέγονεν</span> <span class='ocrx_word' id='word_1_272' title='bbox 1180 394 1218 426; x_wconf 87' lang='grc' dir='ltr'>ὡς</span> <span class='ocrx_word' id='word_1_273' title='bbox 1234 394 1269 421; x_wconf 82' lang='grc' dir='ltr'><strong>τὰ</strong></span> <span class='ocrx_word' id='word_1_274' title='bbox 1289 395 1393 422; x_wconf 85' lang='grc' dir='ltr'>παιδία·</span> <span class='ocrx_word' id='word_1_275' title='bbox 1420 395 1466 421; x_wconf 75' lang='grc' dir='ltr'>καὶ</span> <span class='ocrx_word' id='word_1_276' title='bbox 1489 396 1503 422; x_wconf 80' lang='grc' dir='ltr'><strong>ὁ</strong></span> <span class='ocrx_word' id='word_1_277' title='bbox 1523 395 1620 431; x_wconf 75' lang='grc' dir='ltr'><strong>Σωτήρ</strong></span> <span class='ocrx_word' id='word_1_278' title='bbox 1635 405 1668 430; x_wconf 84' lang='grc' dir='ltr'>γε</span> <span class='ocrx_word' id='word_1_279' title='bbox 1682 397 1782 432; x_wconf 76' lang='grc' dir='ltr'>προσέ-</span> 
     </span>
    </p>
   </div>
   <div class='ocr_carea' id='block_1_39' title="bbox 992 438 1781 476">
    <p class='ocr_par' dir='ltr' id='par_1_39' title="bbox 992 438 1781 476">
     <span class='ocr_line' id='line_1_39' title="bbox 992 438 1781 476; baseline 0.001 -10"><span class='ocrx_word' id='word_1_280' title='bbox 992 438 1058 474; x_wconf 80' lang='grc' dir='ltr'>θηκε</span> <span class='ocrx_word' id='word_1_281' title='bbox 1071 439 1126 475; x_wconf 61' lang='lat'><strong>(24)</strong></span> <span class='ocrx_word' id='word_1_282' title='bbox 1136 441 1169 475; x_wconf 82' lang='grc' dir='ltr'><strong>τῇ</strong></span> <span class='ocrx_word' id='word_1_283' title='bbox 1180 440 1232 466; x_wconf 87' lang='grc' dir='ltr'><strong>τῶν</strong></span> <span class='ocrx_word' id='word_1_284' title='bbox 1249 440 1362 467; x_wconf 88' lang='grc' dir='ltr'>παιδίων</span> <span class='ocrx_word' id='word_1_285' title='bbox 1379 441 1443 476; x_wconf 74' lang='grc' dir='ltr'>περὶ</span> <span class='ocrx_word' id='word_1_286' title='bbox 1457 439 1511 467; x_wconf 85' lang='grc' dir='ltr'><strong>τῶν</strong></span> <span class='ocrx_word' id='word_1_287' title='bbox 1520 441 1649 467; x_wconf 72' lang='grc' dir='ltr'><strong>τοιούτων</strong></span> <span class='ocrx_word' id='word_1_288' title='bbox 1665 441 1781 476; x_wconf 84' lang='grc' dir='ltr'>κινημὰ-</span> 
     </span>
    </p>
   </div>
   <div class='ocr_carea' id='block_1_40' title="bbox 989 485 1782 522">
    <p class='ocr_par' dir='ltr' id='par_1_40' title="bbox 989 485 1782 522">
     <span class='ocr_line' id='line_1_40' title="bbox 989 485 1782 522; baseline 0.003 -11"><span class='ocrx_word' id='word_1_289' title='bbox 989 493 1044 512; x_wconf 60' lang='lat' dir='ltr'><strong>saw</strong></span> <span class='ocrx_word' id='word_1_290' title='bbox 1061 485 1225 512; x_wconf 76' lang='grc' dir='ltr'>καταστάσει</span> <span class='ocrx_word' id='word_1_291' title='bbox 1237 485 1356 521; x_wconf 84' lang='grc' dir='ltr'>τοσούτῳ</span> <span class='ocrx_word' id='word_1_292' title='bbox 1370 486 1470 522; x_wconf 79' lang='grc' dir='ltr'>μᾶλλον</span> <span class='ocrx_word' id='word_1_293' title='bbox 1483 487 1537 512; x_wconf 84' lang='grc' dir='ltr'><strong>τῶν</strong></span> <span class='ocrx_word' id='word_1_294' title='bbox 1550 486 1721 518; x_wconf 74' lang='grc' dir='ltr'><strong>ἀσκούντων,</strong></span> <span class='ocrx_word' id='word_1_295' title='bbox 1737 488 1782 513; x_wconf 76' lang='grc' dir='ltr'><strong>καὶ</strong></span> 
     </span>
    </p>
   </div>
   <div class='ocr_carea' id='block_1_41' title="bbox 990 524 1781 568">
    <p class='ocr_par' dir='ltr' id='par_1_41' title="bbox 990 524 1781 568">
     <span class='ocr_line' id='line_1_41' title="bbox 990 524 1781 568; baseline 0.001 -11"><span class='ocrx_word' id='word_1_296' title='bbox 990 531 1037 558; x_wconf 74' lang='grc' dir='ltr'><strong>ἐπὶ</strong></span> <span class='ocrx_word' id='word_1_297' title='bbox 1053 530 1179 558; x_wconf 77' lang='grc' dir='ltr'>τοσοῦτον</span> <span class='ocrx_word' id='word_1_298' title='bbox 1201 531 1372 566; x_wconf 78' lang='grc' dir='ltr'>ὲληλακότων</span> <span class='ocrx_word' id='word_1_299' title='bbox 1400 532 1589 567; x_wconf 78' lang='grc' dir='ltr'><strong>σωφροσύνης,</strong></span> <span class='ocrx_word' id='word_1_300' title='bbox 1603 524 1657 565; x_wconf 55' lang='grc' dir='ltr'>ἷδ,</span> <span class='ocrx_word' id='word_1_301' title='bbox 1681 533 1781 568; x_wconf 72' lang='grc' dir='ltr'>μείζων</span> 
     </span>
    </p>
   </div>
   <div class='ocr_carea' id='block_1_42' title="bbox 985 575 1781 614">
    <p class='ocr_par' dir='ltr' id='par_1_42' title="bbox 985 575 1781 614">
     <span class='ocr_line' id='line_1_42' title="bbox 985 575 1781 614; baseline 0.005 -13"><span class='ocrx_word' id='word_1_302' title='bbox 985 575 1063 602; x_wconf 70' lang='grc' dir='ltr'><strong>ἐστὶν</strong></span> <span class='ocrx_word' id='word_1_303' title='bbox 1085 576 1114 602; x_wconf 82' lang='grc' dir='ltr'><strong>ὲν</strong></span> <span class='ocrx_word' id='word_1_304' title='bbox 1127 578 1163 612; x_wconf 83' lang='grc' dir='ltr'><strong>-τῇ</strong></span> <span class='ocrx_word' id='word_1_305' title='bbox 1188 577 1311 613; x_wconf 77' lang='grc' dir='ltr'><strong>βασιλείᾳ</strong></span> <span class='ocrx_word' id='word_1_306' title='bbox 1332 577 1386 604; x_wconf 71' lang='grc' dir='ltr'><strong>τῶν</strong></span> <span class='ocrx_word' id='word_1_307' title='bbox 1410 578 1542 614; x_wconf 83' lang='grc' dir='ltr'>οὐρανῶν.</span> <span class='ocrx_word' id='word_1_308' title='bbox 1568 578 1657 614; x_wconf 86' lang='grc' dir='ltr'><strong>Ὅπερ</strong></span> <span class='ocrx_word' id='word_1_309' title='bbox 1685 578 1714 605; x_wconf 75' lang='grc' dir='ltr'>δὲ</span> <span class='ocrx_word' id='word_1_310' title='bbox 1737 579 1781 605; x_wconf 78' lang='grc' dir='ltr'><strong>ἐπὶ</strong></span> 
     </span>
    </p>
   </div>
   <div class='ocr_carea' id='block_1_43' title="bbox 986 621 1778 660">
    <p class='ocr_par' dir='ltr' id='par_1_43' title="bbox 986 621 1778 660">
     <span class='ocr_line' id='line_1_43' title="bbox 986 621 1778 660; baseline 0.004 -12"><span class='ocrx_word' id='word_1_311' title='bbox 986 621 1042 648; x_wconf 59' lang='grc' dir='ltr'>θεῶν</span> <span class='ocrx_word' id='word_1_312' title='bbox 1059 622 1130 649; x_wconf 80' lang='grc' dir='ltr'>κατὰ</span> <span class='ocrx_word' id='word_1_313' title='bbox 1145 623 1180 650; x_wconf 85' lang='grc' dir='ltr'><strong>τὰ</strong></span> <span class='ocrx_word' id='word_1_314' title='bbox 1195 623 1339 659; x_wconf 77' lang='grc' dir='ltr'><strong>ἀφροδίσια</strong></span> <span class='ocrx_word' id='word_1_315' title='bbox 1357 624 1478 650; x_wconf 84' lang='grc' dir='ltr'>λέλεκται</span> <span class='ocrx_word' id='word_1_316' title='bbox 1498 625 1562 660; x_wconf 82' lang='grc' dir='ltr'>περὶ</span> <span class='ocrx_word' id='word_1_317' title='bbox 1580 624 1634 651; x_wconf 84' lang='grc' dir='ltr'><strong>τῶν</strong></span> <span class='ocrx_word' id='word_1_318' title='bbox 1652 625 1778 655; x_wconf 79' lang='grc' dir='ltr'>παιδίων,</span> 
     </span>
    </p>
   </div>
   <div class='ocr_carea' id='block_1_44' title="bbox 988 666 1778 704">
    <p class='ocr_par' dir='ltr' id='par_1_44' title="bbox 988 666 1778 704">
     <span class='ocr_line' id='line_1_44' title="bbox 988 666 1778 704; baseline 0.001 -10"><span class='ocrx_word' id='word_1_319' title='bbox 988 666 1061 694; x_wconf 76' lang='grc' dir='ltr'><strong>τοῦτ’</strong></span> <span class='ocrx_word' id='word_1_320' title='bbox 1078 667 1111 695; x_wconf 81' lang='grc' dir='ltr'>ἂν</span> <span class='ocrx_word' id='word_1_321' title='bbox 1128 668 1236 704; x_wconf 83' lang='grc' dir='ltr'><strong>λεχθείη</strong></span> <span class='ocrx_word' id='word_1_322' title='bbox 1259 669 1306 696; x_wconf 70' lang='grc' dir='ltr'><strong>καὶ</strong></span> <span class='ocrx_word' id='word_1_323' title='bbox 1321 669 1384 704; x_wconf 67' lang='grc' dir='ltr'>περὶ</span> <span class='ocrx_word' id='word_1_324' title='bbox 1397 669 1452 696; x_wconf 82' lang='grc' dir='ltr'><strong>τῶν</strong></span> <span class='ocrx_word' id='word_1_325' title='bbox 1474 669 1575 701; x_wconf 78' lang='grc' dir='ltr'>λοιπῶν</span> <span class='ocrx_word' id='word_1_326' title='bbox 1600 669 1710 700; x_wconf 77' lang='grc' dir='ltr'>παθῶν,</span> <span class='ocrx_word' id='word_1_327' title='bbox 1733 671 1778 696; x_wconf 76' lang='grc' dir='ltr'><strong>καὶ</strong></span> 
     </span>
    </p>
   </div>
   <div class='ocr_carea' id='block_1_45' title="bbox 988 713 1780 750">
    <p class='ocr_par' dir='ltr' id='par_1_45' title="bbox 988 713 1780 750">
     <span class='ocr_line' id='line_1_45' title="bbox 988 713 1780 750; baseline 0.001 -10"><span class='ocrx_word' id='word_1_328' title='bbox 988 713 1223 750; x_wconf 77' lang='grc' dir='ltr'>ἀρῤωστημάτων,</span> <span class='ocrx_word' id='word_1_329' title='bbox 1241 714 1288 741; x_wconf 73' lang='grc' dir='ltr'><strong>καὶ</strong></span> <span class='ocrx_word' id='word_1_330' title='bbox 1301 714 1463 750; x_wconf 81' lang='grc' dir='ltr'><strong>νοσημάτων</strong></span> <span class='ocrx_word' id='word_1_331' title='bbox 1475 714 1525 749; x_wconf 84' lang='grc' dir='ltr'><strong>τῆς</strong></span> <span class='ocrx_word' id='word_1_332' title='bbox 1538 714 1638 749; x_wconf 75' lang='grc' dir='ltr'>ψυχῆς,</span> <span class='ocrx_word' id='word_1_333' title='bbox 1654 715 1696 745; x_wconf 82' lang='grc' dir='ltr'>εἰς</span> <span class='ocrx_word' id='word_1_334' title='bbox 1713 714 1732 741; x_wconf 82' lang='grc' dir='ltr'><strong>ἃ.</strong></span> <span class='ocrx_word' id='word_1_335' title='bbox 1745 714 1780 749; x_wconf 82' lang='grc' dir='ltr'><strong>μὴ</strong></span> 
     </span>
    </p>
   </div>
   <div class='ocr_carea' id='block_1_46' title="bbox 988 759 1781 796">
    <p class='ocr_par' dir='ltr' id='par_1_46' title="bbox 988 759 1781 796">
     <span class='ocr_line' id='line_1_46' title="bbox 988 759 1781 796; baseline 0.001 -11"><span class='ocrx_word' id='word_1_336' title='bbox 988 759 1094 794; x_wconf 79' lang='grc' dir='ltr'>πέφυκε</span> <span class='ocrx_word' id='word_1_337' title='bbox 1117 759 1210 786; x_wconf 82' lang='grc' dir='ltr'>παιδία</span> <span class='ocrx_word' id='word_1_338' title='bbox 1236 760 1392 796; x_wconf 74' lang='grc' dir='ltr'>ἐμπίπτειν,</span> <span class='ocrx_word' id='word_1_339' title='bbox 1416 761 1467 787; x_wconf 82' lang='grc' dir='ltr'>ὅσα</span> <span class='ocrx_word' id='word_1_340' title='bbox 1488 759 1533 786; x_wconf 65' lang='grc' dir='ltr'><strong>τὸν</strong></span> <span class='ocrx_word' id='word_1_341' title='bbox 1557 759 1637 794; x_wconf 79' lang='grc' dir='ltr'>λόγον</span> <span class='ocrx_word' id='word_1_342' title='bbox 1666 760 1781 795; x_wconf 78' lang='grc' dir='ltr'><strong>μηδέπω</strong></span> 
     </span>
    </p>
   </div>
   <div class='ocr_carea' id='block_1_47' title="bbox 988 803 1780 841">
    <p class='ocr_par' dir='ltr' id='par_1_47' title="bbox 988 803 1780 841">
     <span class='ocr_line' id='line_1_47' title="bbox 988 803 1780 841; baseline 0.001 -10"><span class='ocrx_word' id='word_1_343' title='bbox 988 805 1224 841; x_wconf 82' lang='grc' dir='ltr'>συμπεπλήρωκεν</span> <span class='ocrx_word' id='word_1_344' title='bbox 1234 814 1240 820; x_wconf 93' lang='grc'><strong>·</strong></span> <span class='ocrx_word' id='word_1_345' title='bbox 1254 803 1310 833; x_wconf 69' lang='grc' dir='ltr'>οἷον</span> <span class='ocrx_word' id='word_1_346' title='bbox 1320 806 1363 833; x_wconf 82' lang='grc' dir='ltr'>ἵνα</span> <span class='ocrx_word' id='word_1_347' title='bbox 1371 807 1420 833; x_wconf 74' lang='grc' dir='ltr'><strong>καὶ</strong></span> <span class='ocrx_word' id='word_1_348' title='bbox 1432 807 1537 841; x_wconf 76' lang='grc' dir='ltr'>στραφῇ</span> <span class='ocrx_word' id='word_1_349' title='bbox 1554 814 1607 837; x_wconf 82' lang='grc' dir='ltr'>τις,</span> <span class='ocrx_word' id='word_1_350' title='bbox 1622 806 1672 832; x_wconf 75' lang='grc' dir='ltr'><strong>καὶ</strong></span> <span class='ocrx_word' id='word_1_351' title='bbox 1689 806 1780 832; x_wconf 80' lang='grc' dir='ltr'>ὁποῖόν</span> 
     </span>
    </p>
   </div>
   <div class='ocr_carea' id='block_1_48' title="bbox 986 850 1779 888">
    <p class='ocr_par' dir='ltr' id='par_1_48' title="bbox 986 850 1779 888">
     <span class='ocr_line' id='line_1_48' title="bbox 986 850 1779 888; baseline 0.001 -11"><span class='ocrx_word' id='word_1_352' title='bbox 986 851 1045 877; x_wconf 81' lang='grc' dir='ltr'>ἐστι</span> <span class='ocrx_word' id='word_1_353' title='bbox 1068 850 1097 877; x_wconf 80' lang='grc' dir='ltr'><strong>τὸ</strong></span> <span class='ocrx_word' id='word_1_354' title='bbox 1120 851 1224 878; x_wconf 80' lang='grc' dir='ltr'><strong>παιδίον</strong></span> <span class='ocrx_word' id='word_1_355' title='bbox 1239 851 1296 887; x_wconf 65' lang='lat'><strong>(95)</strong></span> <span class='ocrx_word' id='word_1_356' title='bbox 1323 852 1393 888; x_wconf 78' lang='grc' dir='ltr'>πρὸς</span> <span class='ocrx_word' id='word_1_357' title='bbox 1413 852 1508 888; x_wconf 81' lang='grc' dir='ltr'>ὀργὴν,</span> <span class='ocrx_word' id='word_1_358' title='bbox 1527 852 1649 884; x_wconf 80' lang='grc' dir='ltr'>τοιοῦτος</span> <span class='ocrx_word' id='word_1_359' title='bbox 1667 853 1779 888; x_wconf 75' lang='grc' dir='ltr'>γένηται</span> 
     </span>
    </p>
   </div>
   <div class='ocr_carea' id='block_1_49' title="bbox 986 896 1780 933">
    <p class='ocr_par' dir='ltr' id='par_1_49' title="bbox 986 896 1780 933">
     <span class='ocr_line' id='line_1_49' title="bbox 986 896 1780 933; baseline 0.001 -10"><span class='ocrx_word' id='word_1_360' title='bbox 986 896 1024 923; x_wconf 80' lang='grc' dir='ltr'><strong>ὢν</strong></span> <span class='ocrx_word' id='word_1_361' title='bbox 1044 896 1127 933; x_wconf 83' lang='grc' dir='ltr'>ἀνήρ·</span> <span class='ocrx_word' id='word_1_362' title='bbox 1145 897 1193 924; x_wconf 72' lang='grc' dir='ltr'><strong>καὶ</strong></span> <span class='ocrx_word' id='word_1_363' title='bbox 1220 897 1311 925; x_wconf 83' lang='grc' dir='ltr'>ὁποῖόν</span> <span class='ocrx_word' id='word_1_364' title='bbox 1328 898 1385 924; x_wconf 74' lang='grc' dir='ltr'>ἐστι</span> <span class='ocrx_word' id='word_1_365' title='bbox 1408 898 1439 924; x_wconf 79' lang='grc' dir='ltr'><strong>τὸ</strong></span> <span class='ocrx_word' id='word_1_366' title='bbox 1462 898 1567 925; x_wconf 79' lang='grc' dir='ltr'>παιδίον</span> <span class='ocrx_word' id='word_1_367' title='bbox 1596 898 1666 933; x_wconf 86' lang='grc' dir='ltr'>πρὸς</span> <span class='ocrx_word' id='word_1_368' title='bbox 1693 898 1780 933; x_wconf 74' lang='grc' dir='ltr'>λύπην</span> 
     </span>
    </p>
   </div>
   <div class='ocr_carea' id='block_1_50' title="bbox 984 942 1778 980">
    <p class='ocr_par' dir='ltr' id='par_1_50' title="bbox 984 942 1778 980">
     <span class='ocr_line' id='line_1_50' title="bbox 984 942 1778 980; baseline 0.003 -12"><span class='ocrx_word' id='word_1_369' title='bbox 984 942 1040 969; x_wconf 79' lang='grc' dir='ltr'>ἐσθ’</span> <span class='ocrx_word' id='word_1_370' title='bbox 1057 943 1101 969; x_wconf 81' lang='grc' dir='ltr'><strong>ὅτε</strong></span> <span class='ocrx_word' id='word_1_371' title='bbox 1121 943 1196 978; x_wconf 80' lang='grc' dir='ltr'>παρὰ</span> <span class='ocrx_word' id='word_1_372' title='bbox 1213 942 1259 969; x_wconf 78' lang='grc' dir='ltr'><strong>τὸν</strong></span> <span class='ocrx_word' id='word_1_373' title='bbox 1280 943 1374 979; x_wconf 82' lang='grc' dir='ltr'>καιρὸν</span> <span class='ocrx_word' id='word_1_374' title='bbox 1386 943 1433 970; x_wconf 77' lang='grc' dir='ltr'><strong>τοῦ</strong></span> <span class='ocrx_word' id='word_1_375' title='bbox 1449 943 1611 979; x_wconf 74' lang='grc' dir='ltr'>τεθνηκότος</span> <span class='ocrx_word' id='word_1_376' title='bbox 1629 944 1746 980; x_wconf 72' lang='grc' dir='ltr'>πατρὸς,</span> <span class='ocrx_word' id='word_1_377' title='bbox 1763 945 1778 979; x_wconf 80' lang='grc' dir='ltr'><strong>ἦ</strong></span> 
     </span>
    </p>
   </div>
   <div class='ocr_carea' id='block_1_51' title="bbox 987 988 1778 1024">
    <p class='ocr_par' dir='ltr' id='par_1_51' title="bbox 987 988 1778 1024">
     <span class='ocr_line' id='line_1_51' title="bbox 987 988 1778 1024; baseline 0.003 -10"><span class='ocrx_word' id='word_1_378' title='bbox 987 988 1100 1023; x_wconf 80' lang='grc' dir='ltr'>μητρὸς,</span> <span class='ocrx_word' id='word_1_379' title='bbox 1111 988 1128 1023; x_wconf 78' lang='grc' dir='ltr'>ἦ</span> <span class='ocrx_word' id='word_1_380' title='bbox 1138 997 1210 1020; x_wconf 85' lang='grc' dir='ltr'>τινος</span> <span class='ocrx_word' id='word_1_381' title='bbox 1232 988 1358 1023; x_wconf 68' lang='grc' dir='ltr'>ἀδελφοῦ,</span> <span class='ocrx_word' id='word_1_382' title='bbox 1373 989 1411 1020; x_wconf 86' lang='grc' dir='ltr'>ὼς</span> <span class='ocrx_word' id='word_1_383' title='bbox 1432 989 1514 1024; x_wconf 82' lang='grc' dir='ltr'>γελᾷν</span> <span class='ocrx_word' id='word_1_384' title='bbox 1532 989 1581 1016; x_wconf 72' lang='grc' dir='ltr'><strong>καὶ</strong></span> <span class='ocrx_word' id='word_1_385' title='bbox 1592 990 1706 1021; x_wconf 75' lang='grc' dir='ltr'>παίζειν</span> <span class='ocrx_word' id='word_1_386' title='bbox 1719 991 1778 1016; x_wconf 73' lang='grc' dir='ltr'><strong>κατ’</strong></span> 
     </span>
    </p>
   </div>
   <div class='ocr_carea' id='block_1_52' title="bbox 985 1034 1779 1071">
    <p class='ocr_par' dir='ltr' id='par_1_52' title="bbox 985 1034 1779 1071">
     <span class='ocr_line' id='line_1_52' title="bbox 985 1034 1779 1071; baseline 0.001 -11"><span class='ocrx_word' id='word_1_387' title='bbox 985 1034 1088 1061; x_wconf 73' lang='grc' dir='ltr'>ἐκεῖνον</span> <span class='ocrx_word' id='word_1_388' title='bbox 1102 1034 1147 1061; x_wconf 79' lang='grc' dir='ltr'><strong>τὸν</strong></span> <span class='ocrx_word' id='word_1_389' title='bbox 1172 1034 1278 1070; x_wconf 86' lang='grc' dir='ltr'>χρόνον,</span> <span class='ocrx_word' id='word_1_390' title='bbox 1295 1034 1416 1066; x_wconf 81' lang='grc' dir='ltr'>τοιοῦτος</span> <span class='ocrx_word' id='word_1_391' title='bbox 1438 1035 1471 1061; x_wconf 76' lang='grc' dir='ltr'><strong>ἂν</strong></span> <span class='ocrx_word' id='word_1_392' title='bbox 1493 1034 1597 1068; x_wconf 77' lang='grc' dir='ltr'>γένοιτο</span> <span class='ocrx_word' id='word_1_393' title='bbox 1613 1036 1628 1062; x_wconf 81' lang='grc' dir='ltr'><strong>ὀ</strong></span> <span class='ocrx_word' id='word_1_394' title='bbox 1647 1036 1779 1071; x_wconf 75' lang='grc' dir='ltr'>στραφεὶς</span> 
     </span>
    </p>
   </div>
   <div class='ocr_carea' id='block_1_53' title="bbox 984 1080 1778 1117">
    <p class='ocr_par' dir='ltr' id='par_1_53' title="bbox 984 1080 1778 1117">
     <span class='ocr_line' id='line_1_53' title="bbox 984 1080 1778 1117; baseline 0.003 -11"><span class='ocrx_word' id='word_1_395' title='bbox 984 1080 1021 1112; x_wconf 86' lang='grc' dir='ltr'>ὡς</span> <span class='ocrx_word' id='word_1_396' title='bbox 1046 1080 1140 1107; x_wconf 86' lang='grc' dir='ltr'>παιδία</span> <span class='ocrx_word' id='word_1_397' title='bbox 1172 1081 1238 1116; x_wconf 78' lang='grc'>(26),</span> <span class='ocrx_word' id='word_1_398' title='bbox 1262 1082 1308 1108; x_wconf 74' lang='grc' dir='ltr'>καὶ</span> <span class='ocrx_word' id='word_1_399' title='bbox 1324 1081 1380 1114; x_wconf 73' lang='grc' dir='ltr'>ἕξιν</span> <span class='ocrx_word' id='word_1_400' title='bbox 1401 1081 1544 1109; x_wconf 90' lang='grc' dir='ltr'>ἀναλαϐὼν</span> <span class='ocrx_word' id='word_1_401' title='bbox 1569 1082 1601 1108; x_wconf 78' lang='grc' dir='ltr'><strong>ἐκ</strong></span> <span class='ocrx_word' id='word_1_402' title='bbox 1621 1081 1705 1116; x_wconf 84' lang='grc' dir='ltr'>λόγου</span> <span class='ocrx_word' id='word_1_403' title='bbox 1728 1082 1778 1117; x_wconf 79' lang='grc' dir='ltr'><strong>τῆς</strong></span> 
     </span>
    </p>
   </div>
   <div class='ocr_carea' id='block_1_54' title="bbox 983 1125 1778 1164">
    <p class='ocr_par' dir='ltr' id='par_1_54' title="bbox 983 1125 1778 1164">
     <span class='ocr_line' id='line_1_54' title="bbox 983 1125 1778 1164; baseline 0.004 -13"><span class='ocrx_word' id='word_1_404' title='bbox 983 1125 1072 1161; x_wconf 81' lang='grc' dir='ltr'>λύπης</span> <span class='ocrx_word' id='word_1_405' title='bbox 1091 1126 1289 1162; x_wconf 79' lang='grc' dir='ltr'>ἀπαράδεκτον,</span> <span class='ocrx_word' id='word_1_406' title='bbox 1317 1127 1385 1154; x_wconf 85' lang='grc' dir='ltr'>ὥστε</span> <span class='ocrx_word' id='word_1_407' title='bbox 1405 1128 1496 1155; x_wconf 83' lang='grc' dir='ltr'>ὁποῖόν</span> <span class='ocrx_word' id='word_1_408' title='bbox 1519 1129 1577 1154; x_wconf 76' lang='grc' dir='ltr'>ἐστι</span> <span class='ocrx_word' id='word_1_409' title='bbox 1599 1129 1671 1163; x_wconf 79' lang='grc' dir='ltr'>πρὸς</span> <span class='ocrx_word' id='word_1_410' title='bbox 1689 1128 1778 1164; x_wconf 82' lang='grc' dir='ltr'>λύπην</span> 
     </span>
    </p>
   </div>
   <div class='ocr_carea' id='block_1_55' title="bbox 984 1171 1778 1210">
    <p class='ocr_par' dir='ltr' id='par_1_55' title="bbox 984 1171 1778 1210">
     <span class='ocr_line' id='line_1_55' title="bbox 984 1171 1778 1210; baseline 0.004 -12"><span class='ocrx_word' id='word_1_411' title='bbox 984 1171 1014 1198; x_wconf 80' lang='grc' dir='ltr'><strong>τὸ</strong></span> <span class='ocrx_word' id='word_1_412' title='bbox 1029 1171 1115 1207; x_wconf 79' lang='grc' dir='ltr'>βραχὺ</span> <span class='ocrx_word' id='word_1_413' title='bbox 1131 1172 1246 1205; x_wconf 84' lang='grc' dir='ltr'>παιδίον,</span> <span class='ocrx_word' id='word_1_414' title='bbox 1262 1173 1342 1200; x_wconf 78' lang='grc' dir='ltr'><strong>αὑτὸν</strong></span> <span class='ocrx_word' id='word_1_415' title='bbox 1363 1173 1498 1207; x_wconf 82' lang='grc' dir='ltr'>γενέσθαι.</span> <span class='ocrx_word' id='word_1_416' title='bbox 1521 1174 1558 1200; x_wconf 86' lang='grc' dir='ltr'>Τὸ</span> <span class='ocrx_word' id='word_1_417' title='bbox 1574 1174 1596 1200; x_wconf 83' lang='grc' dir='ltr'>δ’</span> <span class='ocrx_word' id='word_1_418' title='bbox 1618 1175 1712 1210; x_wconf 79' lang='grc' dir='ltr'>ὅμοιον</span> <span class='ocrx_word' id='word_1_419' title='bbox 1727 1176 1778 1210; x_wconf 77' lang='grc' dir='ltr'><strong>φή-</strong></span> 
     </span>
    </p>
   </div>
   <div class='ocr_carea' id='block_1_56' title="bbox 985 1218 1778 1256">
    <p class='ocr_par' dir='ltr' id='par_1_56' title="bbox 985 1218 1778 1256">
     <span class='ocr_line' id='line_1_56' title="bbox 985 1218 1778 1256; baseline 0.004 -12"><span class='ocrx_word' id='word_1_420' title='bbox 985 1226 1041 1249; x_wconf 86' lang='grc' dir='ltr'>σεις</span> <span class='ocrx_word' id='word_1_421' title='bbox 1056 1218 1119 1253; x_wconf 77' lang='grc' dir='ltr'>περὶ</span> <span class='ocrx_word' id='word_1_422' title='bbox 1141 1218 1190 1253; x_wconf 82' lang='grc' dir='ltr'><strong>τῆς</strong></span> <span class='ocrx_word' id='word_1_423' title='bbox 1213 1218 1383 1255; x_wconf 83' lang='grc' dir='ltr'>καλουμένης</span> <span class='ocrx_word' id='word_1_424' title='bbox 1400 1219 1507 1255; x_wconf 78' lang='grc' dir='ltr'>ἡδονῆς,</span> <span class='ocrx_word' id='word_1_425' title='bbox 1525 1219 1587 1246; x_wconf 82' lang='grc' dir='ltr'><strong>καθ’</strong></span> <span class='ocrx_word' id='word_1_426' title='bbox 1614 1221 1648 1256; x_wconf 79' lang='grc' dir='ltr'><strong>ἢν</strong></span> <span class='ocrx_word' id='word_1_427' title='bbox 1671 1221 1778 1255; x_wconf 79' lang='grc' dir='ltr'>ἀλόγως</span> 
     </span>
    </p>
   </div>
   <div class='ocr_carea' id='block_1_57' title="bbox 984 1263 1776 1300">
    <p class='ocr_par' dir='ltr' id='par_1_57' title="bbox 984 1263 1776 1300">
     <span class='ocr_line' id='line_1_57' title="bbox 984 1263 1776 1300; baseline 0.005 -11"><span class='ocrx_word' id='word_1_428' title='bbox 984 1263 1144 1298; x_wconf 72' lang='grc' dir='ltr'>ἐπαίρονται</span> <span class='ocrx_word' id='word_1_429' title='bbox 1163 1263 1187 1289; x_wconf 84' lang='grc' dir='ltr'><strong>σί</strong></span> <span class='ocrx_word' id='word_1_430' title='bbox 1205 1263 1311 1297; x_wconf 83' lang='grc' dir='ltr'>φαῦλοι,</span> <span class='ocrx_word' id='word_1_431' title='bbox 1332 1265 1364 1299; x_wconf 79' lang='grc' dir='ltr'><strong>ἢν</strong></span> <span class='ocrx_word' id='word_1_432' title='bbox 1380 1264 1410 1291; x_wconf 81' lang='grc' dir='ltr'>οὗ</span> <span class='ocrx_word' id='word_1_433' title='bbox 1425 1265 1524 1300; x_wconf 81' lang='grc' dir='ltr'><strong>πάσχει</strong></span> <span class='ocrx_word' id='word_1_434' title='bbox 1548 1265 1582 1292; x_wconf 79' lang='grc' dir='ltr'><strong>τὰ</strong></span> <span class='ocrx_word' id='word_1_435' title='bbox 1598 1266 1705 1299; x_wconf 83' lang='grc' dir='ltr'>παιδία,</span> <span class='ocrx_word' id='word_1_436' title='bbox 1722 1267 1776 1293; x_wconf 72' lang='grc' dir='ltr'>οὺδ¹</span> 
     </span>
    </p>
   </div>
   <div class='ocr_carea' id='block_1_58' title="bbox 983 1308 1778 1348">
    <p class='ocr_par' dir='ltr' id='par_1_58' title="bbox 983 1308 1778 1348">
     <span class='ocr_line' id='line_1_58' title="bbox 983 1308 1778 1348; baseline 0.005 -13"><span class='ocrx_word' id='word_1_437' title='bbox 983 1309 1008 1335; x_wconf 80' lang='grc' dir='ltr'>οἱ</span> <span class='ocrx_word' id='word_1_438' title='bbox 1025 1308 1189 1345; x_wconf 69' lang='grc' dir='ltr'>στραφέντες</span> <span class='ocrx_word' id='word_1_439' title='bbox 1206 1310 1253 1337; x_wconf 73' lang='grc' dir='ltr'><strong>καὶ</strong></span> <span class='ocrx_word' id='word_1_440' title='bbox 1273 1310 1414 1345; x_wconf 79' lang='grc' dir='ltr'>γενόμενοι</span> <span class='ocrx_word' id='word_1_441' title='bbox 1430 1311 1468 1342; x_wconf 83' lang='grc' dir='ltr'>ὡς</span> <span class='ocrx_word' id='word_1_442' title='bbox 1484 1311 1518 1338; x_wconf 83' lang='grc' dir='ltr'><strong>τὰ</strong></span> <span class='ocrx_word' id='word_1_443' title='bbox 1537 1312 1640 1339; x_wconf 83' lang='grc' dir='ltr'>παιδία.</span> <span class='ocrx_word' id='word_1_444' title='bbox 1664 1313 1708 1344; x_wconf 84' lang='grc' dir='ltr'>Ὦς</span> <span class='ocrx_word' id='word_1_445' title='bbox 1728 1313 1778 1348; x_wconf 76' lang='grc' dir='ltr'><strong>μὲν</strong></span> 
     </span>
    </p>
   </div>
   <div class='ocr_carea' id='block_1_59' title="bbox 983 1354 1778 1392">
    <p class='ocr_par' dir='ltr' id='par_1_59' title="bbox 983 1354 1778 1392">
     <span class='ocr_line' id='line_1_59' title="bbox 983 1354 1778 1392; baseline 0.005 -10"><span class='ocrx_word' id='word_1_446' title='bbox 983 1354 1029 1382; x_wconf 75' lang='grc' dir='ltr'>οὖν</span> <span class='ocrx_word' id='word_1_447' title='bbox 1053 1355 1121 1392; x_wconf 76' lang='grc' dir='ltr'>πρὸς</span> <span class='ocrx_word' id='word_1_448' title='bbox 1141 1355 1173 1383; x_wconf 77' lang='grc' dir='ltr'><strong>τὸ</strong></span> <span class='ocrx_word' id='word_1_449' title='bbox 1196 1355 1309 1392; x_wconf 81' lang='grc' dir='ltr'>ἀκριϐὲς</span> <span class='ocrx_word' id='word_1_450' title='bbox 1331 1357 1516 1384; x_wconf 83' lang='grc' dir='ltr'>ἀποδέδεικται.</span> <span class='ocrx_word' id='word_1_451' title='bbox 1539 1358 1586 1385; x_wconf 78' lang='grc' dir='ltr'><strong>καὶ</strong></span> <span class='ocrx_word' id='word_1_452' title='bbox 1608 1358 1710 1391; x_wconf 76' lang='grc' dir='ltr'>ἄλλοις,</span> <span class='ocrx_word' id='word_1_453' title='bbox 1736 1360 1778 1386; x_wconf 75' lang='grc' dir='ltr'><strong>ὃτι</strong></span> 
     </span>
    </p>
   </div>
   <div class='ocr_carea' id='block_1_60' title="bbox 982 1401 1776 1441">
    <p class='ocr_par' dir='ltr' id='par_1_60' title="bbox 982 1401 1776 1441">
     <span class='ocr_line' id='line_1_60' title="bbox 982 1401 1776 1441; baseline 0.005 -12"><span class='ocrx_word' id='word_1_454' title='bbox 982 1401 1057 1429; x_wconf 81' lang='grc' dir='ltr'>οὐδὲν</span> <span class='ocrx_word' id='word_1_455' title='bbox 1072 1402 1127 1430; x_wconf 86' lang='grc' dir='ltr'><strong>τῶν</strong></span> <span class='ocrx_word' id='word_1_456' title='bbox 1142 1402 1234 1429; x_wconf 84' lang='grc' dir='ltr'>παθῶν</span> <span class='ocrx_word' id='word_1_457' title='bbox 1254 1403 1348 1430; x_wconf 84' lang='grc' dir='ltr'>πίπτει</span> <span class='ocrx_word' id='word_1_458' title='bbox 1370 1404 1410 1436; x_wconf 88' lang='grc' dir='ltr'><strong>είς</strong></span> <span class='ocrx_word' id='word_1_459' title='bbox 1425 1404 1460 1431; x_wconf 79' lang='grc' dir='ltr'><strong>τὰ</strong></span> <span class='ocrx_word' id='word_1_460' title='bbox 1479 1404 1593 1441; x_wconf 82' lang='grc' dir='ltr'>μηδέπω</span> <span class='ocrx_word' id='word_1_461' title='bbox 1614 1405 1776 1441; x_wconf 78' lang='grc' dir='ltr'>συμπεπλη-</span> 
     </span>
    </p>
   </div>
   <div class='ocr_carea' id='block_1_61' title="bbox 984 1448 1777 1485">
    <p class='ocr_par' dir='ltr' id='par_1_61' title="bbox 984 1448 1777 1485">
     <span class='ocr_line' id='line_1_61' title="bbox 984 1448 1777 1485; baseline 0.004 -11"><span class='ocrx_word' id='word_1_462' title='bbox 984 1448 1090 1484; x_wconf 81' lang='grc' dir='ltr'>ρωκότα</span> <span class='ocrx_word' id='word_1_463' title='bbox 1103 1448 1148 1475; x_wconf 79' lang='grc' dir='ltr'><strong>τὸν</strong></span> <span class='ocrx_word' id='word_1_464' title='bbox 1166 1448 1245 1483; x_wconf 85' lang='grc' dir='ltr'>λόγον</span> <span class='ocrx_word' id='word_1_465' title='bbox 1259 1449 1367 1476; x_wconf 52' lang='grc' dir='ltr'>παιδίαν</span> <span class='ocrx_word' id='word_1_466' title='bbox 1383 1450 1408 1475; x_wconf 88' lang='grc' dir='ltr'><strong>εί</strong></span> <span class='ocrx_word' id='word_1_467' title='bbox 1420 1449 1442 1476; x_wconf 80' lang='grc' dir='ltr'>δ’</span> <span class='ocrx_word' id='word_1_468' title='bbox 1457 1449 1542 1482; x_wconf 79' lang='grc' dir='ltr'>οὐδὲν,</span> <span class='ocrx_word' id='word_1_469' title='bbox 1560 1450 1684 1485; x_wconf 76' lang='grc' dir='ltr'>δηλονότι</span> <span class='ocrx_word' id='word_1_470' title='bbox 1698 1451 1748 1477; x_wconf 76' lang='grc' dir='ltr'><strong>καὶ</strong></span> <span class='ocrx_word' id='word_1_471' title='bbox 1762 1451 1777 1478; x_wconf 83' lang='grc' dir='ltr'><strong>ό</strong></span> 
     </span>
    </p>
   </div>
   <div class='ocr_carea' id='block_1_62' title="bbox 144 1492 924 1533">
    <p class='ocr_par' dir='ltr' id='par_1_62' title="bbox 144 1495 924 1532">
     <span class='ocr_line' id='line_1_62' title="bbox 144 1495 924 1532; baseline 0 -8"><span class='ocrx_word' id='word_1_472' title='bbox 144 1500 327 1524; x_wconf 88' lang='lat' dir='ltr'><strong>monstratum</strong></span> <span class='ocrx_word' id='word_1_473' title='bbox 356 1500 407 1529; x_wconf 87' lang='lat' dir='ltr'><strong>est,</strong></span> <span class='ocrx_word' id='word_1_474' title='bbox 424 1495 452 1522; x_wconf 90' lang='lat' dir='ltr'><strong>in</strong></span> <span class='ocrx_word' id='word_1_475' title='bbox 473 1503 583 1530; x_wconf 86' lang='lat' dir='ltr'><strong>pueros,</strong></span> <span class='ocrx_word' id='word_1_476' title='bbox 609 1495 710 1530; x_wconf 80' lang='lat' dir='ltr'><strong>quibus</strong></span> <span class='ocrx_word' id='word_1_477' title='bbox 735 1496 854 1524; x_wconf 94' lang='lat' dir='ltr'><strong>nondum</strong></span> <span class='ocrx_word' id='word_1_478' title='bbox 875 1497 924 1532; x_wconf 21' lang='lat' dir='ltr'><strong>pler</strong></span> 
     </span>
    </p>
   </div>
   <div class='ocr_carea' id='block_1_63' title="bbox 994 1492 1776 1533">
    <p class='ocr_par' dir='ltr' id='par_1_63' title="bbox 994 1492 1776 1529">
     <span class='ocr_line' id='line_1_63' title="bbox 994 1492 1776 1529; baseline 0.003 -10"><span class='ocrx_word' id='word_1_479' title='bbox 994 1492 1075 1526; x_wconf 71' lang='grc' dir='ltr'>ρόϐος·</span> <span class='ocrx_word' id='word_1_480' title='bbox 1089 1492 1146 1519; x_wconf 81' lang='grc' dir='ltr'>ἀλλ’</span> <span class='ocrx_word' id='word_1_481' title='bbox 1159 1493 1183 1519; x_wconf 77' lang='grc' dir='ltr'>εἰ</span> <span class='ocrx_word' id='word_1_482' title='bbox 1193 1493 1247 1529; x_wconf 80' lang='grc' dir='ltr'>ἄρα</span> <span class='ocrx_word' id='word_1_483' title='bbox 1260 1493 1391 1528; x_wconf 80' lang='grc' dir='ltr'>ἀνάλογόν</span> <span class='ocrx_word' id='word_1_484' title='bbox 1405 1502 1431 1520; x_wconf 87' lang='grc' dir='ltr'>τι</span> <span class='ocrx_word' id='word_1_485' title='bbox 1442 1495 1498 1526; x_wconf 75' lang='grc' dir='ltr'>τοῖς</span> <span class='ocrx_word' id='word_1_486' title='bbox 1508 1494 1618 1527; x_wconf 83' lang='grc' dir='ltr'>πάθεσι,</span> <span class='ocrx_word' id='word_1_487' title='bbox 1629 1496 1678 1521; x_wconf 81' lang='grc' dir='ltr'><strong>καὶ</strong></span> <span class='ocrx_word' id='word_1_488' title='bbox 1689 1495 1776 1522; x_wconf 78' lang='grc' dir='ltr'>ταῦτα</span> 
     </span>
    </p>
   </div>
   <div class='ocr_carea' id='block_1_64' title="bbox 143 1539 929 1574">
    <p class='ocr_par' dir='ltr' id='par_1_64' title="bbox 143 1539 929 1574">
     <span class='ocr_line' id='line_1_64' title="bbox 143 1539 929 1574; baseline -0.001 -3"><span class='ocrx_word' id='word_1_489' title='bbox 143 1543 205 1571; x_wconf 90' lang='lat' dir='ltr'><strong>nior</strong></span> <span class='ocrx_word' id='word_1_490' title='bbox 219 1542 334 1571; x_wconf 87' lang='lat' dir='ltr'><strong>rationis</strong></span> <span class='ocrx_word' id='word_1_491' title='bbox 349 1549 414 1569; x_wconf 91' lang='lat' dir='ltr'><strong>usus</strong></span> <span class='ocrx_word' id='word_1_492' title='bbox 425 1541 661 1574; x_wconf 87' lang='lat' dir='ltr'><strong>accessit,nullum</strong></span> <span class='ocrx_word' id='word_1_493' title='bbox 675 1539 772 1569; x_wconf 88' lang='lat' dir='ltr'><strong>borum</strong></span> <span class='ocrx_word' id='word_1_494' title='bbox 784 1542 929 1570; x_wconf 79' lang='lat' dir='ltr'><strong>aﬂ&#39;ectuum</strong></span> 
     </span>
    </p>
   </div>
   <div class='ocr_carea' id='block_1_65' title="bbox 142 1587 932 1623">
    <p class='ocr_par' dir='ltr' id='par_1_65' title="bbox 142 1587 932 1623">
     <span class='ocr_line' id='line_1_65' title="bbox 142 1587 932 1623; baseline -0.004 -6"><span class='ocrx_word' id='word_1_495' title='bbox 142 1588 255 1622; x_wconf 87' lang='lat' dir='ltr'><strong>cadere;</strong></span> <span class='ocrx_word' id='word_1_496' title='bbox 275 1587 348 1623; x_wconf 89' lang='lat' dir='ltr'><strong>quod</strong></span> <span class='ocrx_word' id='word_1_497' title='bbox 363 1587 387 1614; x_wconf 88' lang='lat' dir='ltr'><strong>si</strong></span> <span class='ocrx_word' id='word_1_498' title='bbox 410 1587 531 1619; x_wconf 84' lang='lat' dir='ltr'><strong>nullum,</strong></span> <span class='ocrx_word' id='word_1_499' title='bbox 548 1592 621 1614; x_wconf 89' lang='lat' dir='ltr'><strong>certe</strong></span> <span class='ocrx_word' id='word_1_500' title='bbox 634 1594 723 1621; x_wconf 89' lang='lat' dir='ltr'><strong>neque</strong></span> <span class='ocrx_word' id='word_1_501' title='bbox 737 1587 864 1614; x_wconf 90' lang='lat' dir='ltr'><strong>timorem</strong></span> <span class='ocrx_word' id='word_1_502' title='bbox 879 1596 885 1614; x_wconf 91' lang='lat'>:</span> <span class='ocrx_word' id='word_1_503' title='bbox 903 1591 932 1614; x_wconf 91' lang='lat' dir='ltr'><strong>at</strong></span> 
     </span>
    </p>
   </div>
   <div class='ocr_carea' id='block_1_66' title="bbox 142 1631 930 1670">
    <p class='ocr_par' dir='ltr' id='par_1_66' title="bbox 142 1631 930 1670">
     <span class='ocr_line' id='line_1_66' title="bbox 142 1631 930 1670; baseline -0.003 -8"><span class='ocrx_word' id='word_1_504' title='bbox 142 1635 166 1663; x_wconf 86' lang='lat' dir='ltr'><strong>si</strong></span> <span class='ocrx_word' id='word_1_505' title='bbox 181 1634 247 1670; x_wconf 89' lang='lat' dir='ltr'><strong>quid</strong></span> <span class='ocrx_word' id='word_1_506' title='bbox 262 1633 346 1661; x_wconf 89' lang='lat' dir='ltr'><strong>animi</strong></span> <span class='ocrx_word' id='word_1_507' title='bbox 367 1632 564 1668; x_wconf 87' lang='lat' dir='ltr'><strong>perturbationi</strong></span> <span class='ocrx_word' id='word_1_508' title='bbox 585 1631 674 1659; x_wconf 87' lang='lat' dir='ltr'><strong>simile</strong></span> <span class='ocrx_word' id='word_1_509' title='bbox 683 1632 776 1667; x_wconf 86' lang='lat' dir='ltr'><strong>pueris</strong></span> <span class='ocrx_word' id='word_1_510' title='bbox 787 1632 930 1667; x_wconf 77' lang='lat' dir='ltr'><strong>contingit,</strong></span> 
     </span>
    </p>
   </div>
   <div class='ocr_carea' id='block_1_67' title="bbox 141 1678 932 1714">
    <p class='ocr_par' dir='ltr' id='par_1_67' title="bbox 141 1678 932 1714">
     <span class='ocr_line' id='line_1_67' title="bbox 141 1678 932 1714; baseline -0.003 -7"><span class='ocrx_word' id='word_1_511' title='bbox 141 1680 272 1714; x_wconf 74' lang='lat' dir='ltr'><strong>exiguum</strong></span> <span class='ocrx_word' id='word_1_512' title='bbox 297 1678 364 1706; x_wconf 91' lang='lat' dir='ltr'><strong>illud</strong></span> <span class='ocrx_word' id='word_1_513' title='bbox 385 1684 444 1711; x_wconf 87' lang='lat' dir='ltr'><strong>est,</strong></span> <span class='ocrx_word' id='word_1_514' title='bbox 461 1678 594 1706; x_wconf 80' lang='lat' dir='ltr'><strong>citissime</strong></span> <span class='ocrx_word' id='word_1_515' title='bbox 612 1684 777 1705; x_wconf 84' lang='lat' dir='ltr'><strong>evanescens</strong></span> <span class='ocrx_word' id='word_1_516' title='bbox 794 1681 821 1705; x_wconf 84' lang='lat' dir='ltr'><strong>et</strong></span> <span class='ocrx_word' id='word_1_517' title='bbox 833 1685 932 1705; x_wconf 87' lang='lat' dir='ltr'><strong>consa-</strong></span> 
     </span>
    </p>
   </div>
   <div class='ocr_carea' id='block_1_68' title="bbox 142 1722 929 1758">
    <p class='ocr_par' dir='ltr' id='par_1_68' title="bbox 142 1722 929 1758">
     <span class='ocr_line' id='line_1_68' title="bbox 142 1722 929 1758; baseline -0.004 -5"><span class='ocrx_word' id='word_1_518' title='bbox 142 1732 273 1758; x_wconf 86' lang='lat' dir='ltr'><strong>nescens;</strong></span> <span class='ocrx_word' id='word_1_519' title='bbox 302 1723 370 1751; x_wconf 86' lang='lat' dir='ltr'><strong>adeo</strong></span> <span class='ocrx_word' id='word_1_520' title='bbox 393 1727 424 1751; x_wconf 90' lang='lat' dir='ltr'><strong>ut</strong></span> <span class='ocrx_word' id='word_1_521' title='bbox 448 1723 471 1751; x_wconf 88' lang='lat' dir='ltr'><strong>si</strong></span> <span class='ocrx_word' id='word_1_522' title='bbox 488 1727 651 1751; x_wconf 89' lang='lat' dir='ltr'><strong>consecutus</strong></span> <span class='ocrx_word' id='word_1_523' title='bbox 674 1723 740 1750; x_wconf 89' lang='lat' dir='ltr'><strong>illud</strong></span> <span class='ocrx_word' id='word_1_524' title='bbox 763 1722 859 1756; x_wconf 82' lang='lat' dir='ltr'><strong>luerit,</strong></span> <span class='ocrx_word' id='word_1_525' title='bbox 883 1723 929 1758; x_wconf 80' lang='lat' dir='ltr'><strong>qui</strong></span> 
     </span>
    </p>
   </div>
   <div class='ocr_carea' id='block_1_69' title="bbox 982 1538 1775 1576">
    <p class='ocr_par' dir='ltr' id='par_1_69' title="bbox 982 1538 1775 1576">
     <span class='ocr_line' id='line_1_69' title="bbox 982 1538 1775 1576; baseline 0.004 -11"><span class='ocrx_word' id='word_1_526' title='bbox 982 1538 1090 1574; x_wconf 84' lang='grc' dir='ltr'>ἀμυδρά</span> <span class='ocrx_word' id='word_1_527' title='bbox 1104 1539 1150 1566; x_wconf 70' lang='grc' dir='ltr'><strong>καὶ</strong></span> <span class='ocrx_word' id='word_1_528' title='bbox 1163 1539 1278 1574; x_wconf 83' lang='grc' dir='ltr'>τάχιστα</span> <span class='ocrx_word' id='word_1_529' title='bbox 1289 1538 1541 1575; x_wconf 79' lang='grc' dir='ltr'>ἀνασκευαζόμενα,</span> <span class='ocrx_word' id='word_1_530' title='bbox 1559 1540 1607 1567; x_wconf 74' lang='grc' dir='ltr'>καὶ</span> <span class='ocrx_word' id='word_1_531' title='bbox 1621 1542 1775 1576; x_wconf 71' lang='grc' dir='ltr'>θεραπευό-</span> 
     </span>
    </p>
   </div>
   <div class='ocr_carea' id='block_1_70' title="bbox 983 1585 1776 1622">
    <p class='ocr_par' dir='ltr' id='par_1_70' title="bbox 983 1585 1776 1622">
     <span class='ocr_line' id='line_1_70' title="bbox 983 1585 1776 1622; baseline 0.005 -12"><span class='ocrx_word' id='word_1_532' title='bbox 983 1593 1051 1620; x_wconf 86' lang='grc' dir='ltr'>μενα</span> <span class='ocrx_word' id='word_1_533' title='bbox 1062 1585 1165 1619; x_wconf 86' lang='grc' dir='ltr'>γίνεται</span> <span class='ocrx_word' id='word_1_534' title='bbox 1177 1586 1205 1612; x_wconf 85' lang='grc' dir='ltr'><strong>ὲν</strong></span> <span class='ocrx_word' id='word_1_535' title='bbox 1219 1586 1275 1617; x_wconf 83' lang='grc' dir='ltr'>τοῖς</span> <span class='ocrx_word' id='word_1_536' title='bbox 1290 1586 1417 1618; x_wconf 85' lang='grc' dir='ltr'>παιδίοις,</span> <span class='ocrx_word' id='word_1_537' title='bbox 1435 1586 1473 1619; x_wconf 82' lang='grc' dir='ltr'><strong>ὡς</strong></span> <span class='ocrx_word' id='word_1_538' title='bbox 1485 1587 1629 1622; x_wconf 82' lang='grc' dir='ltr'>ἀγαπητὸν</span> <span class='ocrx_word' id='word_1_539' title='bbox 1640 1585 1709 1614; x_wconf 85' lang='grc' dir='ltr'>εἷναι</span> <span class='ocrx_word' id='word_1_540' title='bbox 1726 1589 1776 1614; x_wconf 74' lang='grc' dir='ltr'><strong>ἐπὶ</strong></span> 
     </span>
    </p>
   </div>
   <div class='ocr_carea' id='block_1_71' title="bbox 980 1629 1774 1667">
    <p class='ocr_par' dir='ltr' id='par_1_71' title="bbox 980 1629 1774 1667">
     <span class='ocr_line' id='line_1_71' title="bbox 980 1629 1774 1667; baseline 0.003 -11"><span class='ocrx_word' id='word_1_541' title='bbox 980 1629 1059 1656; x_wconf 82' lang='grc' dir='ltr'>τοῦτο</span> <span class='ocrx_word' id='word_1_542' title='bbox 1077 1629 1177 1664; x_wconf 84' lang='grc' dir='ltr'>φθάσαι</span> <span class='ocrx_word' id='word_1_543' title='bbox 1191 1630 1237 1657; x_wconf 79' lang='grc' dir='ltr'><strong>τὸν</strong></span> <span class='ocrx_word' id='word_1_544' title='bbox 1250 1630 1407 1666; x_wconf 81' lang='grc' dir='ltr'>στραφέντα</span> <span class='ocrx_word' id='word_1_545' title='bbox 1421 1631 1459 1663; x_wconf 87' lang='grc' dir='ltr'>ὼς</span> <span class='ocrx_word' id='word_1_546' title='bbox 1475 1631 1510 1658; x_wconf 85' lang='grc' dir='ltr'><strong>τὰ</strong></span> <span class='ocrx_word' id='word_1_547' title='bbox 1524 1631 1620 1658; x_wconf 80' lang='grc' dir='ltr'>παιδία</span> <span class='ocrx_word' id='word_1_548' title='bbox 1635 1632 1698 1658; x_wconf 77' lang='grc' dir='ltr'>ὅσον</span> <span class='ocrx_word' id='word_1_549' title='bbox 1716 1632 1774 1667; x_wconf 72' lang='grc' dir='ltr'>ἔχει</span> 
     </span>
    </p>
   </div>
   <div class='ocr_carea' id='block_1_72' title="bbox 981 1675 1776 1712">
    <p class='ocr_par' dir='ltr' id='par_1_72' title="bbox 981 1675 1776 1712">
     <span class='ocr_line' id='line_1_72' title="bbox 981 1675 1776 1712; baseline 0.003 -10"><span class='ocrx_word' id='word_1_550' title='bbox 981 1675 1032 1711; x_wconf 81' lang='grc' dir='ltr'><strong>τῆς</strong></span> <span class='ocrx_word' id='word_1_551' title='bbox 1050 1676 1131 1703; x_wconf 76' lang='grc' dir='ltr'>οἱονεὶ</span> <span class='ocrx_word' id='word_1_552' title='bbox 1148 1676 1282 1712; x_wconf 81' lang='grc' dir='ltr'>ὑποϐολῆς</span> <span class='ocrx_word' id='word_1_553' title='bbox 1298 1677 1352 1704; x_wconf 80' lang='grc' dir='ltr'><strong>τῶν</strong></span> <span class='ocrx_word' id='word_1_554' title='bbox 1368 1677 1463 1704; x_wconf 85' lang='grc' dir='ltr'>παθῶν</span> <span class='ocrx_word' id='word_1_555' title='bbox 1485 1678 1523 1709; x_wconf 84' lang='grc' dir='ltr'>ὠς</span> <span class='ocrx_word' id='word_1_556' title='bbox 1539 1678 1574 1704; x_wconf 83' lang='grc' dir='ltr'><strong>τὰ</strong></span> <span class='ocrx_word' id='word_1_557' title='bbox 1591 1678 1697 1704; x_wconf 84' lang='grc' dir='ltr'>παιδία.</span> <span class='ocrx_word' id='word_1_558' title='bbox 1719 1678 1776 1704; x_wconf 82' lang='grc' dir='ltr'><strong>Καὶ</strong></span> 
     </span>
    </p>
   </div>
   <div class='ocr_carea' id='block_1_73' title="bbox 982 1721 1776 1761">
    <p class='ocr_par' dir='ltr' id='par_1_73' title="bbox 982 1721 1776 1761">
     <span class='ocr_line' id='line_1_73' title="bbox 982 1721 1776 1761; baseline 0.004 -14"><span class='ocrx_word' id='word_1_559' title='bbox 982 1721 1047 1756; x_wconf 80' lang='grc' dir='ltr'>περὶ</span> <span class='ocrx_word' id='word_1_560' title='bbox 1064 1721 1146 1756; x_wconf 87' lang='grc' dir='ltr'>φόϐου</span> <span class='ocrx_word' id='word_1_561' title='bbox 1162 1721 1251 1749; x_wconf 83' lang='grc' dir='ltr'>τοίνυν</span> <span class='ocrx_word' id='word_1_562' title='bbox 1267 1722 1302 1749; x_wconf 87' lang='grc' dir='ltr'><strong>τά</strong></span> <span class='ocrx_word' id='word_1_563' title='bbox 1323 1722 1403 1758; x_wconf 84' lang='grc' dir='ltr'>ὅμοια</span> <span class='ocrx_word' id='word_1_564' title='bbox 1419 1724 1475 1754; x_wconf 87' lang='grc' dir='ltr'>τοῖς</span> <span class='ocrx_word' id='word_1_565' title='bbox 1491 1723 1700 1758; x_wconf 65' lang='grc' dir='ltr'>ἀποδεδομένας</span> <span class='ocrx_word' id='word_1_566' title='bbox 1712 1725 1776 1761; x_wconf 77' lang='grc' dir='ltr'><strong>νοή-</strong></span> 
     </span>
    </p>
   </div>
   <div class='ocr_carea' id='block_1_74' title="bbox 981 1767 1777 1804">
    <p class='ocr_par' dir='ltr' id='par_1_74' title="bbox 981 1767 1777 1804">
     <span class='ocr_line' id='line_1_74' title="bbox 981 1767 1777 1804; baseline 0.004 -11"><span class='ocrx_word' id='word_1_567' title='bbox 981 1775 1053 1794; x_wconf 86' lang='grc' dir='ltr'>σειεν</span> <span class='ocrx_word' id='word_1_568' title='bbox 1064 1767 1131 1803; x_wconf 76' lang='grc'>(27),</span> <span class='ocrx_word' id='word_1_569' title='bbox 1147 1767 1188 1794; x_wconf 80' lang='grc' dir='ltr'><strong>ὅτι</strong></span> <span class='ocrx_word' id='word_1_570' title='bbox 1205 1767 1240 1795; x_wconf 87' lang='grc' dir='ltr'><strong>τὰ</strong></span> <span class='ocrx_word' id='word_1_571' title='bbox 1256 1768 1350 1795; x_wconf 87' lang='grc' dir='ltr'>παιδία</span> <span class='ocrx_word' id='word_1_572' title='bbox 1366 1768 1411 1794; x_wconf 84' lang='grc' dir='ltr'><strong>τὸν</strong></span> <span class='ocrx_word' id='word_1_573' title='bbox 1430 1768 1479 1803; x_wconf 75' lang='grc' dir='ltr'><strong>μὲν</strong></span> <span class='ocrx_word' id='word_1_574' title='bbox 1495 1767 1578 1802; x_wconf 82' lang='grc' dir='ltr'>φόϐον</span> <span class='ocrx_word' id='word_1_575' title='bbox 1593 1769 1649 1795; x_wconf 84' lang='grc' dir='ltr'><strong>τῶν</strong></span> <span class='ocrx_word' id='word_1_576' title='bbox 1665 1769 1777 1804; x_wconf 75' lang='grc' dir='ltr'>φαύλων</span> 
     </span>
    </p>
   </div>
   <div class='ocr_carea' id='block_1_75' title="bbox 142 1767 926 1805">
    <p class='ocr_par' dir='ltr' id='par_1_75' title="bbox 142 1767 926 1805">
     <span class='ocr_line' id='line_1_75' title="bbox 142 1767 926 1805; baseline -0.003 -7"><span class='ocrx_word' id='word_1_577' title='bbox 142 1777 290 1805; x_wconf 89' lang='lat' dir='ltr'><strong>puerorum</strong></span> <span class='ocrx_word' id='word_1_578' title='bbox 315 1768 413 1797; x_wconf 87' lang='lat' dir='ltr'><strong>similis</strong></span> <span class='ocrx_word' id='word_1_579' title='bbox 437 1768 614 1797; x_wconf 83' lang='lat' dir='ltr'><strong>conversione</strong></span> <span class='ocrx_word' id='word_1_580' title='bbox 639 1767 727 1796; x_wconf 80' lang='lat' dir='ltr'><strong>factus</strong></span> <span class='ocrx_word' id='word_1_581' title='bbox 739 1774 795 1802; x_wconf 87' lang='lat' dir='ltr'><strong>est,</strong></span> <span class='ocrx_word' id='word_1_582' title='bbox 810 1774 840 1797; x_wconf 89' lang='lat' dir='ltr'><strong>ut</strong></span> <span class='ocrx_word' id='word_1_583' title='bbox 850 1769 926 1804; x_wconf 87' lang='lat' dir='ltr'><strong>pueri</strong></span> 
     </span>
    </p>
   </div>
   <div class='ocr_carea' id='block_1_76' title="bbox 141 1813 924 1849">
    <p class='ocr_par' dir='ltr' id='par_1_76' title="bbox 141 1813 924 1849">
     <span class='ocr_line' id='line_1_76' title="bbox 141 1813 924 1849; baseline -0.003 -6"><span class='ocrx_word' id='word_1_584' title='bbox 141 1815 229 1844; x_wconf 86' lang='lat' dir='ltr'><strong>instar</strong></span> <span class='ocrx_word' id='word_1_585' title='bbox 243 1814 356 1843; x_wconf 74' lang='lat' dir='ltr'><strong>aﬁectus</strong></span> <span class='ocrx_word' id='word_1_586' title='bbox 372 1821 437 1842; x_wconf 87' lang='lat' dir='ltr'><strong>suos</strong></span> <span class='ocrx_word' id='word_1_587' title='bbox 453 1813 504 1842; x_wconf 86' lang='lat' dir='ltr'><strong>sibi</strong></span> <span class='ocrx_word' id='word_1_588' title='bbox 522 1813 601 1849; x_wconf 91' lang='lat' dir='ltr'><strong>quasi</strong></span> <span class='ocrx_word' id='word_1_589' title='bbox 619 1813 782 1849; x_wconf 75' lang='lat' dir='ltr'><strong>subiecerit,</strong></span> <span class='ocrx_word' id='word_1_590' title='bbox 799 1814 924 1849; x_wconf 85' lang='lat' dir='ltr'><strong>praeclare</strong></span> 
     </span>
    </p>
   </div>
   <div class='ocr_carea' id='block_1_77' title="bbox 994 1813 1774 1849">
    <p class='ocr_par' dir='ltr' id='par_1_77' title="bbox 996 1813 1774 1849">
     <span class='ocr_line' id='line_1_77' title="bbox 996 1813 1774 1849; baseline 0.003 -9"><span class='ocrx_word' id='word_1_591' title='bbox 996 1813 1010 1840; x_wconf 85' lang='grc' dir='ltr'><strong>ὺ</strong></span> <span class='ocrx_word' id='word_1_592' title='bbox 1025 1813 1135 1849; x_wconf 81' lang='grc' dir='ltr'>πάσχει,</span> <span class='ocrx_word' id='word_1_593' title='bbox 1150 1813 1214 1841; x_wconf 82' lang='grc' dir='ltr'>ἀλλο</span> <span class='ocrx_word' id='word_1_594' title='bbox 1224 1813 1254 1841; x_wconf 79' lang='grc' dir='ltr'>δέ</span> <span class='ocrx_word' id='word_1_595' title='bbox 1264 1822 1290 1840; x_wconf 87' lang='grc' dir='ltr'>τι</span> <span class='ocrx_word' id='word_1_596' title='bbox 1298 1815 1322 1841; x_wconf 79' lang='grc' dir='ltr'>οἱ</span> <span class='ocrx_word' id='word_1_597' title='bbox 1337 1813 1541 1849; x_wconf 79' lang='grc' dir='ltr'>διακριϐοὖντες</span> <span class='ocrx_word' id='word_1_598' title='bbox 1554 1813 1589 1843; x_wconf 72' lang='grc' dir='ltr'><strong>τὰ</strong></span> <span class='ocrx_word' id='word_1_599' title='bbox 1600 1815 1656 1842; x_wconf 86' lang='grc' dir='ltr'><strong>τῶν</strong></span> <span class='ocrx_word' id='word_1_600' title='bbox 1666 1815 1774 1849; x_wconf 83' lang='grc' dir='ltr'>παθῶν,</span> 
     </span>
    </p>
   </div>
   <div class='ocr_carea' id='block_1_78' title="bbox 741 1872 1167 1904">
    <p class='ocr_par' dir='ltr' id='par_1_78' title="bbox 741 1872 1167 1904">
     <span class='ocr_line' id='line_1_78' title="bbox 741 1872 1167 1904; baseline 0.002 -2"><span class='ocrx_word' id='word_1_601' title='bbox 741 1872 858 1903; x_wconf 83' lang='lat' dir='ltr'><strong>VETUS</strong></span> <span class='ocrx_word' id='word_1_602' title='bbox 875 1873 1167 1904; x_wconf 76' lang='lat' dir='ltr'><strong>INTERPRETATIO.</strong></span> 
     </span>
    </p>
   </div>
   <div class='ocr_carea' id='block_1_79' title="bbox 138 1934 1775 1971">
    <p class='ocr_par' dir='ltr' id='par_1_79' title="bbox 138 1934 1775 1971">
     <span class='ocr_line' id='line_1_79' title="bbox 138 1934 1775 1971; baseline -0.001 -6"><span class='ocrx_word' id='word_1_603' title='bbox 138 1936 335 1965; x_wconf 78' lang='lat' dir='ltr'><strong>circumferens</strong></span> <span class='ocrx_word' id='word_1_604' title='bbox 357 1936 384 1963; x_wconf 90' lang='lat' dir='ltr'><strong>in</strong></span> <span class='ocrx_word' id='word_1_605' title='bbox 406 1943 520 1970; x_wconf 88' lang='lat' dir='ltr'><strong>corpore</strong></span> <span class='ocrx_word' id='word_1_606' title='bbox 539 1943 606 1968; x_wconf 89' lang='lat' dir='ltr'><strong>suo,</strong></span> <span class='ocrx_word' id='word_1_607' title='bbox 624 1945 633 1962; x_wconf 77' lang='grc' dir='ltr'><strong>ι</strong></span> <span class='ocrx_word' id='word_1_608' title='bbox 657 1941 688 1963; x_wconf 92' lang='grc' dir='ltr'><strong>ιιι</strong></span> <span class='ocrx_word' id='word_1_609' title='bbox 706 1944 772 1971; x_wconf 86' lang='lat' dir='ltr'><strong>puer</strong></span> <span class='ocrx_word' id='word_1_610' title='bbox 788 1936 834 1971; x_wconf 87' lang='lat' dir='ltr'><strong>qui</strong></span> <span class='ocrx_word' id='word_1_611' title='bbox 853 1934 998 1963; x_wconf 85' lang='lat' dir='ltr'><strong>muliebria</strong></span> <span class='ocrx_word' id='word_1_612' title='bbox 1018 1935 1140 1971; x_wconf 87' lang='lat' dir='ltr'><strong>nondum</strong></span> <span class='ocrx_word' id='word_1_613' title='bbox 1163 1935 1290 1968; x_wconf 84' lang='lat' dir='ltr'><strong>tentavit,</strong></span> <span class='ocrx_word' id='word_1_614' title='bbox 1310 1941 1358 1962; x_wconf 88' lang='lat' dir='ltr'><strong>nec</strong></span> <span class='ocrx_word' id='word_1_615' title='bbox 1374 1934 1459 1963; x_wconf 85' lang='lat' dir='ltr'><strong>sensit</strong></span> <span class='ocrx_word' id='word_1_616' title='bbox 1480 1935 1702 1971; x_wconf 20' lang='lat' dir='ltr'><strong>motusrviriles,</strong></span> <span class='ocrx_word' id='word_1_617' title='bbox 1720 1936 1775 1963; x_wconf 81' lang='lat' dir='ltr'><strong>iste</strong></span> 
     </span>
    </p>
   </div>
   <div class='ocr_carea' id='block_1_80' title="bbox 139 1969 1772 2006">
    <p class='ocr_par' dir='ltr' id='par_1_80' title="bbox 139 1969 1772 2006">
     <span class='ocr_line' id='line_1_80' title="bbox 139 1969 1772 2006; baseline -0.002 -6"><span class='ocrx_word' id='word_1_618' title='bbox 139 1973 202 2000; x_wconf 88' lang='lat' dir='ltr'><strong>talis</strong></span> <span class='ocrx_word' id='word_1_619' title='bbox 217 1979 365 2000; x_wconf 86' lang='lat' dir='ltr'><strong>conversus</strong></span> <span class='ocrx_word' id='word_1_620' title='bbox 379 1969 466 1998; x_wconf 76' lang='lat' dir='ltr'><strong>factus</strong></span> <span class='ocrx_word' id='word_1_621' title='bbox 481 1975 524 1998; x_wconf 90' lang='lat' dir='ltr'><strong>est</strong></span> <span class='ocrx_word' id='word_1_622' title='bbox 544 1972 615 1998; x_wconf 87' lang='lat' dir='ltr'><strong>sicut</strong></span> <span class='ocrx_word' id='word_1_623' title='bbox 633 1969 713 2005; x_wconf 55' lang='lat' dir='ltr'><strong>puer:</strong></span> <span class='ocrx_word' id='word_1_624' title='bbox 731 1971 762 1998; x_wconf 90' lang='lat' dir='ltr'><strong>Et</strong></span> <span class='ocrx_word' id='word_1_625' title='bbox 777 1969 881 2006; x_wconf 74' lang='lat' dir='ltr'><strong>quanto</strong></span> <span class='ocrx_word' id='word_1_626' title='bbox 896 1971 1013 2006; x_wconf 88' lang='lat' dir='ltr'><strong>amplius</strong></span> <span class='ocrx_word' id='word_1_627' title='bbox 1029 1970 1289 2006; x_wconf 81' lang='lat' dir='ltr'><strong>appropinquaverit</strong></span> <span class='ocrx_word' id='word_1_628' title='bbox 1306 1970 1398 2006; x_wconf 90' lang='lat' dir='ltr'><strong>pueris</strong></span> <span class='ocrx_word' id='word_1_629' title='bbox 1415 1969 1543 2006; x_wconf 85' lang='lat' dir='ltr'><strong>recedens</strong></span> <span class='ocrx_word' id='word_1_630' title='bbox 1560 1970 1594 1996; x_wconf 87' lang='lat' dir='ltr'><strong>ab</strong></span> <span class='ocrx_word' id='word_1_631' title='bbox 1610 1970 1772 2006; x_wconf 80' lang='lat' dir='ltr'><strong>hujusmodi</strong></span> 
     </span>
    </p>
   </div>
   <div class='ocr_carea' id='block_1_81' title="bbox 138 2005 1772 2040">
    <p class='ocr_par' dir='ltr' id='par_1_81' title="bbox 138 2005 1772 2040">
     <span class='ocr_line' id='line_1_81' title="bbox 138 2005 1772 2040; baseline -0.001 -6"><span class='ocrx_word' id='word_1_632' title='bbox 138 2008 268 2039; x_wconf 84' lang='lat' dir='ltr'><strong>molibus,</strong></span> <span class='ocrx_word' id='word_1_633' title='bbox 289 2012 363 2033; x_wconf 87' lang='lat' dir='ltr'><strong>tanto</strong></span> <span class='ocrx_word' id='word_1_634' title='bbox 388 2006 504 2040; x_wconf 82' lang='lat' dir='ltr'><strong>amplius</strong></span> <span class='ocrx_word' id='word_1_635' title='bbox 528 2007 633 2033; x_wconf 66' lang='lat' dir='ltr'><strong>cwteris</strong></span> <span class='ocrx_word' id='word_1_636' title='bbox 661 2007 873 2038; x_wconf 85' lang='lat' dir='ltr'><strong>continentibus,</strong></span> <span class='ocrx_word' id='word_1_637' title='bbox 891 2010 917 2033; x_wconf 90' lang='lat' dir='ltr'><strong>et</strong></span> <span class='ocrx_word' id='word_1_638' title='bbox 936 2005 969 2032; x_wconf 88' lang='lat' dir='ltr'><strong>ad</strong></span> <span class='ocrx_word' id='word_1_639' title='bbox 992 2005 1141 2038; x_wconf 82' lang='lat' dir='ltr'><strong>perfectum</strong></span> <span class='ocrx_word' id='word_1_640' title='bbox 1163 2005 1337 2040; x_wconf 67' lang='lat' dir='ltr'><strong>continentia:</strong></span> <span class='ocrx_word' id='word_1_641' title='bbox 1362 2005 1508 2032; x_wconf 81' lang='lat' dir='ltr'><strong>ascendere</strong></span> <span class='ocrx_word' id='word_1_642' title='bbox 1530 2012 1584 2031; x_wconf 91' lang='lat' dir='ltr'><strong>non</strong></span> <span class='ocrx_word' id='word_1_643' title='bbox 1604 2006 1772 2038; x_wconf 82' lang='lat' dir='ltr'><strong>valentibus,</strong></span> 
     </span>
    </p>
   </div>
   <div class='ocr_carea' id='block_1_82' title="bbox 138 2039 1773 2077">
    <p class='ocr_par' dir='ltr' id='par_1_82' title="bbox 138 2039 1773 2077">
     <span class='ocr_line' id='line_1_82' title="bbox 138 2039 1773 2077; baseline -0.002 -8"><span class='ocrx_word' id='word_1_644' title='bbox 138 2043 227 2077; x_wconf 83' lang='lat' dir='ltr'><strong>major</strong></span> <span class='ocrx_word' id='word_1_645' title='bbox 242 2042 366 2068; x_wconf 89' lang='lat' dir='ltr'><strong>habetur.</strong></span> <span class='ocrx_word' id='word_1_646' title='bbox 383 2039 460 2077; x_wconf 73' lang='lat' dir='ltr'><strong>QuOd</strong></span> <span class='ocrx_word' id='word_1_647' title='bbox 476 2045 566 2077; x_wconf 79' lang='lat' dir='ltr'><strong>autem</strong></span> <span class='ocrx_word' id='word_1_648' title='bbox 577 2046 691 2077; x_wconf 79' lang='lat' dir='ltr'><strong>propter</strong></span> <span class='ocrx_word' id='word_1_649' title='bbox 711 2041 857 2077; x_wconf 83' lang='lat' dir='ltr'><strong>muliebres</strong></span> <span class='ocrx_word' id='word_1_650' title='bbox 879 2040 1020 2075; x_wconf 84' lang='lat' dir='ltr'><strong>passiones</strong></span> <span class='ocrx_word' id='word_1_651' title='bbox 1040 2040 1140 2077; x_wconf 77' lang='lat' dir='ltr'><strong>dictum</strong></span> <span class='ocrx_word' id='word_1_652' title='bbox 1157 2039 1191 2077; x_wconf 78' lang='lat' dir='ltr'><strong>de</strong></span> <span class='ocrx_word' id='word_1_653' title='bbox 1207 2040 1327 2077; x_wconf 75' lang='lat' dir='ltr'><strong>parvulis</strong></span> <span class='ocrx_word' id='word_1_654' title='bbox 1340 2045 1392 2077; x_wconf 78' lang='lat' dir='ltr'><strong>est,</strong></span> <span class='ocrx_word' id='word_1_655' title='bbox 1407 2040 1459 2077; x_wconf 79' lang='lat' dir='ltr'><strong>hoc</strong></span> <span class='ocrx_word' id='word_1_656' title='bbox 1477 2040 1567 2073; x_wconf 89' lang='lat' dir='ltr'><strong>ipsum</strong></span> <span class='ocrx_word' id='word_1_657' title='bbox 1590 2039 1684 2068; x_wconf 85' lang='lat' dir='ltr'><strong>dicere</strong></span> <span class='ocrx_word' id='word_1_658' title='bbox 1702 2048 1773 2077; x_wconf 50' lang='lat' dir='ltr'><strong>conf</strong></span> 
     </span>
    </p>
   </div>
   <div class='ocr_carea' id='block_1_83' title="bbox 138 2074 1773 2110">
    <p class='ocr_par' dir='ltr' id='par_1_83' title="bbox 138 2074 1773 2110">
     <span class='ocr_line' id='line_1_83' title="bbox 138 2074 1773 2110; baseline -0.001 -7"><span class='ocrx_word' id='word_1_659' title='bbox 138 2074 213 2103; x_wconf 76' lang='lat' dir='ltr'><strong>veuit</strong></span> <span class='ocrx_word' id='word_1_660' title='bbox 241 2081 268 2103; x_wconf 92' lang='lat' dir='ltr'><strong>et</strong></span> <span class='ocrx_word' id='word_1_661' title='bbox 288 2077 315 2103; x_wconf 86' lang='lat' dir='ltr'><strong>in</strong></span> <span class='ocrx_word' id='word_1_662' title='bbox 336 2075 441 2102; x_wconf 70' lang='lat' dir='ltr'><strong>cceteris</strong></span> <span class='ocrx_word' id='word_1_663' title='bbox 463 2074 647 2109; x_wconf 84' lang='lat' dir='ltr'><strong>passionibus,</strong></span> <span class='ocrx_word' id='word_1_664' title='bbox 670 2080 696 2102; x_wconf 88' lang='lat' dir='ltr'><strong>et</strong></span> <span class='ocrx_word' id='word_1_665' title='bbox 716 2074 903 2109; x_wconf 70' lang='lat' dir='ltr'><strong>languoribus,</strong></span> <span class='ocrx_word' id='word_1_666' title='bbox 921 2080 947 2102; x_wconf 90' lang='lat' dir='ltr'><strong>et</strong></span> <span class='ocrx_word' id='word_1_667' title='bbox 961 2075 1066 2102; x_wconf 68' lang='lat' dir='ltr'><strong>caeteris</strong></span> <span class='ocrx_word' id='word_1_668' title='bbox 1091 2074 1293 2102; x_wconf 85' lang='lat' dir='ltr'><strong>inﬁrmitatibus</strong></span> <span class='ocrx_word' id='word_1_669' title='bbox 1311 2074 1424 2106; x_wconf 67' lang='lat' dir='ltr'><strong>animae,</strong></span> <span class='ocrx_word' id='word_1_670' title='bbox 1449 2074 1475 2100; x_wconf 92' lang='lat' dir='ltr'><strong>in</strong></span> <span class='ocrx_word' id='word_1_671' title='bbox 1492 2081 1562 2108; x_wconf 87' lang='lat' dir='ltr'><strong>quas</strong></span> <span class='ocrx_word' id='word_1_672' title='bbox 1581 2082 1680 2103; x_wconf 88' lang='lat' dir='ltr'><strong>omnes</strong></span> <span class='ocrx_word' id='word_1_673' title='bbox 1692 2075 1773 2110; x_wconf 75' lang='lat' dir='ltr'><strong>pueri</strong></span> 
     </span>
    </p>
   </div>
   <div class='ocr_carea' id='block_1_84' title="bbox 138 2109 1773 2145">
    <p class='ocr_par' dir='ltr' id='par_1_84' title="bbox 138 2109 1773 2145">
     <span class='ocr_line' id='line_1_84' title="bbox 138 2109 1773 2145; baseline -0.001 -8"><span class='ocrx_word' id='word_1_674' title='bbox 138 2118 193 2138; x_wconf 88' lang='lat' dir='ltr'><strong>non</strong></span> <span class='ocrx_word' id='word_1_675' title='bbox 211 2111 354 2137; x_wconf 92' lang='lat' dir='ltr'><strong>incurrunt</strong></span> <span class='ocrx_word' id='word_1_676' title='bbox 366 2109 440 2145; x_wconf 82' lang='lat' dir='ltr'><strong>prius</strong></span> <span class='ocrx_word' id='word_1_677' title='bbox 454 2117 535 2143; x_wconf 88' lang='lat' dir='ltr'><strong>quam</strong></span> <span class='ocrx_word' id='word_1_678' title='bbox 560 2109 690 2145; x_wconf 77' lang='lat' dir='ltr'><strong>incipiant</strong></span> <span class='ocrx_word' id='word_1_679' title='bbox 711 2110 865 2137; x_wconf 82' lang='lat' dir='ltr'><strong>absolutum</strong></span> <span class='ocrx_word' id='word_1_680' title='bbox 882 2110 1005 2145; x_wconf 81' lang='lat' dir='ltr'><strong>proferre</strong></span> <span class='ocrx_word' id='word_1_681' title='bbox 1029 2117 1181 2137; x_wconf 88' lang='lat' dir='ltr'><strong>sermonem</strong></span> <span class='ocrx_word' id='word_1_682' title='bbox 1198 2119 1205 2136; x_wconf 70' lang='grc' dir='ltr'><strong>ι</strong></span> <span class='ocrx_word' id='word_1_683' title='bbox 1219 2114 1325 2144; x_wconf 89' lang='lat' dir='ltr'><strong>utputa,</strong></span> <span class='ocrx_word' id='word_1_684' title='bbox 1345 2114 1376 2136; x_wconf 91' lang='lat' dir='ltr'><strong>ut</strong></span> <span class='ocrx_word' id='word_1_685' title='bbox 1389 2116 1539 2145; x_wconf 75' lang='lat' dir='ltr'><strong>conversus</strong></span> <span class='ocrx_word' id='word_1_686' title='bbox 1557 2109 1620 2142; x_wconf 88' lang='lat' dir='ltr'><strong>quis</strong></span> <span class='ocrx_word' id='word_1_687' title='bbox 1636 2111 1684 2137; x_wconf 81' lang='lat' dir='ltr'><strong>ﬂat</strong></span> <span class='ocrx_word' id='word_1_688' title='bbox 1696 2109 1773 2137; x_wconf 47' lang='lat' dir='ltr'><strong>&#39;sicut</strong></span> 
     </span>
    </p>
   </div>
   <div class='ocr_carea' id='block_1_85' title="bbox 138 2143 1774 2180">
    <p class='ocr_par' dir='ltr' id='par_1_85' title="bbox 138 2143 1774 2180">
     <span class='ocr_line' id='line_1_85' title="bbox 138 2143 1774 2180; baseline 0 -8"><span class='ocrx_word' id='word_1_689' title='bbox 138 2145 267 2180; x_wconf 89' lang='lat' dir='ltr'><strong>parvulus</strong></span> <span class='ocrx_word' id='word_1_690' title='bbox 292 2143 416 2180; x_wconf 19' lang='lat' dir='ltr'><strong>pner’inr</strong></span> <span class='ocrx_word' id='word_1_691' title='bbox 432 2143 482 2175; x_wconf 84' lang='lat' dir='ltr'><strong>ira.</strong></span> <span class='ocrx_word' id='word_1_692' title='bbox 498 2151 559 2180; x_wconf 80' lang='lat' dir='ltr'><strong>cum</strong></span> <span class='ocrx_word' id='word_1_693' title='bbox 574 2143 683 2180; x_wconf 41' lang='lat' dir='ltr'><strong>sit&#39;vir;</strong></span> <span class='ocrx_word' id='word_1_694' title='bbox 706 2149 733 2171; x_wconf 88' lang='lat' dir='ltr'><strong>et</strong></span> <span class='ocrx_word' id='word_1_695' title='bbox 753 2145 822 2172; x_wconf 90' lang='lat' dir='ltr'><strong>sicut</strong></span> <span class='ocrx_word' id='word_1_696' title='bbox 841 2143 890 2173; x_wconf 45' lang='lat' dir='ltr'><strong>est&#39;</strong></span> <span class='ocrx_word' id='word_1_697' title='bbox 902 2145 1039 2180; x_wconf 78' lang='lat' dir='ltr'><strong>parvulus</strong></span> <span class='ocrx_word' id='word_1_698' title='bbox 1054 2151 1120 2180; x_wconf 92' lang='lat' dir='ltr'><strong>puer</strong></span> <span class='ocrx_word' id='word_1_699' title='bbox 1142 2144 1175 2171; x_wconf 91' lang='lat' dir='ltr'><strong>ad</strong></span> <span class='ocrx_word' id='word_1_700' title='bbox 1203 2143 1357 2178; x_wconf 85' lang='lat' dir='ltr'><strong>tristitiam,</strong></span> <span class='ocrx_word' id='word_1_701' title='bbox 1379 2145 1424 2179; x_wconf 88' lang='lat' dir='ltr'><strong>qui</strong></span> <span class='ocrx_word' id='word_1_702' title='bbox 1438 2144 1582 2180; x_wconf 87' lang='lat' dir='ltr'><strong>interdum</strong></span> <span class='ocrx_word' id='word_1_703' title='bbox 1605 2145 1632 2172; x_wconf 91' lang='lat' dir='ltr'><strong>in</strong></span> <span class='ocrx_word' id='word_1_704' title='bbox 1650 2150 1774 2179; x_wconf 85' lang='lat' dir='ltr'><strong>tempore</strong></span> 
     </span>
    </p>
   </div>
   <div class='ocr_carea' id='block_1_86' title="bbox 138 2178 1773 2214">
    <p class='ocr_par' dir='ltr' id='par_1_86' title="bbox 138 2178 1773 2214">
     <span class='ocr_line' id='line_1_86' title="bbox 138 2178 1773 2214; baseline 0 -8"><span class='ocrx_word' id='word_1_705' title='bbox 138 2178 240 2207; x_wconf 82' lang='lat' dir='ltr'><strong>inortui</strong></span> <span class='ocrx_word' id='word_1_706' title='bbox 265 2179 540 2214; x_wconf 17' lang='lat' dir='ltr'><strong>patris,rvel_matris,</strong></span> <span class='ocrx_word' id='word_1_707' title='bbox 557 2179 598 2206; x_wconf 81' lang='lat' dir='ltr'><strong>vel</strong></span> <span class='ocrx_word' id='word_1_708' title='bbox 613 2179 728 2214; x_wconf 83' lang='lat' dir='ltr'><strong>alicujus</strong></span> <span class='ocrx_word' id='word_1_709' title='bbox 746 2180 825 2207; x_wconf 85' lang='lat' dir='ltr'><strong>amici</strong></span> <span class='ocrx_word' id='word_1_710' title='bbox 846 2178 916 2207; x_wconf 78' lang='lat' dir='ltr'><strong>ridet</strong></span> <span class='ocrx_word' id='word_1_711' title='bbox 939 2184 966 2207; x_wconf 88' lang='lat' dir='ltr'><strong>et</strong></span> <span class='ocrx_word' id='word_1_712' title='bbox 986 2178 1064 2212; x_wconf 71' lang='lat' dir='ltr'><strong>ludit,</strong></span> <span class='ocrx_word' id='word_1_713' title='bbox 1088 2180 1150 2207; x_wconf 87' lang='lat' dir='ltr'><strong>talis</strong></span> <span class='ocrx_word' id='word_1_714' title='bbox 1178 2180 1224 2207; x_wconf 85' lang='lat' dir='ltr'><strong>Iiat</strong></span> <span class='ocrx_word' id='word_1_715' title='bbox 1245 2180 1295 2212; x_wconf 85' lang='lat' dir='ltr'><strong>vir,</strong></span> <span class='ocrx_word' id='word_1_716' title='bbox 1321 2179 1508 2206; x_wconf 87' lang='lat' dir='ltr'><strong>habitudinem</strong></span> <span class='ocrx_word' id='word_1_717' title='bbox 1535 2180 1671 2213; x_wconf 86' lang='lat' dir='ltr'><strong>puerilem</strong></span> <span class='ocrx_word' id='word_1_718' title='bbox 1698 2178 1773 2206; x_wconf 76' lang='lat' dir='ltr'><strong>circa</strong></span> 
     </span>
    </p>
   </div>
   <div class='ocr_carea' id='block_1_87' title="bbox 139 2212 1773 2249">
    <p class='ocr_par' dir='ltr' id='par_1_87' title="bbox 139 2212 1773 2249">
     <span class='ocr_line' id='line_1_87' title="bbox 139 2212 1773 2249; baseline 0 -8"><span class='ocrx_word' id='word_1_719' title='bbox 139 2212 273 2242; x_wconf 46' lang='lat' dir='ltr'><strong>tristitias‘</strong></span> <span class='ocrx_word' id='word_1_720' title='bbox 290 2212 458 2249; x_wconf 76' lang='lat' dir='ltr'><strong>repellendas</strong></span> <span class='ocrx_word' id='word_1_721' title='bbox 484 2214 652 2248; x_wconf 84' lang='lat' dir='ltr'><strong>perfectioris</strong></span> <span class='ocrx_word' id='word_1_722' title='bbox 676 2212 773 2241; x_wconf 72' lang='lat' dir='ltr'><strong>animm</strong></span> <span class='ocrx_word' id='word_1_723' title='bbox 789 2214 895 2242; x_wconf 85' lang='lat' dir='ltr'><strong>ratione</strong></span> <span class='ocrx_word' id='word_1_724' title='bbox 919 2219 1100 2242; x_wconf 90' lang='lat' dir='ltr'><strong>commulans.</strong></span> <span class='ocrx_word' id='word_1_725' title='bbox 1126 2214 1257 2242; x_wconf 87' lang='lat' dir='ltr'><strong>Similiter</strong></span> <span class='ocrx_word' id='word_1_726' title='bbox 1281 2215 1357 2241; x_wconf 88' lang='lat' dir='ltr'><strong>dices</strong></span> <span class='ocrx_word' id='word_1_727' title='bbox 1380 2214 1452 2241; x_wconf 88' lang='lat' dir='ltr'><strong>circa</strong></span> <span class='ocrx_word' id='word_1_728' title='bbox 1475 2214 1649 2242; x_wconf 80' lang='lat' dir='ltr'><strong>extollentias</strong></span> <span class='ocrx_word' id='word_1_729' title='bbox 1671 2215 1773 2249; x_wconf 85' lang='lat' dir='ltr'><strong>quibus</strong></span> 
     </span>
    </p>
   </div>
   <div class='ocr_carea' id='block_1_88' title="bbox 137 2248 1773 2284">
    <p class='ocr_par' dir='ltr' id='par_1_88' title="bbox 137 2248 1773 2284">
     <span class='ocr_line' id='line_1_88' title="bbox 137 2248 1773 2284; baseline -0.001 -8"><span class='ocrx_word' id='word_1_730' title='bbox 137 2249 358 2284; x_wconf 71' lang='lat' dir='ltr'><strong>irrationabiliter</strong></span> <span class='ocrx_word' id='word_1_731' title='bbox 378 2248 544 2284; x_wconf 74' lang='lat' dir='ltr'><strong>extolluntur</strong></span> <span class='ocrx_word' id='word_1_732' title='bbox 565 2249 690 2276; x_wconf 88' lang='lat' dir='ltr'><strong>homines</strong></span> <span class='ocrx_word' id='word_1_733' title='bbox 703 2250 749 2284; x_wconf 89' lang='lat' dir='ltr'><strong>qui</strong></span> <span class='ocrx_word' id='word_1_734' title='bbox 765 2257 818 2276; x_wconf 90' lang='lat' dir='ltr'><strong>non</strong></span> <span class='ocrx_word' id='word_1_735' title='bbox 834 2254 896 2276; x_wconf 88' lang='lat' dir='ltr'><strong>sunt</strong></span> <span class='ocrx_word' id='word_1_736' title='bbox 911 2249 969 2281; x_wconf 80' lang='lat' dir='ltr'><strong>Dei,</strong></span> <span class='ocrx_word' id='word_1_737' title='bbox 986 2257 1055 2284; x_wconf 86' lang='lat' dir='ltr'><strong>quas</strong></span> <span class='ocrx_word' id='word_1_738' title='bbox 1070 2249 1145 2283; x_wconf 90' lang='lat' dir='ltr'><strong>pueri</strong></span> <span class='ocrx_word' id='word_1_739' title='bbox 1167 2257 1221 2276; x_wconf 91' lang='lat' dir='ltr'><strong>non</strong></span> <span class='ocrx_word' id='word_1_740' title='bbox 1235 2249 1385 2284; x_wconf 88' lang='lat' dir='ltr'><strong>patiuntur,</strong></span> <span class='ocrx_word' id='word_1_741' title='bbox 1402 2256 1452 2276; x_wconf 90' lang='lat' dir='ltr'><strong>nec</strong></span> <span class='ocrx_word' id='word_1_742' title='bbox 1463 2249 1510 2283; x_wconf 90' lang='lat' dir='ltr'><strong>qui</strong></span> <span class='ocrx_word' id='word_1_743' title='bbox 1525 2250 1651 2284; x_wconf 77' lang='lat' dir='ltr'><strong>conversi</strong></span> <span class='ocrx_word' id='word_1_744' title='bbox 1670 2248 1773 2276; x_wconf 75' lang='lat' dir='ltr'><strong>fuerim</strong></span> 
     </span>
    </p>
   </div>
   <div class='ocr_carea' id='block_1_89' title="bbox 139 2283 1770 2319">
    <p class='ocr_par' dir='ltr' id='par_1_89' title="bbox 139 2283 1770 2319">
     <span class='ocr_line' id='line_1_89' title="bbox 139 2283 1770 2319; baseline -0.001 -8"><span class='ocrx_word' id='word_1_745' title='bbox 139 2285 210 2311; x_wconf 87' lang='lat' dir='ltr'><strong>sicut</strong></span> <span class='ocrx_word' id='word_1_746' title='bbox 228 2285 315 2319; x_wconf 88' lang='lat' dir='ltr'><strong>pueri.</strong></span> <span class='ocrx_word' id='word_1_747' title='bbox 334 2283 367 2310; x_wconf 89' lang='lat' dir='ltr'><strong>Et</strong></span> <span class='ocrx_word' id='word_1_748' title='bbox 383 2283 457 2310; x_wconf 89' lang='lat' dir='ltr'><strong>nulla</strong></span> <span class='ocrx_word' id='word_1_749' title='bbox 480 2290 548 2317; x_wconf 89' lang='lat' dir='ltr'><strong>pene</strong></span> <span class='ocrx_word' id='word_1_750' title='bbox 570 2285 661 2318; x_wconf 88' lang='lat' dir='ltr'><strong>passio</strong></span> <span class='ocrx_word' id='word_1_751' title='bbox 684 2283 756 2319; x_wconf 72' lang='lat' dir='ltr'><strong>cadit</strong></span> <span class='ocrx_word' id='word_1_752' title='bbox 778 2285 804 2311; x_wconf 93' lang='lat' dir='ltr'><strong>in</strong></span> <span class='ocrx_word' id='word_1_753' title='bbox 819 2291 928 2319; x_wconf 85' lang='lat' dir='ltr'><strong>pueros,</strong></span> <span class='ocrx_word' id='word_1_754' title='bbox 952 2283 1098 2319; x_wconf 80' lang='lat' dir='ltr'><strong>antequam</strong></span> <span class='ocrx_word' id='word_1_755' title='bbox 1125 2284 1256 2319; x_wconf 87' lang='lat' dir='ltr'><strong>incipiant</strong></span> <span class='ocrx_word' id='word_1_756' title='bbox 1271 2284 1394 2311; x_wconf 86' lang='lat' dir='ltr'><strong>absolute</strong></span> <span class='ocrx_word' id='word_1_757' title='bbox 1417 2284 1503 2318; x_wconf 86' lang='lat' dir='ltr'><strong>loqui.</strong></span> <span class='ocrx_word' id='word_1_758' title='bbox 1523 2283 1551 2310; x_wconf 84' lang='lat' dir='ltr'><strong>Si</strong></span> <span class='ocrx_word' id='word_1_759' title='bbox 1571 2289 1664 2311; x_wconf 87' lang='lat' dir='ltr'><strong>autem</strong></span> <span class='ocrx_word' id='word_1_760' title='bbox 1682 2285 1770 2315; x_wconf 80' lang='lat' dir='ltr'><strong>nuNa,</strong></span> 
     </span>
    </p>
   </div>
   <div class='ocr_carea' id='block_1_90' title="bbox 137 2318 1773 2353">
    <p class='ocr_par' dir='ltr' id='par_1_90' title="bbox 137 2318 1773 2353">
     <span class='ocr_line' id='line_1_90' title="bbox 137 2318 1773 2353; baseline -0.001 -7"><span class='ocrx_word' id='word_1_761' title='bbox 137 2318 312 2346; x_wconf 79' lang='lat' dir='ltr'><strong>maniféstum</strong></span> <span class='ocrx_word' id='word_1_762' title='bbox 327 2323 368 2346; x_wconf 90' lang='lat' dir='ltr'><strong>est</strong></span> <span class='ocrx_word' id='word_1_763' title='bbox 382 2318 445 2353; x_wconf 84' lang='lat' dir='ltr'><strong>quia</strong></span> <span class='ocrx_word' id='word_1_764' title='bbox 462 2325 512 2345; x_wconf 84' lang='lat' dir='ltr'><strong>nec</strong></span> <span class='ocrx_word' id='word_1_765' title='bbox 526 2318 618 2350; x_wconf 89' lang='lat' dir='ltr'><strong>timor,</strong></span> <span class='ocrx_word' id='word_1_766' title='bbox 631 2319 683 2347; x_wconf 89' lang='lat' dir='ltr'><strong>nisi</strong></span> <span class='ocrx_word' id='word_1_767' title='bbox 695 2318 765 2346; x_wconf 80' lang='lat' dir='ltr'><strong>forte</strong></span> <span class='ocrx_word' id='word_1_768' title='bbox 780 2318 929 2346; x_wconf 81' lang='lat' dir='ltr'><strong>secundum</strong></span> <span class='ocrx_word' id='word_1_769' title='bbox 945 2318 1152 2346; x_wconf 72' lang='lat' dir='ltr'><strong>aestimationem</strong></span> <span class='ocrx_word' id='word_1_770' title='bbox 1167 2318 1325 2346; x_wconf 70' lang='lat' dir='ltr'><strong>caeterarum</strong></span> <span class='ocrx_word' id='word_1_771' title='bbox 1341 2319 1499 2353; x_wconf 89' lang='lat' dir='ltr'><strong>passionum</strong></span> <span class='ocrx_word' id='word_1_772' title='bbox 1515 2318 1583 2346; x_wconf 89' lang='lat' dir='ltr'><strong>levis</strong></span> <span class='ocrx_word' id='word_1_773' title='bbox 1598 2323 1626 2346; x_wconf 88' lang='lat' dir='ltr'><strong>et</strong></span> <span class='ocrx_word' id='word_1_774' title='bbox 1643 2320 1773 2346; x_wconf 77' lang='lat' dir='ltr'><strong>transito-</strong></span> 
     </span>
    </p>
   </div>
   <div class='ocr_carea' id='block_1_91' title="bbox 138 2353 1771 2389">
    <p class='ocr_par' dir='ltr' id='par_1_91' title="bbox 138 2353 1771 2389">
     <span class='ocr_line' id='line_1_91' title="bbox 138 2353 1771 2389; baseline 0.001 -9"><span class='ocrx_word' id='word_1_775' title='bbox 138 2354 207 2382; x_wconf 88' lang='lat' dir='ltr'><strong>rius.</strong></span> <span class='ocrx_word' id='word_1_776' title='bbox 223 2353 302 2382; x_wconf 86' lang='lat' dir='ltr'><strong>Pueri</strong></span> <span class='ocrx_word' id='word_1_777' title='bbox 317 2354 389 2381; x_wconf 90' lang='lat' dir='ltr'><strong>enim</strong></span> <span class='ocrx_word' id='word_1_778' title='bbox 406 2353 507 2380; x_wconf 89' lang='lat' dir='ltr'><strong>malum</strong></span> <span class='ocrx_word' id='word_1_779' title='bbox 527 2354 652 2389; x_wconf 84' lang='lat' dir='ltr'><strong>timorem</strong></span> <span class='ocrx_word' id='word_1_780' title='bbox 674 2361 727 2381; x_wconf 91' lang='lat' dir='ltr'><strong>non</strong></span> <span class='ocrx_word' id='word_1_781' title='bbox 741 2354 892 2388; x_wconf 89' lang='lat' dir='ltr'><strong>patiuntur,</strong></span> <span class='ocrx_word' id='word_1_782' title='bbox 907 2358 1018 2388; x_wconf 87' lang='lat' dir='ltr'><strong>utputa,</strong></span> <span class='ocrx_word' id='word_1_783' title='bbox 1036 2354 1058 2381; x_wconf 89' lang='lat' dir='ltr'><strong>si</strong></span> <span class='ocrx_word' id='word_1_784' title='bbox 1078 2353 1138 2389; x_wconf 89' lang='lat' dir='ltr'><strong>quis</strong></span> <span class='ocrx_word' id='word_1_785' title='bbox 1159 2361 1242 2389; x_wconf 77' lang='lat' dir='ltr'><strong>puero</strong></span> <span class='ocrx_word' id='word_1_786' title='bbox 1263 2354 1446 2381; x_wconf 88' lang='lat' dir='ltr'><strong>commiuetur</strong></span> <span class='ocrx_word' id='word_1_787' title='bbox 1461 2361 1496 2380; x_wconf 89' lang='lat' dir='ltr'><strong>ne</strong></span> <span class='ocrx_word' id='word_1_788' title='bbox 1509 2360 1659 2380; x_wconf 87' lang='lat' dir='ltr'><strong>mammam</strong></span> <span class='ocrx_word' id='word_1_789' title='bbox 1685 2359 1771 2388; x_wconf 79' lang='lat' dir='ltr'><strong>petat,</strong></span> 
     </span>
    </p>
   </div>
   <div class='ocr_carea' id='block_1_92' title="bbox 137 2388 1770 2424">
    <p class='ocr_par' dir='ltr' id='par_1_92' title="bbox 137 2388 1770 2424">
     <span class='ocr_line' id='line_1_92' title="bbox 137 2388 1770 2424; baseline -0.001 -8"><span class='ocrx_word' id='word_1_790' title='bbox 137 2389 179 2416; x_wconf 90' lang='lat' dir='ltr'><strong>vel</strong></span> <span class='ocrx_word' id='word_1_791' title='bbox 196 2397 230 2417; x_wconf 92' lang='lat' dir='ltr'><strong>ne</strong></span> <span class='ocrx_word' id='word_1_792' title='bbox 247 2390 347 2424; x_wconf 90' lang='lat' dir='ltr'><strong>ploret,</strong></span> <span class='ocrx_word' id='word_1_793' title='bbox 365 2392 482 2416; x_wconf 87' lang='lat' dir='ltr'><strong>terretur</strong></span> <span class='ocrx_word' id='word_1_794' title='bbox 501 2388 625 2423; x_wconf 89' lang='lat' dir='ltr'><strong>quidem,</strong></span> <span class='ocrx_word' id='word_1_795' title='bbox 647 2389 694 2416; x_wconf 87' lang='lat' dir='ltr'><strong>sed</strong></span> <span class='ocrx_word' id='word_1_796' title='bbox 720 2390 802 2417; x_wconf 90' lang='lat' dir='ltr'><strong>timor</strong></span> <span class='ocrx_word' id='word_1_797' title='bbox 823 2388 884 2423; x_wconf 80' lang='lat' dir='ltr'><strong>ejus</strong></span> <span class='ocrx_word' id='word_1_798' title='bbox 912 2388 1016 2416; x_wconf 90' lang='lat' dir='ltr'><strong>stabilis</strong></span> <span class='ocrx_word' id='word_1_799' title='bbox 1038 2388 1092 2416; x_wconf 92' lang='lat' dir='ltr'><strong>non</strong></span> <span class='ocrx_word' id='word_1_800' title='bbox 1111 2393 1161 2416; x_wconf 87' lang='lat' dir='ltr'><strong>est.</strong></span> <span class='ocrx_word' id='word_1_801' title='bbox 1176 2388 1209 2416; x_wconf 66' lang='lat' dir='ltr'><strong>&#39;Si</strong></span> <span class='ocrx_word' id='word_1_802' title='bbox 1228 2389 1290 2423; x_wconf 91' lang='lat' dir='ltr'><strong>quis</strong></span> <span class='ocrx_word' id='word_1_803' title='bbox 1311 2392 1401 2416; x_wconf 88' lang='lat' dir='ltr'><strong>autem</strong></span> <span class='ocrx_word' id='word_1_804' title='bbox 1425 2392 1526 2416; x_wconf 82' lang='lat' dir='ltr'><strong>terreat</strong></span> <span class='ocrx_word' id='word_1_805' title='bbox 1541 2395 1658 2422; x_wconf 90' lang='lat' dir='ltr'><strong>puerum</strong></span> <span class='ocrx_word' id='word_1_806' title='bbox 1675 2389 1770 2421; x_wconf 87' lang='lat' dir='ltr'><strong>talem,</strong></span> 
     </span>
    </p>
   </div>
   <div class='ocr_carea' id='block_1_93' title="bbox 174 2443 433 2478">
    <p class='ocr_par' dir='ltr' id='par_1_93' title="bbox 174 2443 433 2478">
     <span class='ocr_line' id='line_1_93' title="bbox 174 2443 433 2478; baseline 0.004 -7"><span class='ocrx_word' id='word_1_807' title='bbox 174 2445 198 2462; x_wconf 78' lang='lat'><strong>“</strong></span> <span class='ocrx_word' id='word_1_808' title='bbox 217 2444 239 2472; x_wconf 90' lang='lat' dir='ltr'><strong>ll</strong></span> <span class='ocrx_word' id='word_1_809' title='bbox 253 2443 317 2472; x_wconf 88' lang='lat' dir='ltr'><strong>Cor.</strong></span> <span class='ocrx_word' id='word_1_810' title='bbox 334 2452 369 2478; x_wconf 86' lang='lat' dir='ltr'><strong>Iv,</strong></span> <span class='ocrx_word' id='word_1_811' title='bbox 390 2445 433 2472; x_wconf 84' lang='grc' dir='ltr'><strong>ΙΟ.</strong></span> 
     </span>
    </p>
   </div>
   <div class='ocr_carea' id='block_1_94' title="bbox 173 2503 924 2541">
    <p class='ocr_par' dir='ltr' id='par_1_94' title="bbox 173 2503 924 2541">
     <span class='ocr_line' id='line_1_94' title="bbox 173 2503 924 2541; baseline 0 -9"><span class='ocrx_word' id='word_1_812' title='bbox 173 2505 230 2541; x_wconf 72' lang='grc'><strong>(26)</strong></span> <span class='ocrx_word' id='word_1_813' title='bbox 249 2505 305 2532; x_wconf 75' lang='grc' dir='ltr'><strong>Καὶ</strong></span> <span class='ocrx_word' id='word_1_814' title='bbox 321 2506 337 2532; x_wconf 88' lang='grc' dir='ltr'><strong><em>ό</em></strong></span> <span class='ocrx_word' id='word_1_815' title='bbox 351 2505 452 2540; x_wconf 80' lang='grc' dir='ltr'><strong>Σωτήρ</strong></span> <span class='ocrx_word' id='word_1_816' title='bbox 467 2515 499 2541; x_wconf 74' lang='grc' dir='ltr'><strong>γε</strong></span> <span class='ocrx_word' id='word_1_817' title='bbox 516 2505 694 2540; x_wconf 74' lang='grc' dir='ltr'>προσέθηκε,</span> <span class='ocrx_word' id='word_1_818' title='bbox 705 2503 877 2541; x_wconf 43' lang='lat' dir='ltr'><strong>elciyticem</strong></span> <span class='ocrx_word' id='word_1_819' title='bbox 892 2505 924 2541; x_wconf 79' lang='lat' dir='ltr'><strong>il-</strong></span> 
     </span>
    </p>
   </div>
   <div class='ocr_carea' id='block_1_95' title="bbox 974 2504 1767 2541">
    <p class='ocr_par' dir='ltr' id='par_1_95' title="bbox 974 2504 1767 2541">
     <span class='ocr_line' id='line_1_95' title="bbox 974 2504 1767 2541; baseline -0.001 -9"><span class='ocrx_word' id='word_1_820' title='bbox 974 2505 1019 2532; x_wconf 91' lang='lat' dir='ltr'><strong>bet</strong></span> <span class='ocrx_word' id='word_1_821' title='bbox 1036 2514 1049 2541; x_wconf 17' lang='lat'><strong>:7</strong></span> <span class='ocrx_word' id='word_1_822' title='bbox 1063 2514 1072 2530; x_wconf 83' lang='grc' dir='ltr'><strong>ι</strong></span> <span class='ocrx_word' id='word_1_823' title='bbox 1088 2504 1121 2532; x_wconf 83' lang='grc' dir='ltr'>Ει</span> <span class='ocrx_word' id='word_1_824' title='bbox 1137 2509 1239 2541; x_wconf 81' lang='lat' dir='ltr'><strong>quanto</strong></span> <span class='ocrx_word' id='word_1_825' title='bbox 1255 2505 1649 2541; x_wconf 78' lang='lat' dir='ltr'><strong>ampliusappropinquaverit</strong></span> <span class='ocrx_word' id='word_1_826' title='bbox 1663 2506 1767 2540; x_wconf 84' lang='lat' dir='ltr'><strong>pueris,</strong></span> 
     </span>
    </p>
   </div>
   <div class='ocr_carea' id='block_1_96' title="bbox 137 2539 923 2577">
    <p class='ocr_par' dir='ltr' id='par_1_96' title="bbox 137 2539 923 2577">
     <span class='ocr_line' id='line_1_96' title="bbox 137 2539 923 2577; baseline -0.004 -9"><span class='ocrx_word' id='word_1_827' title='bbox 137 2539 300 2577; x_wconf 23' lang='grc' dir='ltr'><strong>ιιιιήψΣωτήρ</strong></span> <span class='ocrx_word' id='word_1_828' title='bbox 314 2539 486 2577; x_wconf 82' lang='lat' dir='ltr'><strong>contraxerat</strong></span> <span class='ocrx_word' id='word_1_829' title='bbox 498 2539 625 2577; x_wconf 82' lang='lat' dir='ltr'><strong>librarius</strong></span> <span class='ocrx_word' id='word_1_830' title='bbox 639 2540 742 2577; x_wconf 68' lang='lat' dir='ltr'><strong>codicis</strong></span> <span class='ocrx_word' id='word_1_831' title='bbox 758 2539 923 2577; x_wconf 69' lang='lat' dir='ltr'><strong>Holmiensis</strong></span> 
     </span>
    </p>
   </div>
   <div class='ocr_carea' id='block_1_97' title="bbox 973 2540 1767 2575">
    <p class='ocr_par' dir='ltr' id='par_1_97' title="bbox 973 2540 1767 2575">
     <span class='ocr_line' id='line_1_97' title="bbox 973 2540 1767 2575; baseline -0.001 -8"><span class='ocrx_word' id='word_1_832' title='bbox 973 2540 1104 2568; x_wconf 82' lang='lat' dir='ltr'><strong>recedens</strong></span> <span class='ocrx_word' id='word_1_833' title='bbox 1119 2541 1153 2567; x_wconf 91' lang='lat' dir='ltr'><strong>ab</strong></span> <span class='ocrx_word' id='word_1_834' title='bbox 1167 2540 1324 2574; x_wconf 73' lang='lat' dir='ltr'><strong>huiusmodi</strong></span> <span class='ocrx_word' id='word_1_835' title='bbox 1339 2540 1478 2572; x_wconf 68' lang='lat' dir='ltr'><strong>motibus,</strong></span> <span class='ocrx_word' id='word_1_836' title='bbox 1488 2545 1563 2568; x_wconf 86' lang='lat' dir='ltr'><strong>tanto</strong></span> <span class='ocrx_word' id='word_1_837' title='bbox 1580 2542 1702 2575; x_wconf 84' lang='lat' dir='ltr'><strong>amplius</strong></span> <span class='ocrx_word' id='word_1_838' title='bbox 1718 2548 1767 2566; x_wconf 67' lang='lat' dir='ltr'><strong>cae-</strong></span> 
     </span>
    </p>
   </div>
   <div class='ocr_carea' id='block_1_98' title="bbox 138 2574 923 2611">
    <p class='ocr_par' dir='ltr' id='par_1_98' title="bbox 138 2574 923 2611">
     <span class='ocr_line' id='line_1_98' title="bbox 138 2574 923 2611; baseline -0.004 -8"><span class='ocrx_word' id='word_1_839' title='bbox 138 2576 166 2603; x_wconf 88' lang='lat' dir='ltr'><strong>in</strong></span> <span class='ocrx_word' id='word_1_840' title='bbox 190 2576 255 2611; x_wconf 83' lang='grc' dir='ltr'>Σῆρ,</span> <span class='ocrx_word' id='word_1_841' title='bbox 272 2574 508 2611; x_wconf 78' lang='lat' dir='ltr'><strong>quemadmodum</strong></span> <span class='ocrx_word' id='word_1_842' title='bbox 525 2580 553 2611; x_wconf 82' lang='lat' dir='ltr'><strong>et</strong></span> <span class='ocrx_word' id='word_1_843' title='bbox 573 2575 619 2611; x_wconf 80' lang='lat' dir='ltr'><strong>ille</strong></span> <span class='ocrx_word' id='word_1_844' title='bbox 639 2574 715 2611; x_wconf 70' lang='lat' dir='ltr'><strong>Regii</strong></span> <span class='ocrx_word' id='word_1_845' title='bbox 742 2574 855 2611; x_wconf 64' lang='lat' dir='ltr'><strong>codicis,</strong></span> <span class='ocrx_word' id='word_1_846' title='bbox 876 2574 923 2611; x_wconf 77' lang='lat' dir='ltr'><strong>qui</strong></span> 
     </span>
    </p>
   </div>
   <div class='ocr_carea' id='block_1_99' title="bbox 139 2609 922 2646">
    <p class='ocr_par' dir='ltr' id='par_1_99' title="bbox 139 2609 922 2646">
     <span class='ocr_line' id='line_1_99' title="bbox 139 2609 922 2646; baseline -0.005 -8"><span class='ocrx_word' id='word_1_847' title='bbox 139 2609 324 2646; x_wconf 71' lang='lat' dir='ltr'><strong>tarnen&#39;codex</strong></span> <span class='ocrx_word' id='word_1_848' title='bbox 339 2615 388 2644; x_wconf 83' lang='lat' dir='ltr'><strong>pro</strong></span> <span class='ocrx_word' id='word_1_849' title='bbox 399 2611 418 2646; x_wconf 62' lang='lat'><strong>35</strong></span> <span class='ocrx_word' id='word_1_850' title='bbox 431 2610 488 2646; x_wconf 87' lang='grc' dir='ltr'><strong>Σῆρ</strong></span> <span class='ocrx_word' id='word_1_851' title='bbox 503 2610 618 2637; x_wconf 85' lang='lat' dir='ltr'><strong>habebat</strong></span> <span class='ocrx_word' id='word_1_852' title='bbox 632 2610 665 2646; x_wconf 74' lang='lat' dir='ltr'><strong>ad</strong></span> <span class='ocrx_word' id='word_1_853' title='bbox 676 2609 752 2646; x_wconf 81' lang='lat' dir='ltr'><strong>oram</strong></span> <span class='ocrx_word' id='word_1_854' title='bbox 767 2609 838 2642; x_wconf 82' lang='grc' dir='ltr'>ὅσον,</span> <span class='ocrx_word' id='word_1_855' title='bbox 849 2609 922 2643; x_wconf 89' lang='lat' dir='ltr'><strong>quod</strong></span> 
     </span>
    </p>
   </div>
   <div class='ocr_carea' id='block_1_100' title="bbox 137 2643 924 2679">
    <p class='ocr_par' dir='ltr' id='par_1_100' title="bbox 137 2643 924 2679">
     <span class='ocr_line' id='line_1_100' title="bbox 137 2643 924 2679; baseline 0 -9"><span class='ocrx_word' id='word_1_856' title='bbox 137 2645 312 2673; x_wconf 80' lang='lat' dir='ltr'><strong>verissimum</strong></span> <span class='ocrx_word' id='word_1_857' title='bbox 327 2643 378 2672; x_wconf 77' lang='lat' dir='ltr'><strong>est.</strong></span> <span class='ocrx_word' id='word_1_858' title='bbox 395 2644 441 2671; x_wconf 90' lang='lat' dir='ltr'><strong>Sic</strong></span> <span class='ocrx_word' id='word_1_859' title='bbox 454 2643 519 2679; x_wconf 77' lang='lat' dir='ltr'><strong>ergo</strong></span> <span class='ocrx_word' id='word_1_860' title='bbox 533 2643 700 2679; x_wconf 84' lang='lat' dir='ltr'><strong>totumillud</strong></span> <span class='ocrx_word' id='word_1_861' title='bbox 713 2651 818 2679; x_wconf 82' lang='lat' dir='ltr'><strong>comma</strong></span> <span class='ocrx_word' id='word_1_862' title='bbox 834 2651 924 2679; x_wconf 63' lang='lat' dir='ltr'><strong>edien-</strong></span> 
     </span>
    </p>
   </div>
   <div class='ocr_carea' id='block_1_101' title="bbox 138 2677 923 2715">
    <p class='ocr_par' dir='ltr' id='par_1_101' title="bbox 138 2677 923 2715">
     <span class='ocr_line' id='line_1_101' title="bbox 138 2677 923 2715; baseline -0.003 -9"><span class='ocrx_word' id='word_1_863' title='bbox 138 2680 257 2715; x_wconf 74' lang='lat' dir='ltr'><strong>dauduu)</strong></span> <span class='ocrx_word' id='word_1_864' title='bbox 273 2685 325 2712; x_wconf 89' lang='lat' dir='ltr'><strong>est,</strong></span> <span class='ocrx_word' id='word_1_865' title='bbox 343 2680 398 2715; x_wconf 68' lang='grc' dir='ltr'><strong>Καὶ</strong></span> <span class='ocrx_word' id='word_1_866' title='bbox 410 2680 472 2706; x_wconf 83' lang='grc' dir='ltr'>ὅσον</span> <span class='ocrx_word' id='word_1_867' title='bbox 487 2677 519 2713; x_wconf 71' lang='grc' dir='ltr'>Ῠε</span> <span class='ocrx_word' id='word_1_868' title='bbox 533 2678 684 2715; x_wconf 81' lang='grc' dir='ltr'>προσέθηκε</span> <span class='ocrx_word' id='word_1_869' title='bbox 696 2679 729 2715; x_wconf 80' lang='grc' dir='ltr'><strong>τῇ</strong></span> <span class='ocrx_word' id='word_1_870' title='bbox 741 2678 794 2705; x_wconf 88' lang='grc' dir='ltr'><strong>τῶν</strong></span> <span class='ocrx_word' id='word_1_871' title='bbox 809 2677 923 2715; x_wconf 76' lang='grc' dir='ltr'>παιδίων</span> 
     </span>
    </p>
   </div>
   <div class='ocr_carea' id='block_1_102' title="bbox 139 2712 923 2750">
    <p class='ocr_par' dir='ltr' id='par_1_102' title="bbox 139 2712 923 2750">
     <span class='ocr_line' id='line_1_102' title="bbox 139 2712 923 2750; baseline -0.003 -10"><span class='ocrx_word' id='word_1_872' title='bbox 139 2714 204 2750; x_wconf 59' lang='grc' dir='ltr'>περι</span> <span class='ocrx_word' id='word_1_873' title='bbox 219 2713 413 2750; x_wconf 33' lang='grc' dir='ltr'><strong>τῶνμτοιούτων</strong></span> <span class='ocrx_word' id='word_1_874' title='bbox 434 2712 600 2750; x_wconf 80' lang='grc' dir='ltr'>κινημάτὼν</span> <span class='ocrx_word' id='word_1_875' title='bbox 614 2712 791 2750; x_wconf 67' lang='grc' dir='ltr'>καταστάσει,</span> <span class='ocrx_word' id='word_1_876' title='bbox 804 2712 923 2750; x_wconf 40' lang='lat' dir='ltr'><strong>secessui</strong></span> 
     </span>
    </p>
   </div>
   <div class='ocr_carea' id='block_1_103' title="bbox 142 2747 925 2815">
    <p class='ocr_par' dir='ltr' id='par_1_103' title="bbox 142 2747 925 2815">
     <span class='ocr_line' id='line_1_103' title="bbox 142 2747 925 2788; baseline 0 -16"><span class='ocrx_word' id='word_1_877' title='bbox 142 2747 242 2782; x_wconf 70' lang='grc' dir='ltr'>μᾶλλον</span> <span class='ocrx_word' id='word_1_878' title='bbox 254 2748 307 2775; x_wconf 81' lang='grc' dir='ltr'><strong>τῶν</strong></span> <span class='ocrx_word' id='word_1_879' title='bbox 321 2747 546 2780; x_wconf 54' lang='grc' dir='ltr'>ἀσκούντωνίόιαὶ</span> <span class='ocrx_word' id='word_1_880' title='bbox 562 2749 608 2776; x_wconf 73' lang='grc' dir='ltr'><strong>ἐπὶ</strong></span> <span class='ocrx_word' id='word_1_881' title='bbox 620 2748 745 2774; x_wconf 84' lang='grc' dir='ltr'>τοσοῦτον</span> <span class='ocrx_word' id='word_1_882' title='bbox 766 2748 816 2774; x_wconf 79' lang='grc' dir='ltr'><strong>οὐκ</strong></span> <span class='ocrx_word' id='word_1_883' title='bbox 829 2747 925 2788; x_wconf 59' lang='grc' dir='ltr'>ἐληλα-</span> 
     </span>
     <span class='ocr_line' id='line_1_104' title="bbox 142 2782 925 2815; baseline 0.001 -9"><span class='ocrx_word' id='word_1_884' title='bbox 142 2782 228 2807; x_wconf 79' lang='grc' dir='ltr'><strong>κότων</strong></span> <span class='ocrx_word' id='word_1_885' title='bbox 249 2783 423 2815; x_wconf 79' lang='grc' dir='ltr'>σωφροσύνης</span> <span class='ocrx_word' id='word_1_886' title='bbox 437 2783 537 2815; x_wconf 80' lang='grc' dir='ltr'>μείζων</span> <span class='ocrx_word' id='word_1_887' title='bbox 558 2784 630 2810; x_wconf 75' lang='grc' dir='ltr'><strong>ἐστὶν</strong></span> <span class='ocrx_word' id='word_1_888' title='bbox 644 2784 673 2810; x_wconf 79' lang='grc' dir='ltr'><strong>ὲν</strong></span> <span class='ocrx_word' id='word_1_889' title='bbox 686 2784 718 2815; x_wconf 83' lang='grc' dir='ltr'><strong>τῇ</strong></span> <span class='ocrx_word' id='word_1_890' title='bbox 736 2782 858 2815; x_wconf 81' lang='grc' dir='ltr'>βασιλείᾳ</span> <span class='ocrx_word' id='word_1_891' title='bbox 871 2790 925 2808; x_wconf 89' lang='grc' dir='ltr'><strong>των</strong></span> 
     </span>
    </p>
   </div>
   <div class='ocr_carea' id='block_1_104' title="bbox 142 2789 926 2810">
    <p class='ocr_par' dir='ltr' id='par_1_104' title="bbox 142 2789 926 2810">
     <span class='ocr_line' id='line_1_105' title="bbox 142 2789 926 2810; baseline 0.001 -3"><span class='ocrx_word' id='word_1_892' title='bbox 142 2789 228 2807; x_wconf 80' lang='grc' dir='ltr'>κοτων</span> <span class='ocrx_word' id='word_1_893' title='bbox 249 2789 423 2810; x_wconf 68' lang='grc' dir='ltr'>σωφροσύνης</span> <span class='ocrx_word' id='word_1_894' title='bbox 438 2789 537 2810; x_wconf 69' lang='grc' dir='ltr'><strong>μείζων</strong></span> <span class='ocrx_word' id='word_1_895' title='bbox 558 2789 630 2810; x_wconf 79' lang='grc' dir='ltr'>εστὶν</span> <span class='ocrx_word' id='word_1_896' title='bbox 644 2789 673 2810; x_wconf 76' lang='grc' dir='ltr'><strong>εν</strong></span> <span class='ocrx_word' id='word_1_897' title='bbox 686 2789 718 2810; x_wconf 72' lang='grc' dir='ltr'><strong>τῆ</strong></span> <span class='ocrx_word' id='word_1_898' title='bbox 737 2789 858 2810; x_wconf 69' lang='grc' dir='ltr'>βασιλεια</span> <span class='ocrx_word' id='word_1_899' title='bbox 871 2790 926 2808; x_wconf 89' lang='grc' dir='ltr'><strong>των</strong></span> 
     </span>
    </p>
   </div>
   <div class='ocr_carea' id='block_1_105' title="bbox 142 2783 925 2854">
    <p class='ocr_par' dir='ltr' id='par_1_105' title="bbox 142 2783 925 2854">
     <span class='ocr_line' id='line_1_106' title="bbox 142 2783 925 2842; baseline 0.001 -36"><span class='ocrx_word' id='word_1_900' title='bbox 142 2783 242 2823; x_wconf 48' lang='grc' dir='ltr'><strong>κοτων-</strong></span> <span class='ocrx_word' id='word_1_901' title='bbox 249 2783 423 2842; x_wconf 61' lang='grc' dir='ltr'>σωφροσύνης</span> <span class='ocrx_word' id='word_1_902' title='bbox 437 2783 537 2824; x_wconf 75' lang='grc' dir='ltr'>μείζων</span> <span class='ocrx_word' id='word_1_903' title='bbox 558 2784 630 2824; x_wconf 63' lang='grc' dir='ltr'><strong>ἐστὶν</strong></span> <span class='ocrx_word' id='word_1_904' title='bbox 644 2784 673 2810; x_wconf 79' lang='grc' dir='ltr'><strong>ὲν</strong></span> <span class='ocrx_word' id='word_1_905' title='bbox 686 2784 718 2818; x_wconf 82' lang='grc' dir='ltr'><strong>τῇ</strong></span> <span class='ocrx_word' id='word_1_906' title='bbox 736 2783 858 2823; x_wconf 77' lang='grc' dir='ltr'>βασιλείᾳ</span> <span class='ocrx_word' id='word_1_907' title='bbox 871 2783 925 2808; x_wconf 85' lang='grc' dir='ltr'><strong>τῶν</strong></span> 
     </span>
     <span class='ocr_line' id='line_1_107' title="bbox 142 2816 925 2854; baseline 0.005 -13"><span class='ocrx_word' id='word_1_908' title='bbox 142 2823 272 2850; x_wconf 77' lang='grc' dir='ltr'>ουρανων.</span> <span class='ocrx_word' id='word_1_909' title='bbox 304 2816 338 2845; x_wconf 87' lang='lat' dir='ltr'><strong>lls</strong></span> <span class='ocrx_word' id='word_1_910' title='bbox 351 2822 483 2846; x_wconf 76' lang='lat' dir='ltr'><strong>consentit</strong></span> <span class='ocrx_word' id='word_1_911' title='bbox 498 2823 574 2847; x_wconf 85' lang='lat' dir='ltr'><strong>vetus</strong></span> <span class='ocrx_word' id='word_1_912' title='bbox 588 2822 730 2854; x_wconf 78' lang='lat' dir='ltr'><strong>Interprcs,</strong></span> <span class='ocrx_word' id='word_1_913' title='bbox 750 2825 797 2853; x_wconf 87' lang='lat' dir='ltr'><strong>qut</strong></span> <span class='ocrx_word' id='word_1_914' title='bbox 811 2825 851 2846; x_wconf 67' lang='grc' dir='ltr'><strong>διε</strong></span> <span class='ocrx_word' id='word_1_915' title='bbox 876 2816 925 2845; x_wconf 85' lang='lat' dir='ltr'><strong>ha-</strong></span> 
     </span>
    </p>
   </div>
   <div class='ocr_carea' id='block_1_106' title="bbox 974 2575 1768 2610">
    <p class='ocr_par' dir='ltr' id='par_1_106' title="bbox 974 2575 1768 2610">
     <span class='ocr_line' id='line_1_108' title="bbox 974 2575 1768 2610; baseline 0 -9"><span class='ocrx_word' id='word_1_916' title='bbox 974 2575 1039 2603; x_wconf 89' lang='lat' dir='ltr'><strong>teris</strong></span> <span class='ocrx_word' id='word_1_917' title='bbox 1065 2575 1283 2608; x_wconf 83' lang='lat' dir='ltr'><strong>continentibus,</strong></span> <span class='ocrx_word' id='word_1_918' title='bbox 1308 2580 1335 2603; x_wconf 89' lang='lat' dir='ltr'><strong>et</strong></span> <span class='ocrx_word' id='word_1_919' title='bbox 1363 2576 1396 2603; x_wconf 90' lang='lat' dir='ltr'><strong>ad</strong></span> <span class='ocrx_word' id='word_1_920' title='bbox 1422 2575 1573 2610; x_wconf 80' lang='lat' dir='ltr'><strong>perfectum</strong></span> <span class='ocrx_word' id='word_1_921' title='bbox 1591 2577 1768 2610; x_wconf 66' lang='lat' dir='ltr'><strong>continentia:</strong></span> 
     </span>
    </p>
   </div>
   <div class='ocr_carea' id='block_1_107' title="bbox 975 2609 1744 2645">
    <p class='ocr_par' dir='ltr' id='par_1_107' title="bbox 975 2609 1744 2645">
     <span class='ocr_line' id='line_1_109' title="bbox 975 2609 1744 2645; baseline 0 -9"><span class='ocrx_word' id='word_1_922' title='bbox 975 2610 1122 2637; x_wconf 85' lang='lat' dir='ltr'><strong>ascendere</strong></span> <span class='ocrx_word' id='word_1_923' title='bbox 1137 2610 1366 2645; x_wconf 17' lang='lat' dir='ltr'><strong>rnonfvalentibus</strong></span> <span class='ocrx_word' id='word_1_924' title='bbox 1382 2609 1469 2645; x_wconf 74' lang='lat' dir='ltr'><strong>major</strong></span> <span class='ocrx_word' id='word_1_925' title='bbox 1488 2611 1614 2638; x_wconf 82' lang='lat' dir='ltr'><strong>habetur.</strong></span> <span class='ocrx_word' id='word_1_926' title='bbox 1630 2619 1639 2636; x_wconf 84' lang='grc' dir='ltr'><strong>ι</strong></span> <span class='ocrx_word' id='word_1_927' title='bbox 1657 2609 1744 2637; x_wconf 70' lang='lat' dir='ltr'><strong>[iur-2r.</strong></span> 
     </span>
    </p>
   </div>
   <div class='ocr_carea' id='block_1_108' title="bbox 1008 2644 1588 2681">
    <p class='ocr_par' dir='ltr' id='par_1_108' title="bbox 1008 2644 1588 2681">
     <span class='ocr_line' id='line_1_110' title="bbox 1008 2644 1588 2681; baseline -0.002 -10"><span class='ocrx_word' id='word_1_928' title='bbox 1008 2645 1065 2681; x_wconf 71' lang='lat'><strong>(25)</strong></span> <span class='ocrx_word' id='word_1_929' title='bbox 1085 2644 1176 2681; x_wconf 59' lang='lat' dir='ltr'><strong>Codex</strong></span> <span class='ocrx_word' id='word_1_930' title='bbox 1197 2644 1308 2681; x_wconf 68' lang='lat' dir='ltr'><strong>Regius,</strong></span> <span class='ocrx_word' id='word_1_931' title='bbox 1323 2645 1353 2671; x_wconf 81' lang='grc' dir='ltr'><strong>τὸ</strong></span> <span class='ocrx_word' id='word_1_932' title='bbox 1370 2644 1456 2681; x_wconf 79' lang='grc' dir='ltr'>βραχὺ</span> <span class='ocrx_word' id='word_1_933' title='bbox 1470 2645 1588 2672; x_wconf 72' lang='grc' dir='ltr'>παιδίον.</span> 
     </span>
    </p>
   </div>
   <div class='ocr_carea' id='block_1_109' title="bbox 1009 2678 1287 2714">
    <p class='ocr_par' dir='ltr' id='par_1_109' title="bbox 1009 2678 1287 2714">
     <span class='ocr_line' id='line_1_111' title="bbox 1009 2678 1287 2714; baseline 0.004 -9"><span class='ocrx_word' id='word_1_934' title='bbox 1009 2680 1065 2714; x_wconf 69' lang='grc'><strong>(26)</strong></span> <span class='ocrx_word' id='word_1_935' title='bbox 1086 2678 1169 2712; x_wconf 89' lang='lat' dir='ltr'><strong>Idem,</strong></span> <span class='ocrx_word' id='word_1_936' title='bbox 1184 2678 1287 2707; x_wconf 84' lang='grc' dir='ltr'>παιδία.</span> 
     </span>
    </p>
   </div>
   <div class='ocr_carea' id='block_1_110' title="bbox 1013 2714 1763 2750">
    <p class='ocr_par' dir='ltr' id='par_1_110' title="bbox 1013 2714 1763 2750">
     <span class='ocr_line' id='line_1_112' title="bbox 1013 2714 1763 2750; baseline 0 -10"><span class='ocrx_word' id='word_1_937' title='bbox 1013 2715 1067 2750; x_wconf 16' lang='grc'><strong>(277)</strong></span> <span class='ocrx_word' id='word_1_938' title='bbox 1087 2714 1177 2742; x_wconf 85' lang='lat' dir='ltr'><strong>Codex</strong></span> <span class='ocrx_word' id='word_1_939' title='bbox 1196 2715 1371 2748; x_wconf 84' lang='lat' dir='ltr'><strong>Tarinianus,</strong></span> <span class='ocrx_word' id='word_1_940' title='bbox 1383 2714 1623 2749; x_wconf 82' lang='grc' dir='ltr'>ἀποδεδειγμένοις</span> <span class='ocrx_word' id='word_1_941' title='bbox 1635 2716 1763 2750; x_wconf 69' lang='grc' dir='ltr'>νοήσειεν.</span> 
     </span>
    </p>
   </div>
   <div class='ocr_carea' id='block_1_111' title="bbox 978 2747 1764 2810">
    <p class='ocr_par' dir='ltr' id='par_1_111' title="bbox 978 2747 1764 2810">
     <span class='ocr_line' id='line_1_113' title="bbox 978 2747 1764 2810; baseline 0.003 -35"><span class='ocrx_word' id='word_1_942' title='bbox 978 2747 1079 2810; x_wconf 39' lang='lat' dir='ltr'><strong>agnus</strong></span> <span class='ocrx_word' id='word_1_943' title='bbox 1103 2750 1185 2778; x_wconf 82' lang='lat' dir='ltr'><strong>etiam</strong></span> <span class='ocrx_word' id='word_1_944' title='bbox 1210 2750 1291 2779; x_wconf 85' lang='lat' dir='ltr'><strong>habet</strong></span> <span class='ocrx_word' id='word_1_945' title='bbox 1313 2751 1444 2785; x_wconf 83' lang='grc' dir='ltr'>νοήσειεν.</span> <span class='ocrx_word' id='word_1_946' title='bbox 1463 2747 1690 2785; x_wconf 57' lang='grc' dir='ltr'>δικίίοεοηόιιιὶι</span> <span class='ocrx_word' id='word_1_947' title='bbox 1703 2757 1764 2785; x_wconf 64' lang='grc' dir='ltr'>νοηε</span> 
     </span>
     <span class='ocr_line' id='line_1_114' title="bbox 1020 2792 1058 2810; baseline 0.026 -1"><span class='ocrx_word' id='word_1_948' title='bbox 1020 2792 1058 2810; x_wconf 80' lang='grc' dir='ltr'>εν.</span> 
     </span>
    </p>
   </div>
   <div class='ocr_carea' id='block_1_112' title="bbox 995 2792 1058 2810">
    <p class='ocr_par' dir='ltr' id='par_1_112' title="bbox 995 2792 1058 2810">
     <span class='ocr_line' id='line_1_115' title="bbox 995 2792 1058 2810; baseline 0.016 -1"><span class='ocrx_word' id='word_1_949' title='bbox 995 2792 1058 2810; x_wconf 79' lang='grc' dir='ltr'>ειεν.</span> 
     </span>
    </p>
   </div>
  </div>
