1859 3051
87 130 161 159 1157

583 133 759 162 COMMENT.
782 132 813 161 lN
833 131 1038 161 MATTH/EUM
1058 130 1176 159 TOMUS
1190 129 1261 157 XIII.

1649 128 1718 156 1158

87 190 137 218 καὶ
149 191 205 218 τῶν
217 190 357 227 ὀνομάτων
369 191 491 226 ἐκείνων,
506 192 629 228 λέγουσιν
640 192 708 221 εἶναι
718 195 809 229 φόϐον·
825 192 877 221 οἷον

965 201 1025 221 cum
1048 193 1089 228 agi
1114 191 1264 228 putandum
1277 189 1302 218 ei
1317 189 1361 218 sit.
1395 189 1434 216 Ac
1450 188 1484 216 de
1499 187 1596 216 timore
1608 188 1716 223 quidem

87 236 117 264 δὲ
131 238 178 264 καὶ
190 238 221 264 τὸ
234 237 287 265 τῶν
302 239 417 266 παιδίων
430 240 618 275 ἀμνησίκακον
630 240 694 276 παρ’
709 241 808 273 αὐτοὺς
818 241 880 273 τοὺς

87 282 144 309 τῶν
165 283 290 318 δακρύων
312 286 435 320 καιροὺς,
458 286 487 312 ὲν
507 286 605 322 ἀκαρεῖ
627 286 879 322 μεταϐαλλομένων,

89 329 137 355 καὶ
152 329 304 363 γελώντων,
323 330 370 357 καὶ
384 330 592 366 συμπαιζόντων
607 332 664 363 τοῖς
693 331 880 367 νομιζομένοις

87 374 281 410 λελυπηκέναι,
306 377 352 404 καὶ
376 376 571 412 πεφοὸηκθαι,
594 377 652 404 ἀλλ’
677 377 707 404 οὐ
735 377 806 405 κατὰ
831 378 881 413 τὴν

88 420 220 456 ἀλήθειαν
234 422 321 449 ταῦτα
333 423 518 458 ὲνεργηκόσιν.
531 422 608 450 Οὕτω
618 423 645 450 δὲ
661 423 708 450 καὶ
717 423 881 451 ταπεινώσει

89 467 187 494 ἑαυτόν
198 476 251 500 τις,
265 467 303 499 ὡς
320 468 334 494 ὃ
345 468 563 503 προσεκαλέσατο
578 469 593 495 6
603 468 706 504 Ἰησοῦς
719 468 833 496 παιδίον-
850 470 880 495 οὐ

88 513 146 548 γὰρ
165 513 258 539 πίπτει
276 513 494 549 ὑψηλοφροσύνη,
520 513 567 540 καὶ
589 513 677 550 οῐησις
697 515 843 548 εὐγενείας,
864 515 880 550 ἦ

89 557 218 590 πλούτου,
231 558 248 593 ἦ
260 567 332 589 τινος
348 558 401 584 τῶν
416 559 599 594 νομιζομένων
615 559 674 594 μὲν,
690 559 739 586 οὐκ
755 559 838 586 ὅντων
853 559 881 586 δὲ

88 603 202 637 ἀγαθῶν
224 604 263 635 είς
287 603 402 630 παιδίον·
424 603 518 639 διόπερ
543 604 619 631 ἔστιν
642 604 704 631 [δεῖν
724 605 758 632 τὰ
783 606 880 641 κομιδῆ

87 649 175 684 νήπια
201 649 280 684 μέχρι
303 649 386 684 τριῶν
409 649 456 675 καὶ
475 649 612 685 τεττάρων
633 649 700 676 ὲτῶν
724 651 805 685 ὃμοια
823 652 880 683 rei;

88 694 214 728 ἀτενέσι,
237 694 287 721 κᾶν
305 694 403 729 εὐγενῆ
418 692 486 721 εἶναι
497 695 573 729 δοκῇ,
585 695 633 721 καὶ
646 695 682 730 μὴ
700 695 799 730 μᾶλλον
811 696 879 722 πάν-

88 748 145 771 τως
161 739 248 773 φιλεῖν
264 739 393 766 δοκοῦντα
410 739 444 765 τὰ
458 739 574 766 πλούσια
588 739 681 766 παιδία
694 740 770 776 παρὰ
783 740 817 767 τὰ
831 749 881 767 πε-

88 784 181 820 νιχρά.
206 785 269 812 Ἐὰν
284 783 331 811 οὖν
342 784 500 820 ὅπερπαρὰ
516 785 565 820 τὴν
583 785 690 820 ἡλικίαν
708 785 765 820 (28)
783 785 883 821 πάσχει

88 830 123 857 τὰ
140 831 234 858 παιδία
250 831 319 867 πρὸς
332 831 367 858 τὰ
383 832 446 863 τοὺς
462 831 591 866 ἀνοήτους
606 831 754 867 ἐπαίροντα
769 831 882 858 τοιαῦτα

936 240 1035 268 similia
1052 239 1085 267 iis
1101 238 1287 273 intelligantur
1300 244 1361 272 quae
1374 243 1456 271 supra
1473 235 1719 267 tradidimus,pue—

911 306 913 310 .
934 291 980 312 ros
995 284 1120 312 videlicet
1143 283 1277 310 malorum
1291 281 1390 308 timore
1411 286 1583 314 nequaquam
1596 277 1718 313 percelli,

935 334 962 357 at
978 330 1070 364 aliquo
1083 328 1135 356 alio
1149 349 1156 361 ,
1175 327 1247 362 quod
1263 332 1352 354 tamen
1370 326 1495 353 timorem
1507 323 1659 359 appellant,
1672 323 1718 357 qui

935 376 968 403 de
989 375 1073 402 animi
1099 373 1363 409 perturbationibus,
1390 378 1540 405 eorumque
1560 368 1720 396 nominibus

935 425 1062 449 accurate
1087 420 1283 450 disseruerunt,
1305 417 1459 452 cuiusmodi
1483 422 1629 451 puerorum
1651 421 1722 449 quo-

935 475 987 502 que
1010 472 1067 500 est,
1095 465 1165 493 inter
1187 465 1260 499 ipsas
1288 464 1370 492 etiam
1397 463 1531 498 lacrymas
1557 461 1720 496 iniuriarum

935 514 1047 546 oblivio,
1062 513 1109 548 qui
1128 511 1259 546 temporis
1271 514 1371 545 puncto
1389 509 1568 536 itnmutantur
1582 510 1610 534 et
1620 506 1720 539 rident,

935 567 1052 594 cumque
1078 559 1111 586 iis
1133 558 1229 585 ludunt
1251 557 1297 592 qui
1319 556 1417 582 timore
1439 561 1487 581 eos
1504 553 1627 581 atl‘ecisse
1643 557 1670 580 et
1684 552 1721 578 ti-

935 613 1037 633 morem
1055 604 1204 632 incussisse
1217 602 1379 630 videbantur
1390 621 1397 634 ,
1413 599 1460 627 sed
1475 606 1569 626 revera
1582 598 1651 625 nihil
1668 598 1723 625 tale

935 650 1066 678 fecerant.
1095 650 1135 677 Ad
1158 649 1282 677 eumdem
1298 655 1362 675 vero
1376 645 1486 674 modum
1503 652 1532 673 se
1547 645 1679 680 deprimet
1694 648 1724 671 et

935 696 1045 732 abjiciet
1067 695 1202 730 quispiam
1213 714 1221 727 ,
1238 694 1272 721 ad
1288 701 1369 728 quem
1387 700 1415 720 se
1431 691 1525 726 abjicit
1548 698 1616 726 puer
1638 697 1720 725 quem

935 741 1014 770 Iesus
1030 741 1191 774 accersivit;
1209 741 1237 768 in
1252 747 1367 775 puerum
1390 739 1524 773 siquidem
1547 744 1635 772 neque
1648 735 1722 763 cadit

936 786 1082 821 superbia,
1109 792 1197 820 neque
1219 784 1343 820 generis,
1367 783 1558 811 divitiarumve
1590 788 1722 816 arrogans

936 833 1113 866 existimatio,
1125 837 1173 860 aut
1187 831 1302 866 alicujus
1317 838 1350 858 ex
1365 830 1400 858 iis
1414 829 1503 862 bonis,
1517 835 1578 864 qua:
1593 826 1722 862 opinione

89 876 177 912 πάθη,
196 877 249 903 ἀπὸ
263 877 343 911 λόγου
360 878 374 903 6
389 877 435 903 τοῦ
459 876 546 912 Ἰησοῦ
562 877 684 912 μαθητὴς
699 877 877 904 ἐταπείνωσεν

965 878 1045 906 iidem
1069 877 1131 904 talia
1146 880 1226 909 sunt,
1242 883 1336 903 revera
1350 882 1405 902 non
1421 877 1485 901 sunt
1502 882 1509 900 :
1527 872 1598 899 unde
1621 878 1722 907 pueru-

88 920 199 953 δαυτὸν,
223 921 260 953 ὡς
282 921 296 947 ὃ
319 921 416 955 ἔδειξεν
432 923 446 948 6
475 921 578 958 Ἰησοῦς
599 922 715 955 παιδίον,
739 923 788 949 οὺχ
803 923 882 950 ἐπαι-

91 967 206 1002 ρόμενος
221 967 268 994 ἐπὶ
288 968 412 1003 δοξαρίῳ,
429 968 490 995 οὐδὲ
507 968 687 1004 φυσιούμενος
703 970 749 995 ἐπὶ
766 969 881 1004 πλούτῳ,

88 1011 145 1037 οὐδ’
170 1011 216 1037 ἐπὶ
239 1012 379 1048 περιϐολῇ,
405 1012 465 1039 οὐδὲ
489 1012 654 1048 ὁγκοὺμενος
679 1014 725 1040 ἐπὶ
748 1014 882 1050 εὐγενείᾳ,

91 1056 212 1091 μάλιστα
227 1057 255 1084 δὲ
271 1058 344 1091 τοὺς,
361 1058 398 1090 ὡς
412 1059 426 1084 ὁ
440 1059 526 1093 Λόγος
540 1058 673 1093 ἀπέδειξε,
698 1060 880 1094 στραφέντας,

87 1101 127 1134 ὡς
154 1102 171 1128 ὃ
194 1103 376 1138 προσελάϐετο
400 1104 414 1130 6
447 1104 551 1140 Ἰησοῦς
573 1104 690 1137 παιδίον,
719 1105 883 1132 ἀποδεκτέον

88 1149 138 1175 xal.
161 1150 294 1184 μιμητέον
308 1151 355 1176 ἐπὶ
369 1151 408 1186 τῷ
434 1151 522 1187 Ἰησοῦ
536 1152 659 1187 ὀνόματι,
680 1152 742 1179 ἐπεὶ
765 1152 882 1188 μάλιστα

88 1194 118 1220 ὲν
131 1193 236 1225 τούτοις
252 1195 324 1221 ἐστὶν
341 1195 355 1220 6
373 1195 499 1231 Χριστὸς,
518 1196 564 1222 καὶ
582 1196 626 1223 διὰ
642 1196 721 1223 τοῦτο
735 1196 808 1231 λέγει
828 1197 859 1224 τό
872 1205 878 1213 '

91 1248 101 1265 ι
121 1240 177 1266 Καὶ
192 1239 222 1271 ὃς
236 1240 268 1267 ἂν
289 1240 397 1276 δέξηται
416 1241 444 1268 ἓν
462 1242 567 1269 παιδίον
586 1241 691 1270 τοιοῦτο
710 1243 757 1270 ἐπὶ
771 1243 810 1278 τῷ
824 1243 882 1270 ὀνό-

91 1284 159 1320 ματί
176 1294 237 1320 μου,
255 1287 304 1322 ἐμὲ
316 1287 433 1322 δέχεται.
451 1297 461 1313 ι

936 923 978 951 los
994 923 1093 958 oppido
1116 922 1233 950 infantes
1252 921 1342 949 videre
1359 921 1424 948 licet
1447 919 1479 947 ad
1503 919 1611 947 tertium
1637 925 1722 952 quar-

937 972 1027 996 tumve
1048 967 1137 995 attatis
1158 974 1260 994 annum
1279 965 1457 1001 ignobilibus,
1481 968 1508 992 et
1530 964 1648 991 obscuro
1661 962 1721 990 loco

936 1013 1015 1041 editis
1027 1014 1119 1049 pueris
1133 1013 1238 1041 similes
1249 1032 1256 1045 ,
1274 1011 1382 1040 etiamsi
1397 1009 1520 1047 generosi
1533 1017 1594 1037 esse
1607 1008 1720 1036 videan-

937 1064 992 1092 tur,
1008 1067 1058 1087 nec
1071 1059 1157 1094 magis
1169 1062 1293 1086 amantes
1309 1065 1409 1092 pueros
1424 1057 1469 1091 qui
1483 1055 1609 1083 videntur
1623 1054 1722 1082 ﬂorere

935 1106 1050 1141 opibus,
1067 1113 1150 1140 quam
1166 1112 1277 1140 egenos.
1306 1103 1335 1131 Si
1349 1111 1414 1139 ergo
1428 1102 1492 1131 Jesu
1507 1101 1658 1136 discipulus
1675 1108 1721 1127 ra-

933 1152 1007 1179 tione
1029 1151 1162 1179 adductus
1178 1158 1208 1178 se
1229 1150 1304 1185 ipse,
1323 1149 1397 1177 velut
1416 1156 1488 1184 puer
1505 1155 1586 1183 quem
1603 1145 1723 1174 Ostendit

934 1197 1024 1231 Jesus,
1052 1197 1232 1233 depresserit;
1248 1196 1275 1224 id
1287 1196 1360 1231 quod
1374 1195 1466 1231 pueris
1487 1199 1598 1229 propter
1612 1197 1723 1220 aetatem

934 1243 1067 1279 contingit
1079 1244 1151 1271 circa
1165 1251 1212 1270 eos
1225 1242 1338 1270 affectus
1349 1242 1448 1277 quibus
1464 1241 1613 1268 etl‘eruntur
1626 1238 1719 1270 stulti;

934 1289 1052 1325 gloriola
1074 1297 1128 1316 non
1149 1289 1291 1324 turgidus,
1309 1295 1402 1323 neque
1421 1291 1532 1322 propter
1553 1285 1661 1313 divitias
1673 1289 1722 1311 aut

88 1333 286 1362 vestimentum
309 1334 431 1368 inﬂatus,
454 1335 495 1362 vel
520 1336 626 1371 generis
646 1336 787 1364 nobilitate
810 1336 1013 1371 intumescens,
1043 1337 1061 1364 ii
1089 1336 1262 1372 potissimum
1286 1335 1313 1362 in
1339 1335 1449 1362 nomine
1463 1333 1528 1361 Jcsu
1553 1331 1721 1366 suscipiendi

88 1386 116 1407 et
131 1380 254 1409 imitandi
272 1387 351 1414 sunt,
375 1383 422 1417 qui
444 1382 523 1418 593
549 1383 620 1411 sicut
633 1391 648 1411 a
661 1383 750 1411 Verbo
766 1384 980 1412 demonstratum
1005 1388 1066 1418 est,
1097 1384 1134 1411 ita
1157 1383 1281 1411 conversi
1306 1382 1424 1415 fuerint,
1451 1385 1480 1409 ut
1496 1388 1561 1416 puer
1580 1387 1660 1415 quem
1675 1379 1721 1406 Je-

89 1434 139 1455 sus
171 1429 336 1464 assumpsit,
361 1430 491 1464 quoniam
515 1430 585 1458 inter
609 1438 657 1459 eos
685 1431 821 1466 prmeipue
842 1431 967 1460 Christus
993 1438 1045 1465 est,
1067 1436 1093 1459 et
1106 1435 1247 1467 propterea
1263 1431 1328 1459 illud
1341 1430 1406 1458 dicit
1420 1430 1464 1457 "2
1483 1439 1492 1456 ι
1510 1429 1604 1463 thui
1627 1435 1721 1456 susce-

89 1475 162 1509 perit
184 1483 268 1502 trnum
289 1476 431 1511 parvulum
456 1477 537 1504 talem
564 1477 590 1504 in
603 1478 713 1506 nomine
735 1485 813 1512 meo,
840 1487 883 1507 me
900 1479 1024 1514 suscipit.
1044 1489 1054 1505 ι

970 1527 1012 1554 17.
1034 1526 1111 1560 Quod
1129 1531 1218 1553 autem
1237 1525 1370 1560 sequitur,
1385 1523 1492 1552 difﬁcile
1513 1530 1554 1552 est
1575 1524 1610 1552 ita
1633 1531 1718 1559 expo-

934 1582 1008 1607 nere,
1027 1578 1055 1601 ut
1071 1580 1134 1600 cum
1150 1572 1336 1607 superioribus
1351 1570 1504 1598 cohaereat:
1525 1570 1624 1597 dixerit
1646 1570 1718 1598 enim

932 1619 1040 1654 aliquis,
1060 1619 1197 1654 quomodo
1215 1617 1272 1645 fieri
1286 1622 1375 1653 potest
1394 1620 1423 1643 ut
1437 1615 1484 1651 qui
1499 1623 1646 1643 conversus
1661 1615 1719 1643 fue-

933 1665 978 1698 rit,
995 1668 1021 1692 et
1037 1672 1182 1699 puerorum
1198 1663 1297 1691 similis
1320 1662 1420 1695 factus,
1440 1661 1556 1696 pusillus
1577 1661 1612 1688 sit
1629 1668 1663 1688 ex
1685 1661 1719 1689 iis

125 1534 164 1561 Τὸ
183 1535 211 1562 δὲ
228 1535 290 1571 ἑξῆς
310 1536 427 1572 ὲργῶδες
452 1537 522 1563 κατὰ
545 1536 705 1564 ἀκολουθίαν
726 1537 780 1565 τῶν
797 1547 881 1574 προα-
895 1531 917 1560 c

89 1581 275 1616 ποδεδομένων
292 1581 488 1617 διηγήσασθαι·
511 1582 582 1609 εἴποι
605 1582 658 1618 γὰρ
674 1582 707 1609 ἅν
720 1592 772 1615 τις,
795 1583 852 1616 πῶς
865 1585 880 1611 6

87 1626 223 1662 στραφεὶς
246 1628 293 1653 καὶ
316 1627 460 1662 γενόμενος
476 1627 513 1659 ὡς
537 1628 570 1654 τὰ
592 1628 686 1655 παιδία
709 1629 805 1665 μικρός
821 1630 879 1657 ἐστι

86 1672 143 1698 τῶν
162 1673 343 1699 πιστευόντων
360 1673 399 1704 εἰς
422 1673 467 1699 τὸν
500 1673 613 1709 Ἰησοῦν,
641 1675 687 1700 καὶ
711 1675 879 1707 ὲπιδεκτικδς

86 1716 135 1743 τοῦ
154 1717 396 1752 σκανδαλισοῆναι;
416 1718 610 1754 πειρασώμεθα
623 1718 652 1744 δὲ
669 1718 803 1745 καὶτοῦτο
815 1719 879 1746 ἀκο-

87 1763 194 1796 λούθως
218 1764 374 1799 σαφηνίσαι.
400 1764 462 1796 Πῶς
482 1765 497 1790 6
518 1764 557 1800 τῷ
590 1765 677 1800 Ἰησοῦ
699 1765 737 1797 ὡς
751 1765 806 1801 (29)
822 1765 878 1801 Υἱῴ

932 1711 978 1746 qui
994 1711 1021 1738 in
1033 1710 1125 1738 Jcsum
1140 1710 1263 1742 credunt,
1278 1713 1305 1737 et
1317 1708 1461 1736 offensioni
1476 1707 1630 1736 obnoxius?
1648 1707 1719 1734 nihi-

932 1755 1050 1784 lominus
1074 1761 1163 1784 tamen
1179 1755 1204 1783 id
1222 1754 1413 1783 convenienter
1430 1753 1565 1782 illustrare
1576 1760 1717 1781 conemur.

694 1833 808 1862 VETUS
824 1833 1116 1862 INTERPRETATIO.

87 1893 117 1917 et
137 1888 222 1920 dicat,
240 1888 292 1916 nisi
310 1890 361 1916 hoc
377 1888 474 1917 feceris
489 1889 584 1917 occido
600 1893 635 1920 te.
652 1889 766 1916 incendo
779 1893 815 1921 te,
828 1893 878 1916 aut
894 1889 984 1916 simile
998 1889 1111 1923 aliquid,
1129 1888 1261 1923 numquid
1277 1888 1354 1916 timct
1370 1888 1525 1924 huiusmodi
1542 1895 1608 1924 puer
1616 1886 1718 1924 lSieut

87 1931 157 1959 ergo
181 1928 285 1951 caetera
310 1925 451 1958 passiones
474 1932 527 1951 non
544 1929 608 1952 sunt
625 1924 710 1951 ﬁrma:
730 1925 756 1950 in
777 1925 879 1959 pueris,
898 1925 938 1951 sic
957 1932 1044 1958 neque
1065 1924 1155 1952 timor.
1179 1923 1208 1950 Si
1234 1928 1323 1951 autem
1339 1923 1448 1959 quis'et
1464 1923 1584 1959 humiliet
1601 1930 1630 1949 se
1646 1923 1718 1959 sicut

88 1957 159 1993 puer
172 1967 178 1984 :
193 1966 243 1984 nec
262 1957 334 1985 enim
355 1966 482 1994 magnutn
507 1959 609 1994 aliquid
629 1966 724 1994 sapere
744 1957 816 1986 cadit
838 1959 865 1985 in
886 1957 1011 1994 puerum,
1033 1966 1121 1993 neque
1144 1959 1273 1993 iactantia
1300 1957 1417 1993 generis,
1433 1958 1475 1984 vel
1490 1958 1656 1994 divitiarum,
1673 1957 1716 1983 vel

88 1991 208 2020 aliarum
232 2001 322 2020 rerum
337 1991 610 2028 quze'existimaritur
622 1991 715 2026 bonae,
731 2002 785 2020 non
803 1991 894 2021 autem
913 1999 987 2026 sunt,
1001 1991 1113 2020 cadit'in
1127 1991 1238 2028 puerum
1253 2001 1259 2019 :
1274 1991 1344 2020 unde
1360 1993 1483 2020 videmus
1499 1991 1616 2018 infantes
1631 1999 1716 2025 usque

86 2028 122 2055 ad
139 2028 248 2054 tertium
270 2028 311 2054 vel
335 2027 462 2062 quartum
484 2036 601 2061 annum,
621 2029 683 2055 licet
702 2029 802 2055 fuerint
824 2029 958 2063 generosi,
980 2028 1083 2056 similes
1098 2027 1133 2055 se
1146 2029 1267 2063 praebent
1281 2028 1372 2063 pueris
1385 2027 1574 2063 degeneribus,
1593 2034 1642 2053 nec
1657 2033 1716 2052 am-

85 2063 162 2104 plius
175 2062 292 2104 diligunt
304 2061 401 2090 divites
416 2071 524 2104 pueros,
537 2071 620 2104 quam
637 2070 776 2097 pauperes.
797 2061 901 2103 Si'quis
917 2071 982 2097 ergo
997 2063 1038 2104 vir
1055 2061 1243 2104 habitudinem
1257 2061 1346 2104 quam
1364 2063 1463 2090 habent
1485 2061 1560 2097 pueri
1574 2065 1713 2104 eat-mtatc,

85 2072 162 2104 prius
175 2072 292 2102 cingunt
304 2072 401 2090 uivttes
416 2072 524 2103 pueros,
537 2072 620 2124 quam
637 2072 776 2097 pauperes.
797 2072 824 2090 οι
840 2072 901 2103 quis
917 2072 982 2097 ergo
998 2072 1038 2090 vir
1057 2072 1243 2090 namtuuinem
1257 2072 1346 2103 .quam
1364 2072 1463 2090 nauent
1485 2072 1560 2097 pueri
1579 2072 1613 2087 es.
1625 2072 1713 2101 actate,

85 2106 116 2133 in
133 2105 163 2124 se
182 2101 288 2133 ratione
303 2102 462 2133 susceperit,
477 2106 545 2132 expe
558 2099 615 2125 lens
632 2105 663 2124 ea
679 2105 739 2132 qua:
756 2103 865 2125 movent
883 2103 1048 2129 tnsensatos,
1063 2097 1159 2133 lactus
1177 2102 1218 2125 est
1241 2103 1312 2125 srcut
1328 2105 1404 2133 puer,
1422 2105 1523 2133 ttou‘sc
1538 2096 1678 2133 extollens»
1687 2104 1714 2122 ιιι

87 2131 253 2168 honeribus,
269 2139 357 2168 neque
372 2131 486 2168 etl'erens
507 2131 536 2159 se
551 2133 578 2168 in
598 2131 710 2165 divitiis,
724 2140 811 2166 neque
828 2133 937 2159 elevans
954 2140 984 2160 se
1003 2133 1029 2159 in
1045 2132 1207 2168 claritudine
1224 2131 1335 2168 generis
1349 2141 1355 2158 :
1377 2132 1428 2160 iste
1445 2131 1506 2168 talis
1524 2131 1716 2168 suscipiendus

84 2171 140 2197 est,
154 2170 182 2192 et
198 2166 372 2202 honorandus
387 2167 412 2193 in
429 2167 536 2194 nomine
546 2166 621 2199 Iesu,
634 2168 764 2202 quoniam
781 2168 914 2202 praecipue
930 2167 956 2194 in
975 2168 1073 2195 talibus
1084 2172 1125 2194 est
1137 2166 1302 2195 Jesusfldeo
1316 2168 1382 2195 dicit
1396 2175 1403 2194 :
1421 2177 1430 2193 ι
1447 2166 1474 2194 Si
1490 2167 1551 2202 quis
1566 2166 1717 2202 susceperit

85 2208 183 2237 unum,
193 2201 273 2237 talem
291 2201 317 2228 in
332 2202 442 2237 nomine
459 2209 529 2234 meo,
547 2210 589 2229 me
607 2201 730 2236 suscipit.
748 2202 798 2235 Qui
813 2207 903 2229 autem
921 2202 1145 2229 scandalizaverit
1162 2211 1245 2229 unum
1262 2202 1294 2230 de
1307 2202 1413 2237 pusillis
1427 2201 1600 2230 credentibus
1619 2201 1646 2228 in
1661 2208 1716 2234 me,

84 2236 237 2272 expeditum
259 2241 287 2262 ut
300 2236 483 2272 suspendatur
492 2237 567 2272 mola
584 2237 702 2264 asinaria
719 2237 747 2272 in
759 2237 829 2264 collo
844 2237 912 2271 ejus,
928 2241 955 2264 et
968 2238 1139 2272 demergatur
1152 2237 1179 2264 in
1194 2236 1358 2272 profundum
1376 2237 1471 2265 maris.
1485 2246 1494 2262 ι

123 2270 170 2307 t7.
193 2270 249 2297 lloe
263 2278 398 2305 exponere
413 2271 578 2307 laboriosum
594 2277 635 2299 est
649 2271 797 2298 secundum
814 2270 1035 2307 consequentiam
1052 2270 1254 2306 praedictorum.
1271 2271 1340 2299 Dicit
1351 2273 1424 2300 enim
1442 2271 1541 2307 aliquis
1555 2281 1562 2299 :
1577 2271 1716 2307 quomodo

83 2306 133 2342 qui
151 2312 304 2342 conversus
317 2310 368 2342 est,
383 2310 410 2332 et
424 2305 510 2342 factus
525 2311 567 2333 est
581 2307 651 2333 sicut
666 2314 741 2340 puer,
757 2311 784 2334 et
804 2306 957 2342 humiliavit
973 2305 1093 2342 seipsum
1106 2307 1336 2341 quemadmodum
1353 2315 1421 2342 puer
1436 2305 1517 2342 quem
1530 2305 1714 2342 statuitJesus

85 2340 114 2376 in
133 2341 224 2367 medio
239 2340 446 2374 discipulorum,
462 2341 592 2376 minimus
607 2346 647 2368 est
662 2346 688 2368 et
700 2346 796 2376 potens
811 2341 1000 2374 scandalizari,
1015 2340 1079 2369 eum
1105 2340 1141 2368 sit
1166 2342 1297 2376 scriptum
1313 2351 1319 2369 :
1339 2340 1420 2369 (Pax
1435 2340 1520 2368 multa
1540 2341 1716 2376 diligentibus

83 2375 175 2411 legem
191 2379 276 2407 tuam,
296 2380 392 2411 etlton
409 2380 450 2402 est
468 2375 521 2403 illis
538 2374 708 2403 scandalum,
726 2385 734 2401 ι
750 2375 817 2403 Vide
832 2380 923 2403 autem
944 2377 967 2403 si
985 2376 1180 2404 rationabiliter
1204 2374 1255 2404 hoc
1280 2384 1426 2411 possumus
1444 2374 1602 2411 explanare:
1619 2374 1715 2402 Omnis

83 2411 134 2443 qui
151 2409 217 2446 Jesu
232 2410 311 2444 quasi
326 2409 394 2446 Filio
406 2411 454 2446 Dei
471 2411 566 2442 credit,
577 2414 798 2446 ietreonversatur
817 2411 966 2438 secundum
982 2411 1152 2446 evangelicos
1166 2415 1244 2439 actus
1258 2409 1291 2439 ad
1304 2412 1448 2438 vivendum
1467 2409 1539 2438 recte
1553 2417 1714 2441 conversus,

85 2445 214 2471 ambulat
230 2445 460 2479 quemadmodum
475 2453 552 2480 puer.
567 2445 620 2479 Qui
634 2450 726 2473 autem
740 2453 795 2473 non
819 2446 987 2474 convertitur
1006 2450 1034 2474 ut
1050 2445 1095 2474 tiat
1109 2447 1339 2482 quemadmodum
1353 2454 1431 2482 puer,
1447 2446 1521 2474 hunc
1535 2445 1646 2481 quidem
1663 2446 1714 2472 im-

123 2491 147 2506 “
168 2489 262 2518 Matth.
277 2499 353 2524 xvm,
366 2491 392 2520 5.

124 2547 182 2581 (28)
198 2546 277 2583 _’Edr
290 2545 347 2575 οὖν
361 2548 433 2582 ὅπερ
444 2548 524 2582 παρὰ
533 2547 590 2583 τὴν
601 2549 733 2583 ἠλικίαν,
748 2553 800 2577 etc.
822 2549 877 2577 Ve-

198 2549 277 2588 .‘E-‘dr
290 2549 347 2575 οὖν
359 2549 433 2588 ῥ’περ
444 2549 524 2588 παρὰ
533 2549 590 2588 τὴν
601 2549 733 2588 ἠλικίαν,
748 2553 800 2588 etc.
821 2549 877 2588 Yef

965 2555 988 2579 st
1017 2550 1145 2586 μάλιστα,
1165 2551 1219 2588 vim
1244 2557 1306 2588 non
1321 2550 1421 2588 habere
1445 2549 1642 2588 adversativam
1659 2559 1667 2577 :
1684 2554 1714 2588 ut

82 2588 173 2619 torem
197 2584 447 2617 interpretationem
473 2585 525 2612 hoc
546 2584 606 2611 loca
625 2585 716 2619 quoad
738 2584 798 2618 ejus
817 2585 876 2612 fieri

926 2585 1075 2620 loquuntur
1100 2586 1229 2621 τεχνικοί,
1259 2586 1307 2613 sed
1328 2594 1377 2620 pro
1388 2586 1419 2621 δή
1442 2585 1560 2621 positunt
1582 2591 1647 2621 esse
1669 2585 1713 2621 vel

82 2617 187 2653 potuit,
204 2618 290 2644 secuti
300 2625 412 2653 rsutnus,
428 2627 478 2646 nec
499 2627 514 2646 a
530 2619 624 2646 codice
634 2617 729 2647 tamen
746 2617 812 2647 mss.
826 2620 876 2647 de-

83 2652 245 2689 scivinius;
262 2652 324 2689 inde
335 2653 449 2689 factum,
467 2658 497 2681 ut
511 2662 572 2682 cum
593 2655 783 2689 scripserimus
797 2664 803 2681 ε
819 2664 827 2681 ι
846 2654 874 2682 Si

82 2694 153 2721 ergo
169 2687 320 2722 discipulus
339 2687 404 2716 Jesu
420 2689 525 2716 ratione
541 2687 683 2721 adductus,
700 2698 709 2714 ι
724 2694 789 2722 etc.,
808 2690 874 2717 sub-

80 2722 262 2758 junxerimus
280 2727 369 2750 tamen
387 2732 393 2750 :
412 2733 422 2749 ε
436 2723 455 2750 li
474 2724 644 2758 potissimum
666 2724 692 2751 in
707 2725 815 2752 nomine
830 2724 878 2752 ,Ια-

84 2765 131 2794 su,
148 2766 158 2782 ›
177 2761 231 2794 εις,
249 2756 316 2794 Nam
334 2758 356 2794 si
372 2756 502 2786 mendosa
526 2767 578 2785 non
605 2764 644 2786 est
667 2767 697 2786 ea
714 2767 795 2794 quam
811 2760 875 2788 reti-

85 2792 311 2828 imimusﬂlectio,
327 2793 470 2820 dicendum
486 2799 527 2821 est
541 2793 581 2825 τό,
604 2803 612 2818 ι
627 2792 787 2828 discipulus.
806 2804 815 2820 ι
831 2795 875 2822 hic

86 2827 158 2854 ma
177 2826 310 2863 σύλληψιν
326 2829 450 2863 usmpari
470 2837 528 2863 pro,
553 2838 562 2854 ι
577 2826 723 2863 discipuli:
743 2840 751 2855 ι
777 2834 814 2863 at,
835 2830 873 2862 δὲ,

927 2619 1083 2656 παρέλκειν,
1100 2619 1337 2654 υιΊιοηιιιιηιιυοηί
1352 2619 1453 2648 factum
1478 2621 1512 2648 ab
1532 2620 1652 2653 antiquis
1668 2619 1712 2646 in-

927 2655 998 2683 dicat
1011 2655 1126 2683 Budaeus
1144 2656 1170 2682 in
1192 2655 1406 2682 Conmentariis.
1423 2656 1634 2684 Observaviutus
1648 2662 1714 2690 pra:-

929 2695 999 2727 tcrea
1014 2698 1028 2717 a
1043 2691 1227 2727 grammaticis
1241 2690 1342 2725 regulis
1361 2691 1501 2720 discedere
1522 2690 1633 2727 Origeni
1651 2697 1713 2718 esse

927 2726 1055 2761 proclive.
1071 2725 1202 2761 llus-rtus.

961 2760 1017 2794 (29)
1039 2760 1104 2793 Πῶς
1116 2762 1131 2787 d
1143 2760 1184 2792 τῷ
1200 2759 1296 2793 Ἰησοῦ
1307 2760 1357 2792 ὡς,
1371 2764 1423 2788 etc.
1444 2760 1482 2788 lta
1497 2761 1576 2788 codd.
1592 2760 1625 2788 H.
1639 2765 1666 2788 et
1676 2759 1711 2788 ﬂ.

930 2795 1012 2822 Vetus
1036 2796 1171 2831 interpres
1189 2804 1195 2821 :
1215 2805 1224 2820 ι
1241 2794 1338 2831 Oumis
1359 2796 1405 2830 qui
1419 2795 1484 2824 Jesu
1499 2797 1578 2831 quasi
1590 2796 1656 2825 Filio
1664 2796 1719 2824 Del

927 2831 1022 2858 credit.
1040 2840 1048 2855 ι
1066 2829 1181 2866 Legebat
1197 2830 1259 2862 πᾶς.
1280 2830 1316 2857 Ιυ.
