1859 3051
140 96 208 124 Ηῖο

875 94 1038 123 URIGENIS

1701 94 1768 122 lli!)

137 151 269 187 Quisquis
288 151 381 180 J.sum
394 152 441 180 Dei
454 152 553 180 Filium
568 160 630 181 esse
648 153 771 186 credens,
790 152 867 188 juxta
884 161 912 181 ve

1012 153 1219 188 ιγκαταοέμενος
1242 152 1310 180 Θεοῦ
1333 153 1403 180 κατὰ
1421 153 1469 189 τὴν
1489 153 1578 189 ἀληθῆ
1601 152 1668 188 περὶ
1688 153 1768 180 αὑτοῦ

137 205 197 227 ram
215 197 357 225 historiam
374 205 435 233 quae
457 198 491 226 de
514 198 561 226 illo
579 199 733 234 conscripta
750 204 811 232 est,
835 203 862 226 et
881 206 928 233 per

139 241 263 270 actiones
279 242 307 269 in
332 241 487 278 Evangeliis
503 242 675 278 praescriptas
694 242 746 270 iter
766 242 879 275 habens,
900 247 930 270 ut

121 288 174 317 .ad
190 288 298 315 rirtutis
314 295 438 315 normam
454 288 536 315 vitam
558 287 664 323 exigat,
698 295 847 316 conversus
872 294 927 321 est,

139 341 167 363 et.
180 335 214 363 ad
230 335 256 363 id
272 335 430 367 contendit,
447 340 477 362 ut
496 343 642 370 puerorum
667 335 767 363 similis
777 335 926 369 eﬂiciatur;

139 382 198 409 ﬁeri
213 388 267 408 non
280 386 369 416 potest
383 381 449 416 quin
466 382 492 408 in
509 381 641 408 caelorum
661 388 774 415 regnum
796 381 930 415 ingredia—

141 432 195 454 tur.
210 426 289 454 Tales
304 426 425 462 profecto
439 430 504 453 sunt
514 425 727 461 quamplurimi;
742 430 770 453 at
785 433 838 452 non
852 426 928 461 quis-
948 464 951 466 _

140 473 202 508 quis
218 480 368 500 conversus
385 477 427 499 est
444 475 475 499 ut
494 479 641 506 puerorum
665 471 763 498 similis
780 472 887 504 eradat,
902 471 929 498 id

140 523 282 547 assecutus
300 523 342 546 est
366 523 394 545 ut
416 518 507 552 pueris
529 517 626 545 similis
645 517 706 551 tiat;
733 517 779 545 sed
796 522 928 551 quantum

141 565 328 600 unusquisque
342 564 375 591 ab
391 572 434 597 eo,
449 571 530 598 quem
547 563 676 596 diximus,
695 570 840 598 puerorum
855 563 929 590 circa

139 611 222 639 animi
237 611 351 638 alfectus
373 610 467 638 habitu
488 610 582 644 abest,
607 610 774 638 tantumdem
801 610 877 637 abest
900 615 929 637 ιιι

138 659 172 686 ad
187 665 334 693 puerorum
352 658 557 686 similitudinem
580 657 699 685 accedat.
723 657 753 684 In
773 657 847 684 omni
864 664 929 692 ergo

139 703 308 731 credentium
328 703 503 731 multitudine
522 707 587 730 sunt
612 703 722 738 quidam
735 703 813 738 quasi
834 710 928 731 recens

139 749 264 776 conversi
282 754 311 776 ut
325 756 472 784 puerorum
495 749 599 776 similes
619 749 696 782 tiam,
712 749 759 784 qui
776 749 840 775 dum
863 757 929 777 con-

139 798 282 822 vertuntur
299 799 328 822 ut
343 795 409 822 [iant
431 795 509 829 quasi
529 795 617 829 pueri,
630 795 721 829 pusilli
745 795 926 829 appellantur,

140 844 167 866 et
179 839 225 874 qui
240 848 272 867 ex
289 840 322 867 iis
337 840 460 867 comersi
478 839 588 873 fuerint,
600 844 630 867 ut
654 839 720 867 ﬁant
742 840 820 875 quasi
839 841 926 874 pueri,

141 885 188 912 sed
204 885 318 911 multmn
335 885 370 912 ab
385 891 418 911 eo
439 885 538 911 absunt
551 888 581 912 ut
600 885 692 919 pueris
708 889 836 912 accurate
852 885 927 912 simi-

142 930 181 957 les
210 930 288 963 sint,
321 929 470 958 offensione
498 934 525 957 et
553 930 680 958 seandalo
704 930 772 958 attici
799 935 927 965 possunt,

141 983 258 1011 quorum
280 976 469 1012 unusquisque
493 981 599 1004 tantum
614 977 691 1004 abest
712 981 742 1003 ut
758 976 812 1004 illis
830 976 928 1004 similis

142 1022 197 1053 sit,
236 1027 367 1056 quantum
406 1023 483 1049 abest
512 1030 528 1049 a
555 1030 701 1057 puerorum
736 1022 807 1049 circa
843 1022 927 1050 animi

142 1068 358 1103 perturbationes
381 1069 485 1103 habitu,
510 1069 543 1097 de
565 1077 618 1104 quo
643 1077 727 1104 supra
751 1073 841 1097 actum
865 1072 926 1101 est;

141 1114 241 1148 quibus
262 1114 420 1142 offensionis
444 1122 518 1142 ansa:
541 1115 653 1142 minime
677 1115 829 1150 praabcndae
842 1119 924 1142 sunt:

141 1160 259 1195 alioquin
273 1161 321 1195 qui
336 1161 477 1189 offensioni
493 1161 581 1188 locum
597 1161 710 1194 dederit,
727 1169 796 1196 opus
811 1161 849 1188 illi
864 1161 927 1193 erit,

145 1215 153 1230 ι
171 1211 200 1233 ιιι
216 1207 400 1242 suspendatur
416 1207 488 1234 mola
502 1207 620 1234 asinaria
632 1207 658 1233 in
676 1207 745 1234 collo
757 1207 828 1242 ejus,
844 1211 872 1234 et
881 1206 928 1233 de-

143 1257 278 1288 mergatur
298 1253 324 1280 in
342 1253 508 1288 profundum
526 1253 611 1280 maris
621 1253 653 1285 ⁰⁸,
670 1262 679 1278 ι
697 1253 774 1288 quasi
789 1253 822 1280 ad
845 1261 927 1280 cura-

142 1298 243 1326 tionem
261 1298 334 1326 illius
352 1299 378 1326 id
397 1298 533 1331 conferat;
554 1298 600 1332 qui
621 1298 694 1325 enim
717 1298 797 1324 talem
816 1297 842 1324 in
859 1297 926 1324 mari

142 1352 248 1379 pcenam
266 1345 370 1373 dederit
390 1345 526 1375 idoneam,
543 1345 588 1371 ubi
611 1344 694 1371 draco
711 1344 756 1371 ille
775 1349 826 1376 est,
846 1351 926 1378 quem

144 1402 153 1416 ‹
169 1391 295 1419 formavit
312 1401 322 1418 ι
341 1391 412 1419 Deus
438 1400 447 1417 ι
464 1391 497 1419 ad
513 1390 595 1426 594
607 1389 773 1417 illudendum
788 1389 812 1416 ei
827 1390 860 1422 ’",
877 1399 886 1415 ›
901 1394 928 1417 et

141 1441 222 1471 prout
247 1437 270 1464 ei
293 1435 376 1464 fuerit
393 1435 475 1468 utile,
498 1435 610 1470 punitus
634 1434 740 1461 tandem
764 1437 790 1460 et
813 1433 927 1460 amictus

142 1483 238 1515 fuerit,
255 1490 317 1510 eum
335 1482 467 1509 obtinebit
483 1485 602 1514 statum,
623 1480 668 1515 qui
690 1479 796 1507 labores
814 1480 840 1506 in
864 1487 927 1514 pro-
941 1499 961 1528 ϐ

142 1529 225 1556 ftmdo
239 1528 350 1556 marisa
373 1535 403 1555 se
424 1527 494 1554 mola
519 1526 637 1554 asinaria
657 1526 786 1561 depresso
810 1525 928 1560 perlatos

141 1569 267 1608 excipiet.
285 1572 415 1600 Molarum
434 1571 480 1600 sed
495 1572 567 1599 enim
581 1571 739 1599 discrimina
754 1575 828 1604 sunt,
846 1571 881 1597 ita
899 1574 929 1597 ut

142 1626 235 1646 earum
251 1618 352 1653 aliqua,
370 1622 400 1645 ut
415 1618 452 1644 ita
466 1617 565 1650 dicam,
581 1616 699 1644 humana
713 1617 758 1649 sit,
775 1616 826 1643 alia
840 1616 928 1643 asina-

143 1665 183 1692 ria
199 1674 204 1690 :
219 1672 251 1692 ac
268 1665 388 1692 humana
401 1664 510 1700 quidem
530 1664 574 1691 illa
589 1668 640 1697 est,
667 1663 700 1691 de
720 1671 773 1698 qua
795 1663 927 1697 scriptum

142 1714 231 1738 exstat
242 1710 264 1726 ⁵⁸
277 1718 284 1737 :
299 1719 309 1736 ι
325 1709 389 1737 θυαε
402 1710 532 1746 molentes
554 1713 634 1737 erunt
659 1709 684 1736 in
701 1717 754 1735 una
769 1709 851 1740 mola,
874 1715 928 1735 una

143 1760 309 1788 assnmetur,
333 1759 360 1782 et
383 1763 436 1782 una
459 1755 642 1789 relinquetur;
662 1764 671 1780 ι
687 1754 805 1781 asinaria
825 1758 926 1786 autem,

143 1810 204 1837 qua:
222 1803 246 1829 ei
268 1802 488 1838 circumponetur
504 1802 550 1837 qui
567 1802 744 1829 otl‘ensionem
769 1806 796 1828 et
813 1801 928 1834 scanda-

143 1849 198 1876 ium
213 1849 366 1884 praebuerit.
382 1849 485 1881 Dixerit
504 1854 593 1876 autem
613 1848 721 1883 aliquis,
745 1855 779 1875 an
797 1852 868 1876 recte
888 1847 928 1874 rcl

982 199 1112 234 ἱστορίαν,
1129 200 1177 226 καὶ
1198 199 1296 226 ὁδεύων
1320 199 1364 226 διὰ
1384 198 1439 226 τῶν
1459 199 1531 226 κατὰ
1548 199 1579 225 τὸ
1603 199 1770 233 Εὑαγγθιον

981 243 1105 280 πράξεων
1126 245 1167 277 εἰς
1185 245 1216 271 τὸ
1235 243 1332 279 βιῶσαι
1356 245 1415 271 κατ’
1440 245 1552 280 ἀρετὴν,
1577 244 1701 280 ὲπράφη
1725 245 1770 271 καὶ

980 289 1066 317 ὁδεύει
1091 291 1159 326 πρὸς
1174 291 1204 317 τὸ
1219 290 1345 324 γενέσθαι
1362 290 1400 322 ὡς
1415 290 1450 317 τὰ
1473 290 1568 317 παιδία
1584 290 1652 325 (30),
1677 289 1770 316 τοῦτον

979 340 1120 375 ἀμήχανον
1135 336 1172 372 μὴ
1188 337 1319 363 εἰσελθεῖν
1337 337 1376 368 εἰς
1393 336 1442 372 τὴν
1457 336 1595 371 βασιλείαν
1617 336 1672 363 τῶν
1688 336 1770 372 οὐρα-

979 385 1041 412 νιῖιν.
1058 383 1154 410 Πολλοὶ
1167 381 1213 410 οὖν
1230 384 1254 409 οἱ
1270 382 1397 414 τοιοῦτοι,
1417 382 1473 409 ἀλλ’
1491 384 1520 409 οὐ
1537 383 1638 414 πάντες
1649 383 1675 409 οι
1691 391 1771 419 στρα-

980 431 1075 465 φέντες
1094 429 1163 465 πρὸς
1180 429 1212 455 τὺ
1230 428 1356 462 γενέσθαι
1379 428 1417 460 ὡς
1439 428 1474 455 τὰ
1493 428 1597 460 παιδία,
1621 428 1770 462 ἐφθάκασιν

979 477 1016 508 ὼς
1037 476 1082 502 ἐπὶ
1099 475 1129 501 τὸ
1147 474 1342 510 ἐξομοιωθῆναι
1356 475 1413 506 τοῖς
1430 474 1555 506 παιδίοις·
1577 474 1633 501 ἀλλ’
1654 474 1769 505 ’ἕκαστος

979 521 1106 550 τοσοῦτον
1117 522 1294 549 ἀπολείπεται
1307 522 1356 556 τῆς
1370 521 1438 557 πρὸς
1449 522 1482 548 τὰ
1495 521 1590 548 παιδία
1603 521 1770 556 ὁμοιώσεως.

979 567 1040 593 ὅσον
1052 566 1231 593 ἀπολείπεται
1241 566 1291 601 τῆς
1304 565 1503 601 ἀποδεδομένης
1514 565 1567 591 τῶν
1579 565 1694 592 παιδίων
1705 565 1771 599 πρὸς

979 612 1014 640 τὰ
1040 612 1113 648 πάθη
1138 612 1231 645 ἕξεως.
1258 612 1301 638 Ἐν
1322 612 1403 638 παντὶ
1420 609 1466 638 οὖν
1483 611 1523 646 τῷ
1538 611 1636 647 πλήθει
1650 611 1705 637 τῶν
1727 619 1771 637 πι-

980 659 1128 685 στευόντων
1148 658 1200 684 aiat
1214 657 1261 684 καὶ
1272 658 1296 685 οἱ
1311 657 1431 693 ὡσπερεὶ
1447 657 1508 692 ἄρτι
1526 657 1695 692 στραφέντες
1709 656 1771 692 περὶ

978 703 1009 730 τὸ
1019 703 1145 738 γενέσθαι
1156 702 1194 734 ὡς
1204 702 1239 729 τὰ
1254 702 1357 735 παιδία,
1370 702 1466 732 οἵτινες
1478 703 1537 728 κατ’
1549 702 1617 728 αὐτὸ
1630 701 1662 728 τὸ
1675 701 1770 737 ἐστρά-

979 749 1055 783 φοαι,
1073 749 1117 776 ἵνα
1137 749 1269 783 γένωνται
1285 749 1322 780 ὡς
1338 749 1372 775 τὰ
1394 749 1498 780 παιδία,
1522 749 1616 784 μικροὶ
1636 748 1772 784 χρηματί-

981 795 1068 827 ζουσι,
1085 795 1132 822 καὶ
1152 794 1255 821 τούτων
1271 795 1296 820 οἱ
1321 795 1486 830 στραςιέντες
1508 794 1558 830 μὲν
1576 794 1620 820 ἵνα
1640 794 1770 827 γένωνται

978 841 1016 873 ὼς
1034 840 1069 867 τὰ
1085 840 1189 871 παιδία,
1207 839 1273 866 πολὺ
1292 839 1321 866 δὲ
1344 839 1554 875 ἀπολειπόμενοι
1574 839 1622 866 τοῦ
1641 839 1771 874 γενέσθαι

978 886 1099 921 ἀκριϐῶς
1112 886 1149 917 ὡς
1165 886 1200 912 τὰ
1214 885 1319 919 παιδία,
1337 885 1506 920 ἐπιδέχονται
1521 885 1552 912 τὸ
1569 885 1770 920 σκανδαλισθῆ-

978 940 1022 959 ναι
1033 941 1038 946 ·
1051 928 1089 958 ὧν
1098 932 1214 963 ἕκαστος
1228 931 1353 958 τοσοῦτον
1364 931 1541 958 ἀπολείπεται
1556 931 1606 966 τῆς
1618 931 1689 966 πρὸς
1703 931 1770 957 αὐτὰ

977 977 1144 1013 ὁμοιώσεως,
1163 978 1224 1005 ὅσον
1241 977 1419 1005 ἀπολείπεται
1434 978 1482 1012 τῆς
1500 977 1704 1012 ἀποδεδομένης
1717 977 1770 1003 τῶν

979 1024 1092 1051 παιδίων
1110 1024 1178 1060 πρὸς
1192 1024 1226 1050 τὰ
1242 1024 1316 1059 πάθη
1331 1024 1429 1057 ἕξεωςι
1449 1021 1490 1055 οἷς
1511 1024 1543 1050 οὐ
1561 1023 1622 1050 δέον
1643 1023 1771 1059 ἀφορμὰς

978 1070 1110 1106 παρέχειν
1128 1069 1175 1096 τοῦ
1199 1070 1439 1105 σκανδαλισθῆναι·
1455 1070 1479 1096 εἰ
1499 1070 1527 1096 δὲ
1544 1070 1580 1105 μή
1598 1078 1643 1104 γε,
1657 1070 1672 1096 ὁ
1691 1078 1770 1096 σκαν-

977 1115 1087 1148 δαλίσας
1100 1116 1225 1151 δεήσεται
1238 1116 1276 1147 ὡς
1287 1115 1470 1151 συμφέροντος
1482 1116 1555 1151 αὐτῷ
1565 1117 1613 1143 ἐπὶ
1623 1117 1768 1153 θεραπείᾳ,

981 1172 991 1187 ‹
1008 1161 1055 1188 τοῦ
1072 1161 1261 1198 κρεμασθῆναι
1281 1161 1364 1197 μύλον
1378 1161 1467 1188 ὀνικὸν
1485 1162 1549 1197 περὶ
1564 1163 1611 1188 τὸν
1633 1163 1768 1198 τράχηλον

977 1207 1060 1234 αὑτοῦ
1083 1207 1130 1234 καὶ
1152 1207 1400 1242 καταποντισθῆναι
1418 1208 1447 1234 ὲν
1468 1207 1506 1242 τῷ
1529 1207 1641 1242 πελάγει
1657 1209 1708 1244 τῆς
1723 1208 1769 1234 Θα-

977 1253 1090 1288 λάσσης
1108 1263 1117 1278 ι
1134 1253 1205 1280 οὕτω
1229 1253 1283 1289 γὰρ
1301 1253 1378 1285 τεσας
1402 1253 1451 1289 τὴν
1469 1253 1592 1288 αὐτάρκη
1614 1253 1694 1289 δίκην
1711 1253 1767 1287 (3i)

978 1299 1008 1325 ἐν
1023 1300 1056 1334 τῇ
1071 1298 1204 1335 θαλάσσῃ,
1221 1299 1288 1325 ὅπου
1304 1299 1318 1324 ὁ
1334 1298 1440 1334 δράκων
1461 1299 1490 1325 ὂν
1510 1308 1519 1324 ι
1538 1298 1655 1325 ἔπλασεν
1674 1299 1689 1325 ὁ
1702 1298 1766 1331 Θεδς

978 1345 1124 1380 ἐμπαίζειν
1142 1344 1215 1380 αὐτῷ
1233 1354 1242 1370 ι
1267 1344 1315 1372 καὶ
1341 1344 1408 1380 πρὸς
1428 1345 1458 1371 τὸ
1481 1345 1620 1380 συμφέρον
1643 1345 1714 1381 πρὸς
1738 1345 1768 1371 τὸ

977 1391 1052 1423 τέλος
1063 1393 1077 1418 ὁ
1094 1390 1235 1422 κολασθεὶς
1250 1391 1296 1417 καὶ
1307 1389 1411 1422 παθὼν,
1426 1391 1454 1417 ὲν
1470 1392 1526 1421 τοῖς
1539 1390 1607 1424 ἑξῆς
1622 1391 1698 1417 ἔσται
1714 1389 1767 1416 τῶν

979 1438 1050 1464 κατὰ
1066 1438 1096 1464 τὺ
1115 1437 1231 1471 πέλαγος
1242 1436 1291 1471 τῆς
1308 1436 1444 1471 Θαλάσσης
1463 1437 1562 1468 πόνων,
1578 1436 1625 1468 οὓς
1637 1437 1768 1471 ὑπέμεινε

979 1482 1178 1517 καθελκὸμενος
1197 1481 1247 1508 ὑπὸ
1268 1480 1313 1507 τοῦ
1336 1480 1426 1507 ὀνικοῦ
1452 1480 1554 1516 μύλου·
1574 1480 1629 1507 εἰσὶ
1645 1480 1701 1516 γὰρ
1721 1481 1769 1507 καὶ

980 1528 1070 1564 μύλων
1087 1527 1213 1563 διαφοραὶ
1234 1527 1299 1562 (52),
1313 1526 1350 1557 ὡς
1373 1524 1442 1552 εἶναι
1458 1526 1502 1552 τὸν
1524 1525 1573 1561 μέν
1589 1535 1650 1552 τινα
1667 1526 1771 1559 αὐτῶν,

977 1574 1010 1600 ἶν’
1034 1574 1120 1605 οὕτως
1144 1573 1278 1608 ὀνομάσω.
1302 1571 1482 1608 ἀνθρωπικὸν,
1509 1572 1587 1599 ἄλλον
1609 1573 1638 1599 δὲ
1663 1573 1770 1599 ὀνικόν“

978 1619 1025 1646 καὶ
1041 1618 1212 1654 ἀνθρωπικὺς
1236 1618 1284 1653 μέν
1300 1618 1372 1644 ἐστιν
1397 1619 1507 1649 ἐκεῖνος,
1534 1619 1598 1653 περὶ
1615 1615 1646 1644 εὖ
1667 1619 1770 1653 γέγρα-

979 1672 1054 1691 πται·
1070 1673 1079 1689 ι
1095 1663 1147 1690 Δύο
1163 1663 1268 1690 ἔσονται
1281 1663 1425 1698 ἀλήθουσαι
1444 1665 1471 1690 ὲν
1489 1663 1530 1690 ἐνὶ
1546 1664 1622 1699 μύλῳ
1638 1663 1706 1699 (53)·

981 1709 1232 1744 παραλαμϐάνεται,
1250 1709 1296 1735 καὶ
1310 1709 1358 1744 μία
1373 1708 1481 1742 ἀφίεται
1491 1717 1497 1724 '
1515 1719 1524 1734 ι
1544 1710 1634 1741 ὀνικὸς
1644 1710 1684 1743 δὲ,
1697 1711 1712 1736 ὁ
1726 1719 1771 1736 πε-

985 1755 1191 1791 ριτεθησόμενος
1210 1754 1248 1789 τῷ
1270 1754 1484 1781 σκανδαλὶσαντι.
1512 1754 1590 1780 Εἴποι
1614 1755 1635 1780 δ’
1661 1756 1693 1782 ἄν
1716 1765 1768 1788 τις,

980 1801 1029 1828 οὐχ
1045 1799 1102 1827 οἶδα
1118 1800 1231 1836 πότερον
1246 1800 1329 1834 ὑγιῶς
1345 1800 1361 1835 ἥ
1380 1799 1555 1835 ἐσφαλμένως
1565 1800 1664 1834 λέγων,
1680 1801 1772 1828 ὁνιιιδν

980 1845 1049 1874 εἶναι
1072 1846 1102 1872 τὸ
1125 1846 1193 1882 βαρὺ
1216 1846 1262 1872 τοῦ
1284 1846 1384 1880 φαύλου
1413 1846 1503 1881 σῶμα,
1525 1847 1572 1872 καὶ
1597 1847 1771 1882 κατωφερὲς,

143 1895 233 1924 male.
250 1895 315 1922 mihi
339 1902 391 1922 non
409 1895 511 1929 liquet,
536 1894 682 1922 asinariam
709 1893 808 1920 molam
829 1901 911 1928 corpu

1012 1900 1049 1927 περ
1067 1892 1232 1926 ἀναλήψεται
1256 1892 1285 1918 ἐν
1305 1893 1338 1927 τῇ
1362 1891 1508 1918 ἀναστάσει
1526 1892 1594 1925 (ὅτι),
1616 1892 1660 1918 ἴνα
1687 1902 1771 1919 κατα-

143 1946 204 1967 esse
221 1939 339 1967 hominis
360 1947 488 1975 nequam,
505 1946 586 1974 gravo
605 1943 632 1965 et
652 1939 779 1966 deorsum
805 1938 912 1965 tendens

1012 1937 1112 1973 ιντισϐᾗ
1126 1938 1155 1963 ὲν
1167 1939 1199 1973 τῇ
1218 1937 1328 1973 ἀϐύσσῳ
1342 1937 1475 1973 λεγομένῃ
1491 1937 1604 1971 πελάγει
1620 1937 1771 1973 Θαλασσίῳ,

747 1995 859 2023 VETUS
879 1995 1170 2023 INTERPRETATIO.

145 2042 273 2076 possibile
284 2046 327 2070 est
340 2042 441 2069 intrare
455 2049 567 2076 regnum
582 2042 724 2069 cmlorum.
742 2042 816 2069 lllulti
837 2042 909 2069 enim
933 2046 1128 2069 convertuntur
1151 2047 1180 2069 ut
1205 2042 1270 2069 liant
1293 2042 1520 2076 quemadmodum
1543 2049 1621 2076 puer.
1645 2041 1694 2068 sed
1718 2049 1771 2069 non

144 2084 240 2104 omnes
256 2077 303 2111 qui
316 2081 511 2104 convertuntur
526 2081 555 2103 ut
572 2077 637 2104 [iant
652 2077 878 2111 quemadmodum
897 2084 974 2111 puer,
986 2076 1041 2111 jam
1057 2077 1215 2110 perveniunt
1234 2084 1320 2111 usque
1335 2085 1378 2108 eo,
1399 2082 1427 2104 ut
1447 2077 1512 2103 [iant
1532 2077 1636 2103 similes
1653 2078 1747 2111 pueris
1763 2086 1770 2104 ;

144 2111 191 2137 sed
211 2111 400 2146 unusquisque
415 2115 490 2138 tanto
507 2112 598 2146 minus
613 2112 694 2139 habet
712 2113 746 2139 de
759 2111 935 2139 similitudine
955 2119 1112 2146 puerorum,
1129 2116 1260 2145 quantum
1285 2112 1362 2145 longe
1378 2116 1419 2138 est
1442 2112 1475 2138 de
1496 2111 1655 2138 habitudine
1672 2112 1770 2145 puerili

144 2153 207 2180 erga
223 2145 363 2179 passiones
379 2147 511 2181 carnales.
530 2145 558 2172 In
576 2147 650 2173 omni
665 2154 729 2181 ergo
743 2147 911 2174 credentium
929 2145 1102 2174 multitudine
1116 2151 1179 2173 sunt
1194 2147 1303 2180 quitiam
1320 2147 1397 2181 quasi
1414 2154 1500 2180 nuper
1518 2147 1643 2174 conversi
1663 2152 1693 2173 ut
1707 2146 1772 2173 ﬁant

144 2181 372 2216 quemadmodum
389 2182 475 2215 pueri.
490 2180 522 2208 Hi
538 2186 645 2216 propter
663 2180 715 2209 hoc
731 2182 819 2216 ipsum
835 2181 907 2216 quod
924 2181 963 2208 sic
978 2182 1102 2208 conversi
1118 2185 1182 2209 sttnt
1197 2186 1226 2208 ut
1249 2183 1314 2208 liant
1329 2182 1406 2216 quasi
1424 2181 1516 2215 pueri,
1534 2181 1658 2208 nondum
1679 2186 1769 2209 autem

145 2219 209 2242 sunt
226 2214 301 2246 tacti,
317 2215 363 2251 sed
380 2214 504 2242 ridentur
517 2214 602 2251 nuper
621 2224 680 2243 esse
704 2214 850 2248 conversi,‘
860 2216 950 2251 pusilli
974 2216 1109 2251 habentur
1132 2216 1159 2242 in
1180 2216 1299 2248 Christo,
1324 2214 1350 2242 ct
1368 2214 1470 2250 parruli
1494 2221 1567 2246 sunt.
1585 2217 1711 2243 scandali
1730 2225 1771 2243 re-

143 2255 279 2285 ceptores,
293 2250 393 2284 quibus
418 2250 587 2279 occasionem
615 2251 735 2279 scamlali
760 2259 812 2278 non
832 2250 963 2279 debemus
989 2250 1119 2284 praebere.
1145 2250 1271 2285 Alioquin
1295 2260 1304 2275 ι
1324 2251 1369 2285 qui
1387 2251 1613 2277 scandalizaverit
1630 2259 1716 2277 unum
1739 2252 1772 2278 de

145 2284 250 2319 pusillis
267 2294 275 2309 ι
290 2292 358 2320 quos
380 2285 505 2313 Christus
526 2287 644 2313 ostendit
666 2286 839 2313 credentibus
861 2287 887 2313 in
913 2293 952 2318 se,
970 2295 979 2311 ι
995 2286 1102 2320 expedit
1114 2286 1138 2312 ei
1154 2295 1164 2311 ι
1184 2284 1262 2320 quasi
1285 2286 1350 2312 utile
1373 2286 1405 2312 ad
1429 2286 1559 2312 medelam
1580 2287 1698 2320 peccati,
1716 2296 1725 2311 ι
1743 2292 1772 2313 ιιι

145 2320 328 2354 suspendatur
353 2321 426 2348 mola
452 2321 571 2353 asinaria
596 2321 629 2348 ad
655 2320 754 2347 collum
775 2321 845 2355 ejus,
861 2326 888 2348 et
911 2321 1084 2355 demergatur
1110 2320 1137 2347 in
1164 2321 1328 2355 profundum
1355 2321 1448 2347 maris.
1466 2330 1474 2345 ›
1496 2321 1542 2348 Sic
1558 2321 1633 2347 enim
1655 2321 1771 2348 reddens

179 2366 201 2381 ⁶⁶
220 2365 314 2393 Matth.
333 2375 411 2399 xvnt,
424 2366 451 2395 6.
489 2367 510 2382 ⁶⁷
530 2367 601 2394 Psal.
615 2375 674 2398 cm,
692 2367 736 2393 ‘26.

180 2414 236 2449 (30)
257 2414 333 2448 Πρὸς
348 2415 381 2440 τὸ
396 2415 532 2448 γενέσθαι
542 2415 582 2447 ὡς
592 2414 627 2440 τὰ
639 2414 750 2440 παιδία.
771 2414 861 2442 Codex
875 2414 927 2441 Βέ-

143 2449 214 2484 gius,
228 2449 267 2480 ei;
282 2449 312 2475 τὺ
329 2449 424 2484 βιῶσαι
441 2449 511 2475 κατὰ
524 2449 628 2484 παιδία.

180 2483 235 2519 (51)
258 2483 415 2519 Τίσαςντὴν
425 2483 559 2519 αὐτάρκη
576 2483 745 2519 δίκηνμριε.
766 2484 857 2511 Codex
881 2485 931 2512 Re-

144 2517 315 2554 εἰιιε,ςίεσας
331 2518 381 2554 τὴν
388 2517 484 2554 λαὺτοῦ
499 2519 656 2554 καταδίκην.
672 2517 739 2546 Vide
757 2519 929 2554 Origenianu-

143 2553 426 2596 iuptnl‘ibz‘tt,lquaast.
441 2553 485 2596 t‘l,
499 2561 573 2596 num.
591 2553 629 2596 1‘6
638 2558 665 2580 et
681 2561 756 2596 seqq.
776 2594 780 2596 ί
807 2553 814 2554 ί
838 2589 879 2596 _U

178 2588 236 2648 $52)
257 2589 325 2615 Εἰσὶ
339 2587 394 2623 ῖιηὰρ
411 2587 461 2615 καὶ
473 2589 578 2622 μύλων
594 2587 745 2623 διαφοραῖξ
757 2594 810 2616 etc.
838 2589 928 2616 Μόλον

142 2623 176 2650 ἀν
198 2623 315 2658 ρωπικόν
333 2623 448 2657 appellat
460 2630 521 2650 eum
539 2624 570 2650 de
589 2631 644 2658 quo
661 2623 746 2651 Exod.
763 2632 800 2656 xt,
818 2624 844 2651 5.
858 2624 928 2650 Tru-

143 2658 238 2685 satiles
251 2658 412 2686 dicebantur
426 2658 560 2693 ejusmodi
581 2659 669 2690 mehr,
683 2659 755 2693 quod
774 2659 927 2690 hominum,

145 2699 285 2727 servorum
300 2697 376 2727 puta,
395 2694 589 2721 aneillarumve
603 2694 729 2720 manibus
744 2693 926 2720 truderentur.

144 2725 284 2763 Manuales
300 2725 491 2762 Hieronymus
518 2728 644 2763 appellat.
674 2728 806 2755 Asinarite
837 2732 927 2754 autem

145 2760 235 2799 molae,
250 2768 298 2787 seu
314 2760 470 2799 _versatiles,
487 2771 526 2790 ea:
535 2760 626 2799 ierant
647 2771 710 2799 qum
724 2763 817 2799 asellis
830 2767 866 2799 _et
885 2763 928 2797 ju-

148 2795 247 2821 mentis
263 2795 412 2830 agebantur
426 2801 452 2824 et
464 2795 776 2826 rertcbanturXOVidius
790 2805 815 2824 γι
829 2795 902 2825 Fast.
919 2807 925 2825 :

776 2367 798 2381 δι’
817 2367 911 2394 Matth.
926 2375 1000 2400 χχιιι,
1013 2367 1058 2394 41η

1068 2414 1100 2440 Et
1114 2421 1172 2448 quae
1186 2422 1317 2448 pumiceas
1332 2419 1415 2440 versat
1432 2414 1515 2440 asella
1531 2414 1626 2440 molas.

1016 2450 1071 2485 (55)
1098 2449 1270 2485 Ὰλῄθοιξσαι
1288 2449 1323 2475 ἐν
1342 2449 1387 2475 ἑνὶ
1405 2449 1500 2485 μύλῳ.
1519 2449 1559 2485 _lta
1581 2449 1684 2476 habent
1697 2449 1771 2485 cedi.

980 2483 1024 2512 ces
1043 2483 1174 2515 nonnulli,
1194 2483 1287 2510 Matth.
1313 2491 1388 2514 xxtv,
1404 2484 1448 2516 41,
1473 2489 1500 2510 et
1519 2483 1656 2518 Vulgata:
1677 2493 1686 2509 ι
1707 2484 1770 2511 Dum

981 2520 1111 2546 molentes
1126 2519 1152 2545 in
1172 2519 1254 2551 mola,
1271 2528 1279 2543 ι
1297 2523 1324 2554 et
1338 2518 1436 2554 Arabs,
1451 2523 1478 2544 ct
1501 2517 1594 2545 Persa.
1622 2520 1657 2545 At
1682 2519 1770 2554 plera-

981 2562 1033 2589 que
1047 2553 1222 2589 exemplaria,
1239 2554 1268 2589 ξν
1283 2553 1321 2588 τῷ
1340 2553 1451 2588 μυλῶνι,
1466 2554 1538 2588 quod
1555 2554 1657 2581 habent
1672 2559 1699 2581 et
1717 2554 1768 2589 Sy-

981 2587 1039 2621 rus,
1055 2593 1082 2616 et
1095 2588 1230 2622 Ethiops.
1246 2587 1377 2615 lius-rius.

1014 2624 1069 2659 (5-4)
1092 2624 1177 2657 Ὅπερ
1193 2623 1381 2657 ἀναλήψεται
1402 2623 1438 2650 ἐν
1457 2622 1494 2656 τῇ
1518 2623 1696 2655 ἀναστάσει,
1715 2628 1769 2650 etc.

982 2657 1063 2685 Satis
1076 2659 1226 2685 luculenter
1243 2659 1306 2685 hinc
1321 2663 1432 2692 apparet
1451 2658 1601 2685 credidisse
1624 2658 1769 2693 Origenem

981 2693 1056 2727 ipsos
1072 2693 1153 2720 etiam
1177 2693 1276 2727 impios
1298 2693 1507 2720 resurrectionis
1528 2693 1586 2720 fore
1609 2698 1768 2728 compotes,

980 2729 1052 2789 quod
1068 2728 1178 2768 planum
1199 2735 1307 2769 quoque
1323 2727 1386 2754 fecit
1408 2727 1566 2761 Pamphilus
1585 2728 1612 2768 in
1629 2727 1767 2767 Apologia.

1006 2763 1047 2789 Ide
1062 2770 1111 2789 nos
1127 2762 1197 2789 Infra
1219 2771 1245 2789 In
1270 2762 1425 2789 Mattluzmn
1443 2769 1510 2789 xxtt.
1524 2771 1646 2789 maxime
1663 2771 1726 2789 \em
1742 2770 1767 2789 in

1006 2763 1047 2789 ide
1062 2770 1111 2789 nos
1127 2762 1197 2790 intra
1219 2763 1245 2790 in
1265 2762 1425 2790 'Matthamn
1443 2769 1510 2795 xxtt,
1524 2763 1646 2791 maxime
1663 2771 1726 2791 \em
1742 2763 1768 2790 in

982 2797 1158 2834 Origcnianis.
1178 2798 1216 2824 lu.
