1859 3051
91 113 161 141 “lci

553 117 731 145 COMMENT.
753 117 787 144 IN
813 117 1022 145 MATTIIIEUM
1044 116 1162 145 TOMUS
1182 117 1251 145 XIII.

1657 119 1730 147 III“).

86 174 157 201 ὅπου
171 173 301 210 δδράκων
313 173 343 201 ὃν
357 183 366 199 ι
382 173 498 202 ἔπλασεν
510 175 524 203 ὁ
537 175 603 208 Θεὸς
614 177 758 212 ἐμπαίζειν
770 176 820 203 αὐτ

997 176 1012 203 ιι
1025 176 1052 203 ἱιι
1063 176 1264 204 resurrectione
1280 180 1414 210 assumet,
1427 181 1457 204 ut
1470 177 1497 204 in
1513 177 1652 213 abyssum,
1665 186 1731 213 quae

87 219 170 252 ἄλλος
183 219 212 246 δὲ
225 220 255 246 τὸ
269 221 455 254 σκανδαλίζειν
472 222 519 248 ἕνα
530 222 584 248 τῶν
601 222 706 257 μικρῶν
721 222 823 249 ἀνοίσει
836 223 882 249 ἐπὶ

86 262 140 293 τὰς
162 263 296 298 ἀοράτους
321 264 474 300 ἀνθρώποις
494 266 638 301 δυνάμεις·
659 266 743 294 πολλὰ
762 267 816 303 γὰρ
837 268 883 294 καὶ

87 308 145 335 ἀπὸ
162 309 266 336 τούτων
287 311 424 338 σκάνδαλα
438 312 478 343 είς
490 313 553 343 τοὺς
565 312 655 339 δείκνυ
660 313 756 348 μένους
772 313 825 339 ὑπὸ
836 313 883 340 τοῦ

93 354 187 390 Ἰησοῦ
212 357 328 392 μικροὺς
348 357 464 391 γίνεται,
482 357 551 385 ὲπὰν
566 358 595 385 δὲ
616 358 811 385 σκανδαλίσωσι
828 358 884 395 (55)

89 401 146 429 τῶν
163 402 348 438 δεικνυμένων
365 404 417 430 ὑπὸ
441 404 488 431 τοῦ
511 405 599 440 Ἰησοῦ
623 405 728 441 μικρῶν
745 405 810 437 ἕνα,
841 414 885 432 πι-

91 449 244 476 στευόντων
260 450 300 481 εἰς
314 450 405 483 αὐτὸν,
422 450 512 477 ὀνιχὸν
530 450 612 486 μύλον
625 451 655 478 τὸ
670 451 788 487 φθαρτὸν
807 451 886 486 σῶμα

90 494 122 521 τὸ
146 494 263 530 βαρύνον
285 495 374 532 ψυχὴν
391 497 568 532 ἀναλήψεται,
586 497 760 532 κρεμάμενον
781 498 814 524 ἐκ
838 497 885 524 τοῦ

91 539 296 575 καθελκομένου
308 541 388 568 αὑτὸν
400 542 445 569 ἐπὶ
453 542 486 569 τὰ
502 542 563 577 τῇδε
577 542 727 578 πράγματα
738 543 884 578 τραχήλου,

93 585 137 612 ἵνα
154 585 200 615 διὰ
218 586 321 614 τούτων
344 587 493 624 καθαιρεοῇ
514 588 604 615 αὐτῶν
622 589 652 615 τὸ
674 588 770 624 οἴημα,
787 590 835 615 καὶ
847 588 887 616 τί-

93 639 193 663 σαντες
204 632 293 668 δίκην,
305 634 334 660 ἐν
344 633 382 669 τῷ
394 634 560 669 συμφέροντι
575 634 667 667 αὐτοῖς
681 634 725 662 διὰ
735 635 782 662 τοῦ
795 634 886 662 ὀνικοῦ

93 677 181 712 μύλου
195 678 338 712 γένωνται.
663 690 665 692 ‘

935 222 1020 250 maris
1045 222 1212 257 profundum
1235 223 1406 258 appellatur,
1433 223 1480 250 ubi
1506 224 1590 251 draco
1614 224 1659 251 ille
1685 229 1728 253 est

934 276 1015 304 quem
1032 268 1189 296 «formavit»
1208 268 1279 296 Deus
1293 269 1340 296 «ad
1362 268 1528 296 illudcndum
1545 269 1581 303 ei,
1597 278 1606 295 ι
1623 269 1728 297 demer-

934 314 1108 350 gatur.Alius
1121 319 1210 342 autem
1223 315 1398 342 oﬂ'ensionem
1412 315 1459 342 uni
1471 323 1486 342 e
1499 315 1620 350 parvulis
1634 316 1728 350 prahi-

936 365 990 387 tam
1015 360 1048 387 ad
1068 365 1215 395 potestates
1237 360 1354 393 referet,
1383 369 1444 396 quae
1471 361 1614 389 hominum
1640 361 1729 390 oculis

939 406 1065 441 usurpari
1080 414 1133 434 non
1155 410 1284 441 possunt;
1301 406 1426 441 plurimm
1449 407 1583 442 siquidem
1601 407 1730 435 oifensio-

939 460 989 480 nes
1003 454 1029 479 in
1046 452 1172 487 parvulos
1187 460 1202 479 a
1214 451 1278 480 Jesu
1293 457 1460 481 monstratos
1478 454 1512 480 ab
1528 453 1581 481 illis
1602 453 1730 480 derivan-

938 503 982 527 tur
995 508 1002 527 :
1018 503 1160 534 postquam
1176 503 1265 526 autem
1279 507 1364 526 unum
1380 507 1394 527 e
1412 500 1531 534 parvulis
1547 508 1561 526 a
1572 499 1635 527 Jesu
1650 507 1730 527 mon-

936 546 1041 577 stratis,
1062 545 1088 572 in
1112 552 1230 580 eumque
1247 545 1423 573 credentibus
1445 545 1617 579 offenderint,
1639 545 1731 573 asina-

937 591 1006 617 riam
1026 590 1126 617 molam
1143 595 1277 623 assumet,
1294 597 1393 625 corpus
1414 590 1541 618 videlicet
1559 590 1729 625 eorruptioni

938 634 1098 666 obnoxium,
1115 635 1235 662 animam
1249 643 1377 670 gravatis,
1404 643 1568 670 suspensum
1592 637 1625 664 de
1648 636 1730 669 collo,

937 688 992 716 quo
1005 681 1030 708 in
1045 681 1106 708 vita:
1124 681 1205 716 hujus
1224 681 1332 716 negotia
1347 681 1474 709 deorsum
1496 681 1633 715 trahetur;
1653 686 1682 709 ut
1697 682 1731 709 de

91 731 166 751 vana
190 725 233 752 sui
251 725 454 755 existimatione
471 727 570 756 horum
582 736 634 764 ope
649 728 826 764 dejiciantur,
845 734 871 757 et
891 733 1036 764 postquam
1051 737 1152 764 punias
1164 729 1273 763 luerint,
1284 729 1321 764 -_id
1342 729 1415 764 quod
1429 729 1481 757 sibi
1497 729 1561 757 utile
1575 729 1627 756 erit
1652 729 1731 756 mola:

96 770 228 798 asinariae
244 772 376 800 beneficio
387 779 602 808 consequantur.

129 819 188 846 Καὶ
207 819 274 855 ἄλλη
291 819 319 846 δὲ
332 820 459 856 διήγησις
481 821 554 857 παρὰ
572 822 621 857 τὴν
640 821 824 858 ἁπλούστερον
846 822 863 848 λ,

996 822 1022 849 8.
1049 820 1151 849 Ρηειει·
1175 821 1315 849 rudiorem
1340 821 1410 849 hanc
1434 821 1653 857 explicationem,
1678 821 1730 849 alia

93 865 216 900 γομένην
238 866 364 901 λελέχθω,
391 867 446 894 εἴτε
473 868 510 900 ὡς
529 868 627 904 δόγμα,
648 869 703 896 εἴτε
726 869 764 901 ὡς
786 877 891 904 γυμνα-

95 911 155 937 σίου
179 911 282 944 ἕνεκεν,
306 913 354 939 καὶ
379 913 543 949 ζητήσωμεν
565 916 642 942 ποῖον
666 915 891 951 προσκαλεσάμε-

94 964 139 988 νος
157 957 265 984 παιδίον
286 959 300 985 ὁ
321 959 434 994 Ἰησοῦς,
453 959 566 995 ἔστησεν
585 961 614 988 ὲν
636 961 711 997 μέσῳ
726 961 780 988 τῶν
801 962 890 997 μαθη-

93 1003 160 1029 τῶν.
184 1004 255 1039 Ὅρα
273 1004 302 1030 δὲ
322 1006 346 1031 εἰ
368 1004 480 1032 δύνασαι
500 1006 555 1042 (56)
573 1007 604 1033 τὸ
622 1008 795 1034 ταπεινῶσαν
810 1008 892 1034 ἑαυτὸ

94 1048 211 1083 Πνεῦμα
238 1049 324 1084 ἆγιον,
350 1051 403 1077 ὑπὸ
429 1052 475 1079 τοῦ
504 1053 629 1089 Σωτῆρος
646 1054 818 1089 προσκληθὲν
844 1053 892 1080 καὶ

93 1094 195 1121 σταθὲν
211 1095 241 1121 ἐν
259 1096 334 1132 μέσῳ
346 1097 385 1132 τῷ
399 1098 554 1134 ἡγεμονικῷ
569 1099 623 1126 τῶν
641 1099 770 1135 μαθητῶν
791 1099 890 1135 Ἰησοῦ,

93 1140 185 1166 εἰπεῖν
199 1138 269 1168 εἶναι
285 1142 299 1168 ὃ
320 1143 541 1177 προσεκαλέσατο
563 1145 578 1171 ὸ
601 1144 705 1180 Ἰησοῦς
726 1145 842 1172 παιδίοιν
867 1144 895 1171 ετ

93 1194 126 1212 τε
154 1186 279 1220 βούλεται
303 1189 376 1224 ἡμᾶς
399 1189 489 1217 πάντα
513 1190 547 1217 τὰ
571 1190 638 1217 ἄλλα
664 1191 893 1227 ἀποστραφέντας

95 1234 252 1268 στραφῆναι
280 1234 349 1270 πρὸς
371 1235 404 1261 τὰ
428 1236 638 1272 παραδείγματα
662 1237 714 1264 ὑπὸ
739 1237 786 1263 τοῦ
813 1237 891 1271 ἁγίου

95 1278 305 1315 ὑποϐαλλόμενα
324 1281 492 1317 Πνεύματος,
510 1282 580 1310 ὥστε
592 1285 666 1320 ἡμᾶς
680 1284 751 1311 οὕτω
766 1284 893 1319 γενέσθαι

94 1323 135 1355 ὡς
150 1325 186 1351 τὰ
204 1326 298 1353 παιδία
317 1326 351 1353 τὰ
371 1328 418 1354 καὶ
441 1329 512 1355 αὐτὰ
535 1330 700 1366 στραφέντα,
722 1331 769 1358 καὶ
793 1332 893 1366 ὁμοιω-

95 1370 180 1397 θέντα
205 1371 244 1406 τῷ
268 1373 337 1408 ἁγίῳ
355 1374 506 1410 Πνεῦματι·
529 1375 608 1403 ἅτινα
631 1376 726 1404 παιδία
750 1376 851 1404 ἔδωκεν
878 1378 893 1404 ὁ

95 1417 165 1449 Θεὸς
184 1418 222 1453 τῷ
247 1419 365 1455 Σωτῆρι,
389 1421 460 1447 κατὰ
480 1421 510 1448 τὸ
536 1423 564 1448 ὲν
596 1419 695 1458 Ἡσαΐᾳ
719 1422 890 1458 λελεγμένονο

98 1471 108 1487 ι
135 1461 201 1488 Ἰδοὺ
215 1463 269 1497 ἐγὼ
284 1464 330 1491 καὶ
339 1465 373 1491 τὰ
386 1466 478 1493 παιδία
494 1466 513 1493 ἆ
526 1475 570 1502 μοι
584 1466 683 1494 ἔδωκεν
694 1468 708 1493 ὁ
722 1467 798 1500 Θεὸς·
819 1478 828 1494 ι
846 1468 893 1496 καὶ

941 868 1064 902 insuper,
1084 867 1142 894 sive
1159 871 1188 894 ut
1204 867 1301 901 dogma
1312 886 1320 898 ,
1346 866 1404 894 sive
1420 866 1624 894 exercitationis
1644 866 1732 901 gratia

941 912 1106 948 proferatur,
1123 917 1150 940 et
1161 919 1307 947 quemnam
1324 912 1468 947 puerulum
1483 919 1498 941 ιι
1520 919 1549 940 se
1569 912 1732 939 accersitum

941 960 968 987 in
982 960 1073 987 medio
1092 959 1288 994 discipulorum
1305 958 1447 986 constituit
1467 957 1557 990 Jesus,
1577 962 1732 992 pet-scrute-

941 1014 1014 1034 ntur.
1029 1006 1096 1034 Vide
1111 1014 1176 1033 num
1194 1013 1308 1041 puerum
1324 1013 1338 1033 a
1354 1004 1417 1032 Jesu
1428 1005 1592 1033 accersitum
1607 1009 1731 1032 sanctum

942 1060 1004 1080 esse
1020 1052 1151 1087 Spiritum
1172 1052 1263 1079 dicere
1279 1050 1379 1086 possis,
1399 1050 1445 1085 qui
1468 1058 1497 1078 se
1517 1051 1606 1085 ipsum
1622 1050 1731 1084 abjecit,

942 1107 957 1126 a
972 1099 1117 1126 Servatore
1133 1098 1213 1134 595
1237 1098 1341 1125 accitus
1355 1101 1407 1131 est,
1420 1101 1446 1124 et
1465 1097 1491 1124 in
1508 1097 1598 1124 media
1613 1097 1734 1132 discipu-

942 1146 1030 1173 lorum
1045 1145 1109 1173 Jesu
1135 1150 1226 1172 mente
1242 1144 1422 1177 constitutus;
1449 1144 1490 1171 vel
1514 1152 1579 1170 num
1605 1151 1655 1171 nos
1680 1143 1734 1171 alia

943 1191 1033 1218 omnia
1059 1190 1239 1222 fastidientes,
1264 1190 1297 1216 ad
1320 1189 1443 1224 exempla
1468 1197 1483 1216 a
1512 1189 1614 1224 Spiritu
1638 1193 1734 1217 saneto

943 1241 1069 1272 suggesta
1087 1237 1208 1264 converti
1226 1237 1301 1269 velit,
1318 1236 1385 1264 adeo
1395 1241 1425 1263 ut
1440 1236 1590 1263 eiliciamur
1603 1240 1733 1269 tanquam

943 1281 1031 1316 pueri,
1046 1282 1093 1317 qui
1110 1286 1136 1309 et
1153 1282 1204 1316 ipsi
1221 1282 1362 1315 conversi,
1376 1286 1401 1309 et
1424 1281 1535 1317 Spiritui
1551 1286 1646 1308 sancto
1659 1280 1735 1308 simi<

943 1328 983 1355 les
1009 1327 1072 1355 facti
1098 1327 1215 1360 fuerint;
1241 1335 1310 1362 quos
1333 1327 1443 1362 quidem
1472 1334 1571 1362 pueros
1596 1326 1734 1354 Servatori

944 1373 1019 1401 dedit
1036 1373 1124 1406 Deus,
1142 1373 1222 1408 juxta
1244 1373 1270 1399 id
1286 1373 1359 1408 quod
1371 1373 1398 1400 in
1414 1372 1484 1400 Isaia
1506 1373 1607 1400 dictum
1625 1377 1667 1400 est
1689 1372 1733 1400 eo:

948 1429 957 1445 ι
972 1419 1042 1447 Ecce
1056 1427 1107 1453 ego
1123 1424 1150 1447 et
1173 1421 1250 1455 pueri
1272 1427 1342 1454 quos
1362 1419 1437 1446 dedit
1460 1419 1526 1446 mihi
1552 1418 1701 1451 Dominus;
1721 1428 1730 1444 ι

945 1473 995 1493 nec
1013 1473 1076 1493 vero
1091 1465 1118 1492 in
1136 1473 1252 1500 regnum
1279 1465 1411 1492 malorum
1435 1464 1538 1492 intrare
1560 1464 1602 1491 fas
1624 1464 1661 1491 illi
1680 1469 1733 1497 est,

94 1507 148 1534 οὐκ
169 1508 226 1535 ἔστι
241 1518 273 1543 γε
286 1511 416 1538 εἰσελθεῖν
431 1513 471 1544 εἰς
487 1513 536 1548 τὴν
547 1513 600 1539 τῶν
613 1513 736 1549 οὐρανῶν
752 1514 828 1549 βασιλ

1004 1519 1058 1539 non
1075 1520 1090 1539 a
1106 1512 1253 1539 mundanis
1267 1511 1384 1547 negotiis
1400 1518 1459 1539 sese
1473 1511 1609 1544 averterit,
1625 1517 1652 1538 et
1666 1519 1733 1546 puc-

95 1554 136 1590 μὴ
156 1556 311 1591 στραφέντα
333 1557 387 1583 ἀπὸ
404 1557 457 1585 τῶν
474 1558 615 1594 κοσμικῶν
639 1560 818 1595 πραγμάτων,
844 1561 891 1587 καὶ

94 1601 298 1636 ὲξομοιωθέντα
317 1605 373 1635 τοῖς
391 1604 421 1630 τὸ
443 1605 555 1640 Πνεῦμα
571 1605 601 1632 τὺ
624 1606 701 1641 ἅγιον
722 1607 892 1643 πεφορηκὸσι

95 1647 232 1680 παιδίοις·
250 1649 319 1685 ὅπερ
348 1650 460 1686 Πνεῦμα
490 1651 567 1686 ἅγιον
597 1653 853 1689 προσκαλεσάμενος
878 1655 892 1681 ὁ

101 1693 209 1728 Ἰησοῦς
225 1695 278 1720 ἀπὸ
292 1696 340 1731 τῆς
355 1696 422 1728 ἰδίας
436 1697 604 1733 τελειότητος
617 1699 806 1735 καταὸεὸηκὸς
824 1699 893 1734 πρὸς

94 1738 261 1774 ἀνθρώπους
279 1740 317 1772 ὡς
338 1742 453 1775 παιδίον,
476 1743 590 1779 ἔστησεν
610 1745 675 1771 αὐτὸ
695 1746 723 1772 ὲν
745 1745 820 1780 μέσῳ
835 1745 890 1772 τῶν

96 1785 239 1820 μαθητῶν.
257 1787 303 1813 Δεῖ
315 1785 361 1814 οὖν
380 1790 534 1825 στραφέντα
546 1791 600 1818 ἀπὸ
614 1791 667 1818 τῶν
681 1791 821 1827 κοσμικῶν
834 1793 891 1818 ὲπι-

94 1831 204 1865 θυμιῶν
217 1832 384 1860 ταπεινῶσαι
397 1834 503 1866 ἑαυτὸν,
514 1835 563 1870 οὐχ
574 1836 666 1868 ἁπλῶς
681 1837 717 1868 ὡς
730 1836 760 1863 τὸ
773 1836 888 1869 παιδίον,

92 1876 167 1905 ἀλλὰ
190 1877 260 1904 κατὰ
281 1877 312 1904 τὸ
335 1881 536 1916 γεγραμμένον,
560 1881 598 1913 ὡς
616 1882 645 1908 τὸ
670 1881 775 1909 παιδίον
798 1882 887 1909 τοῦτο.

941 1565 1035 1584 rerum
1051 1557 1180 1592 Spiritum
1193 1561 1319 1584 sanctum
1335 1556 1494 1584 habentium
1511 1556 1609 1583 similis
1621 1555 1734 1583 edoctus

941 1601 1040 1635 fuerit;
1058 1610 1139 1637 quem
1155 1601 1265 1637 quidem
1282 1601 1414 1636 Spiritum
1432 1605 1568 1634 sanciunt,
1590 1600 1637 1636 qui
1654 1609 1669 1628 a
1685 1609 1734 1628 sua

941 1647 1107 1682 perfectione
1131 1648 1165 1675 ad
1189 1648 1314 1675 homines
1338 1654 1367 1674 se
1377 1646 1498 1681 demisit,
1516 1652 1646 1682 tanquam
1668 1654 1735 1681 pue-

941 1702 1001 1722 rum
1020 1695 1156 1722 advocans
1172 1693 1269 1726 Jesus,
1292 1694 1319 1721 in
1341 1693 1430 1721 medio
1454 1693 1648 1729 discipulorum
1666 1700 1734 1720 con-

945 1741 1043 1768 stituit.
1062 1741 1188 1775 Seipsum
1209 1747 1273 1775 ergo
1296 1748 1311 1767 a
1333 1740 1480 1768 mundanis
1503 1739 1734 1774 concupiscentiis

944 1794 1071 1814 aversum
1092 1786 1244 1821 deprimere
1256 1789 1372 1820 oportet,
1391 1793 1444 1812 non
1470 1784 1559 1812 solum
1580 1789 1610 1812 ut
1631 1792 1732 1819 pueru-

943 1832 1010 1865 lum,
1027 1831 1072 1859 sed
1087 1831 1163 1866 juxta
1181 1830 1206 1858 id
1224 1830 1296 1865 quod
1310 1830 1440 1864 scriptum
1462 1833 1515 1862 est,
1536 1833 1565 1856 ut
1588 1828 1733 1864 puerulum

944 1879 1026 1906 hunc.
1051 1877 1206 1913 Deprimore
1229 1881 1319 1904 autem
1344 1876 1464 1911 seipsum
1493 1875 1565 1904 sicut
1588 1875 1731 1910 puerulum

700 1940 817 1968 VETUS
835 1937 1128 1967 INTERPRETATIO.

93 1986 209 2020 dignam
231 1986 379 2013 vindictam
403 1987 429 2013 in
448 1987 527 2018 mari,
544 1987 589 2014 ubi
611 1991 638 2014 et
663 1988 747 2015 draco
769 1988 893 2020 habetur,
917 1993 996 2021 quem
1024 1994 1033 2010 ι
1054 1983 1180 2011 formavit
1195 1991 1209 2021 t_
1219 1981 1289 2009 Deus
1306 1982 1365 2021 «ad
1387 1981 1554 2021 illttdendum
1568 1981 1629 2021 ei.»
1652 1986 1679 2009 et
1693 1982 1732 2010 sic

93 2016 306 2058 quvodncxpedit
327 2030 442 2058 passus,
464 2016 648 2058 qni'punitus
668 2028 724 2056 est,
746 2028 840 2057 postea
860 2016 1011 2058 criti-extra
1034 2020 1143 2058 dolores
1161 2018 1210 2058 _qui
1234 2022 1303 2058 sunt
1321 2017 1348 2058 in
1371 2016 1506 2058 proiundo
1535 2017 1635 2058 maris,
1661 2025 1732 2058 quos

90 2052 211 2091 pertulit
227 2052 376 2084 tractus'ab
392 2052 512 2084 asinaria
529 2052 610 2084 mola.
629 2057 698 2084 Sunt
719 2052 809 2085 autem
826 2063 852 2086 et
876 2057 1011 2084 molarum
1034 2053 1211 2091 diil‘eretttire,
1231 2057 1260 2079 ut
1282 2052 1339 2080 sint
1358 2052 1482 2091 quaedam
1504 2059 1598 2091 earum
1628 2052 1669 2087 (ut
1693 2053 1733 2080 sic

91 2086 243 2128 appellem)
267 2092 403 2128 humanm,
424 2092 483 2119 alia:
498 2097 588 2119 autem
605 2093 741 2120 asinariae.
757 2093 789 2120 Et
804 2094 922 2120 humana
937 2091 1045 2128 quidem
1066 2093 1108 2117 est
1132 2088 1177 2128 illa
1190 2088 1226 2128 de
1243 2095 1296 2128 qua
1315 2086 1446 2122 scriptum
1465 2091 1526 2128 est:
1545 2096 1554 2112 ι
1571 2086 1637 2128 Duae
1650 2092 1733 2114 erunt

91 2126 232 2153 molentes
246 2126 278 2153 ad
296 2134 377 2153 unam
393 2129 504 2158 molam,
525 2135 577 2153 una
594 2133 759 2159 assumetur,
776 2134 802 2155 et
821 2129 905 2155 altera
926 2127 1102 2160 relinquetur.
1120 2134 1128 2148 I
1143 2126 1277 2160 Asinaria
1297 2127 1387 2160 autem
1408 2130 1470 2160 qua:
1485 2126 1635 2160 imponitur
1650 2130 1733 2150 scan‘

91 2161 229 2188 dalizanti
250 2169 334 2188 unum
355 2162 388 2188 de
403 2163 510 2196 pusillis
524 2162 548 2189 in
564 2162 675 2190 (lhrism
688 2157 871 2193 credentibus,
890 2166 920 2189 ut
943 2157 1168 2196 deni-ergatunitt
1191 2158 1471 2196 profundummaris.
1493 2157 1619 2196 Asinaria
1641 2162 1733 2196 autent

90 2196 171 2233 mola
194 2203 258 2233 _non_
285 2192 508 2224 irrationabiliter
531 2197 583 2224 dici
610 2202 698 2231 potest
723 2206 822 2233 corpus
844 2192 1177 2233 gravissimum'hominis
1193 2192 1281 2233 mali.
1304 2193 1377 2228 quod
1392 2194 1518 2233 deorsum
1538 2192 1637 2233 trahit",
1659 2194 1734 2233 quod

90 2230 231 2272 suscipiet
251 2231 280 2258 in
307 2233 509 2259 resurrectione
540 2227 730 2267 unus-quisquc
755 2227 893 2268 peccator,
920 2237 949 2259 ut.
965 2232 1139 2265 demergatur
1161 2228 1188 2254 in
1214 2227 1344 2264 abyssum
1367 2235 1428 2263 quae
1448 2228 1547 2256 dicitur
1566 2227 1732 2262 profundum

90 2273 194 2293 maris.

134 2301 180 2327 18.
201 2301 404 2329 lntroducimus
428 2306 518 2329 autem
534 2307 610 2330 extra
626 2310 685 2330 eam
702 2310 783 2336 quam
801 2303 932 2333 diximus,
953 2302 1065 2328 alteram
1089 2299 1306 2336 expositionem,
1323 2298 1379 2336 sive
1396 2298 1531 2336 dogmatis
1549 2305 1650 2332 causa,
1675 2299 1734 2336 sive

89 2335 313 2364 exercitationis.
337 2336 491 2369 Quaerimus
508 2338 579 2365 enim
603 2345 683 2372 quem
706 2333 819 2371 puerum
843 2345 944 2365 vocans
965 2337 1046 2364 Jesus
1069 2333 1210 2372 constituit
1228 2334 1262 2372 _in
1287 2334 1375 2372 medio
1389 2333 1607 2372 discipulorum:
1625 2338 1652 2361 et
1670 2334 1733 2372 vide

89 2372 118 2398 ιί
146 2378 295 2405 possumus
319 2367 433 2406 puerum
453 2373 526 2400 hunc
541 2367 690 2407 intelligere
707 2367 837 2407 Spiritum
856 2377 992 2402 sanctum,
1014 2371 1061 2406 qui
1085 2370 1204 2404 seipsum
1228 2368 1390 2395 humiliavit.
1413 2367 1490 2407 Hunc
1505 2367 1585 2407 Iesus
1610 2369 1732 2404 accepit,

89 2411 123 2433 ct
141 2403 234 2440 posuit
250 2407 276 2433 in
300 2403 390 2434 medio
406 2415 505 2435 sensus
520 2403 734 2443 discipuiorum:
757 2409 818 2435 Vult
832 2416 897 2443 ergo
912 2407 991 2443 Jesus
1008 2403 1104 2433 omnes
1120 2403 1179 2443 nos,
1199 2408 1227 2430 ut
1248 2408 1405 2443 avertamur
1428 2403 1461 2430 ab
1476 2403 1647 2443 omnibuset
1665 2412 1732 2443 con:

90 2438 239 2469 vertamur
257 2442 407 2469 secundum
431 2438 729 2478 exemplum-Spiritus
751 2438 912 2477 sanctifut
936 2442 1085 2470 edici-amur
1113 2441 1185 2467 sicut
1210 2439 1298 2474 pueri,
1317 2438 1344 2466 id
1367 2443 1419 2473 cst,
1441 2438 1558 2473 apostoli
1571 2439 1619 2474 qui
1634 2443 1662 2467 et
1679 2438 1732 2474 ipsi

141 2489 166 2506 "
181 2488 233 2516 lsa.
250 2496 315 2521 VIII,
329 2488 372 2517 I8.

129 2548 190 2581 (55)
218 2548 311 2575 Ἐπὰν
331 2548 364 2574 δὲ
384 2547 625 2575 σχανδαλίσωσι.
651 2547 764 2574 Animas
789 2555 887 2582 nempe

88 2592 166 2619 quas
183 2587 247 2619 ante
258 2590 373 2617 corpora
382 2583 504 2619 conditas
517 2583 665 2619 ﬁngebant,
679 2590 729 2619 pro
740 2587 817 2619 recte
829 2591 886 2609 nta-

89 2619 155 2646 Ieve
180 2618 264 2658 gestis
289 2618 380 2658 varios
395 2618 540 2658 dignitatis
557 2618 598 2645 vel
614 2618 770 2658 ignominia}
785 2619 885 2658 gradus

87 2653 228 2687 consequi
245 2653 373 2680 censebat
392 2652 532 2687 Origenes,
549 2653 744 2688 corporibusvc
759 2653 885 2680 humanis

90 2689 137 2717 vel
153 2689 236 2715 etiam
261 2688 366 2720 ferinis,
380 2688 402 2715 si
418 2688 454 2715 ita
473 2688 588 2715 fuissent
602 2688 766 2722 promeritar,
781 2688 886 2722 suppli~

89 2723 130 2752 cii
147 2730 231 2750 causa
250 2723 348 2758 illigari
363 2733 369 2750 :
385 2728 414 2750 ut
430 2723 496 2750 satis
519 2723 768 2758 demonstravimus
783 2724 808 2749 in
825 2723 887 2750 Ori-

90 2758 228 2794 geniunis,
243 2757 339 2794 liln'tt,
350 2766 415 2794 teap.
430 2759 458 2789 ‘2,
474 2762 570 2792 quaest.
587 2757 604 2784 8
618 2758 685 2794 eti),
699 2757 747 2794 llic
762 2765 827 2794 ergo
838 2759 886 2784 do—

90 2793 137 2821 cet
155 2793 330 2820 adversarius
350 2793 409 2820 illus
427 2797 582 2826 potestates,
604 2793 626 2819 si
647 2793 806 2819 offensionis
821 2801 887 2819 eau-

92 2837 154 2856 sam
175 2828 298 2864 parvulis
317 2829 343 2855 in
359 2828 468 2855 Christo
484 2828 661 2863 praebuerint,
682 2828 707 2855 in
726 2835 825 2862 corpus
842 2829 888 2854 hu-

939 2555 1051 2574 manum
1065 2547 1223 2582 depressum
1243 2547 1287 2579 iri,
1305 2554 1337 2574 ac
1353 2554 1448 2582 poenas
1463 2545 1515 2582 sibi
1530 2545 1638 2582 debitas
1651 2553 1731 2575 exso-

940 2583 1038 2626 lnututn.
1058 2581 1134 2626 Il‘iiic‘
1151 2587 1328 2626 appare’t'pro
1344 2581 1387 2614 co,
1407 2582 1443 2608 Τὸ
1455 2581 1582 2626 ’φθαρτὸν
1605 2581 1686 2622 σῶμα
1702 2582 1732 2609 τὸ

957 2618 1055 2679 afui/or
1071 2617 1158 2661 ψυχὴν
1175 2617 1352 2658 ἀναλήψεται,
1374 2617 1548 2678 κρεμάὲιενον
1564 2617 1595 2642 ὲκ
1613 2617 1665 2660 τοῦ,
1680 2626 1732 2644 κα-

956 2668 968 2679 ε
988 2661 1101 2687 κομςνου
1124 2652 1211 2688 αυτὸν,
1228 2653 1273 2678 επὶ
1292 2652 1327 2678 τὰ
1342 2652 1404 2688 τῇδε
1419 2661 1458 2688 πρ
1476 2660 1568 2688 γματα
1583 2652 1729 2687 τραχηλου’

940 2672 1095 2722 legentium,
1112 2687 1303 2723 ἀναλήψονται.
1327 2672 1391 2723 cita,
1412 2672 1615 2722 καπδελξομένοιῗ
1627 2672 1711 2720 idem;
1722 2695 1730 2703 '

940 2721 1060 2757 etﬂpaulo
1077 2728 1146 2757 post,
1163 2721 1197 2749 ἐν’
1218 2721 1256 2756 τῷ
1274 2721 1438 2757 συμφέροντι
1454 2721 1567 2757 αὑταῖς,
1579 2723 1650 2757 quod
1675 2723 1731 2750 sive

940 2756 988 2792 per
1002 2756 1136 2794 incuri;un
1159 2757 1263 2794 librarii
1280 2757 1404 2791 contigit,
1421 2757 1478 2784 sive
1494 2765 1541 2791 per
1554 2756 1629 2793 Orig.
1643 2758 1731 2794 ipsius

940 2791 1154 2827 properantium.
1172 2791 1304 2827 "uerius.

977 2828 1034 2862 (56)
1054 2827 1123 2861 Ὅρα
1141 2827 1176 2854 δὲ
1194 2828 1219 2854 εὶ
1240 2826 1378 2861 δύνασαι,
1393 2830 1445 2854 etc.
1466 2825 1658 2864 Hieronymus.
