1859 3051
167 102 235 130 “47

164 166 270 197 statuit,
283 164 311 192 in
322 164 434 192 nomine
443 163 518 196 Iesu,
528 163 676 192 secundum
689 164 800 195 Lucam,
813 163 951 198 suscipere
966 172 991 196 Α

148 212 284 252 ζοβοηοι.
298 210 386 246 Atque
401 210 473 238 baud
488 210 546 238 scio
563 218 597 237 an
618 210 644 237 id
664 210 763 244 aliquis
784 209 887 244 tropice
903 218 952 237 cx-

166 258 269 292 plicare
297 258 410 292 possit:
436 267 445 283 ι
463 258 626 292 Quicunque
654 257 805 292 susceperit
837 265 952 292 puerum

166 304 249 331 istum
262 303 288 331 in
303 304 414 331 nomine
436 312 516 336 meo;
534 313 542 329 )
561 303 707 338 unicuique
729 304 802 330 enim
826 307 952 331 nostrum

166 357 234 383 puer
247 349 302 382 ille,
319 358 399 385 quem
416 349 495 377 Jcsus
512 354 576 377 tunc
596 350 795 384 apprehensum
818 350 896 385 juxta
923 358 952 378 se

167 395 320 428 constituit,
336 395 363 422 in
387 395 497 423 nomine
517 395 581 422 Jesu
604 395 794 430 suscipiendus
809 401 852 424 est
865 405 872 429 ;
887 397 952 424 rivit

166 441 237 468 enim
257 441 335 476 quasi
348 441 519 474 immortalis,
533 446 560 468 et
576 449 637 468 eum
652 441 686 469 ab
702 442 761 476 ipso
775 441 839 469 Jcsu
856 442 882 469 in
903 451 953 470 n0-

167 487 240 514 mine
254 486 317 514 Jesn
334 487 473 521 suscipere
489 491 596 522 oportet
610 496 617 521 ;
637 496 653 515 a
667 496 721 522 quo
736 488 849 516 minime
863 488 955 523 sejun-

165 537 225 559 ctus
239 531 328 565 Jcsus,
345 532 415 567 apud
434 540 496 560 eum
519 538 560 560 est
582 534 629 568 qui
653 541 766 568 puerum
790 535 954 569 susceperit,

166 577 202 604 ita
219 583 247 604 ut
262 577 340 612 juxta
364 578 430 604 illud
454 578 508 605 dici
527 579 631 613 possit:
652 588 661 604 ι
677 579 839 614 Quicunque
860 588 953 607 susce-

165 623 234 657 perit
250 631 364 657 puerum
379 623 462 651 istum
481 623 506 650 in
525 624 636 651 nomine
661 633 733 657 meo,
751 633 794 652 me
819 625 923 659 recipit.
939 634 953 650 ι

163 668 265 696 Βείηίιθ
278 677 342 697 vero
356 677 418 697 cum
435 678 450 697 a
467 670 535 697 Filio
551 670 630 697 Pater
648 678 700 697 non
713 675 864 706 separetur,
880 671 952 706 apud

163 723 225 741 cum
243 719 285 742 est
298 715 344 749 qui
357 715 457 743 Filium
471 716 622 750 susceperit
636 725 643 749 ;
659 717 729 743 unde
740 717 843 744 dictum
860 718 929 745 est"l
943 727 954 745 ι

166 770 175 785 ι
195 760 226 787 Ει
240 760 398 796 quicunque
412 769 454 788 me
480 761 622 795 receperit,
641 762 737 796 recipit
757 770 819 790 eum
841 763 888 797 qui
907 770 952 790 me

163 806 249 833 misit.
267 815 276 831 ι
293 805 345 838 Qui
361 811 451 833 autem
467 807 621 841 puerulum,
638 812 664 834 et
679 807 861 841 Servatorem,
874 816 951 835 eum-

163 859 216 884 que
234 858 249 878 a
264 859 318 885 quo
336 852 436 879 missus
452 852 497 879 ille
512 856 564 885 est,
577 853 738 886 susceperit,
750 853 878 880 omnibus
887 853 956 880 Jesu,
969 847 990 875 Β

163 897 306 931 tlisripulis
323 897 413 924 minor
426 902 476 930 est,
494 905 555 925 cum
575 906 687 932 parvum
704 899 803 933 seipse
822 899 951 932 exhibet;

164 947 193 969 at
207 943 453 976 quantominorem
472 951 501 970 se
517 943 574 978 ipse
589 944 752 975 exhibuerit,
764 951 797 971 eo
811 944 897 979 major
911 944 950 977 fit,

166 988 254 1021 majus
271 988 308 1015 illi
328 989 525 1016 incrementum
544 989 625 1016 dante
637 997 669 1016 eo
683 990 729 1024 qui
746 993 774 1017 ut
788 997 900 1024 parvum
922 997 952 1017 se

165 1034 222 1068 ipse
235 1034 366 1068 prmberet
380 1033 477 1061 etl‘ecit.
491 1033 620 1061 Animum
631 1034 703 1062 cnim
717 1035 750 1062 ad
762 1035 788 1062 id
800 1035 949 1063 adverte“:

167 1089 176 1104 ‹
191 1079 258 1106 Nam
275 1079 321 1114 qui
337 1079 425 1107 minor
440 1084 481 1107 est
505 1080 577 1107 inter
600 1088 648 1108 vos
675 1088 781 1113 euntes,
800 1081 843 1108 hic
864 1082 951 1117 major

162 1129 203 1151 est
217 1133 224 1157 ;
240 1134 250 1150 ι
269 1125 385 1159 legimus
407 1132 517 1160 quoque
537 1125 564 1152 in
585 1126 658 1160 aliis,
679 1136 688 1152 ι
705 1127 793 1162 major
809 1129 878 1161 erit;
897 1138 906 1154 ι
923 1132 952 1155 at

160 1171 236 1203 juxta
255 1169 357 1197 Lucam
369 1170 411 1197 9‘:
430 1179 439 1196 ι
457 1170 485 1198 Si
506 1172 568 1207 quis
591 1179 644 1199 non
672 1173 807 1208 acceperit
835 1181 948 1208 regnum

161 1213 210 1242 Dei
226 1216 296 1243 sicut
313 1225 390 1251 puer,
408 1225 462 1245 non
481 1218 594 1246 intrabit
616 1219 644 1246 in
669 1219 735 1246 illud
750 1229 756 1247 :
773 1229 783 1246 ι
803 1220 949 1256 ambiguus

163 1267 226 1288 vero
240 1266 281 1289 est
296 1262 341 1289 ille
361 1270 461 1296 sermo,
479 1264 521 1291 vel
544 1264 617 1291 enim
642 1269 670 1291 ut
693 1265 740 1299 qui
766 1273 878 1300 regnum
901 1265 948 1292 Dei

162 1306 273 1340 accipit,
291 1315 375 1341 puero
388 1308 485 1335 similis
498 1308 640 1341 elIicialur,
655 1309 695 1336 vel
720 1313 749 1336 ut
769 1316 882 1344 regnum
901 1309 949 1337 Dei

162 1351 199 1378 illi
218 1360 302 1387 puero
319 1353 407 1380 simile
421 1354 545 1381 eﬂ‘ectum
562 1355 684 1389 recipiat.
705 1355 738 1382 Et
757 1355 804 1390 qui
833 1363 947 1390 regnum

160 1399 208 1426 Dei
227 1400 271 1427 hic
287 1401 432 1435 rccipiunt,
450 1401 516 1428 illud
535 1402 651 1429 fortasse
663 1410 749 1436 puero
764 1402 854 1429 simile
879 1403 950 1430 reci»

159 1445 250 1480 piunt,
268 1447 294 1474 in
312 1447 405 1475 futuro
420 1453 510 1476 autem
527 1449 609 1484 598
623 1449 724 1476 smculo
739 1457 793 1476 non
809 1450 869 1484 jam
888 1457 947 1476 am-

161 1492 232 1526 plius
247 1501 331 1527 puero
351 1495 441 1522 simile
457 1503 464 1527 ;
481 1499 507 1522 et
525 1495 738 1530 magnitudinem
763 1500 948 1530 assequuntur

160 1538 349 1573 perfectionis,
366 1540 393 1567 in
407 1545 498 1573 mtate,
516 1545 546 1568 ut
565 1541 602 1568 ita
616 1542 716 1575 dicam,
731 1543 867 1577 spirituali
890 1551 951 1570 sese

160 1587 313 1613 exserentis
328 1591 355 1613 et
372 1587 535 1614 ostentantis
559 1587 587 1614 in
606 1587 638 1615 iis
652 1588 780 1616 omnibus
792 1589 839 1623 qui
858 1589 884 1615 in
900 1589 953 1616 hoc

162 1632 264 1658 saaculo
289 1636 454 1667 receperunt
476 1640 589 1667 regnum
617 1633 675 1667 Dei,
695 1633 766 1668 quod
794 1634 838 1661 hic
869 1641 953 1670 puero

162 1677 251 1705 simile
266 1683 317 1705 est.

196 1725 241 1752 9.0.
264 1734 274 1750 ι
291 1724 337 1752 Vae
362 1725 464 1753 mundo
487 1734 502 1754 a
527 1726 665 1754 scandalis
676 1727 709 1752 ³³.
729 1735 738 1752 ι
765 1725 896 1754 Privatim
921 1729 949 1753 et

161 1776 286 1805 separate
302 1772 464 1799 vocabulum
481 1772 565 1800 hocce
592 1781 601 1798 ι
618 1772 736 1800 mundus
751 1782 760 1798 ι
786 1776 948 1807 usurpatum

160 1820 222 1843 est:
242 1825 250 1841 ι
267 1816 296 1842 In
312 1817 414 1844 mundo
427 1821 495 1851 erat,
510 1821 538 1845 et
554 1818 672 1845 mundus
685 1825 747 1844 cum
770 1826 824 1845 non
847 1825 948 1852 cogno-

160 1861 251 1895 vit";
267 1872 277 1888 ›
294 1863 410 1897 atjuxta
428 1863 646 1890 convenientiam
665 1871 727 1890 cum
745 1863 836 1898 aliqua
860 1871 905 1895 re,
923 1868 950 1890 et

161 1909 358 1936 connexionem
375 1917 436 1936 cum
452 1917 484 1937 eo
501 1910 535 1936 ad
549 1910 621 1944 quod
634 1910 763 1944 pertinet,
777 1910 948 1936 enuntiatum

161 1958 203 1982 est
215 1955 267 1982 hoc
281 1955 341 1982 loco
355 1955 375 1971 ³⁷
391 1965 397 1983 :
413 1965 421 1980 ι
436 1955 475 1983 Ne
487 1955 556 1982 forte
566 1955 679 1983 elevatis
692 1956 780 1983 oculis
793 1955 826 1982 ad
838 1955 950 1988 corium,

900 103 1065 132 ORIGENIS‘

1736 105 1807 133 1H8

1005 173 1014 190 (
1036 164 1083 195 Ὃς
1098 163 1146 190 ἐὰν
1167 162 1276 198 δέξηται
1293 162 1371 190 τοῦτο
1387 163 1416 190 τὸ
1441 164 1548 191 παιδίον
1567 164 1615 191 ἐπὶ
1631 163 1672 200 τῷ
1690 165 1807 199 ὀνόματί

1007 220 1068 247 μου.
1091 221 1100 236 ι
1120 211 1179 246 Χρὴ
1196 211 1250 246 γὰρ
1267 211 1354 237 ἐκεῖνο
1370 211 1401 238 τὺ
1417 212 1532 244 παιδίον,
1549 211 1564 238 ὃ
1579 211 1641 238 τότε
1659 211 1780 248 ἔστησεν
1794 214 1806 238 ὁ

1012 258 1113 293 Ἰησοῦς
1131 258 1195 292 παρ’
1214 257 1302 293 ἑαυτῷ
1318 258 1465 292 λαϐόμενος
1479 257 1572 290 αὑτοῦ,
1589 257 1722 290 δέξασθαι
1737 258 1806 285 ἐκα-

1007 312 1067 330 στον
1085 303 1162 338 ἡμῶν
1178 303 1225 330 ἐπὶ
1244 303 1283 339 τῷ
1303 303 1414 338 ὀνόματι
1429 304 1476 330 τοῦ
1500 304 1606 339 Ἰησοῦ·
1628 304 1662 339 ζῇ
1688 304 1747 340 γὰρ
1768 304 1806 336 ὡς

1005 347 1148 380 ἀθάνατον,
1167 348 1213 375 καὶ
1232 348 1285 384 χρὴ
1307 349 1372 376 αὐτὸ
1389 349 1436 375 ἀπ’
1453 348 1534 375 αὐτοῦ
1550 349 1598 375 τοῦ
1618 348 1707 384 Ἰησοῦ
1725 348 1805 381 δέξα-

1007 392 1068 420 σθαι
1085 393 1132 420 ἐπὶ
1149 393 1187 428 τῷ
1203 393 1314 429 ὀνόματι
1328 394 1374 420 τοῦ
1398 395 1495 429 Ἰησοῦ,
1511 392 1540 421 οὗ
1561 395 1599 430 μὴ
1615 395 1807 430 χωριζόμενος

1005 440 1020 466 ὁ
1035 440 1138 475 Ἰησοῦς
1151 440 1255 474 γίνεται
1272 441 1346 476 παρὰ
1358 440 1397 475 τῷ
1410 441 1547 476 δεχομένῳ
1568 442 1599 468 τὸ
1620 442 1731 467 παιδίον
1741 461 1748 473 ,
1768 442 1806 472 ὡς

1006 483 1077 510 κατὰ
1089 484 1168 510 τοῦτο
1180 484 1304 520 λελέχθαι
1323 485 1368 511 τό·
1390 495 1398 510 ι
1419 486 1466 517 Ὃς
1484 486 1533 513 ἐὰν
1551 486 1663 522 δέξηται
1677 486 1760 513 τοῦτο
1776 487 1806 512 τὸ

1006 530 1111 557 παιδίον
1124 531 1170 556 ἐπὶ
1184 530 1221 565 τῷ
1234 531 1346 566 ὀνόματί
1363 540 1425 566 μου,
1440 532 1490 566 ἐμὲ
1503 532 1620 567 δέχεται.
1641 542 1651 558 ι
1668 530 1727 558 Εἶτ’
1744 532 1806 558 ἐπεὶ

1005 575 1154 611 ἀχώριστός
1179 577 1237 603 ἐστι
1267 576 1315 603 τοῦ
1340 576 1405 603 Υἱοῦ
1428 578 1442 604 ὁ
1464 578 1569 613 Πατὴρ,
1594 578 1704 611 γίνεται
1729 576 1806 612 παρὰ

1005 621 1044 656 τῷ
1066 621 1204 658 δεξαμένῳ
1217 622 1263 649 τὸν
1280 622 1358 649 Υῐόν·
1379 622 1419 648 διὸ
1435 622 1574 650 λέλεκται·
1596 633 1606 648 ι
1626 623 1685 649 Καὶ
1703 623 1735 655 ὃς
1757 622 1806 648 ἐὰν

1006 668 1055 702 ἐμὲ
1067 667 1185 703 δέξηται,
1196 668 1300 703 δέχεται
1314 667 1359 695 τὸν
1370 668 1568 695 ἀποστείλαντά
1581 677 1626 703 με.
1642 678 1652 694 ι
1675 669 1705 694 '0
1717 668 1746 694 δὲ
1758 667 1804 694 δε-

1006 713 1122 748 ξάμενος
1137 713 1168 740 τὸ
1186 713 1308 745 παιδίον,
1326 713 1373 740 καὶ
1394 713 1438 740 τὸν
1458 714 1584 749 Σωτῆρα,
1603 714 1652 740 καὶ
1668 714 1717 739 τὸν
1737 713 1806 740 ἁπο-

1006 760 1150 788 ατειλαντα
1166 760 1257 792 αὐτὸν,
1277 760 1438 796 μικρότερός
1452 761 1525 787 ἐστιν
1545 761 1573 786 ὲν
1587 761 1657 787 πᾶσι
1676 761 1735 791 τοῖς
1755 759 1806 794 ’1η-

1006 807 1053 834 σοῦ
1067 806 1199 842 μαθηταῖς
1214 806 1308 833 ἑαυτὸν
1322 807 1488 842 σμικρύνων·
1506 807 1568 833 ὅσον
1580 806 1609 833 δὲ
1624 806 1726 833 ἑαυτὸν
1743 814 1807 841 σμι-

1005 853 1111 888 κρύνει,
1125 853 1251 879 τοσοῦτον
1267 853 1371 887 γίνεται
1384 853 1480 888 μέγας,
1493 853 1573 879 αὑτοῦ
1586 853 1634 879 τοῦ
1649 853 1700 879 ἐπὶ
1713 852 1806 879 πλεῖον

1006 898 1167 933 σμικρύνειν
1190 898 1282 930 αὑτὸν,
1300 900 1346 925 καὶ
1363 898 1501 930 ποιοῦντος
1525 898 1676 925 ἐπιδιδόναι
1693 899 1736 930 εἰς
1760 900 1807 934 μέ-

1004 944 1083 979 γεθος
1094 953 1100 960 ·
1119 945 1236 980 πρόσχες
1252 945 1307 980 γὰρ
1322 945 1377 980 τῷ·
1401 955 1410 970 ι
1441 945 1469 971 ’0
1487 945 1651 980 μικρότερος
1668 946 1700 972 ὲν
1723 946 1806 972 πᾶσιν

1005 990 1069 1024 ὑμῖν
1086 991 1228 1026 ὑπάρχων,
1243 986 1319 1022 οὗτός
1337 991 1394 1016 ἐστι
1409 990 1505 1025 μέγας.
1523 1000 1531 1015 ι
1556 991 1734 1025 ’Δνέγνωμεν
1751 990 1805 1024 (42)

1003 1035 1032 1062 δὲ
1049 1036 1096 1062 καὶ
1107 1037 1136 1062 ὲν
1152 1036 1252 1068 ἄλλοις,
1270 1036 1326 1062 καί’
1347 1046 1355 1061 ι
1372 1036 1468 1062 Ἔσται
1482 1036 1580 1070 μέγας·
1596 1045 1606 1061 ι
1625 1035 1701 1062 κατὰ
1718 1035 1747 1069 δὲ
1761 1035 1806 1062 τὸν

1003 1082 1128 1108 Λουκᾶν“
1150 1092 1159 1108 ι
1184 1082 1247 1109 Ἐὰν
1265 1083 1301 1118 μή
1317 1090 1360 1113 τις
1376 1081 1484 1117 δέξηται
1501 1082 1549 1116 τὴν
1566 1080 1613 1107 τοῦ
1633 1081 1704 1107 Θεοῦ
1727 1081 1806 1115 βασι-

1004 1125 1078 1153 λείαν
1094 1127 1132 1158 ὡς
1145 1127 1176 1153 τὸ
1189 1127 1306 1157 παιδίον,
1321 1127 1350 1153 οὐ
1369 1127 1406 1162 μὴ
1421 1125 1530 1162 εἰσέλθῃ
1542 1126 1581 1157 εἰς
1597 1126 1689 1161 αὐτήν
1699 1134 1706 1139 ·
1728 1135 1738 1151 ι
1760 1125 1807 1152 καὶ

1003 1171 1075 1198 ἐστιν
1088 1172 1267 1208 ἀμφίϐολοςή
1287 1172 1370 1204 λέξις,
1391 1173 1408 1208 ἢ
1424 1172 1478 1208 γὰρ
1491 1173 1534 1199 ἵνα
1554 1173 1568 1198 ὁ
1586 1171 1739 1207 δεχόμενος
1757 1171 1806 1206 τὴν

1002 1217 1049 1244 τοῦ
1065 1218 1132 1244 Θεοῦ
1145 1218 1283 1253 βασιλειαν
1295 1218 1408 1253 γένηται
1419 1218 1457 1250 ὡς
1469 1218 1583 1250 παιδίον,
1595 1218 1613 1252 ἢ
1632 1218 1679 1244 ἴνα
1694 1218 1746 1252 τὴν
1759 1216 1806 1243 τοῦ

1002 1263 1069 1290 Θεοῦ
1101 1264 1239 1299 βασιλείαν
1271 1264 1455 1300 παραδέξηται
1486 1264 1637 1299 γενομένην
1665 1263 1745 1298 αὐτῷ
1768 1263 1807 1294 ὡς

1003 1310 1118 1337 παιδίον.
1137 1311 1191 1337 Καὶ
1203 1310 1272 1346 τάχα
1288 1310 1405 1337 ἐνταῦθα
1428 1310 1476 1345 μὲν
1493 1310 1516 1336 οἱ
1532 1309 1674 1344 δεχόμενοι
1690 1310 1743 1343 τὴν
1758 1307 1806 1334 τοῦ

1002 1356 1069 1382 Θεοῦ
1098 1355 1233 1390 βασιλείαν
1256 1355 1378 1391 δέχονται
1404 1355 1488 1391 αὐτὴν
1510 1352 1594 1381 οὖσαν
1617 1353 1657 1385 ὡς
1683 1354 1805 1384 παιδίον,

1002 1402 1030 1428 ὲν
1047 1402 1075 1428 δὲ
1089 1401 1127 1436 τῷ
1150 1401 1272 1437 μέλλοντι
1296 1401 1375 1428 αἰῶνι
1398 1401 1490 1427 οὐκέτι
1511 1401 1549 1432 ὡς
1571 1400 1694 1433 παιδίον,
1710 1400 1762 1426 καὶ
1777 1399 1807 1424 τὸ

1004 1447 1115 1482 μέγεθος
1137 1448 1186 1483 τῆς
1206 1447 1372 1483 τελειότητος
1391 1448 1419 1474 ἐν
1437 1448 1482 1483 τῇ,
1501 1447 1533 1473 ἵν’
1553 1446 1641 1477 οὕτως
1658 1446 1805 1480 thapsiae,

1003 1494 1174 1528 πνευματικῇ
1201 1493 1294 1528 ἡλικίᾳ
1320 1492 1552 1528 ἐπιδεικνυμένοις
1575 1492 1632 1527 (45)
1656 1493 1729 1518 πᾶσι
1750 1493 1807 1522 τοῖς

1004 1538 1050 1564 ἐπὶ
1066 1538 1112 1564 τοῦ
1137 1538 1270 1573 παρόντος
1293 1537 1524 1574 παραδεξαμένοις
1545 1538 1632 1572 αὐτὴν
1658 1535 1747 1564 οὖσαν
1764 1537 1806 1562 ὲν-

1003 1582 1090 1610 ταῦοα
1105 1584 1143 1615 ὡς
1158 1583 1273 1610 παιδίον.

1043 1735 1052 1751 ι
1072 1725 1140 1751 Οὐαὶ
1153 1725 1191 1760 τῷ
1211 1725 1305 1760 κόσμῳ
1320 1725 1373 1752 ἀπὸ
1387 1724 1441 1752 τῶν
1457 1724 1624 1752 σκανδάλων.
1643 1734 1652 1749 ι
1667 1725 1740 1751 Κατ’
1759 1724 1808 1752 αὑ-

1002 1770 1052 1806 τὴν
1074 1771 1123 1806 μὲν
1148 1771 1194 1797 καὶ
1217 1770 1428 1805 ὰπολελυμένως
1449 1771 1555 1805 εἴρηται
1577 1771 1594 1804 ἡ
1623 1779 1631 1794 α
1660 1770 1768 1805 κύαμος
1794 1779 1803 1795 ι

1004 1817 1095 1852 φωνή·
1115 1826 1124 1842 ι
1152 1817 1197 1843 Ἐν
1216 1815 1254 1852 τῷ
1269 1816 1363 1852 κόσμῳ
1380 1816 1435 1852 (44)
1450 1814 1494 1851 ἦν,
1512 1817 1559 1843 καὶ
1571 1817 1584 1842 ὁ
1601 1816 1707 1851 κόσμος
1721 1816 1807 1842 αὑτὸν

1003 1863 1053 1889 οὐκ
1073 1862 1157 1897 ἔγνω·
1182 1872 1191 1888 ι
1211 1863 1282 1890 κατὰ
1296 1863 1325 1889 δὲ
1346 1863 1394 1898 τὴν
1412 1863 1479 1898 πρὸς
1496 1871 1522 1889 τι
1539 1861 1635 1897 σχέσιν
1659 1862 1731 1896 μετὰ
1756 1863 1807 1896 τῆς

1004 1909 1072 1944 πρὸς
1089 1909 1178 1935 ὲκεῖνο
1194 1908 1343 1944 ἐπιπλοκῆς
1356 1905 1387 1934 οὗ
1404 1909 1505 1944 κόσμος
1519 1908 1578 1934 ἐστὶ
1593 1907 1760 1942 ὠνόμασται
1777 1908 1806 1933 ἐν

1004 1954 1060 1990 τῷ·
1086 1965 1095 1980 ι
1118 1955 1165 1990 Μὴ
1178 1954 1333 1990 ἀναϐλέψας
1352 1955 1392 1986 εἰς
1405 1954 1450 1982 τὸν
1470 1954 1594 1990 οὐρανὸν,
1614 1954 1662 1981 καὶ
1680 1953 1743 1980 ἰδὼν
1760 1954 1806 1980 τὸν

761 2024 877 2052 VETUS
902 2023 1195 2052 INTERPRETATIO.

161 2059 270 2100 nomine
286 2080 356 2111 meo.
377 2083 386 2099 ι
411 2073 747 2111 Secundumliatlhtenm
768 2081 832 2111 ergo
850 2077 876 2111 et
896 2072 1036 2111 Marcum,
1059 2077 1148 2107 potest
1173 2073 1235 2111 quis
1257 2073 1383 2111 dubitare
1409 2077 1637 2111 n_trum_puerum
1665 2071 1804 2111 Spiritum

165 2113 291 2134 sanctum
311 2108 385 2134 dicat
405 2117 410 2135 :
435 2108 500 2142 quia
516 2109 555 2135 sic
571 2109 720 2135 dixerunt:
740 2117 749 2133 ‹
767 2106 872 2142 δίἶμιὶδ
889 2108 1024 2141 acceperit
1044 2106 1158 2142 puerum
1179 2106 1271 2136 talem.
1291 2117 1300 2134 ›
1324 2108 1479 2135 Secundum
1502 2106 1602 2135 Lucam
1623 2111 1713 2134 autent
1739 2108 1806 2140 quis

161 2142 276 2181 ambigit
289 2150 370 2181 posse
384 2144 497 2181 inpalligi
516 2151 628 2181 puerum
646 2143 721 2170 illum
739 2142 870 2181 Spiritum
889 2148 1013 2170 sanctum
1035 2151 1097 2181 cum
1117 2143 1209 2181 dicat:
1228 2153 1237 2169 ι
1255 2143 1283 2170 Si
1302 2144 1368 2181 quis
1391 2143 1525 2177 acceperit
1545 2150 1661 2177 puerum
1683 2142 1758 2168 hunc
1775 2142 1805 2181 in

161 2178 273 2213 nomine
291 2178 369 2204 meo?
387 2188 396 2203 ι
415 2178 570 2206 Secundum
586 2178 686 2205 Lucam
699 2186 764 2213 ergo
778 2178 909 2206 debemus
928 2186 1045 2213 puerum
1066 2179 1158 2209 illum.
1175 2179 1200 2206 id
1220 2183 1276 2212 est,
1299 2178 1430 2213 Spiritum
1449 2182 1695 2213 sanctum,quern
1727 2178 1805 2213 acci-

161 2212 239 2246 piens
252 2211 332 2239 Jesus
349 2213 525 2249 posuitiapud
545 2222 583 2247 se,
600 2211 742 2248 suscipere
757 2214 782 2240 in
798 2213 909 2249 nomine
924 2212 998 2240 Jesu.
1019 2213 1092 2240 Vivit
1113 2214 1185 2240 enim
1201 2221 1268 2249 puer
1294 2211 1338 2241 ille
1362 2213 1442 2249 quasi
1469 2212 1657 2249 immortalis:
1673 2216 1701 2238 et
1717 2212 1806 2238 debe-

161 2254 224 2274 mus
239 2255 303 2274 eum
320 2246 355 2274 ali
369 2248 427 2282 ipso
442 2246 507 2276 Jcsu
524 2246 703 2277 constitutum
718 2249 789 2283 apud
806 2247 898 2275 Jcsum
917 2249 1055 2283 suscipere
1073 2249 1100 2275 in
1117 2246 1229 2276 nomine
1249 2249 1313 2276 .lesn
1328 2258 1334 2275 :
1351 2246 1484 2283 quoniam
1501 2255 1563 2274 cum
1579 2247 1616 2274 sit
1627 2246 1708 2273 Iesus
1717 2255 1803 2283 _nun-

161 2289 243 2318 quam
261 2281 389 2311 recedens
404 2292 418 2311 a
437 2292 519 2318 puero
534 2285 589 2317 illo,
608 2286 637 2311 lit
653 2285 724 2318 apud
737 2281 803 2311 eum
818 2284 864 2317 qui
883 2281 1014 2317 receperit
1030 2291 1146 2318 puerum
1170 2285 1197 2311 in
1222 2285 1333 2311 nomine
1355 2281 1426 2318 ejus.
1452 2282 1485 2309 Et
1499 2283 1632 2316 quoniam
1650 2289 1702 2308 nec
1717 2281 1803 2308 Pater

162 2317 265 2355 recedit
281 2326 296 2355 ο
312 2318 398 2355 Filio;
416 2319 438 2346 si
453 2320 515 2354 quis
530 2320 662 2354 receperit
673 2317 786 2350 Filium,
804 2319 902 2355 recipit
918 2319 989 2353 apud
1010 2317 1039 2345 se
1060 2320 1142 2346 simul
1159 2324 1186 2346 et
1201 2319 1320 2346 Patrem.
1341 2318 1393 2351 Qui
1414 2322 1505 2355 autem
1521 2318 1624 2355 recepit
1638 2322 1670 2355 et
1684 2324 1803 2355 puerum

162 2352 198 2392 in_
219 2353 334 2393 nomine
358 2353 443 2388 Jesn,
462 2351 500 2382 ἐι
526 2351 619 2382 Jesuin
643 2355 669 2381 in
696 2355 808 2393 nomine
832 2351 942 2393 i’atris,
968 2355 998 2393 in
1019 2355 1149 2382 omnibus
1165 2355 1311 2393 _mino_r_er_n
1341 2353 1500 2393 se_prmbet
1523 2352 1672 2393 .discipulis
1697 2351 1804 2393 Ciliris'li

160 2387 280 2449 (tit-ipsum
300 2390 440 2449 miinorans
456 2399 462 2417 :
477 2395 504 2418 et
521 2395 624 2425 quanto
646 2390 734 2425 magis
758 2397 787 2417 se
810 2389 1003 2422 minoraverit,
1022 2394 1096 2417 tanto
1117 2390 1207 2425 major
1232 2390 1346 2417 elIicitur
1367 2387 1408 2416 ab
1426 2395 1459 2415 eo
1483 2388 1530 2422 qui
1550 2388 1576 2415 ei
1603 2387 1803 2414 minoralionis

179 2431 204 2449 et
216 2428 235 2449 Il.
253 2432 325 2449 lnam
336 2430 422 2449 atnm.

179 2424 235 2449 etlit
253 2425 422 2452 Inundalum.

195 2458 240 2485 20.
260 2469 270 2484 ι
288 2459 332 2487 Vae
345 2461 408 2488 huic
423 2460 524 2487 mundo
541 2468 555 2487 a
571 2459 718 2488 scandalis.
736 2458 853 2487 Necesse
872 2464 913 2486 est
929 2459 1001 2486 enim
1020 2460 1112 2487 venire
1136 2460 1274 2488 scandala.
1302 2459 1495 2488 Verumtamen
1512 2466 1554 2487 vae
1572 2458 1680 2485 homini
1698 2457 1737 2485 illi
1755 2465 1803 2492 per

160 2499 241 2530 quem
257 2495 416 2522 scandalum
432 2496 514 2522 venit.
532 2505 541 2520 ι
561 2495 645 2529 Digna
658 2499 759 2530 cstires
775 2502 897 2529 quaerere
916 2495 942 2521 in
959 2495 1010 2522 hoc
1026 2496 1097 2527 loco,
1113 2496 1178 2530 quid
1194 2497 1259 2523 dicit
1271 2504 1333 2523 esse
1351 2496 1482 2522 mundum
1496 2495 1540 2522 cui
1561 2494 1734 2530 promittitur
1753 2501 1801 2521 vm.

160 2528 204 2556 cui
220 2531 311 2557 omnia
333 2531 461 2558 scandala
486 2528 606 2558 atl'erunt
631 2538 680 2557 νεξ-
707 2529 858 2565 Intelligere
884 2534 975 2557 autem
999 2531 1101 2565 aliquid
1122 2528 1294 2566 poterimus,
1320 2531 1342 2558 si
1366 2538 1562 2566 congregemus
1592 2528 1800 2563 Scripturarnm

195 2601 218 2617 θ’
235 2600 300 2628 Luc.
317 2609 355 2634 nt,
370 2599 415 2626 48.
453 2600 476 2615 ⁸³
491 2599 556 2626 ibid.
595 2599 617 2615 ⁸³
631 2599 706 2629 ἰι)ἱιΙ,,
723 2599 765 2632 18,
788 2599 828 2626 Π.
868 2599 890 2614 ⁸⁵
906 2598 946 2625 Ma

1043 2607 1095 2631 vni,
1115 2599 1140 2626 7.
1178 2599 1199 2614 δε
1213 2598 1293 2626 Joan.
1313 2607 1330 2631 ι,
1347 2598 1390 2625 10.
1429 2598 1451 2614 ⁸⁷
1468 2597 1546 2625 Deut.
1569 2605 1606 2629 ιγ,
1625 2597 1669 2625 I9.

195 2670 252 2706 (42)
267 2668 369 2706 οὗτός
380 2670 446 2697 ἐστι
459 2671 562 2706 μέῃας.
583 2670 770 2706 Ἀνέγψωμεν,
788 2676 839 2698 etc.
855 2671 948 2705 Orige-

1043 2679 1112 2706 npus
1125 2676 1287 2704 agnoscunt.
1302 2671 1434 2699 Ηιιετιυς.

162 2704 210 2734 nes
233 2705 320 2745 intra,
342 2704 509 2745 οὖτος-ἔστι
534 2705 630 2745 μέγας.
649 2704 680 2734 ⁷15
690 2704 735 2745 _sc
760 2707 786 2734 in
805 2704 949 2745 aliquibus

1123 2707 1405 2745 Ῐζὶξπιδεικνυριιένοιςἶ
1418 2705 1743 2745 [ιοεθρπιδειξινυμὲνης.
1766 2739 1778 2745 _

162 2741 362 2777 exemplaribus
389 2741 486 2777 legisse
508 2740 665 2777 proﬁtetur,
689 2741 774 2768 ἔσται.
798 2741 831 2768 At
855 2740 949 2768 omnes

1043 2740 1097 2777 (M)
1123 2742 1171 2768 Ἑν
1196 2742 1235 2775 τῷ
1256 2740 1367 2777 κόσμῳ.
1397 2740 1550 2777 Legendum
1574 2741 1684 2769 videtur
1702 2742 1730 2767 ὲν
1746 2740 1798 2776 τῷ·

164 2775 245 2813 hodie
268 2775 515 2813 omnimLciodices
536 2781 563 2804 et
587 2777 824 2813 interpretationes
844 2777 885 2804 sic
903 2777 950 2803 ha-
1011 2775 1055 2804 Ἐν
1071 2777 1108 2813 τῷ
1125 2777 1228 2813 κόσμῳ.

165 2811 227 2837 bent
237 2829 244 2843 ,
264 2814 359 2843 praeter
376 2811 516 2846 Vulgatam
535 2817 560 2840 ct
575 2812 718 2841 Arabicam
733 2831 740 2845 ,
756 2820 816 2847 quau
830 2819 949 2847 praesens
