1859 3051
63 120 135 148 1149

541 119 719 148 COMMEN'I'.
741 119 774 147 IN
793 119 1003 148 MATTHAEUM
1024 121 1144 150 TOMUS
1164 122 1233 150 XIII.

1633 127 1702 154 “50

60 180 152 216 ἣλιον,
170 180 218 206 καὶ
238 179 287 215 τὴν
305 179 434 216 σελήνην,
451 179 499 207 καὶ
515 179 604 206 πάντα
620 180 666 206 τὸν
689 180 791 216 κόσμον

966 189 1003 209 sas
1019 182 1106 209 solem
1117 187 1143 209 et
1157 182 1263 215 lunam,
1273 189 1300 210 et
1311 190 1421 211 onmem
1435 189 1562 211 ornatum
1578 184 1700 221 (κόσμον)

61 224 193 261 οὐρανοῦ,
209 225 356 260 πλανηθεὶς
370 226 564 262 προσκυνήσῃς
574 225 677 258 αὐτοῖς,
689 226 737 253 κα).
749 226 862 263 λατρεύ-

64 279 118 308 an;
132 271 234 302 αὐτοῖς.
254 281 264 296 ι
282 270 319 297 Τὸ
333 271 354 298 δ’
371 272 461 307 ὅμοιον
479 271 575 307 φήσεις
598 272 633 299 ὲν·
647 274 680 308 τῇ
704 273 803 308 Ἐσθὴρ
819 273 862 299 λε-

62 317 160 353 λέχθαι
182 317 246 354 περὶ
270 317 365 354 αὐτῆς,
391 319 435 345 ὅτε
454 318 611 353 γέγραπται
636 327 646 343 ι
677 318 861 354 Περιελομένη

62 365 158 391 πάντα
170 364 216 390 τὸν
231 364 334 399 κόσμον
344 363 430 399 αὐτῆς
446 363 517 399 (45)·
537 373 546 389 t
564 364 594 390 οὺ
607 364 662 400 γὰρ
675 364 771 391 ταυτόν
788 365 862 391 ἐστιν

65 410 161 441 ἁπλῶς
177 410 192 436 6
206 409 319 444 κόσμος,
335 410 383 436 καὶ
397 410 411 436 6
426 409 528 444 κόσμος
548 410 595 436 τοῦ
615 410 741 446 οὐρανοῦ,
754 411 770 446 ἢ
786 411 800 437 ό
815 410 863 437 κό-

64 464 136 490 σμος
151 457 202 490 τῆς
224 455 341 491 Ἐσθῆρ’
358 456 389 482 τὸ
405 455 433 482 δὲ
450 456 498 482 νῦν
517 456 583 491 ἡμῖν
603 456 768 492 ζητούμενον
788 456 862 483 ἄλλο.

64 501 183 536 Νομίζω
196 498 252 532 οὖν,
269 502 310 527 ὅτι.
330 502 359 528 οὐ
375 501 405 528 τὸ
428 501 457 534 ἐξ
473 501 590 537 οὐρανοῦ
608 503 655 529 καὶ
669 503 720 538 γῆς
738 502 864 538 σύστημα

64 548 127 574 ἐστι
144 547 214 574 κατὰ
227 547 261 574 τὰ
276 548 334 574 Θεῐα
349 548 502 584 γράμματα
518 549 532 574 ὁ
550 548 660 584 κόσμος,
679 549 736 576 ἀλλ’
753 549 768 575 6
784 549 863 584 περί-

65 601 142 627 γειος
159 594 239 628 μόνος
255 594 348 626 τόπος,
362 595 410 621 καὶ
425 591 502 626 οὗτος
516 594 546 621 οὐ
562 595 622 621 καθ’
638 595 701 631 ὃλην
721 595 780 622 νοού
786 604 864 631 μενος

66 639 118 674 τὴν
134 639 197 674 γῆν,
215 639 273 666 ἀλλ’
287 641 302 666 6
324 640 394 667 κατὰ
413 640 463 676 τὴν
485 641 626 678 ἡμετέραν
640 642 820 677 οἰκουμένην·
836 642 864 667 ὲν

65 684 106 719 τῷ
123 685 218 720 κόσμῳ
242 685 296 721 γὰρ
321 683 355 721 ἦν
376 685 407 712 τὸ
425 685 551 722 ἀληθινὸν
575 686 644 722 φῶς,
672 687 712 722 τῷ
734 686 865 722 περιγείῳ

66 731 144 765 τόπῳ
161 730 200 766 τῷ
220 731 292 758 κατὰ
307 732 445 767 ἡμετέραν
460 732 597 767 νοουμένῳ
608 741 615 747 -
635 743 643 758 ι
664 733 719 759 Καὶ
734 734 748 759 6
763 733 866 768 κόσμος

67 777 152 803 αὐτὸν
164 778 215 804 οὐκ
230 777 310 812 ἔγνω,
328 788 336 803 t
351 779 375 804 oi
392 779 420 805 ὲν
435 778 473 814 τῷ
485 779 617 814 περιγείῳ
627 779 703 814 τόπῳ
716 779 865 815 ἄνθρωποι,

67 823 140 858 τάχα
158 823 186 849 δὲ
210 824 257 850 καὶ
279 825 306 850 αἱ
322 825 419 850 οἰκεῖαι
440 824 479 859 τῷ
501 825 593 861 χωρίῳ
609 825 697 860 τούτῳ
717 825 863 860 δυνάμεις⁵

69 868 170 896 ἄτοπον
187 870 243 905 γὰρ
258 869 348 903 λέγειν
368 869 399 896 τὺ
418 870 447 903 ἐξ
468 871 584 906 οὔροινοῦ
605 871 661 906 (46)
677 871 723 897 καὶ
737 871 799 906 γῆς,
819 871 866 898 καὶ

68 915 125 942 τῶν
141 917 170 942 ὲν
186 916 279 947 αὐτοῖς
301 915 428 951 σύστημα
440 924 447 931 ·
463 916 528 943 ὥστ’
548 917 634 943 εἰπεῖν
651 916 694 948 ἂν,
716 917 755 943 ὅτι
778 917 863 952 ἥλιος,

69 960 117 986 καὶ
145 960 253 996 σελήνη,
274 960 321 986 καὶ
343 961 357 986 6
380 960 460 995 χορὸς
486 960 541 987 τῶν
567 960 703 997 ἀστέρων,
724 961 771 988 καὶ
792 962 815 988 οἱ
835 962 864 988 ἐν

68 1006 123 1041 ὅλῳ
143 1006 181 1041 τῷ
194 1007 289 1042 κόσμῳ
308 1006 395 1041 τούτῳ
416 1006 526 1041 ἄγγελοι
552 1007 602 1034 οὑκ
621 1007 741 1041 ἔγνωσαν
755 1007 786 1034 τὸ
799 1008 864 1043 ἀλη-

69 1051 142 1078 θινὸν
160 1051 229 1086 φῶς,
246 1053 294 1079 καὶ
307 1051 467 1086 ἀγνοοῦντες
486 1053 551 1079 αὐτὸ
566 1054 701 1089 ἐτήρησαν
716 1053 765 1089 τὴν
778 1055 865 1080 ἐπιτε-

68 1099 211 1134 ταγμένην
237 1099 328 1131 αὐτοῖς
350 1099 404 1125 ἀπὸ
424 1099 492 1126 Θεοῦ
516 1100 602 1132 τάξιν.
632 1101 711 1128 Ἀλλὰ
733 1101 779 1127 καὶ
800 1101 864 1128 ὅταν

69 1145 184 1181 λέγηται
205 1145 257 1172 ὑπὸ
279 1145 325 1172 τοῦ
347 1146 474 1182 Σωτῆρος
497 1147 526 1174 ἐν
543 1148 576 1182 τῇ
597 1147 664 1183 πρὸς
688 1147 733 1173 τὸν
756 1147 865 1182 Πατέρα

69 1193 154 1228 εὐχῇ·
195 1201 204 1217 ι
241 1193 296 1219 Καὶ
330 1192 377 1218 νῦν
411 1193 522 1225 δόξασόν
561 1202 611 1228 με,
643 1193 749 1229 Πάτερ,
792 1193 866 1229 παρὰ

71 1237 179 1272 σεαυτῷ
198 1239 231 1273 τῇ
245 1238 307 1274 δόξῃ
327 1238 360 1273 ἣν
377 1236 451 1274 εἶχον
471 1239 525 1274 πρὸ
545 1239 592 1265 τοῦ
610 1239 655 1266 τὸν
675 1240 776 1275 κόσμον
798 1238 867 1266 εἶναι.

70 1284 147 1320 παρὰ
167 1284 218 1315 σοὶ,
240 1294 248 1310 ι
265 1284 316 1319 χρὴ
336 1284 445 1311 ἀκούειν
466 1285 568 1320 κόσμον
588 1284 716 1319 λέγεσθαι
736 1285 785 1321 τὴν
805 1285 866 1312 καθ’

69 1331 144 1365 ἡμᾶς
163 1331 209 1356 ἐπὶ
226 1331 276 1365 γῆς
298 1331 475 1366 οἰκουμένην
493 1331 547 1357 ἀπὸ
563 1331 617 1366 γὰρ
635 1331 729 1357 τούτου
749 1331 796 1358 τοῦ
818 1331 866 1358 κό-

70 1384 139 1410 σμου
155 1376 240 1402 ἔδωκε
257 1375 295 1411 τῷ
312 1375 369 1411 Υἱῴ
387 1377 400 1402 6
416 1376 510 1412 Πατὴρ
530 1376 700 1412 ἀνθρώπους,
722 1377 786 1413 περὶ
801 1373 838 1404 ὧν
851 1378 865 1403 6

69 1423 168 1458 Σωτὴρ
180 1422 271 1458 ἐρωτᾷ
290 1422 336 1449 τδν
352 1422 463 1457 Πατέρα
484 1422 538 1458 (47)
566 1423 654 1458 μόνων
678 1423 744 1459 (48)I
772 1423 817 1450 καὶ
833 1424 863 1449 οὐ

912 228 983 259 οωΙί,
1001 231 1028 255 et
1049 235 1143 255 errore
1162 228 1291 263 deceptus
1313 230 1410 258 adores
1427 238 1471 264 ea,
1489 237 1516 258 et
1537 231 1614 258 colas
1630 239 1671 258 ea.
1691 243 1700 259 ι

913 273 1007 302 Simile
1022 275 1049 301 in
1065 274 1134 302 libro
1149 274 1249 303 Esther
1263 275 1367 303 dictum
1384 284 1445 305 esse
1464 276 1498 304 de
1515 277 1560 304 illo
1582 278 1701 311 inquies,

913 328 975 348 cum
1003 321 1134 356 scriptum
1158 321 1253 350 est“:
1275 332 1285 348 ι
1308 322 1376 350 Cum
1401 323 1572 359 deposuisset
1595 332 1702 351 ontnem

913 369 1040 392 ornatum
1069 366 1212 401 (κόσμον)
1239 375 1330 396 suum.
1348 377 1357 393 t
1382 367 1441 399 Non
1465 369 1536 396 euitn
1565 369 1635 396 idettt
1662 375 1704 397 est

913 411 1014 446 κόσμος
1028 411 1146 439 mundtts
1161 412 1331 446 simpliciter,
1345 418 1372 441 et
1385 414 1488 449 κόσμος
1505 419 1618 442 ornatus
1630 416 1703 449 caeli,

913 456 955 482 vel
981 456 1082 491 κόσμος
1105 461 1219 483 ornatus
1241 456 1338 484 Esther
1356 467 1363 491 ;
1388 459 1459 493 quod
1482 463 1572 486 autent
1588 468 1660 488 ttune
1677 461 1703 487 in

913 502 1065 536 quaestione
1077 507 1211 534 versatur,
1224 502 1297 530 alittd
1312 508 1362 530 est.
1379 503 1515 531 Existimo
1530 505 1613 540 igitur
1627 513 1706 532 utun-

914 547 991 581 dum,
1005 548 1084 582 juxta
1110 549 1228 576 divinam
1256 549 1437 584 Scripturam,
1466 559 1519 578 non
1545 559 1704 587 compagem

914 594 988 621 illam
1006 601 1075 625 esse,
1088 602 1149 628 quae
1166 595 1235 622 emlo
1253 599 1279 622 et
1307 601 1377 622 terra
1400 600 1525 629 constat,
1547 597 1593 623 sed
1614 597 1704 624 locum

916 639 987 666 hunc
1015 640 1204 667 tantutttntodo
1227 640 1274 674 qui
1295 647 1395 668 terram
1417 641 1516 673 ambit,
1541 646 1623 676 atque
1642 650 1704 669 eum

915 685 1023 721 quidem
1040 693 1094 712 non
1111 686 1157 720 qui
1174 687 1329 715 universam
1349 692 1448 714 terram
1477 689 1582 716 ambire
1605 689 1704 716 intelli-

916 732 1000 767 gitur,
1017 733 1062 760 sed
1082 740 1141 759 eam
1163 733 1252 760 solum
1278 741 1340 768 qua:
1363 741 1377 760 a
1403 734 1483 761 nobis
1510 734 1659 762 ineulitur:
1678 736 1703 762 itt

916 778 1019 805 mundo
1034 778 1106 805 enim
1123 784 1181 806 erat
1197 779 1242 806 lux
1260 787 1334 810 vera,
1354 779 1380 806 itt
1395 787 1428 807 eo
1440 780 1565 807 videlicet
1579 781 1639 808 loco
1658 782 1705 816 qui

918 828 1017 851 terram
1038 830 1160 851 nostram
1185 825 1291 852 ambire
1311 825 1493 860 intelligitur;
1514 835 1523 851 ι
1540 830 1566 852 et
1587 827 1706 854 mundus

919 878 981 897 eum
998 878 1052 897 non
1067 871 1204 904 cognovit,
1221 881 1230 896 ›
1248 871 1372 898 homines
1386 879 1482 906 nempe
1497 872 1542 906 qui
1559 872 1630 899 circa
1650 877 1705 899 ter-

919 924 977 943 ram
990 921 1146 949 versantur,
1164 918 1205 944 vel
1221 917 1303 944 etiam
1323 918 1438 946 fortasse
1453 918 1570 953 propria!
1582 924 1608 946 et
1625 918 1706 946 fami—

918 962 999 990 liares
1022 963 1082 991 loco
1107 963 1171 991 huic
1192 968 1365 999 potestates;
1388 964 1538 992 absurdum
1565 965 1637 992 enint
1665 970 1707 993 est

917 1008 1008 1035 dicere
1025 1015 1184 1044 compagem
1201 1009 1274 1036 illam
1294 1017 1354 1044 qua:
1377 1017 1409 1037 ex
1432 1010 1512 1040 coelo.
1535 1015 1562 1037 et
1582 1015 1663 1044 terra,
1680 1017 1706 1039 et

916 1061 978 1088 qua:
992 1054 1018 1081 itt
1033 1054 1073 1081 eis
1089 1058 1154 1081 sunt
1175 1059 1302 1082 concreta
1323 1060 1381 1088 est,
1403 1056 1571 1091 signiﬁcari;
1590 1057 1657 1083 adeo
1678 1061 1707 1084 ut

916 1094 1013 1133 solem“,
1028 1105 1054 1128 et
1072 1101 1175 1133 lunam,
1190 1105 1217 1128 et
1231 1101 1351 1128 siderum
1369 1101 1496 1133 chorum,
1508 1106 1534 1129 et
1549 1110 1644 1129 onmes
1657 1104 1703 1137 qtti

917 1146 944 1173 in
958 1146 1087 1173 ttniverso
1101 1146 1204 1172 mundo
1222 1151 1285 1173 sttnt
1298 1146 1418 1181 angelos,
1437 1154 1530 1173 veram
1550 1147 1635 1174 lucem
1651 1156 1704 1174 non

918 1191 1071 1226 agnovisse,
1090 1196 1115 1218 et
1129 1191 1201 1218 illam
1215 1196 1303 1218 tattten
1317 1199 1369 1218 non
1383 1197 1569 1227 agnoscentes,
1582 1193 1704 1220 ordinent

919 1238 970 1265 sibi
987 1246 1002 1264 a
1016 1237 1070 1264 Deo
1083 1237 1264 1272 prmstitutum
1280 1245 1403 1265 servasse
1415 1238 1622 1265 contendamus.
1635 1238 1706 1270 Quin

918 1283 998 1310 etiam
1015 1291 1076 1310 eum
1096 1283 1122 1309 itt
1142 1283 1266 1310 oratione
1281 1283 1312 1310 ad
1331 1283 1439 1310 Patrem
1459 1283 1586 1311 Servator
1597 1284 1705 1311 dicit”:

921 1339 930 1355 ι
948 1328 979 1356 ΕΙ.
1006 1337 1078 1356 nune
1103 1328 1223 1355 clat'ilica
1241 1336 1295 1361 tne,
1316 1328 1406 1360 Pater,
1423 1329 1492 1364 apud
1520 1329 1706 1364 temetipsum,

917 1376 1040 1404 claritate
1068 1383 1150 1410 quatn
1176 1375 1260 1402 habui
1291 1376 1452 1410 priusquam
1487 1376 1605 1403 tnttttdus
1634 1381 1706 1403 esset

918 1422 999 1457 599
1012 1421 1082 1455 apud
1099 1425 1134 1454 te,
1156 1431 1164 1446 ι
1183 1421 1258 1448 locus
1278 1421 1322 1449 ltic
1347 1429 1428 1456 supra
1454 1426 1553 1449 terram
1582 1430 1598 1449 a
1623 1423 1703 1450 ttobis

671 1479 787 1507 VETUS
812 1476 1108 1520 INTEIII’IIETATIO.

68 1529 207 1563 esempla,
222 1528 248 1555 in
257 1528 356 1562 quibus
365 1528 521 1555 nominatur
534 1528 664 1555 mundus.
680 1528 805 1555 Arbitror
821 1535 885 1562 ergo
902 1527 1033 1563 quianon
1049 1525 1243 1563 cmlietterrte
1256 1525 1372 1563 spatium
1386 1526 1534 1563 secundum
1548 1526 1706 1563 Scriptor-as

69 1560 180 1591 divinas
196 1560 294 1590 dicitur
309 1563 437 1593 mundus.
467 1563 513 1590 sed
539 1567 662 1590 terrentts
688 1563 739 1590 iste
765 1560 952 1590 tantummodo
972 1561 1060 1593 locus,
1081 1561 1122 1587 vel
1151 1560 1274 1587 homines
1305 1561 1350 1594 qui
1376 1565 1439 1588 snttt
1463 1561 1629 1588 habitatores
1653 1561 1706 1588 luci

69 1600 166 1627 istius.
182 1598 228 1625 Sic
243 1598 315 1624 enitn
331 1598 490 1631 intelligitur
507 1597 572 1624 illud
586 1598 659 1632 qttod
675 1598 731 1625 ait:
749 1607 758 1623 ι
776 1598 804 1624 1η
823 1598 925 1624 mundo
939 1597 1011 1631 enim
1027 1600 1086 1622 erat
1106 1605 1114 1621 ι
1134 1603 1227 1632 verum
1251 1595 1315 1623 illud
1337 1596 1433 1632 lumen
1445 1616 1451 1628 ,
1480 1596 1505 1622 id
1525 1600 1575 1628 est,
1595 1597 1621 1622 itt
1646 1596 1706 1632 loco

69 1641 153 1661 terrae
166 1638 266 1660 nostra:
279 1641 359 1667 quant
377 1633 532 1660 habitamus
549 1642 555 1659 :
576 1631 628 1659 t’et
652 1633 769 1660 ntttndus
793 1641 840 1667 per
863 1633 952 1667 ipsum
977 1632 1066 1667 factus
1089 1635 1141 1661 est,
1158 1641 1167 1656 ι
1187 1631 1212 1657 id
1237 1636 1288 1667 est,
1303 1631 1378 1658 orbis
1400 1636 1497 1658 terrae:
1515 1641 1524 1667 ι
1544 1635 1571 1657 et
1589 1631 1706 1658 mundus

67 1677 133 1696 eutn
151 1675 206 1695 non
223 1665 357 1702 cognovit,
376 1677 385 1693 ι
404 1668 428 1695 id
443 1673 493 1700 est,
510 1667 633 1694 homines
647 1665 814 1695 habitatores
829 1665 907 1695 terra:
921 1665 1204 1702 istittsrlncongruunt
1221 1666 1292 1702 enim
1306 1670 1360 1702 est.
1378 1675 1387 1692 ι
1403 1670 1429 1693 et
1443 1666 1562 1693 mundus
1574 1674 1635 1694 euut
1651 1673 1705 1692 non

67 1703 213 1737 cognovit,
229 1712 238 1728 ι
259 1702 360 1730 referre
373 1703 405 1729 axl
423 1703 555 1730 elementa
572 1703 633 1729 cmli
651 1707 677 1729 et
691 1707 789 1730 terra):
806 1707 835 1729 ut
849 1703 921 1729 dicat
935 1701 1188 1737 aliqttisr,rquouiam
1213 1701 1264 1733 sol,
1278 1705 1305 1727 et
1320 1701 1394 1732 luna,
1411 1706 1437 1727 et
1454 1701 1549 1733 stellae,
1565 1703 1604 1728 vel
1626 1709 1707 1736 aqua,

68 1735 119 1766 vel
133 1743 217 1770 terra,
235 1738 275 1764 vel
290 1738 376 1771 angeli
394 1739 440 1772 qui
460 1742 525 1764 sunt
537 1738 562 1764 itt
580 1738 708 1765 universo
723 1738 774 1765 hoe
788 1737 900 1770 mundo,
916 1738 1006 1763 lumen
1025 1735 1090 1762 illud
1106 1743 1200 1772 v_erum
1213 1743 1266 1772 non
1282 1740 1476 1772 cognoverunt,
1491 1741 1582 1763 etnon
1605 1735 1708 1771 cogito--

69 1778 184 1801 scentes
205 1780 266 1800 cttm
293 1769 525 1800 conservaverunt
547 1773 581 1799 ab
606 1780 638 1799 eo
664 1773 716 1800 sibi
741 1773 865 1800 ordinem
893 1771 1083 1799 constitutum.
1112 1769 1267 1797 Seeundtun
1292 1771 1364 1797 hunc
1389 1771 1461 1797 enim
1488 1779 1610 1803 sensum,
1629 1769 1708 1798 intel-

69 1809 169 1843 ligitur
183 1808 264 1835 etiam
280 1807 362 1834 illud:
379 1817 387 1832 ι
404 1808 436 1835 Et
452 1815 524 1835 nunc
537 1807 687 1835 honoriﬁca
702 1815 756 1838 me,
771 1812 798 1834 tu
810 1807 899 1843 Pater,
912 1806 1060 1843 cn‘ltonore
1073 1813 1154 1843 quem
1167 1804 1248 1843 habui
1262 1810 1408 1839 antequam
1421 1806 1539 1843 mundus
1550 1811 1622 1843 esset
1634 1806 1705 1843 apud

69 1839 108 1871 ιιῖ.
124 1843 297 1871 Manifestavi
313 1851 411 1870 nomen
430 1848 506 1869 tuum
526 1843 694 1876 hominibus,
711 1850 781 1877 quos
793 1841 892 1869 dedisti
911 1841 977 1868 mihi
995 1840 1028 1867 de
1042 1840 1153 1867 mundo.
1172 1849 1180 1865 ι
1204 1839 1236 1866 Ει
1259 1843 1318 1874 post
1336 1847 1422 1875 pauca
1442 1850 1449 1868 ι

106 1903 131 1919 ⁸⁸
142 1903 222 1930 Esth.
236 1911 292 1936 xrv,
308 1903 335 1929 2.

107 1963 169 1997 (45)
200 1963 397 1996 Περιευῑομένη
424 1963 523 1989 πάντα
544 1963 598 1989 τὸν
620 1963 737 1996 κόσμον
761 1963 864 1994 αὐτῆς.

70 1998 139 2025 Ilzec
156 2005 211 2024 non
228 1997 337 2023 aliunde
362 1997 520 2031 deprompta
544 2002 610 2032 pulo
633 2004 714 2032 quam
735 2005 767 2023 ex
788 1995 864 2032 Estlt.

72 2041 140 2064 xlv,
156 2032 192 2068 2.
211 2033 257 2058 καὶ
277 2030 429 2068 ἀφελομένη
445 2030 482 2058 τὰί
494 2030 590 2067 ἱμάτια
606 2030 655 2067 τῆξ
671 2031 750 2067 δόξης
769 2030 864 2065 αὐτῆς.

71 2067 210 2095 lleerius.

110 2102 170 2136 (Mi)
193 2103 318 2128 Ἄτοπον
335 2101 390 2136 γὰρ
413 2101 514 2136 λέγειν
531 2102 563 2129 τὸ
578 2102 612 2135 ἐξ
633 2101 762 2136 οὐρανοῦ
775 2122 782 2131 ,
812 2105 864 2128 etc.

71 2137 220 2165 Sideribus
238 2144 290 2162 non
306 2137 424 2164 animam
439 2138 611 2165 solummodo
629 2143 656 2165 et
677 2144 786 2164 sensum
797 2156 804 2165 .
819 2137 864 2163 sed

69 2179 98 2200 ct
116 2172 167 2198 Dei
183 2171 365 2205 cognitionem
381 2172 433 2199 hoc
449 2172 509 2199 loro
522 2172 617 2199 tribuit
631 2172 769 2207 Origenes.
789 2170 866 2203 Quod

70 2211 268 2242 argumentum
280 2207 461 2242 exhausimus
474 2207 500 2234 in
516 2206 692 2242 Origcttianis}
709 2206 746 2242 In,

110 2238 168 2277 (47)
190 2241 259 2277 Περὶ
272 2238 355 2277 (ὧν-ό
377 2241 479 2276 Σωτὴρ
491 2238 585 2276 ἑρωτᾷ
603 2241 656 2268 τὸν
672 2241 796 2275 Πατέρα,
813 2246 865 2268 etc.

71 2275 241 2310 Euthyntins
268 2276 294 2302 in
313 2275 392 2303 Joan.
418 2284 490 2309 xvn,
505 2275 535 2304 ’9
556 2286 562 2304 :
590 2286 598 2302 ι
614 2276 673 2304 Non
689 2284 738 2311 pro
766 2277 866 2303 mundo

71 2313 207 2340 universo
224 2319 327 2345 precor,
352 2311 398 2338 sed
415 2319 464 2346 pro
487 2312 529 2339 ltis
543 2312 588 2346 qui
615 2312 729 2339 credunt
754 2311 781 2338 in
810 2319 864 2342 me,

69 2355 139 2374 nam
168 2346 213 2380 qui
233 2347 258 2372 in
289 2354 331 2372 tne
360 2353 413 2373 non
439 2347 563 2380 credunt,
580 2347 676 2374 nolunt
703 2350 732 2373 ttt
750 2354 798 2380 pro
826 2347 866 2373 eis

68 2390 164 2409 orem.
182 2391 190 2405 ι
204 2380 262 2407 Non
277 2380 385 2416 easdem
403 2389 450 2415 pro
466 2382 594 2409 universo
610 2381 710 2408 tnuttdo
726 2389 818 2416 preces
833 2381 865 2408 ad

68 2418 160 2444 Deum
187 2415 274 2442 fundit
288 2415 414 2442 Christus
433 2415 562 2443 Dominus
577 2425 645 2451 quas
661 2424 709 2451 pro
726 2416 866 2450 prretlesti-

68 2452 148 2478 natis
164 2459 171 2476 ι
193 2458 242 2485 pro
259 2451 301 2477 his
317 2451 389 2477 enim
409 2451 444 2478 ita
465 2451 573 2479 Patrem
588 2457 664 2483 orat,
681 2455 710 2477 ιιι
724 2451 793 2478 votis
809 2451 866 2478 suis

69 2486 159 2522 potiri
177 2485 288 2522 omnino
303 2485 383 2522 velit;
405 2493 483 2514 secus
497 2491 586 2514 autem
603 2494 652 2521 pro
669 2487 714 2513 illo
725 2495 735 2522 :7
751 2486 866 2512 salutent

68 2519 178 2556 quippe
199 2520 271 2546 illius
280 2528 303 2556 Δτι
322 2519 401 2547 I‘atre
417 2519 655 2556 postulattmodo
670 2527 696 2548 et
710 2521 820 2555 dignum
837 2528 867 2548 sc

69 2554 258 2596 illa’prtestet.
274 2554 350 2594 Quod
367 2556 400 2582 de
415 2554 540 2596 oratione
554 2555 666 2596 Christi,
678 2556 710 2596 .id
728 2554 867 2596 ipsunrde

68 2590 182 2618 lumine
198 2590 258 2624 ejus
273 2590 395 2617 omnium
419 2591 555 2619 mentibus
568 2591 655 2618 atl‘uso
669 2591 769 2618 diserte
785 2590 866 2617 habet

67 2626 208 2660 Origenes
225 2624 319 2651 homil.
334 2625 345 2650 1
364 2625 392 2651 in
406 2624 497 2652 Cenes.
514 2634 522 2652 .-

67 2659 147 2692 tnui',
165 2660 188 2686 si
205 2667 258 2686 non
275 2659 361 2687 sitttus
375 2661 513 2688 mentibus
525 2662 598 2688 caeci.
614 2661 681 2688 Nam
698 2661 768 2688 sicut
783 2660 822 2687 sol
835 2665 862 2687 et

67 2697 139 2723 luna
162 2694 350 2730 corporalibus
369 2695 456 2722 octtlis
471 2703 558 2723 caecos
572 2697 697 2730 quamvis
715 2696 860 2728 illustrem,

68 2731 111 2758 illi
128 2735 220 2757 tamen
236 2729 356 2763 recipere
373 2731 462 2757 lumen
481 2738 534 2757 non
548 2729 676 2765 possunt;
696 2731 731 2758 ita
744 2735 770 2757 et
782 2731 861 2757 Chri—

68 2771 133 2793 stus
150 2766 238 2791 lucem
255 2771 333 2791 suatn
347 2769 457 2799 praestat
478 2766 614 2793 mentibus
630 2766 748 2792 nostris:
763 2766 809 2793 sed
824 2766 859 2792 ita

68 2802 184 2828 demum
221 2799 478 2835 nosuillmninabit,
504 2800 525 2827 si
549 2808 720 2835 nequaquam
753 2800 861 2828 cazcitas

70 2835 175 2864 mentis
190 2833 351 2870 impediam
369 2834 500 2863 Praeclare
518 2843 581 2863 vero
592 2833 794 2864 distinctionem
811 2843 859 2862 tto-

373 1902 395 1918 ”
409 1902 489 1930 Joan.
503 1909 571 1934 xvn,
583 1902 609 1929 5.

543 2635 552 2651 ι
564 2625 602 2652 Ita
614 2631 710 2662 tamen
725 2625 861 2662 illumina-
877 2634 899 2662 Ῑ)

1472 1850 1480 1866 ι
1502 1841 1558 1876 Ego
1582 1841 1706 1876 (inquit)

200 1961 397 1996 Περιευῑομένη
424 1961 523 1989 πάντα
544 1962 598 1989 τὸν
620 1963 737 1996 κόσμον
761 1959 864 1996 αὐτῆς.
881 1962 902 1990 C
920 1968 932 1987 s

969 1967 1003 1996 nn
1018 1959 1161 1996 conﬁrmat
1173 1959 1268 1996 homil.
1281 1960 1298 1987 9
1312 1960 1338 1986 in
1356 1959 1460 1996 Levila
1480 1969 1488 1986 ι
1506 1959 1616 1987 Stamus
1631 1961 1703 1988 enim

920 2003 981 2026 nos.
997 1995 1095 2029 inquit,
1109 2002 1158 2028 pro
1175 1995 1290 2025 foribus,
1303 1995 1474 2029 opperientes
1487 1995 1640 2029 pontiﬁcem
1657 2003 1707 2023 no-

918 2035 1003 2058 strum
1030 2035 1244 2057 comtnorantem
1269 2030 1338 2056 intra
1365 2029 1464 2057 Sancta
1489 2035 1662 2063 sanctorum,
1679 2031 1705 2057 id

917 2070 958 2092 est
973 2065 1043 2099 apud
1057 2064 1175 2097 Patrem,
1200 2069 1225 2092 et
1241 2070 1398 2091 exorantem
1414 2073 1462 2099 pro
1478 2065 1595 2099 peccatis
1609 2073 1705 2092 eorum

917 2101 962 2134 qtti
977 2108 1005 2127 se
1020 2104 1187 2133 exspectant,
1199 2107 1252 2126 non
1266 2107 1315 2134 pro
1324 2100 1446 2126 ontttium
1459 2100 1575 2134 peccatis
1586 2107 1704 2127 exoran-

918 2140 981 2162 teut.
998 2135 1054 2161 Non
1068 2135 1139 2162 enittt
1155 2139 1248 2162 exorat
1263 2143 1311 2168 pro
1326 2135 1368 2161 ltis
1380 2135 1426 2169 qui
1439 2135 1464 2162 itt
1480 2140 1581 2162 sortem
1594 2136 1707 2162 veniunt

917 2170 976 2203 ejus
1008 2169 1096 2202 hirci,
1117 2170 1163 2204 qui
1187 2170 1321 2197 emittitur
1349 2170 1376 2196 itt
1400 2171 1546 2197 desertum.
1573 2169 1625 2197 Pro
1653 2171 1707 2198 illis

917 2209 1011 2240 exorat
1025 2209 1128 2231 tantum
1143 2205 1190 2238 qui
1213 2210 1277 2240 sunt
1292 2212 1353 2231 sors
1369 2204 1493 2236 Domini,
1513 2205 1558 2239 qui
1573 2213 1634 2232 eum
1655 2213 1705 2240 pro

917 2239 1022 2267 foribus
1037 2244 1204 2273 exspectant.
1221 2250 1230 2265 ι
1249 2239 1321 2266 Dixit
1337 2247 1386 2273 pro
1403 2241 1505 2270 sanctis
1520 2241 1625 2267 exorari
1649 2239 1702 2267 Pae-

917 2282 997 2305 trem.
1014 2274 1059 2302 sed
1076 2282 1124 2308 pro
1137 2275 1239 2302 sanctis
1252 2279 1278 2301 et
1294 2274 1385 2309 impiis
1401 2275 1473 2302 orati
1489 2276 1616 2309 intellige.
1628 2274 1655 2301 ltl
1672 2284 1704 2302 ex

919 2309 946 2337 S.
966 2309 1078 2336 Thomaa
1091 2310 1223 2336 sententia
1241 2311 1439 2336 cottlirtnatur:
1462 2319 1470 2335 ‹
1489 2309 1648 2341 Dicendum,
1662 2311 1705 2336 in—

918 2345 985 2379 quit,
996 2344 1068 2378 qttod
1079 2344 1205 2371 Christus
1218 2349 1349 2379 qttatttttnt
1365 2349 1405 2372 est
1419 2345 1452 2371 de
1466 2352 1504 2374 se,
1517 2352 1565 2378 pro
1577 2345 1706 2372 omnibus

918 2380 1023 2408 oravit:
1038 2379 1100 2413 quia
1114 2379 1202 2405 oratio
1216 2387 1264 2406 sua
1276 2399 1282 2410 ,
1298 2385 1428 2414 quantum
1443 2385 1484 2406 est
1498 2379 1531 2406 de
1548 2387 1577 2406 se
1589 2400 1596 2411 ,
1611 2380 1703 2406 ellicax

917 2420 968 2445 est,
980 2419 1009 2441 ut
1020 2414 1106 2440 valeat
1118 2415 1165 2441 toti
1180 2415 1297 2441 mundo:
1309 2415 1356 2442 sed
1371 2420 1459 2442 tatnen
1472 2422 1524 2441 ttou
1538 2414 1562 2440 itt
1576 2415 1705 2441 omnibus

918 2450 1031 2476 sortitur
1044 2449 1186 2481 eifectutn,
1205 2450 1256 2477 nisi
1272 2449 1298 2476 in
1314 2450 1415 2477 sanctis
1438 2454 1464 2476 et
1487 2449 1580 2476 electis
1598 2449 1662 2480 Dei;
1679 2453 1706 2475 et

918 2485 968 2512 hoc
992 2489 1101 2518 pr0ptet'
1119 2484 1342 2518 itttpeditnetttum
1367 2485 1578 2511 mundanorum.
1596 2493 1605 2508 ι
1625 2482 1703 2516 Quod

917 2527 951 2546 ne
965 2517 1081 2546 inaniter
1096 2524 1121 2546 et
1135 2517 1218 2554 gratis
1233 2519 1286 2546 dici
1301 2525 1396 2553 putettt
1416 2519 1462 2554 qui
1475 2527 1523 2553 pro
1535 2517 1703 2553 quisquiliis,

918 2555 1013 2582 sutelis
1026 2562 1057 2581 ac
1068 2554 1144 2581 tricis
1158 2555 1258 2580 habent
1270 2554 1402 2589 quidquid
1420 2554 1521 2588 profert
1535 2554 1640 2585 schola,
1654 2560 1703 2589 anu

918 2590 994 2617 diattt
1009 2589 1148 2616 Christum
1166 2597 1214 2624 pro
1227 2588 1354 2624 reprobis’
1365 2589 1446 2616 etiam
1472 2594 1595 2616 orantem
1610 2597 1616 2615 :
1633 2597 1642 2613 ι
1655 2588 1705 2614 Pa-

915 2631 971 2658 ter,
986 2625 1092 2652 dimitte
1113 2623 1183 2655 illis,
1205 2623 1347 2651 non'enim
1364 2624 1454 2651 sciunt
1473 2624 1537 2658 quid
1559 2623 1670 2650 faciunt.
1690 2631 1700 2647 ι

914 2659 982 2687 Nant
998 2659 1123 2694 quamvis
1137 2659 1197 2686 Aet.
1215 2667 1252 2691 tt.
1270 2660 1322 2690 ‘23,
1339 2659 1384 2691 56,
1402 2659 1445 2689 5'1,
1471 2657 1604 2694 quosdam
1620 2666 1651 2685 ex
1670 2657 1704 2694 iis

915 2695 961 2730 qui
986 2693 1125 2722 Christum
1151 2693 1344 2721 crttcilixerant
1369 2693 1402 2721 ad
1430 2694 1507 2730 [idem
1540 2693 1704 2730 converterit

915 2727 1025 2761 Petrus,
1049 2737 1102 2756 non
1118 2734 1294 2764 quotcunque
1314 2733 1403 2757 tatnen
1422 2729 1534 2756 sceleris
1547 2728 1629 2762 hujus
1644 2727 1704 2754 l‘ue—

915 2737 1025 2761 retrus,
1049 2737 1102 2756 non
1118 2737 1294 2790 quoteuuqzne
1314 2737 1403 2757 tamen
1422 2737 1534 2756 secterts
1548 2737 1629 2762 ntqus
1644 2737 1704 2754 tue—

915 2769 978 2792 rttttt
996 2765 1159 2799 participes,
1185 2763 1219 2790 ad
1269 2764 1347 2792 hrist‘i
1371 2764 1523 2792 doctrinam
1552 2763 1706 2791 traduxisse

914 2798 1061 2827 verisimile
1074 2804 1124 2826 est.
1138 2798 1175 2825 In.

951 2834 1006 2871 (48)
1026 2835 1143 2863 Μένων.
1160 2833 1251 2861 Codex
1272 2833 1383 2869 Regius,
1403 2835 1493 2868 μόνον.
