1859 3051
187 103 256 132 “55

932 103 1012 132 ORTG
1018 103 1094 132 ENfS

1763 108 1826 134 “56

186 162 383 192 mentationem
403 169 418 189 e
437 160 588 197 Scripturis
603 162 750 189 lucubrare
775 163 877 197 possit;
906 163 942 190 ita
959 171 974 191 e

1063 173 1071 197 ρ
1091 160 1131 194 οῖς
1153 162 1278 190 λέλεκται
1293 163 1323 190 τὺ
1347 164 1417 190 οὐαί.
1438 164 1497 191 Ἔτι
1512 164 1540 191 δὲ
1561 165 1608 192 καὶ
1631 165 1674 196 εἰς
1698 163 1732 191 τὺ
1750 166 1831 200 χεῖρον

184 218 218 238 ex
242 210 295 237 illis
317 216 357 236 vae
381 215 442 243 qua:
467 207 575 242 scriptis
599 207 726 234 mandata
748 213 822 242 sunt,
845 213 872 236 et
894 217 925 235 ex
948 209 981 236 iis

186 259 296 292 propter
312 263 381 290 quas
396 262 436 281 va:
451 254 657 289 pronuntiatum
673 258 724 281 est.
741 253 830 289 Super
843 262 875 282 eo
889 260 979 282 autem

186 303 261 338 quod
290 302 368 337 pejus
391 302 424 328 sit
449 309 488 328 vae
509 299 687 327 offensionem
710 300 876 334 praebentis,
897 308 979 336 quam

185 349 260 376 illius
275 348 321 382 qui
337 347 448 382 patitur,
463 346 536 373 hunc
550 350 680 380 praeterea
696 346 785 373 locum
812 346 935 381 proferes
948 347 958 362 ⁵
973 355 979 373 :

189 402 199 418 ι
215 393 265 427 Qui
281 397 371 420 autem
393 391 618 419 scandalizaverit
638 399 722 418 unum
738 392 772 418 de
785 391 892 426 pusillis
911 391 980 425 istis,

188 439 234 475 qui
258 440 284 466 in
310 446 354 466 me
374 439 504 470 credunt,
529 436 637 472 expedit
650 437 691 470 ei,
710 446 720 463 ι
740 441 766 464 et
782 442 889 464 czctera.
911 437 980 464 Cum

187 485 259 513 enim
286 488 394 519 propter
411 482 544 510 oil'ensum
561 482 703 517 parvulum
726 490 813 517 poena:
833 483 866 509 ab
886 490 919 509 eo
934 482 981 517 qui

188 531 360 560 offensionem
377 529 492 564 praebuit
505 529 661 564 exiguntur,
684 537 765 563 grave
780 529 845 556 illud
863 533 890 555 et
911 529 982 556 into-

187 577 296 605 lerabile
309 576 342 603 de
364 583 418 610 quo
436 577 567 610 scriptum
590 579 643 608 est,
667 575 739 601 circa
759 574 918 602 offensionis
933 582 982 602 au-

186 629 289 651 ctorem
304 621 409 657 alligari
428 621 546 656 expedit.
565 621 599 647 At
623 621 679 647 haec
694 620 715 647 si
730 621 822 646 animo
838 620 919 646 altius
934 619 981 646 de-

187 670 342 705 tigcremus,
366 668 494 695 daremus
510 674 620 701 operam
643 666 763 701 profecto
776 673 810 693 ne
828 675 838 691 ι
855 673 980 700 peccare-

186 723 247 743 mus
268 715 294 741 in
313 713 422 745 fratres,
447 717 474 739 et
496 716 702 746 percutercmus
718 711 914 738 conscientiam
934 718 981 738 eo-

189 769 248 788 rum
265 761 410 793 intirmam,
429 770 438 785 ι
454 768 489 787 ne
509 770 517 786 ι
535 760 562 786 in
578 759 717 787 Christum
735 766 911 794 peccaremus
926 758 946 790 ⁸,
968 768 976 784 ι

188 807 367 843 pereuntibus
384 814 456 842 saepe
478 806 607 834 fratribus
628 806 740 839 nostris,
768 810 897 841 «propter
912 813 980 840 quos

186 852 312 879 Christus
338 855 462 878 mortuus
487 854 548 882 cst,
578 859 587 875 ι
605 857 657 876 non
682 857 730 884 per
749 853 870 877 nostram
893 849 980 876 solum

187 898 340 930 scientiam,
365 896 410 924 sed
428 897 481 923 alia
504 898 585 923 etiam
612 896 762 929 nonnulla;
784 900 895 931 propter
914 903 983 931 quos

1035 207 1104 235 εἶναι
1124 209 1155 235 τὸ
1177 209 1230 236 ἀπὸ
1245 209 1292 236 τοῦ
1320 209 1541 242 σκανδαλίζοντος
1563 211 1626 237 οὐαὶ
1645 210 1727 246 παρὰ
1745 211 1779 237 τὺ
1792 211 1831 236 τοῦ

1036 253 1279 289 σκανδαλιζομένου
1294 257 1482 291 παραστήσεις
1497 257 1543 283 τό·
1562 266 1571 282 ι
1594 258 1643 288 Ὃς
1662 257 1687 282 δ’
1703 256 1740 283 ἂν
1759 265 1831 283 σκαν‹

1034 302 1130 337 δαλίσῃ
1149 301 1197 328 ἕνα
1212 301 1265 328 τῶν
1284 302 1389 338 μικρῶν
1403 303 1505 329 τοὺτων
1521 303 1575 330 τῶν
1591 303 1785 330 πιστευόντων
1797 305 1832 335 εἰς

1035 346 1096 380 ἐμὲ,
1123 347 1256 382 συμφέρει
1277 347 1362 382 αὐτῷ,
1393 358 1402 373 ι
1421 349 1468 375 καὶ¹
1494 348 1528 374 τὰ
1543 349 1617 384 ἑξῆς·
1638 349 1832 384 ὲκδικουμένσυ

1035 391 1089 428 γὰρ
1106 391 1152 418 τοῦ
1172 392 1412 425 σκανδαλισοέντος
1433 394 1532 429 μικροῦ
1551 395 1604 420 ἀπὸ
1622 394 1671 421 τοῦ
1693 395 1832 421 σκινὸαλέ-

1034 446 1131 470 σαντος
1147 439 1241 470 αὑτὸν,
1259 439 1378 465 τοιοῦτον
1398 440 1533 475 συμφέρει
1552 440 1621 476 βαρὺ
1643 440 1695 467 καὶ
1719 440 1832 467 δυο-διο-

1037 484 1150 519 μόνητον
1173 483 1186 510 ὃ
1212 485 1418 520 ἀναγέγραπται
1436 483 1505 512 εἶναι
1530 486 1593 521 περὶ
1616 486 1663 512 τοῦ
1691 485 1831 512 mem.

1035 531 1136 563 ζοντος’
1150 531 1238 558 ταῦτα
1250 531 1279 558 δὲ
1294 533 1317 557 εἰ
1332 532 1543 568 ἐπιμελέστερον
1555 532 1648 559 ἑννοοῦ
1653 541 1718 567 μεν,
1737 533 1833 567 ἐφυλα-

1035 576 1140 611 ξάμεοα
1157 576 1190 603 ἂν
1209 586 1218 602 ι
1244 577 1412 612 ἁμαρτάνειν
1428 577 1467 609 εἰς
1481 578 1545 609 τοὺς
1560 578 1709 612 ἀδελφοὺς,
1729 578 1778 604 καὶ
1793 578 1832 604 τύ-

1033 630 1111 649 πτειν
1139 622 1227 649 αὐτῶν
1249 622 1299 658 τὴν
1324 622 1476 657 συνείδησιν
1499 614 1682 654 ἀσθενοῦσαν,
1701 632 1711 648 ι
1739 623 1784 650 ἵνα
1800 624 1831 658 μὴ

1037 679 1046 694 ι
1064 670 1103 701 εἰς
1117 668 1232 705 Χριστὸν
1246 669 1458 705 ἀμαρτάνωμεν,
1472 679 1481 695 ι
1495 668 1626 701 πολλάκις
1635 669 1829 702 ἀπολλυμένων

1034 715 1063 742 οὐ
1083 715 1161 750 μόνον
1178 716 1210 750 τῇ
1233 715 1356 750 ἡμετέρᾳ
1375 715 1489 749 γνώσει,
1511 714 1578 741 ἀλλὰ
1597 715 1646 741 καὶ
1668 715 1766 746 ἄλλοις
1784 715 1831 740 τισὶ

1032 760 1087 787 τῶν
1105 761 1168 796 περὶ
1185 761 1258 796 ἡμᾶς
1273 759 1406 795 ἀδελφῶν,
1425 770 1434 785 ι
1456 760 1489 786 δι’
1504 759 1551 791 οὒς
1567 761 1582 786 ὁ
1596 760 1723 796 Χριστὸς
1739 759 1830 786 ἀπέϐα-

1031 814 1088 838 νεν,
1106 815 1116 832 ι
1136 806 1178 841 ἐφ’
1191 804 1232 837 οἷς
1247 807 1288 838 εἰς
1308 805 1426 841 Χριστὸν
1444 805 1650 841 ἁμαρτάνοντες
1667 805 1786 841 τίσομεν
1798 805 1820 832 δί

1034 859 1096 883 κας,
1123 851 1315 887 ἑνδικουμένης
1335 852 1384 887 τῆς
1407 851 1459 877 τῶν
1482 851 1514 877 δι’
1535 851 1611 886 ἡμᾶς
1637 851 1830 886 ἀπολλυμένωι

1035 895 1124 931 ψυχῆς
1138 896 1168 929 ἐξ
1183 897 1270 932 ἡμῶν·

187 943 330 979 puniemur
344 949 406 976 erga
431 941 569 968 Christum
588 945 730 975 peccantes
742 948 804 968 cum
826 941 861 967 ob
878 941 984 968 animas
1005 945 1097 968 nostra
1114 942 1284 976 pereuntium
1301 949 1383 969 causa
1408 949 1494 977 paena:
1508 950 1523 969 ει
1544 942 1626 970 nobis
1642 948 1829 978 reposcemur.

219 990 267 1017 25.
288 989 418 1024 Deinceps
440 996 504 1016 vero
520 989 730 1016 examinandum
744 993 786 1016 est
803 989 976 1022 vocabulum,
994 994 1014 1020 It

189 1044 198 1061 ι
220 1043 339 1067 necesse,
360 1044 368 1060 ι
388 1035 460 1070 quod
483 1035 598 1062 habetur
621 1035 675 1062 hoc
699 1035 759 1062 loco
775 1036 785 1051 ⁷
804 1044 810 1062 :
836 1044 845 1060 ι
864 1034 980 1062 Necesse

186 1087 228 1110 est
246 1083 317 1109 enim
336 1086 365 1109 ut
384 1081 494 1109 veniant
517 1081 644 1108 scandala
657 1101 664 1113 ,
684 1091 693 1106 ι
715 1085 742 1108 et
765 1081 837 1116 quod
854 1081 878 1108 ei
895 1080 979 1115 :cqui-

186 1129 257 1156 valet
278 1129 348 1163 apud
372 1127 472 1155 Lucam
485 1127 496 1142 ⁸
511 1137 517 1154 :
535 1137 544 1152 ι
561 1127 717 1154 άνένδεκτον
737 1132 779 1154 est
808 1131 837 1154 ut
867 1135 921 1154 non
934 1134 980 1154 ve-

187 1175 263 1202 niant
275 1174 402 1202 scandala
413 1194 419 1205 ,
440 1183 450 1199 I
466 1181 513 1208 pro
528 1174 659 1201 ἀδύνατον
675 1178 717 1201 est
735 1184 740 1201 :
757 1177 784 1200 ct
802 1172 980 1207 quemadmo-

186 1220 251 1248 dum
267 1220 420 1247 necessario
435 1219 528 1246 interit
541 1220 614 1254 quod
637 1218 752 1247 mortale
764 1223 820 1251 est,
836 1218 892 1245 ﬁeri
906 1219 978 1245 enim

187 1273 240 1292 non
266 1269 364 1300 potest,
390 1266 455 1301 quin
475 1266 606 1298 intereat;
628 1270 655 1292 ct
677 1264 832 1292 necessario
849 1264 977 1295 nutritur,

186 1312 232 1346 qui
255 1319 402 1346 corporeus
417 1315 475 1341 est:
498 1311 555 1338 ﬁeri
577 1310 649 1337 enim
669 1317 723 1337 non
743 1314 832 1344 potest
847 1313 878 1336 ut
895 1309 978 1341 vivat,

186 1358 231 1392 qui
246 1365 301 1384 non
323 1357 462 1390 nutritur;
488 1357 524 1383 ita
544 1355 698 1383 necessario
719 1355 881 1383 exoriuntur
897 1362 978 1381 scan-

187 1403 258 1436 dala,
273 1410 323 1430 nec
337 1403 414 1430 aliter
428 1401 486 1429 licri
503 1405 603 1436 potest,
621 1408 682 1428 cum
697 1400 767 1427 inter
781 1400 907 1427 homines
922 1399 978 1426 vir-

188 1454 271 1477 tutem
289 1448 444 1476 necessario
458 1446 593 1482 praecedat
607 1445 737 1480 nequitia,
754 1452 768 1471 a
785 1453 840 1480 qua
851 1445 978 1472 scandala

187 1494 325 1530 profluunt
339 1503 345 1520 :
360 1494 417 1520 fieri
433 1492 566 1527 siquidem
582 1498 636 1518 non
653 1495 741 1525 potest
755 1494 785 1518 ut
796 1490 877 1517 homo
889 1490 978 1518 omnis

187 1548 285 1575 expers
312 1539 398 1574 culpae
422 1538 593 1573 reperiatur,
617 1537 699 1572 602
724 1536 825 1571 quique
850 1536 977 1563 virtutem

188 1587 292 1620 absque
307 1589 419 1619 peccato
434 1583 609 1618 capessiverit
624 1591 631 1610 :
646 1591 707 1610 nam
723 1590 784 1618 qua:
799 1581 910 1610 nefariis
928 1590 978 1618 po-

189 1631 333 1659 testatibus
357 1631 428 1657 inest
450 1629 572 1663 malitia,
603 1637 664 1657 cum
701 1629 842 1656 hominum
868 1629 978 1656 malitia:

1063 989 1141 1017 Μετὰ
1156 990 1241 1017 ταῦτα
1259 990 1432 1025 βασανιστέον
1444 991 1473 1017 τὸ
1490 1000 1499 1016 ι
1515 991 1564 1025 τῆς
1581 991 1710 1026 ἀνάγκης
1725 1001 1736 1017 ι
1751 992 1830 1026 ὄνομα

1034 1037 1062 1062 ὲν
1078 1036 1117 1071 τῷ
1129 1044 1135 1051 ·
1154 1046 1163 1061 ι
1185 1037 1304 1071 ’Λνάγκη
1319 1037 1373 1073 γάρ
1396 1037 1469 1063 ἐστιν
1486 1036 1573 1063 ἐλθεῖν
1593 1037 1628 1063 τά
1644 1037 1783 1064 σκάνδαλα
1797 1057 1803 1067 ,
1820 1048 1827 1061 ι

1033 1082 1080 1109 καὶ
1096 1082 1126 1109 τὸ
1143 1082 1318 1117 ἰσοδυναμοῦν
1332 1082 1406 1118 αὐτῷ
1421 1082 1497 1118 παρὰ
1515 1082 1554 1117 τῷ
1578 1083 1690 1118 Λουκᾷ·
1712 1093 1723 1109 ι
1745 1083 1831 1110 Ἀνέν-

1032 1128 1124 1154 δεκτόν
1137 1128 1194 1154 ὲστι
1207 1127 1254 1154 τοῦ
1273 1127 1310 1163 μὴ
1327 1127 1414 1154 ἐλθεῖν
1428 1127 1463 1154 τὰ
1482 1128 1619 1154 σκάνδαλα
1631 1147 1638 1158 ,
1657 1138 1666 1153 ι
1686 1127 1750 1154 ἀντὶ
1767 1128 1829 1158 τοῦ.

1034 1183 1045 1199 1
1062 1174 1204 1201 ἀδύνατον·
1228 1184 1237 1199 )
1251 1175 1296 1201 καὶ
1308 1173 1403 1209 ὥσπερ
1420 1174 1525 1209 ἀνάγκη
1543 1174 1573 1200 το
1591 1173 1689 1208 θνητὸν
1711 1173 1831 1208 ἀποθνή-

1035 1229 1119 1252 σκειν,
1135 1221 1182 1247 καὶ
1192 1220 1348 1247 ἀνένδεκτον
1360 1220 1426 1247 αὐτὸ
1437 1220 1474 1255 μὴ
1487 1220 1644 1251 ἀποθανεῖν,
1662 1219 1710 1246 καὶ
1722 1219 1830 1253 ἀνάγκη

1032 1266 1180 1302 τρέφεσθαι
1207 1265 1252 1292 τὸν
1276 1266 1304 1292 ὲν
1327 1265 1449 1301 σώματι·
1473 1265 1630 1292 ἀνένδεκτον
1650 1264 1706 1300 γὰρ
1728 1264 1776 1291 τὸν
1795 1264 1830 1299 μὴ

1032 1313 1198 1348 τρεφόμενον
1223 1311 1285 1347 ζῆν’
1307 1312 1392 1343 οὕτως
1413 1312 1519 1347 ἀνάγκη
1539 1312 1586 1338 καὶ
1603 1311 1765 1337 ἀνένδεκτον
1794 1312 1830 1346 μὴ

1031 1358 1119 1385 ἐλθεῖν
1130 1358 1164 1385 τὰ
1184 1357 1335 1390 σκάνδαλα,
1352 1358 1414 1384 ἐπεὶ
1432 1358 1539 1392 ἀνάγκη
1556 1357 1604 1384 καὶ
1624 1357 1831 1392 προῦφεστάναι

1031 1405 1081 1440 τὴν
1097 1405 1194 1431 κακίαν
1207 1404 1258 1438 τῆς
1279 1404 1380 1440 ἀρετῆς
1397 1405 1425 1431 ὲν
1437 1403 1601 1439 ἀνθρώποις,
1617 1405 1664 1438 ἀφ’
1678 1402 1712 1440 ἧς
1731 1404 1831 1435 κακίας

1031 1449 1065 1476 τὰ
1082 1449 1234 1476 σκάνδαλα“
1253 1450 1411 1476 ἀνένδεκτον
1430 1450 1483 1485 γάρ
1501 1451 1574 1476 ὲστιν
1587 1449 1734 1485 ἄνθρωπον
1753 1451 1831 1485 εὑρε-

1031 1495 1111 1530 θῆναι
1125 1495 1212 1531 πάντη
1228 1495 1431 1531 ἀναμάρτητον,
1447 1497 1494 1522 καὶ
1505 1495 1590 1531 χωρὶς
1601 1495 1743 1531 ἁμαρτίας
1760 1497 1832 1523 ἀνει-

1031 1540 1135 1575 ληφότα
1142 1539 1191 1575 τὴν
1206 1539 1305 1575 ἀρετήν
1316 1548 1324 1554 ·
1341 1541 1357 1575 ἡ
1373 1540 1426 1575 γὰρ
1439 1540 1467 1567 ὲν
1477 1542 1536 1571 ταῖς
1547 1541 1680 1575 πονηραῖς
1693 1540 1830 1575 δυνάμεσι

1031 1585 1125 1616 κακία,
1143 1585 1279 1620 ἀρχηγικὴ
1295 1585 1464 1620 τυγχάνουσα
1478 1585 1528 1620 τῆς
1549 1586 1578 1611 ἐν
1601 1584 1760 1620 ἀνθρώποις
1778 1595 1829 1612 κα-

1032 1631 1113 1662 κίας,
1131 1630 1234 1662 πάντας
1255 1630 1311 1665 (54)
1328 1631 1401 1666 ὁρμᾷ
1417 1631 1462 1657 ἐπὶ
1486 1630 1516 1656 τὸ
1533 1630 1577 1657 διά
1600 1639 1680 1657 τινων
1701 1631 1829 1665 ὀργάνων

189 1685 272 1705 causa
291 1677 326 1704 sit
346 1681 372 1704 et
398 1676 484 1710 origo,
507 1683 599 1703 omnes
617 1675 750 1707 concitat,
774 1679 803 1702 ut
828 1682 876 1709 per
890 1673 974 1709 aliqua

1064 1678 1178 1714 εργῆσαι
1192 1676 1262 1704 κατά
1277 1676 1332 1704 τῶν
1347 1676 1394 1703 τοῦ
1409 1676 1511 1712 κόσμου
1531 1676 1697 1712 ἀνθρώπων
1714 1678 1788 1712 τάχα
1802 1678 1828 1704 δὲ

189 1723 369 1751 instrumenta
391 1721 521 1749 adversus
544 1721 669 1748 homines
686 1720 774 1756 quiin
796 1720 897 1747 mundo
917 1724 981 1747 sunt

189 1773 335 1804 operentur
348 1777 354 1795 :
366 1768 480 1796 fortasse
493 1768 574 1795 ctiam
593 1767 678 1802 magis
696 1767 835 1794 irritantur
850 1766 980 1801 improba:

189 1820 344 1850 potestates,
369 1823 431 1842 cum
455 1815 537 1842 verbo
553 1813 617 1842 Jesu
640 1814 826 1848 depelluntur,
842 1817 869 1841 et
884 1820 978 1840 earum

189 1862 360 1889 imminuitur
373 1862 472 1894 cultus,
488 1869 538 1888 nec
555 1861 635 1888 solita
652 1861 692 1888 eis
706 1859 840 1888 sacrificia
860 1859 978 1886 offerun-

189 1913 242 1940 tur,
257 1912 285 1935 et
297 1915 329 1935 ea
346 1907 448 1934 oboriri
468 1914 581 1934 necesse
594 1911 645 1940 est,
661 1913 716 1933 non
733 1909 823 1933 autem
840 1912 888 1940 per
901 1904 976 1932 illum

1032 1723 1079 1749 καὶ
1089 1722 1179 1749 πλεῖον
1195 1722 1221 1749 αἱ
1238 1722 1355 1757 πονηραὶ
1369 1722 1498 1757 δυνάμεις
1515 1721 1707 1758 ἐξαγριοῦν-ται
1730 1723 1829 1749 ἔκϐαλε

1031 1769 1142 1804 λόμεναι
1153 1768 1192 1803 τῷ
1208 1768 1280 1803 λόγῳ
1293 1767 1339 1795 τοῦ
1357 1768 1456 1803 Ἰησοῦ,
1473 1768 1520 1795 καὶ
1531 1768 1696 1803 μειουμένης
1709 1768 1763 1801 τῆς
1782 1769 1828 1795 λα-

1031 1814 1123 1850 τρείας
1139 1814 1239 1845 αὐτῶν,
1252 1814 1305 1840 τῶν
1317 1813 1418 1849 ὲθίμων
1434 1813 1534 1840 θυσιῶν
1551 1813 1642 1845 αὐτοῖς
1654 1814 1685 1840 οὐ
1705 1823 1828 1849 προσ-νέε-

1034 1861 1165 1897 ρομενων,
1181 1860 1228 1887 καὶ
1238 1860 1343 1896 ἀνάγκη
1355 1859 1413 1886 ἐστὶ
1429 1859 1516 1887 ταῦτα
1529 1859 1632 1892 ἐλθεῖν,
1650 1860 1700 1886 οὐκ
1718 1861 1826 1895 ἀνάγκη

1031 1907 1058 1933 δὲ
1070 1906 1113 1933 διὰ
1127 1906 1203 1932 τοῦδέ
1216 1915 1288 1938 τινος
1304 1906 1357 1942 (55)
1367 1915 1374 1921 ·
1397 1906 1491 1941 διόπερ
1503 1906 1541 1938 ὼς
1555 1906 1637 1933 τόπον
1651 1906 1781 1934 δεδωκότι
1795 1909 1826 1942 τῇ

797 1960 914 1988 VETUS
931 1960 1224 1988 INTERPRETATIO.

187 2010 306 2038 asinaria
322 2011 391 2038 collo
405 2010 476 2044 ejus,
494 2014 521 2037 et
532 2009 705 2045 demergatur
726 2009 754 2036 in
777 2008 1058 2045 profundummaris,
1076 2017 1085 2034 ι
1105 2009 1233 2045 quoniam
1246 2008 1286 2036 sic
1303 2008 1424 2036 vindicat
1438 2007 1509 2035 Deus
1522 2015 1569 2034 eos
1583 2007 1629 2042 qui
1645 2007 1825 2045 scandalizati

188 2045 291 2072 fuerint
304 2046 337 2072 ab
353 2046 393 2072 eis
417 2043 464 2080 qui
487 2043 756 2080 scandralizaverunt,
771 2048 873 2080 etquae
890 2043 1102 2080 intelligeremus
1116 2044 1274 2080 timeremus
1291 2053 1297 2069 :
1313 2051 1451 2077 nunquam
1468 2050 1645 2077 peccaremus
1663 2043 1690 2069 in
1713 2043 1823 2080 fratres,

189 2085 239 2107 nec
254 2078 456 2114 pcrcuteremiis
482 2079 664 2106 conscientias
685 2086 780 2106 eorum
804 2078 943 2114 infirmas.
956 2085 1005 2112 pro
1024 2079 1130 2114 quibus
1145 2079 1270 2105 Christus
1287 2084 1411 2105 mortuus
1426 2082 1477 2109 cst,
1493 2081 1604 2114 propter
1614 2085 1686 2112 quos
1699 2079 1782 2112 quasi
1799 2080 1824 2105 in

187 2112 327 2141 Christum
346 2119 488 2148 peccantes
501 2114 653 2141 subibimus
668 2121 772 2148 punias,
790 2121 851 2139 cum
869 2113 1007 2146 requisita:
1021 2112 1120 2140 fuerint
1131 2114 1230 2140 anima:
1244 2121 1305 2148 qua:
1318 2118 1426 2147 propter
1442 2120 1492 2140 nos
1506 2113 1645 2147 perierunt
1662 2120 1695 2139 ex
1714 2114 1807 2140 nobis.

227 2149 273 2175 25.
295 2147 397 2176 Deinde
412 2149 553 2176 videamus
568 2149 706 2183 quomodo
728 2148 878 2182 intelligere
899 2148 1054 2183 debeamus,
1068 2148 1141 2182 quod
1166 2149 1204 2175 ait
1220 2157 1226 2174 :
1243 2157 1252 2173 ι
1272 2147 1387 2174 Necesse
1403 2152 1444 2174 est
1463 2148 1622 2183 utrveniaint
1644 2148 1788 2174 scandala.
1814 2158 1822 2173 )

189 2183 319 2210 Similiter
332 2185 404 2210 cnim
417 2184 527 2218 exponit.
543 2183 624 2210 etiam
646 2183 733 2210 Lucas
746 2183 839 2209 dicens
853 2191 858 2208 :
878 2191 887 2207 ι
904 2182 1073 2216 lmpossibile
1095 2187 1136 2210 est
1151 2187 1180 2209 ut
1197 2190 1250 2210 non
1271 2183 1380 2209 veniant
1395 2182 1532 2210 scandala.
1550 2191 1559 2206 ι
1577 2182 1612 2208 Et
1627 2182 1697 2210 sicut
1713 2190 1824 2210 nea-sse

188 2222 230 2246 est
243 2218 384 2245 mortalem
403 2217 483 2251 mori,
504 2223 530 2245 et
548 2218 716 2253 impossibile
733 2222 774 2244 est
789 2222 820 2253 ut
838 2224 891 2244 non
908 2218 1041 2244 moriatur
1057 2226 1063 2244 :
1077 2223 1103 2244 et
1119 2218 1188 2244 sicut
1204 2225 1316 2244 necesse
1333 2222 1375 2244 est
1387 2217 1552 2243 manducare
1567 2218 1705 2244 hominem
1725 2218 1752 2244 in
1765 2226 1823 2245 crr-

188 2261 253 2287 pore
267 2253 455 2284 constitutum.
467 2257 495 2280 et
506 2253 672 2288 impossibile
687 2259 727 2279 est
748 2257 776 2288 ut
790 2252 848 2288 sine
864 2259 925 2288 esca
938 2252 984 2286 qui
1000 2253 1149 2286 corporalis
1161 2257 1213 2284 est,
1225 2253 1297 2279 vivat
1315 2261 1322 2278 :
1339 2252 1379 2279 sic
1393 2259 1503 2288 necesse
1518 2256 1560 2278 est
1573 2252 1667 2288 venire
1682 2253 1822 2288 scandala,

187 2286 215 2315 ct
237 2288 403 2322 impossibile
425 2293 467 2316 est
490 2293 520 2315 ut
541 2286 594 2315 non
617 2288 735 2314 veniant.
751 2286 783 2313 Et
795 2286 855 2322 vide
871 2287 893 2313 si
910 2293 987 2320 potes
1005 2289 1127 2321 accipere
1144 2287 1177 2314 ad
1196 2288 1349 2322 exemplum
1366 2286 1509 2317 malitiam,
1527 2294 1588 2320 qua':
1608 2287 1634 2313 in
1651 2287 1822 2316 cmlesubus.

188 2321 341 2350 necessarie
359 2324 512 2358 copulatam
537 2330 597 2350 esse
616 2322 772 2349 virtutibus.
794 2321 962 2358 Impossibile
981 2326 1023 2349 cst
1046 2322 1117 2348 enim
1144 2322 1258 2349 inveniri
1274 2322 1420 2358 hominem
1434 2322 1545 2358 omnino
1568 2322 1628 2358 sine
1652 2328 1780 2356 peccato,
1798 2328 1823 2348 et

187 2359 290 2393 absque
306 2356 415 2392 peccato
432 2358 570 2393 suscipere
583 2365 662 2391 posse
677 2357 791 2393 virtutes
807 2364 813 2382 :
828 2356 891 2393 quia
914 2364 963 2383 nec
979 2361 1068 2393 potest
1088 2365 1258 2393 essevcrunt
1274 2357 1374 2393 bonum
1393 2356 1443 2382 nisi
1469 2356 1566 2383 habt-at
1586 2356 1822 2393 impugnationem

187 2391 262 2420 mali.
281 2391 357 2420 Sicut
369 2401 434 2428 ergo
450 2391 561 2420 necesse
577 2397 619 2419 est
633 2391 915 2428 sustineremalitiam
932 2391 1094 2423 cwlestium,
1108 2392 1316 2428 et_i_mpossibilo
1333 2395 1379 2428 est
1391 2399 1455 2428 eam,
1465 2399 1519 2417 non
1534 2392 1701 2428 sustinere;
1722 2393 1765 2419 sic
1779 2400 1822 2420 ne~

186 2436 262 2456 cessc
275 2433 317 2455 est
339 2425 431 2456 venire
444 2427 582 2460 scandala,
597 2432 624 2453 et
639 2425 808 2459 impossibile
824 2430 866 2452 est
880 2430 912 2461 ut,
932 2434 984 2452 non
1000 2427 1120 2453 veniant.
1138 2425 1255 2453 Maiime
1270 2427 1292 2453 si
1308 2426 1472 2452 intellexeris
1489 2426 1620 2452 malitiam
1636 2426 1820 2461 malignarmn

185 2463 317 2490 virtutum
331 2464 506 2498 principalem
527 2470 586 2498 esse
602 2462 712 2488 malitiae
728 2462 771 2488 isti
789 2461 890 2498 qugiu
908 2460 1064 2498 hominibus
1085 2465 1137 2493 est,
1152 2466 1194 2498 et
1207 2468 1312 2495 semper
1327 2465 1491 2498 quaerentem
1511 2468 1612 2498 organa
1627 2460 1755 2495 quaedam
1779 2469 1823 2495 prf

186 2506 247 2533 quae
266 2495 395 2533 operetur
417 2495 547 2533 adversus
572 2497 696 2533 homines
715 2497 824 2533 mundi._
838 2495 963 2523 Forsitan
990 2501 1084 2533 autem,
1103 2501 1132 2533 et
1151 2496 1291 2533 irritantur
1313 2496 1399 2533 magis
1424 2495 1548 2530 malignae
1566 2496 1697 2533 _viruttes,
1722 2501 1822 2531 quanto

187 2530 273 2570 magis
285 2530 406 2570 'verbum
421 2532 524 2570 Christi
542 2532 568 2558 in
587 2532 741 2570 hominibus
755 2531 925 2570 invalesce_ns_
936 2531 1046 2570 expellit
1062 2531 1096 2558 ab
1110 2532 1150 2570 eis
1166 2532 1299 2570 malignas
1314 2532 1515 2570 vii'tutes,.quze
1532 2530 1609 2570 prius
1624 2530 1823 2570 Consueverant

187 2565 310 2595 habitare
334 2569 362 2594 in
385 2567 484 2594 animis
499 2574 593 2594 eorum
620 2575 627 2593 ι
652 2571 678 2593 et
694 2566 831 2593 dzcmoncs
847 2566 893 2599 qui
911 2565 1115 2593 delectabantur
1134 2566 1160 2592 in
1180 2565 1312 2601 sanguine
1334 2565 1552 2598 sacrificiorum,
1575 2565 1738 2593 irascuntur
1760 2567 1821 2593 dum

222 2629 232 2644 ³
246 2628 341 2655 Matth.
356 2635 432 2661 svnt,
448 2627 474 2655 6.
513 2627 523 2642 θ
535 2627 544 2654 l
557 2626 622 2654 Cor.
638 2635 696 2659 vin,
715 2627 757 2658 ll,
776 2625 816 2652 ιε.
856 2626 864 2640 ⁷
878 2624 973 2651 Matth.
990 2633 1067 2658 xvm,
1087 2626 1112 2652 7.
1152 2626 1163 2641 ⁸
1180 2625 1245 2652 Luc.
1263 2633 1329 2656 xvn,
1347 2625 1369 2652 Ι.

222 2687 278 2721 (54)
293 2686 420 2720 Πάντας.
438 2686 519 2714 Forte
536 2686 706 2714 scribendum
724 2684 842 2715 πάντως.

292 2722 347 2749 Καὶ
360 2717 474 2757 aveham
487 2722 551 2748 ἐστὶ
567 2721 658 2748 ταῦτα
667 2721 843 2757 iuuit-22?,"qu
857 2717 974 2752 ἀνάγκη

188 2756 218 2782 δὲ
229 2753 282 2782 ’διὰ
297 2756 383 2782 τοῦδέ
397 2753 487 2789 uror}.
504 2757 578 2783 l'aul.
590 2756 599 2781 l
613 2756 748 2788 L‘or.xt,9.
774 2753 953 2789 Hieronymus
967 2761 974 2780 :

193 2798 204 2814 ι
219 2789 287 2816 Cum
314 2798 422 2818 necesse
439 2788 473 2817 sit
495 2791 522 2817 in
545 2792 596 2817 isto
624 2790 725 2816 mundo
750 2788 805 2815 tieri
831 2788 968 2820 scandala,

192 2824 379 2858 unusquisque
405 2832 454 2852 suo
479 2825 543 2852 vitio
566 2825 701 2852 scandulis
725 2828 806 2859 patet.
833 2831 841 2848 ›
869 2822 933 2849 ltem
961 2830 966 2848 :

1030 2695 1039 2711 ι
1060 2685 1174 2713 Necesse
1191 2689 1232 2712 est
1248 2684 1356 2720 quidem
1382 2683 1474 2710 venire
1500 2684 1647 2714 seandala;
1667 2692 1708 2711 va:
1733 2689 1821 2711 tamen

1027 2720 1052 2747 ei
1065 2725 1107 2747 est
1124 2720 1238 2751 homini,
1252 2720 1296 2754 qui
1312 2721 1383 2754 quod
1400 2726 1511 2745 necesse
1527 2723 1617 2754 estut
1632 2721 1680 2746 tiat
1694 2720 1722 2746 in
1741 2726 1816 2746 mnu-

1030 2755 1074 2786 do,
1093 2755 1158 2782 vitio
1171 2762 1221 2782 suo
1235 2755 1300 2781 facit
1317 2753 1345 2780 ut
1356 2761 1403 2788 per
1414 2761 1443 2780 se
1457 2754 1512 2781 fiat.
1530 2763 1538 2780 ι
1561 2753 1631 2782 Vide
1646 2754 1819 2782 animadver-

1025 2791 1128 2818 sionem
1142 2793 1309 2825 scqucnlem.
1326 2789 1458 2817 Hunnus.
