1859 3051
60 127 118 158 “5'1

520 118 697 148 COMMENT.
718 117 751 146 ΙΝ
772 117 981 146 ΜΛΤΤΗΛΞΗΜ
1000 116 1119 145 TOMUS
1139 116 1208 144 XIII.

1612 118 1682 146 MSS

62 185 155 222 πυνηρᾷ
169 181 293 218 ἐνεργείᾳ
311 180 497 213 σκανδαλίζειν
519 179 723 216 προαιρουμένη
744 178 782 213 τῷ
798 178 827 204 ἀι

927 177 1048 211 tempiam
1062 185 1069 203 :
1084 176 1186 204 idcirco
1200 183 1239 203 vae
1250 175 1367 210 obtingit
1377 175 1481 202 homini
1495 175 1531 203 illi
1544 183 1591 210 per
1605 185 1686 211 quem

61 231 149 268 θρώπῳ
159 229 191 256 δι’
209 225 239 255 οὗ
251 228 280 254 τὸ
293 225 438 253 σκάνδαλον
453 225 563 261 ἔρχεται
573 244 580 256 ,
595 225 701 259 γίνεται
719 222 749 249 τὸ
768 222 840 249 οὐαί.

59 267 99 313 Μὴ
115 276 225 311 νομίσῃς
247 274 276 301 δὲ
297 273 377 308 φύσει
398 272 484 304 τινὰς,
499 271 545 298 καὶ
560 271 592 297 ὲκ
616 269 790 313 κατασκευῆς
806 267 842 295 τὰ

59 310 184 347 σκάνδαλα
195 316 264 345 εἶναι
281 316 440 353 ἀνθρώπους
452 315 585 351 ζητοῦντα
598 314 653 351 (56)
667 315 700 340 δι’
716 310 752 340 ὧν
765 313 840 348 ἔλθῃ·

58 367 91 399 ὡς
105 366 156 401 γὰρ
178 366 192 391 ὸ
207 364 273 396 Θεὸς
295 363 408 390 θάνατον
433 363 482 389 οὐκ
507 363 644 398 ἐποίησεν,
672 360 758 392 οὕτως
782 360 843 386 οὐδὲ

58 412 183 439 σκάνδαλα
198 410 318 441 ἔκτισεν,
335 409 402 436 ἀλλὰ
415 409 446 436 τὸ
462 407 635 442 αὐτεξούσιον
651 406 796 442 ὲγέννησεν
814 406 842 432 ἔν

57 466 106 485 τισι
127 456 157 483 τί)
182 455 337 487 σκάνδαλον,
357 455 395 491 μὴ
418 453 588 490 βουληθεῖσιν
612 452 761 488 ἀνατλῆναι
780 451 843 483 τοὺς

54 503 121 539 ὑπὲρ
136 501 234 538 ἀρετῆς
253 501 360 532 πόνους.

86 632 139 660 Καὶ
161 632 242 659 καλὸν
267 632 314 668 μὲν
332 629 378 659 οὖν
395 632 419 658 εἰ
434 630 578 662 ἐπαινετὸς
597 629 640 666 εἴη
667 630 681 657 ὁ
701 628 842 664 ὁφθαλμὺς

57 680 127 714 καὶὴ
143 679 218 714 χεὶρ,
235 679 278 705 ἴνα
301 678 338 714 μὴ
356 678 467 713 δύνηται
494 677 612 712 εὐλόγως
635 677 721 704 εἰπεῖν
750 675 804 711 (57)
829 677 843 703 ὁ

56 724 184 760 ὀφθαλμὸς
200 726 232 761 τῇ
246 725 328 760 χειρὶ,
339 734 348 750 ι
366 725 468 760 Χρείαν
477 733 523 750 σου
534 724 583 750 οὐκ
598 723 661 759 ἔχω.
677 733 686 749 ι
703 723 734 749 Εἰ
748 723 776 749 δέ
790 731 841 754 τις,

55 771 82 797 ὲν
93 771 128 806 τῷ
139 771 191 807 ὅλῳ
208 771 313 806 σώματι
327 771 383 797 τῶν
402 770 567 805 συναγωγῶν
586 769 641 805 (58)
657 769 707 804 τῆς
729 768 843 802 Ἐκκλη-

57 817 111 848 aia;
126 817 184 852 χεὶρ
201 816 374 854 χρηματίσας
392 816 436 843 διὰ
457 816 487 843 τὸ
505 815 666 852 πρακτικὸν,
683 813 842 850 μεταϐαλὼν

893 223 984 252 evenit.
1001 222 1171 255 scandalum,
1196 226 1290 256 utpote
1313 222 1360 256 qui
1387 221 1518 256 improbae
1536 223 1687 257 operationi

894 267 928 295 ad
944 267 1122 294 offensionem
1149 267 1320 301 praebendam
1346 267 1504 300 composita:
1527 267 1616 294 locum
1640 268 1688 295 de-

894 314 974 341 derit.
993 314 1028 340 At
1052 313 1107 340 noli
1130 313 1289 341 existimare
1309 317 1404 339 natura
1420 317 1447 339 et
1463 320 1497 339 ex
1512 321 1604 340 rerum
1622 321 1689 341 con--

894 359 1038 386 stitntione
1060 366 1120 386 esse
1139 357 1268 385 scandala
1282 377 1289 389 ,
1317 365 1377 392 quae
1403 357 1530 386 homines
1555 358 1689 393 quosdam

893 406 1075 439 perquirunt,
1109 412 1158 439 per
1185 411 1256 439 quos
1281 404 1424 437 oriantur;
1460 405 1689 439 quemadmodum

894 449 966 476 enim
983 449 1055 476 Deus
1078 454 1194 476 mortem
1216 457 1269 476 non
1288 448 1350 476 fecit
1364 469 1371 481 ,
1399 450 1434 476 ita
1461 458 1548 484 neque
1562 450 1691 478 scandala
1707 449 1711 462 ’

894 495 1011 527 ereavit;
1035 495 1082 522 sed
1109 495 1223 522 liberum
1248 495 1391 522 arbitrium
1416 496 1441 522 in
1466 497 1628 530 quibusdam
1651 497 1691 525 l3-

894 541 974 569 bores
999 549 1049 576 pro
1072 540 1172 568 virtute
1202 541 1317 568 tolerare
1349 542 1504 570 nolentibus
1530 543 1690 571 scandalum

893 588 1032 624 produxit.

928 634 973 662 24.
995 635 1034 662 Ac
1048 634 1148 669 optime
1165 641 1230 662 sane
1254 641 1283 661 se
1306 641 1350 661 res
1370 633 1490 667 habebit,
1508 634 1530 662 si
1550 635 1648 663 oculus
1663 641 1691 664 et

894 688 993 707 manus
1009 679 1162 707 laudabiles
1184 679 1257 712 sint,
1276 687 1308 706 ne
1322 679 1396 714 juste
1420 680 1512 707 manui
1530 681 1627 709 oculus
1649 681 1692 709 di-

893 734 954 754 cere
969 725 1056 760 possit
1073 735 1078 752 :
1099 735 1108 751 (
1127 724 1214 760 Opera
1233 729 1277 752 tua
1298 733 1352 752 non
1377 725 1486 760 indigeo
1503 725 1524 752 ’.
1543 735 1552 752 )
1572 726 1649 760 Quod
1666 727 1689 755 si

894 772 955 807 quis
970 772 996 798 in
1012 775 1069 799 toto
1084 775 1204 798 coetuum
1217 770 1347 798 Ecclesiae
1363 778 1485 806 corpore,
1498 776 1608 807 propter
1622 778 1692 801 stre-

893 818 1024 844 nuitatem
1038 821 1065 844 et
1090 817 1276 844 dexteritatem
1289 816 1316 843 in
1330 816 1411 844 rebus
1422 817 1533 851 agendis
1544 825 1594 853 pro
1608 826 1690 846 manu

55 863 152 897 γένοιτο
168 863 381 895 σκανδαλίζουσα
393 864 463 899 χεὶρ,
477 863 581 897 λεγέτω
591 864 624 898 τῇ
643 861 752 897 τοιαύτῃ
770 869 827 896 χειε

927 862 1005 889 ιυὶιυδ
1020 862 1197 894 immutatur,
1221 865 1248 888 et
1264 869 1362 889 manus
1375 861 1551 890 oﬂ‘ensionem
1568 864 1690 898 prrebens

55 910 68 935 ὁ
82 909 229 945 ὀφθαλμός·
254 918 265 935 ι
283 909 386 946 Χρείαν
409 918 455 936 σου
471 909 521 936 οὐκ
547 909 617 944 ἔχω,
639 918 648 934 ι
669 908 716 935 καὶ
737 906 841 934 εἰπών·

55 964 67 979 λι
89 955 244 990 Ἑκκοψάτω
255 955 349 991 αὐτὴν,
364 955 412 982 καὶ
424 955 528 991 βαλέτω
545 955 592 989 ἀφ’
608 954 705 981 ἑαυτοῦ
716 963 723 969 θ
744 964 752 980 ι
772 953 843 980 οὕτω

56 999 167 1026 δὲκαλὸν
184 1001 244 1036 μὲν,
263 1001 288 1027 εἰ
307 1000 353 1027 καὶ
379 1000 484 1035 κεφαλή
500 1009 543 1032 τις
567 999 609 1034 εἴη
632 998 772 1034 μακαρία,
797 998 844 1024 καὶ

56 1046 127 1078 πίδςς
143 1046 211 1079 ἄξιοι
222 1047 271 1082 τῆς
288 1046 426 1082 μακαρίας
443 1045 565 1081 κεφαλῆς
577 1065 585 1077 ,
611 1045 653 1072 ἵνα
674 1045 710 1081 μὴ
731 1044 843 1080 δύνηται

56 1089 86 1115 τὰ
107 1089 243 1125 πρέποντα
272 1091 354 1126 ἑαυτῇ
379 1089 500 1126 τηροῦσα
525 1091 541 1125 ἡ
566 1089 670 1125 κεφαλὴ
686 1091 742 1121 τοῖς
765 1089 844 1116 ποσὶν

56 1135 151 1162 είπεῖν·
173 1145 183 1161 ι
203 1135 306 1172 Χρείαν
318 1136 395 1170 ὑμῶν
409 1136 458 1162 οὐκ
469 1135 532 1170 ἔχω.
552 1145 561 1161 ι
582 1135 613 1161 EE
630 1135 722 1170 μέντοι
738 1144 780 1167 τις
801 1136 844 1162 εὑ-

56 1180 142 1216 ρεθείη
164 1180 232 1213 ποῦς
248 1182 394 1208 σκάνδαλον
405 1181 452 1208 τοῦ
466 1181 526 1208 ὅλου
543 1181 685 1216 γινόμενος
707 1181 844 1217 σώματος,

55 1226 150 1261 λεγέτω
163 1228 179 1262 ἡ
196 1227 301 1263 κεφαλὴ
319 1227 358 1263 τῷ
373 1227 487 1263 τοιούτῳ
497 1227 571 1254 ποδίθ
590 1237 599 1252 ι
614 1228 716 1262 Χρείαν
731 1236 777 1253 σου
795 1228 845 1255 οὐκ

54 1272 114 1308 ἔχω,
135 1283 144 1300 ι
162 1275 208 1301 καὶ
235 1274 355 1308 ἐκκόψας
380 1273 461 1300 αὑτὸν
482 1273 586 1308 βαλέτω
611 1273 660 1299 ἀπ’
675 1272 775 1299 αὐτοῦ’
797 1272 844 1299 καὶ

894 907 976 943 603
1014 907 1146 941 etlicitur,
1174 907 1308 942 ejusmodi
1342 908 1435 935 manui
1467 908 1541 936 dicat
1566 910 1688 937 oculus:

898 962 907 979 ι
925 952 1013 987 Opera
1031 957 1075 979 tua
1092 960 1145 979 non
1164 952 1282 987 indigeo,
1305 962 1315 978 ι
1334 957 1360 980 et
1377 959 1522 988 postquam
1540 954 1566 981 id
1581 954 1690 986 dixerit,

899 1008 908 1024 ι
928 998 1069 1026 abscindat
1083 1006 1153 1031 eam,
1172 1003 1199 1025 et
1213 998 1340 1033 projiciat
1353 1007 1369 1026 a
1382 1007 1411 1027 se
1426 1000 1457 1026 ιο.
1478 1009 1487 1026 ι
1507 1001 1546 1027 lta
1572 1005 1599 1027 et
1624 1001 1692 1028 bene

896 1044 957 1077 erit,
976 1044 999 1071 si
1015 1048 1042 1071 et
1059 1045 1167 1071 beatum
1182 1044 1218 1071 sit
1231 1049 1323 1079 caput,
1350 1049 1377 1072 ct
1400 1045 1480 1080 pedes
1500 1046 1580 1073 beato
1603 1047 1692 1082 capite

896 1088 988 1123 digni,
1011 1097 1044 1116 tte
1057 1097 1118 1124 quae
1133 1089 1184 1116 sibi
1202 1090 1368 1117 conveniunt
1390 1098 1502 1118 servans
1518 1095 1599 1126 caput
1614 1092 1691 1127 pedi-

897 1134 949 1161 bus
964 1134 1054 1161 dicere
1067 1134 1154 1169 possit
1171 1135 1190 1149 ”
1212 1143 1217 1161 :
1235 1143 1245 1160 ι
1265 1134 1322 1162 Non
1338 1135 1404 1162 estis
1423 1136 1489 1162 mihi
1507 1137 1663 1164 necessarii.
1679 1146 1688 1163 ο

896 1180 973 1214 Quod
996 1181 1019 1208 si
1041 1188 1087 1215 pes
1104 1181 1203 1216 aliquis
1217 1181 1387 1214 inveniatur,
1406 1182 1452 1216 qui
1474 1182 1635 1210 scandalum
1657 1183 1693 1210 sit

897 1226 980 1252 totius
996 1226 1131 1260 corporis,
1147 1226 1220 1253 dicet
1236 1231 1317 1260 caput
1340 1227 1400 1261 pedi
1419 1227 1553 1261 ejusmodi
1573 1237 1579 1255 :
1602 1237 1612 1254 ιι
1633 1228 1691 1256 Non

895 1279 926 1300 es
940 1272 1006 1298 mihi
1021 1272 1203 1305 necessarius,
1223 1282 1232 1298 ι
1247 1276 1274 1299 et
1285 1272 1437 1299 abscissum
1452 1281 1514 1300 cunt
1530 1282 1545 1300 ιι
1561 1282 1590 1301 se
1607 1275 1691 1310 proji-

656 1332 773 1360 VETUS
793 1331 1087 1360 INTERPRETATIO.

55 1401 142 1421 eorum
160 1395 267 1421 cultura
291 1395 423 1421 minuitur
436 1415 443 1425 ,
470 1402 519 1421 nec
536 1394 689 1421 offeruntur
705 1393 746 1421 eis
764 1393 897 1420 saeriﬁeia
919 1399 1051 1420 consueta
1070 1402 1076 1420 :
1094 1393 1154 1420 ideo
1187 1393 1316 1420 scandala
1340 1395 1433 1422 venire
1450 1403 1562 1423 necesse
1585 1400 1636 1424 est.
1658 1397 1690 1424 Et

56 1429 175 1466 scandala
185 1430 295 1464 quidem
309 1430 366 1466 ipsa
378 1430 469 1466 venire
481 1437 592 1456 necesse
603 1434 654 1466 est,
668 1436 722 1466 non
736 1434 824 1466 tamen
839 1435 886 1462 per
899 1428 974 1466 illum
991 1429 1083 1455 nescio
1096 1436 1177 1466 quem
1189 1429 1281 1466 venire
1293 1437 1403 1466 necesse
1414 1434 1456 1457 est
1470 1439 1476 1457 :
1494 1436 1602 1465 propter
1618 1433 1690 1466 quod

53 1464 76 1492 ei
96 1472 141 1500 per
159 1463 242 1499 quem
260 1463 393 1496 venerint,
415 1465 467 1491 erit
484 1472 533 1495 vae.
558 1464 688 1500 qu0niain
707 1463 780 1490 dedit
800 1463 890 1500 locum
909 1464 1035 1500 maligna:
1052 1464 1204 1500 operationi
1223 1464 1249 1490 in
1269 1471 1298 1490 se
1314 1465 1414 1491 volenti
1436 1463 1633 1495 scandalizare."
1652 1467 1690 1494 Nc

54 1498 173 1535 putesin'
184 1505 282 1527 natura
303 1500 394 1534 aliqua
408 1500 451 1535 vel
465 1500 490 1526 in
508 1498 661 1527 substantia
681 1506 740 1535 esse
756 1498 904 1535 scandala,
929 1506 989 1535 quae
998 1498 1132 1535 homines
1148 1503 1274 1535 quaerunt
1288 1507 1337 1533 per
1349 1507 1417 1534 quos
1434 1506 1591 1534 operentur.
1614 1502 1691 1530 Sicut

56 1533 121 1561 enim
135 1534 206 1562 Deus
222 1539 338 1562 mortem
350 1533 356 1534 ⁷
367 1543 421 1562 non
442 1534 516 1566 fecit,
532 1535 572 1562 sic
587 1542 638 1570 nec
657 1533 785 1570 scandala
806 1533 919 1566 ereavit,
935 1533 981 1561 sed
997 1533 1109 1561 libertas
1130 1533 1233 1569 proprii
1248 1533 1400 1562 arbitrii'in
1419 1533 1581 1570 quibusdam
1598 1538 1691 1569 genuit

52 1569 220 1600 scandalum,
236 1570 332 1597 nolens
346 1577 396 1604 pro
411 1570 510 1597 virtute
527 1569 666 1603 suscipere
680 1569 812 1596 laborem.

85 1604 128 1630 2i.
153 1614 161 1630 ι
179 1604 260 1638 Quod
278 1605 300 1632 si
314 1603 411 1631 manus
425 1610 479 1637 tua,
494 1605 534 1631 vel
549 1611 596 1638 pes
615 1608 679 1630 tnus
698 1603 865 1631 scandalizat
880 1608 915 1636 te,
931 1603 1026 1631 excide
1043 1611 1117 1635 eum,
1137 1607 1165 1631 et
1183 1603 1286 1638 projice
1304 1604 1353 1630 abs
1373 1608 1407 1631 te.
1427 1604 1533 1632 Βυιιιιηι
1548 1606 1620 1633 enim
1639 1607 1688 1634 tibi

53 1641 91 1666 est
110 1639 264 1676 introirejn
286 1640 369 1676 vitam
381 1639 513 1676 rclaudum
535 1640 576 1666 vel
595 1639 722 1676 debilem,
739 1647 822 1673 quam
837 1639 906 1666 duas
928 1639 1091 1676 manushvel
1108 1640 1177 1676 duos
1196 1640 1278 1676 pedes
1304 1639 1448 1666 habentem
1469 1641 1537 1667 mitti
1555 1641 1581 1667 in
1600 1642 1689 1676 ign-cm

53 1678 192 1714 aeternum.
215 1675 255 1714 _Et
278 1675 301 1714 _si
325 1675 422 1714 oculus
440 1680 502 1702 tuus
516 1674 684 1714 scandalizat
699 1679 735 1714 te,
750 1681 912 1714 erneeum,
938 1674 1084 1714 etlprojiee
1108 1674 1157 1714 abs
1177 1679 1212 1700 te.
1230 1674 1335 1714 Bonum
1353 1680 1394 1714 est
1411 1676 1458 1701 tibi
1477 1683 1560 1702 unum
1579 1674 1688 1704 oculum

55 1708 193 1746 habentem
214 1710 243 1737 in
260 1710 342 1737 vitam
362 1710 473 1741 intrare,
491 1717 580 1746 quani
592 1709 661 1746 duos
674 1709 771 1746 oculos
784 1709 926 1746 habentem
942 1710 1010 1746 mitti
1031 1708 1058 1735 in
1073 1710 1224 1746 gehennam
1247 1709 1326 1744 ignis.
1347 1718 1357 1735 ι
1375 1709 1457 1737 Docet
1473 1718 1522 1738 nos
1539 1719 1585 1745 per
1610 1720 1689 1746 para-

53 1743 137 1780 bolam
161 1753 266 1778 sermo,
287 1745 416 1780 quoniam
434 1752 483 1771 nec
500 1743 636 1780 proximis
649 1745 762 1775 nostris.
780 1745 822 1771 vel
838 1745 1040 1780 adhaerentihus
1056 1744 1135 1771 nobis
1153 1743 1284 1780 tiebetiitis
1299 1752 1412 1778 parcere
1426 1743 1687 1774 scandalizant‘ibus.

52 1777 183 1814 Superius
197 1788 260 1807 cum
276 1777 390 1808 dixisset
407 1789 413 1806 :
430 1789 439 1805 ι
458 1777 586 1814 Antiquis
607 1779 709 1806 dictum
725 1783 777 1810 est,
792 1787 846 1806 non
862 1779 1045 1812 adulterabis;
1065 1786 1116 1813 ego
1129 1784 1219 1806 autem
1231 1777 1307 1810 dico,
1319 1780 1342 1806 si
1356 1780 1418 1814 quis
1435 1780 1532 1808 viderit
1547 1783 1689 1809 mulierem

51 1813 84 1850 ad
98 1816 348 1850 concupiscendum
369 1822 441 1847 eam,
455 1814 512 1849 jam
532 1813 685 1842 moechatus
706 1819 819 1850 esteam
842 1814 869 1841 in
886 1814 970 1850 corde
985 1822 1053 1845 suo;
1074 1823 1083 1838 ι
1101 1818 1161 1848 post
1177 1814 1332 1850 haterverba
1350 1813 1441 1842 statim
1454 1816 1595 1849 subjunxit
1611 1826 1616 1844 :
1633 1827 1642 1842 ‹
1660 1818 1689 1844 Si

53 1848 143 1876 dexter
158 1848 258 1878 oculus
279 1855 352 1882 tuus,
372 1851 414 1877 vel
430 1848 528 1877 manus
543 1849 767 1877 scandalilaverit
777 1855 813 1881 te,
832 1859 842 1875 ι
863 1849 1011 1877 ostendens
1026 1850 1155 1882 quoniam
1171 1848 1205 1876 de
1221 1849 1274 1875 illis
1295 1849 1425 1876 membris
1440 1848 1690 1879 scanilalizantibus

53 1883 212 1919 loquebatur
233 1893 294 1919 quae
310 1890 374 1912 sunt
393 1885 463 1912 intra
479 1892 540 1912 nos.
558 1884 703 1919 Propterea
717 1885 871 1912 voluntates
885 1885 983 1915 anima:
996 1883 1174 1918 exposuimus
1191 1884 1228 1910 ibi
1241 1891 1301 1911 esse
1323 1884 1535 1912 scandalizantia
1553 1887 1686 1914 membra.

54 1916 100 1946 Hie
120 1923 212 1947 autent
229 1916 292 1947 cum
306 1921 423 1948 dixisset
439 1929 445 1946 :
463 1929 473 1945 ι
491 1919 537 1946 Vae
552 1916 656 1947 muiido
672 1927 688 1947 a
702 1920 857 1953 scandalis;
874 1927 987 1947 necesse
1004 1916 1046 1947 est
1063 1919 1136 1946 enim
1146 1918 1240 1946 venire
1253 1919 1380 1946 scandala
1397 1928 1404 1947 :
1421 1921 1469 1948 sed
1487 1928 1528 1948 vae
1541 1929 1590 1956 per
1606 1929 1689 1956 quem

675 1990 694 2005 “
712 1989 723 2017 Ι
738 1990 802 2018 Cor.
817 1998 865 2024 xn,
882 1990 926 2017 2L

88 1988 115 2016 ’l
131 1990 196 2018 Cor.
211 1999 262 2023 xu,
278 1991 322 2017 2i.
363 1992 384 2008 "
403 1991 496 2019 Matth.
512 1999 591 2023 xvm,
605 1989 632 2018 8.

633 2079 640 2090 ,
662 2059 711 2086 καὶ
732 2058 767 2086 ἐκ
787 2067 840 2085 κα-
854 2060 875 2089 C
892 2058 1019 2086 sitionem
1047 2057 1138 2090 banc,
1159 2066 1168 2083 ι
1185 2056 1322 2092 Quidquid
1348 2057 1378 2085 tit
1401 2065 1416 2085 ιι
1440 2058 1530 2091 nobis.
1546 2059 1603 2088 sive
1621 2061 1686 2090 boni

894 2094 952 2120 sive
968 2093 1138 2128 mali,rmera
1158 2093 1322 2120 necessitate
1336 2094 1376 2126 tit,
1395 2102 1404 2118 ›
1423 2095 1573 2128 approbare
1596 2098 1687 2125 studet

893 2127 1029 2155 Tlieodor.
1048 2127 1117 2154 Beza
1140 2128 1166 2154 in
1189 2127 1236 2154 lib.
1259 2129 1359 2159 Quaest.
1378 2127 1477 2155 Christ.
1498 2134 1525 2156 ct
1546 2130 1572 2156 in
1586 2132 1684 2160 Adnot.

83 2060 137 2094 (56)
155 2060 206 2094 Μὴ
228 2060 359 2096 νομίσῃς
379 2060 412 2087 δὲ
431 2061 522 2096 φύσει
540 2060 623 2096 τινὰς

52 2093 206 2136 τας-κενῆς
228 2093 271 2123 di
289 2093 458 2136 ¹σξὶάνδαιλᾷίι⁷
479 2093 556 2136 εἶναι
580 2094 771 2136 ρνθρῴκουςμ
793 2093 841 2127 ζη-

50 2131 166 2158 τοῦντα.
185 2130 271 2158 Vetus
288 2132 398 2166 interp.:
414 2141 423 2156 ι
436 2130 473 2157 Ne
487 2135 565 2165 putes
580 2130 606 2156 in
624 2134 721 2166 natura
737 2129 839 2163 aliqua,

51 2166 90 2192 vel
102 2167 128 2193 in
145 2166 303 2194 substantia
324 2164 385 2193 esse
402 2164 531 2193 scandala
549 2173 610 2199 qua:
626 2164 751 2191 homines
766 2171 841 2198 quae-

51 2206 111 2241 ritnt
125 2209 173 2236 per
186 2208 260 2236 quos
273 2205 430 2261 operentur.
445 2210 454 2226 ι
470 2199 598 2241 Legebat,
612 2199 684 2239 τινὰ)
697 2199 771 2239 quod
784 2206 843 2233 per-

51 2240 114 2261 tinet
133 2237 166 2261 ad
187 2236 291 2261 σκάνδα
309 2244 326 2261 α
337 2256 344 2261 .
358 2240 385 2261 ct
399 2243 461 2261 vera
479 2236 561 2261 lectio
574 2239 625 2261 est.
653 2234 700 2261 Sin
722 2234 789 2261 iCEIS
801 2242 841 2260 τι-

50 2236 114 2263 tinet
126 2234 166 2263 'ad
187 2234 326 2262 σκάνδαλα
337 2256 344 2269 ,
358 2240 385 2263 et
399 2243 461 2263 vera
479 2234 561 2263 lectio
574 2239 625 2262 est.
653 2234 700 2261 Sin
722 2234 789 2268 legis
801 2242 841 2260 τι-

49 2270 105 2302 νάς,
124 2272 197 2306 quod
222 2271 316 2298 minus
337 2271 404 2298 mihi
428 2271 570 2306 probatur,
586 2269 838 2306 Valentinianorum

49 2305 149 2341 utique,
169 2306 344 2340 aliorumque
363 2306 483 2340 ejusdem
498 2311 579 2333 secta;
594 2305 736 2341 hominum
757 2305 841 2341 luere?

50 2339 103 2368 sini
115 2341 250 2376 Origenes
274 2339 412 2376 tetigerit,
438 2341 484 2375 qui
511 2340 619 2375 χοῖκούς
647 2339 788 2371 homines,
806 2339 838 2365 ad

49 2376 158 2403 exitium
167 2375 299 2403 conditos
318 2375 335 2403 ά
356 2375 411 2403 Deo
431 2381 458 2402 et
476 2375 626 2403 destinatos
646 2381 708 2401 esse
729 2381 841 2407 persna-

50 2419 106 2440 sum
125 2412 275 2439 habebant.
295 2412 328 2438 At
342 2411 403 2438 vide
418 2418 478 2445 quae
498 2411 524 2436 in
549 2411 621 2437 hunc
632 2416 726 2445 queui
740 2412 840 2436 tracta-

50 2454 107 2473 mus
118 2446 240 2473 Matthaai
255 2445 343 2472 locum
359 2443 496 2480 eleganter
509 2453 575 2472 sane
587 2449 614 2471 et
628 2443 743 2471 facunde
760 2451 839 2480 pero-

48 2482 116 2508 ravit
130 2480 441 2516 ChrysostmnusLVide
465 2481 527 2507 item
550 2480 656 2516 Brevem
685 2479 837 2505 enarratio-

50 2523 113 2553 nent,
127 2515 307 2553 Eutliyinium
318 2520 345 2543 et
354 2515 654 2553 Tlieopliylactuin_,_scd
669 2518 732 2540 ante
744 2521 839 2553 omnes

50 2549 221 2578 Ambrosium
237 2553 264 2577 in
282 2550 345 2578 Luc.
363 2558 406 2584 ix,
423 2549 474 2577 lib.
486 2559 512 2577 vi
529 2558 536 2577 :
553 2559 561 2576 ι
585 2549 643 2576 Non
659 2553 736 2584 potes
750 2549 840 2575 dicere

47 2592 108 2619 quia
119 2593 214 2614 escam
230 2593 283 2612 non
302 2586 384 2617 dedit,
401 2586 447 2620 qui
466 2586 513 2612 dat
535 2585 672 2612 omnibus.
689 2583 748 2610 Non
762 2588 839 2618 potes

47 2621 134 2648 dicere
151 2623 217 2655 quia
233 2621 321 2648 noluit
337 2625 362 2648 te
382 2622 483 2648 bonum
500 2620 606 2652 facere,
621 2623 684 2646 ante
696 2626 776 2655 quem
792 2626 839 2652 po-

47 2657 99 2682 suit
116 2653 222 2683 bonum
238 2660 266 2682 et
277 2656 388 2687 malum,
401 2660 430 2682 ut
446 2663 499 2683 non
513 2663 544 2683 ex
560 2655 723 2682 necessitate
736 2653 837 2680 bonum

47 2695 120 2729 tuum
134 2696 220 2724 esset,
246 2692 293 2729 sed
316 2691 509 2729 voluntarium.
527 2690 641 2729 Multum
662 2689 734 2729 enim
756 2688 838 2729 refert

47 2726 114 2753 inter
128 2734 193 2754 eum
207 2725 257 2761 qui
271 2734 303 2753 ex
315 2727 476 2753 necessitate
488 2726 588 2752 invitus
606 2724 708 2759 aliquid
723 2724 794 2761 agit,
806 2728 837 2761 et

47 2747 114 2789 iiiié'r
128 2747 193 2790 ἒιῖἓίἰ
207 2747 261 2796 ὶΞῖιὲ
272 2747 476 2789 ἓῖεῒόἴιῖἶιὶξιὲ
484 2747 837 2796 ἱίὶιόιῖῦοᾘίιῗιῖξὲβῖϊιιξςίῐζ
855 2747 875 2775 D

47 2795 158 2824 Sicnim
181 2793 287 2824 invitus
310 2797 360 2824 hoc
383 2804 451 2831 ago,
469 2793 638 2831 dispensatio
651 2794 717 2821 mihi
731 2793 835 2820 credita

47 2836 84 2859 est
101 2839 108 2858 :
123 2833 147 2862 si
159 2832 270 2865 volens,
282 2829 433 2859 mercedem
445 2829 541 2859 habeo.
561 2840 571 2855 ι
585 2829 618 2857 Et
630 2833 720 2858 tamen
737 2836 833 2863 propo-

892 2162 956 2198 ητα).
981 2162 1009 2189 in
1031 2161 1136 2189 Novum
1164 2162 1372 2195 Testamentum,
1393 2172 1475 2198 quam
1493 2172 1507 2191 τι
1524 2165 1637 2192 Wielei‘o
1661 2171 1687 2192 ut

893 2197 1013 2224 Luthero
1027 2198 1169 2234 traditam,
1183 2203 1209 2224 ct
1224 2206 1238 2224 a
1248 2198 1375 2234 "CalvinAo
1393 2197 1569 2234 propagatum
1584 2201 1686 2229 hausit.

891 2233 926 2259 At.
942 2240 1002 2270 eain
1018 2232 1160 2270 damnavit
1175 2233 1323 2270 concilium
1348 2232 1538 2262 Tridentitium
1561 2243 1631 2264 sess.
1648 2245 1686 2270 νι,

891 2275 956 2304 ean.
968 2267 983 2294 6
999 2275 1031 2304 ενι
1050 2267 1078 2294 Si
1093 2268 1154 2302 quis
1169 2268 1267 2304 dixerit
1282 2276 1336 2304 non
1353 2276 1415 2296 esse
1434 2270 1461 2296 in
1484 2274 1619 2304 potestate
1634 2267 1686 2299 ho;

892 2303 974 2329 tniuis
997 2303 1056 2329 vias
1080 2310 1145 2330 suas
1174 2303 1262 2331 malas
1284 2303 1374 2331 facere
1395 2324 1401 2332 .
1415 2324 1422 2331 .
1438 2324 1445 2331 .
1460 2324 1468 2332 .
1483 2303 1491 2332 ζ
1505 2325 1512 2332 .
1539 2307 1685 2334 anathema

892 2338 939 2366 sit.
955 2348 964 2363 ι
983 2337 1116 2365 HUETIUS.

928 2373 985 2408 (57)
1000 2373 1090 2400 Codex
1109 2372 1219 2407 Regius,
1232 2372 1357 2408 ἀλλήλοις
1372 2374 1469 2402 εἰπεῖν.

927 2408 984 2446 (58)
998 2409 1032 2434 El
1045 2408 1138 2447 τις
1152 2409 1187 2434 ἐν
1198 2408 1243 2447 τῷ
1264 2408 1324 2447 ῥίλιρ
1343 2408 1456 2447 ᾳώλίατι
1466 2409 1531 2447 τῶν
1546 2419 1684 2447 qurum-

891 2443 962 2478 γῶν,
975 2443 1027 2470 etc.
1042 2443 1174 2478 Origenes
1198 2443 1293 2470 bomil.
1307 2444 1325 2470 2
1347 2444 1375 2470 in
1391 2444 1495 2472 Cautio.
1509 2454 1517 2472 :
1533 2455 1541 2470 ι
1560 2445 1611 2473 Per
1628 2443 1684 2474 haec

891 2486 957 2515 ergo
981 2479 1128 2515 cdoeemur
1153 2479 1292 2513 quomodo
1315 2486 1417 2514 sponsa
1441 2481 1542 2508 Christi
1565 2489 1625 2515 qua:
1641 2487 1683 2509 est

892 2512 1022 2551 Ecclesia,
1039 2514 1120 2551 etiam
1139 2512 1174 2541 sit
1189 2522 1289 2551 corpus
1301 2512 1360 2551 ejus
1381 2517 1557 2551 et_membra.
1573 2512 1601 2543 Si
1618 2525 1684 2551 ergo

891 2549 987 2576 audias
1002 2549 1096 2582 sponsi
1114 2550 1235 2575 membra
1253 2550 1403 2580 nominari,
1415 2549 1544 2578 Ecclesiae
1561 2549 1682 2580 membra

890 2583 944 2611 dici
957 2583 1086 2620 intellige.
1100 2584 1243 2620 inquibus
1257 2585 1329 2611 sicut
1344 2589 1409 2611 sunt
1422 2586 1505 2620 aliqui
1524 2587 1571 2620 qui
1586 2587 1683 2614 dicun-

891 2622 936 2645 tur
959 2619 1043 2650 oeuli,
1061 2626 1111 2653 pro
1129 2618 1313 2653 intelligentia:
1337 2620 1397 2647 sine
1414 2618 1497 2648 dubio
1512 2618 1545 2649 ac
1560 2623 1682 2650 scientia

892 2653 1009 2692 lumine;
1025 2658 1053 2681 et
1064 2654 1110 2680 alii
1121 2661 1213 2692 aures,
1227 2661 1277 2687 pro
1290 2654 1428 2692 audiendo
1435 2657 1520 2692 verbo
1533 2657 1682 2692 doctrinae;

890 2689 936 2715 alii
950 2696 1051 2726 manus
1064 2696 1114 2723 pro
1138 2689 1223 2726 bonis
1237 2689 1376 2726 operibus,
1392 2691 1583 2726 religiosisque
1600 2689 1680 2720 minii

892 2724 1000 2761 steriis;
1014 2724 1129 2761 ita__sunt
1140 2728 1167 2750 ct
1179 2723 1224 2750 alii
1242 2724 1288 2758 qui
1306 2731 1381 2761 gente
1395 2723 1649 2761 ejnsrappt-lientnr.
1669 2737 1681 2754 η

892 2759 1034 2797 Υἱιίιεᾼῇιριιι
1048 2758 1253 2797 ilie_I'_0n_\'_tnum,
1269 2764 1296 2797 et
1310 2758 1440 2787 Joannem
1454 2758 1681 2797 Clirysostomnin

890 2794 985 2822 boniil.
1004 2794 1036 2821 18
1048 2794 1074 2820 in
1088 2793 1253 2821 Matt/urunt.
1269 2793 1306 2821 In.
