1859 3051
67 115 128 144 1165

510 112 685 141 COMMENT.
707 112 740 140 ΙΝ
759 111 969 140 ΜΑΤΤΗᾹΞυΜ
991 111 1110 141 TOMUS
1130 111 1199 139 Xlll.

1619 114 1690 142 H66

64 173 213 202 πιστεύοντα
231 174 260 200 ὲν
279 174 313 210 τῇ
329 173 382 200 τῶν
397 173 523 209 μεγάλων
536 171 588 210 ἤδη
611 174 740 210 τετάχθαι
759 173 828 216 χώρᾳ

938 173 1029 203 oniam
1047 173 1152 208 parvuli
1168 181 1183 201 ιι
1197 172 1342 201 Serratore
1353 178 1449 201 nostro
1461 175 1617 204 monstrati.
1630 179 1691 204 tan-

64 219 192 256 εῑρηκέναι
208 219 276 256 πρὸς
293 220 323 247 τό
334 229 341 237 ·
361 230 370 246 ι
396 221 424 248 '0
435 220 550 255 ἄγγελός
562 220 617 256 (66)
629 229 679 256 μου
697 219 848 256 προπορεύ-

65 275 132 293 σεται
156 265 248 301 ὑμῶν,
270 276 279 292 ι
298 267 344 293 τό·
363 276 374 293 t
394 267 426 293 Ei
447 267 484 302 μὴ
504 267 585 298 αὐτὸς
605 267 764 303 συμπορεύῃ
791 267 849 302 μετ’

64 313 134 348 ἐμοῦ,
149 313 183 349 μή
203 322 236 348 με
250 313 391 349 ἀναγάγῃς
411 313 549 340 ὲντεῦθεν-
569 324 578 339 ι
602 314 681 349 εἴπερ
698 314 754 349 γὰρ
769 315 784 339 ὁ
806 322 851 348 μι-

65 360 122 395 κρὸς
139 359 186 395 μὲν
202 359 250 386 καὶ
265 359 432 396 κληρονόμος
445 359 473 397 ᾖ,
490 361 587 396 νήπιος
599 360 627 386 δὲ
641 360 679 392 ὡς
694 360 777 395 μηδὲν
791 360 850 386 δια-

64 405 147 440 φέρων
162 405 254 432 δούλου
268 426 275 438 ,
299 406 343 432 ὅτε
363 405 422 432 ἐστὶ
436 406 544 441 νήπιος,
563 406 609 432 καὶ
669 405 767 440 μικρός
792 405 851 431 ἐστι

67 461 75 476 ι
93 452 120 478 τὸ
134 452 179 487 τῆς
193 451 315 483 δουλείας
330 452 370 483 εἰς
385 451 467 486 φόϐον
482 451 538 487 ἔχει
555 450 680 486 πνεῦμα·
701 461 710 476 ι
724 451 738 477 ό
751 450 779 477 δὲ
799 459 850 486 μη-

63 497 148 533 δαμῶς
160 497 198 523 ἔτι
209 497 338 529 τοιοῦτος,
347 497 438 523 οὐκέτι
454 496 503 532 μὲν
513 496 544 523 τὸ
557 497 606 531 τῆς
613 496 746 528 δουλείας,
758 496 808 532 ἤδη
822 496 850 522 δὲ

63 543 90 570 τὸ
98 544 145 579 τῆς
153 543 298 575 υἱοθεσίας,
308 544 354 570 ὅτε
370 552 380 568 ι
393 544 410 578 ἡ
421 542 511 569 τελεία
527 542 620 579 ἀγάπη
636 542 689 576 ἔξω
704 542 794 577 βάλλει
806 543 851 569 τὸν

64 590 147 624 φόϐον,
167 600 175 615 ι
193 590 273 625 δῆλον
286 589 363 617 ἔσται
381 599 432 621 σοι,
450 590 493 617 ὅτι
504 590 575 617 κατὰ
589 589 678 617 ταῦτα
692 589 851 625 παρεμϐάλ-

64 636 114 662 λειν
128 635 234 670 λέγεται
248 637 262 662 ὁ
282 635 397 671 ἄγγελος
419 636 521 672 Κυρίου
541 636 634 671 κύκλῳ
647 636 701 663 τῶν
717 636 851 672 φοϐουμέ-

63 691 110 709 νων
119 682 209 714 cum,
225 682 272 709 καὶ
290 682 401 718 ῥύεσθαι
419 682 526 714 αὐτούς.
547 683 722 718 Ἑπιστήσεις
737 683 766 710 δὲ
779 682 851 709 κατὰ

63 728 142 755 ταῦτα
155 728 210 764 (67)
227 728 275 756 καὶ
287 730 311 755 εἰ
325 728 431 765 μικρῶν
446 729 495 764 μέν
505 730 575 756 εἰσιν
589 729 699 763 ἄγγελοι
713 728 850 764 πνεύματι

62 775 175 806 δουλείας
189 774 243 801 τῶν
255 775 296 807 είς
309 774 390 809 φόϐον
405 775 559 810 ἀγομένων,
581 775 642 801 ἐπεὶ
658 774 848 810 παρεμϐάλλει

63 821 169 855 ἄγγελος
184 820 288 856 Κυρίου
314 821 406 857 κύκλῳ
418 821 473 847 τῶν
496 821 671 856 φοϐουμένων
685 821 777 853 αὑτὸν,
803 822 850 848 καὶ

65 866 151 902 ῥύεται
172 866 286 898 αὐτούς’
307 867 432 902 μεγάλων
455 867 484 893 δὲ
498 868 512 893 ὁ
533 866 587 893 τῶν
607 867 731 901 ἀγγέλων
751 866 852 902 μείζων

63 911 166 947 Κύριος,
183 912 258 944 ὅστις
273 912 346 946 λέγοι
362 911 395 938 ἂν
409 912 473 948 περὶ
489 912 549 944 ἑνὸς
569 912 684 939 ἑκάστου
703 912 793 940 αὐτῶν
807 913 850 939 τόι

65 967 74 982 ι
92 957 155 985 Μετ’
172 957 255 984 αὑτοῦ
275 959 333 993 ειμι
352 958 381 984 ὲν
396 957 502 993 θλίψει,
520 967 529 984 t
545 958 593 985 καὶ
609 958 671 985 ὅσον
687 959 771 993 ἐσμὲν
791 960 853 985 ἁτε-

63 1003 123 1035 λεῖς,
140 1004 186 1030 καὶ
204 1003 327 1039 δεόμενοι
344 1003 390 1030 τοῦ
407 1003 568 1039 βοηθοῦντος
589 1004 655 1039 ἡμῖν
671 1004 739 1040 πρὸς
755 1004 785 1030 τὸ
803 1005 852 1040 ρυ-

65 1047 152 1084 σθῆναι
171 1048 225 1075 ἀπὸ
242 1047 345 1080 κακῶν,
368 1047 484 1082 ἀγγέλου
504 1047 621 1082 δεόμεθα
637 1049 700 1083 περὶ
718 1044 748 1074 οὗ
760 1048 852 1082 ἔλεγεν

63 1093 77 1119 ό
92 1093 185 1120 Ἰακὼϐ
198 1094 243 1120 τό·
264 1103 273 1120 ι
301 1095 329 1120 ’0
347 1093 461 1128 ἄγγελος
472 1095 485 1121 ό
504 1094 636 1130 ῥυόμενος
646 1103 679 1129 με
695 1095 726 1121 ὲκ
744 1095 852 1122 πάντων

64 1137 112 1164 τῶν
126 1138 235 1165 κακῶν·
257 1149 266 1164 ι
294 1138 483 1171 τελειωθέντες
506 1139 552 1171 δὲ,
572 1139 620 1166 καὶ
647 1139 795 1171 διελθόντες
822 1139 852 1166 τὸ

64 1184 112 1210 ὑπὸ
125 1184 251 1220 τιθηνοὺς
266 1182 346 1216 εἶναι,
360 1185 407 1211 καὶ
421 1185 537 1220 τροφοὺς
547 1185 715 1221 οἰκονόμους,
732 1186 778 1213 καὶ
792 1187 853 1212 ὲπι-

65 1230 184 1265 τρόπους,
201 1231 344 1267 χωροῠμεν
362 1231 413 1267 ἤδη
436 1231 482 1258 ὑπ’
500 1231 574 1267 αὒτῷ
597 1232 797 1268 οἰκονομεῖσθαι
813 1231 852 1268 τῷ

66 1276 163 1313 Κυρίῳ.

98 1413 161 1443 Εἶτα
180 1417 263 1444 πάλιν
285 1417 426 1453 ζητήσειεν
441 1417 473 1444 ἄν
487 1426 539 1450 τις,
563 1419 627 1445 πότε
641 1418 696 1447 τῶν
715 1417 853 1454 δεικνυμέ-

66 1471 114 1490 νων
134 1463 186 1490 ὑπὸ
200 1463 248 1490 τοῦ
271 1463 399 1499 Σωτῆρος
420 1464 526 1501 μικρῶν
547 1466 572 1492 oi
594 1465 736 1500 λεγόμενοι
763 1465 853 1492 αὐτῶν

67 1509 168 1543 ἄγγελοι
192 1510 381 1546 προΐστανται,
395 1510 509 1546 πότερον
523 1510 663 1546 δεξάμενοι
680 1511 728 1546 τὴν
749 1511 853 1538 οἰκονο-

66 1554 126 1589 μίαν
142 1555 207 1590 περὶ
223 1555 321 1587 αὐτοὺς
333 1555 451 1587 διοικεῖν,
468 1556 513 1590 ἀφ’
524 1553 554 1583 οὗ
569 1556 613 1583 διὰ
626 1556 740 1592 λουτροῦ
756 1556 853 1591 παλιγ-

65 1601 192 1634 γενεσίας,
247 1601 414 1638 ἐγενήθησαν
431 1611 441 1627 ι
460 1602 498 1634 ὡς
510 1603 690 1638 ἀρτιγέννητα
709 1603 807 1639 βρέφη,
822 1603 853 1629 τὸ

65 1646 167 1681 λογικὸν
187 1648 237 1675 καὶ
253 1647 345 1675 ἄδολον
359 1647 429 1682 γάλα
452 1648 623 1679 ἐπιποθοῦσι,
649 1658 658 1674 ι
684 1649 731 1675 καὶ
753 1649 852 1685 μηκέτι

900 227 983 253 quam
995 228 1010 247 a
1024 219 1178 248 nutricibus
1190 220 1345 248 nutritiisve
1355 224 1498 255 reguntur,
1511 221 1574 249 inde
1588 221 1689 249 factum

901 266 1030 294 existimo
1045 271 1075 293 ut
1090 266 1198 302 Moyses
1212 274 1242 294 se
1256 266 1310 301 jam
1327 267 1354 293 in
1367 267 1502 303 majorum
1519 267 1615 296 ordine
1629 276 1690 296 oon—

901 312 1026 339 stitulum
1041 313 1167 344 credens,
1183 313 1216 339 ad
1233 313 1258 340 id
1273 314 1294 329 ²¹
1308 322 1314 340 :
1336 322 1346 339 ι
1361 313 1481 348 Angelus
1498 322 1575 342 meus
1590 322 1692 350 prm

901 357 947 385 det
960 366 1020 390 vos,
1038 368 1047 383 ι
1069 358 1132 385 illud
1151 359 1269 386 dixerit:
1288 368 1297 384 ι
1315 358 1352 386 Si
1371 367 1425 386 non
1450 365 1477 388 tu
1503 361 1560 395 ipse
1582 369 1691 390 mecum

901 403 1096 438 proﬁciscaris.
1117 411 1151 431 ne
1173 404 1275 432 educas
1300 412 1343 431 me
1364 404 1398 432 de
1423 405 1484 433 loco
1504 406 1580 440 islo;
1599 417 1608 432 ι
1627 416 1690 435 nam

901 449 951 476 etsi
969 449 1098 482 parvulus
1112 449 1199 476 hmres
1215 457 1325 484 quoque
1336 454 1389 482 est,
1405 458 1475 485 puer
1485 458 1575 479 autem
1596 453 1664 481 nihil
1677 461 1692 481 ι

901 503 982 522 servo
996 495 1094 529 diii‘ert,
1112 496 1232 531 quandiu
1248 504 1316 531 puer
1340 501 1394 530 est,
1419 501 1445 524 el
1464 504 1601 532 quatenus
1623 508 1693 535 puer

901 547 952 575 est,
969 551 978 568 ι
994 542 1120 578 spiritum
1136 542 1216 570 habet
1226 543 1365 571 servitutis
1379 543 1411 570 ad
1426 544 1552 572 timorum
1565 547 1587 563 "
1602 556 1608 579 ;
1621 557 1630 572 ι
1644 547 1691 582 qui

901 593 991 616 autem
1005 589 1067 616 talis
1079 589 1135 624 jam
1151 589 1268 623 amplius
1287 597 1340 616 non
1355 594 1408 623 est,
1423 597 1477 617 non
1491 591 1610 626 amplius
1632 601 1692 620 ser-

901 635 996 662 vitutis
1011 635 1136 670 spiritum
1156 635 1247 668 habet,
1263 635 1309 662 sed
1323 635 1380 669 jam
1401 636 1566 671 adoptionis.
1582 639 1693 672 quando

903 682 1007 710 scilicet
1023 691 1032 707 ι
1047 681 1165 716 perfecta
1180 681 1300 708 cliaritas
1312 680 1387 708 foras
1403 682 1484 709 mittit
1496 683 1621 711 timorem
1634 684 1666 717 ",
1680 694 1690 711 ι

901 729 1078 763 perspicuum
1093 727 1141 754 tibi
1158 727 1210 754 erit
1221 727 1299 762 juxta
1313 727 1371 754 haec
1383 727 1435 755 dici
1447 729 1571 763 angelum
1585 729 1692 758 Domini

901 774 974 811 circa
991 774 1121 801 timentes
1144 782 1206 801 eum
1227 773 1427 807 castrametari,
1442 781 1545 810 eosque
1566 776 1692 805 liberare.

902 821 991 857 Super
1002 822 1045 849 his
1062 829 1127 849 vero
1140 821 1233 848 animo
1250 821 1400 856 perpendes
1415 829 1505 850 annon
1519 825 1692 857 parvulorum

869 862 889 888 Β
904 868 1026 902 quidem,
1043 867 1144 902 quibus
1159 875 1172 893 a
1188 866 1283 902 spiritu
1307 868 1445 895 servitutis
1462 868 1544 895 timor
1562 869 1694 904 injicitur,

904 913 960 940 sint
982 912 1084 946 angeli.
1104 913 1326 947 quandoquidem
1350 918 1561 941 castramelatur
1581 915 1694 950 angelus

905 958 1011 986 Domini
1026 959 1099 986 circa
1114 958 1242 986 timentes
1257 967 1332 991 eum,
1350 967 1452 994 eosque
1469 959 1565 988 liberat
1575 962 1618 994 ²⁶;
1634 969 1693 988 ma-

901 1005 992 1040 jorum
1008 1009 1110 1036 autem,
1125 1006 1183 1040 ipse
1196 1005 1284 1040 major
1302 1005 1406 1041 angelis
1430 1005 1572 1039 Dominus,
1589 1007 1634 1042 qui
1660 1008 1695 1035 de

905 1059 1071 1086 unoquoque
1086 1059 1180 1078 eorum
1196 1051 1270 1078 dicat
1281 1051 1324 1079 ’σε
1345 1060 1354 1076 ι
1371 1051 1438 1079 Cum
1455 1051 1515 1086 ipso
1532 1060 1592 1079 sum
1605 1053 1633 1080 in
1648 1053 1696 1081 tri-

904 1096 1042 1124 bulatione
1055 1106 1062 1129 ;
1081 1107 1089 1122 ι
1105 1097 1186 1132 607
1203 1101 1229 1123 et
1243 1097 1364 1131 quandiu
1382 1096 1532 1132 imperfecti
1547 1106 1654 1132 sumus,
1666 1105 1695 1127 et

904 1143 1028 1178 adjutorc
1041 1143 1121 1170 nobis
1137 1150 1208 1177 opus
1227 1147 1269 1170 est
1287 1147 1317 1168 ut
1340 1150 1354 1169 a
1372 1143 1451 1170 malis
1466 1143 1627 1178 liberemur,
1643 1154 1694 1174 2n-

903 1189 963 1224 gelo
979 1188 1150 1223 indigeamus
1162 1188 1195 1214 de
1207 1195 1262 1222 quo
1275 1187 1382 1214 diccbat
1395 1187 1479 1215 Jacob
1490 1189 1512 1204 ²⁶
1527 1199 1533 1215 :
1550 1198 1560 1215 ι
1574 1190 1694 1225 Angelus

903 1233 950 1268 qui
964 1233 1035 1260 eruit
1051 1240 1094 1259 me
1108 1232 1140 1259 de
1154 1232 1261 1260 cunctis
1274 1232 1373 1265 malis;
1390 1242 1399 1258 ι
1417 1237 1445 1260 at
1465 1238 1609 1269 postquam
1632 1243 1694 1271 per-

903 1278 967 1306 fecti.
992 1278 1141 1311 evasimus,
1163 1281 1191 1305 et
1215 1277 1348 1311 nutritiis,
1371 1279 1534 1310 nutricibus.
1553 1282 1694 1310 actoribus

903 1328 931 1352 et
947 1323 1085 1352 tutoribus
1103 1331 1153 1351 nos
1169 1322 1351 1350 subduximus
1365 1323 1398 1356 ",
1412 1323 1447 1350 ab
1461 1323 1522 1358 ipso
1540 1324 1596 1359 jam
1613 1325 1694 1354 Cbri-

903 1375 946 1397 sto
961 1369 1106 1405 gubernari
1123 1369 1271 1403 possimus.

938 1415 984 1443 27.
1005 1414 1126 1442 Rursum
1145 1413 1242 1441 deinde
1269 1413 1425 1448 quaesiverit
1443 1415 1544 1450 aliquis
1568 1417 1692 1451 quando.

903 1469 966 1489 nam
986 1461 1162 1495 parvulorutn
1180 1469 1195 1488 a
1211 1460 1357 1490 Servatore
1380 1467 1594 1490 monstratorum
1620 1471 1694 1491 cura

904 1507 1088 1542 praeﬁciantur
1104 1508 1149 1542 qui
1166 1508 1275 1535 illorum
1286 1509 1375 1544 angeli
1388 1509 1532 1542 dicuntur;
1548 1516 1583 1536 an
1598 1517 1692 1537 eorum

907 1554 1027 1588 regimen
1056 1554 1262 1588 capessiverint,
1280 1562 1313 1582 ex
1330 1563 1385 1590 quo
1400 1562 1448 1590 per
1463 1555 1599 1583 lavacrum
1616 1564 1694 1592 rege-

907 1600 1069 1632 nerationis,
1087 1599 1166 1635 cujus
1180 1607 1231 1635 ope
1249 1610 1258 1626 ι
1272 1601 1343 1629 sicut
1358 1602 1439 1629 modo
1454 1602 1535 1636 geniti
1551 1602 1668 1630 infantes
1681 1612 1691 1630 ι

906 1646 994 1673 cii‘ecti
1018 1651 1099 1679 sunt,
1122 1655 1132 1672 ι
1154 1647 1333 1680 rationabile,
1357 1648 1417 1675 sine
1432 1648 1494 1675 dolo
1509 1649 1551 1676 lac
1562 1650 1694 1684 concupi-

66 1693 237 1729 ὑποχείμενοι
261 1695 366 1730 πονηρᾷ
387 1703 440 1720 τινι
455 1694 584 1729 δυνάμει·
606 1696 622 1730 ῆ
645 1694 699 1721 ἀπὸ
720 1694 853 1728 γενέσεως

65 1739 132 1766 κατὰ
146 1741 196 1776 τὴν
212 1740 260 1767 τοῦ
283 1739 350 1767 Θεοῦ
368 1740 522 1776 πρόγνωσιν
545 1741 593 1767 καὶ
617 1740 663 1767 τὸν
686 1740 853 1776 προορισμὺν

665 1807 780 1837 VETUS
798 1807 1091 1835 INTERPRETATIO.

66 1867 224 1904 perfectum,
240 1868 266 1895 in
294 1876 451 1896 mensuram
476 1869 565 1897 aetatis
588 1869 767 1904 plenitudinis
792 1868 905 1896 Christi.
922 1877 931 1894 ι
949 1868 1101 1904 Occurrere
1127 1868 1199 1904 enim
1230 1868 1256 1894 in
1283 1867 1383 1904 virum,
1408 1872 1436 1894 et
1460 1867 1512 1895 hoc
1532 1868 1693 1902 perfectum,

66 1903 213 1930 secundum
229 1904 387 1931 inter-iorem
400 1905 539 1932 hominem
556 1903 749 1939 intelligendus
762 1909 804 1931 est
822 1904 876 1936 ille,
893 1904 939 1938 qui
956 1903 1156 1930 transcenderit
1178 1911 1239 1937 qua:
1253 1903 1356 1938 parvuli
1371 1906 1487 1939 sunt,_et
1499 1910 1636 1939 evacuans
1661 1913 1693 1932 ea

66 1939 216 1974 pervenerit
231 1940 259 1966 in
273 1939 361 1966 virum
377 1939 539 1974 perfectum.
556 1939 614 1967 Hoc
629 1937 710 1967 modo
726 1937 908 1974 intelligenda,
917 1943 959 1966 est
974 1946 1035 1965 esse
1048 1946 1176 1965 mensura
1192 1938 1324 1974 spiritalis
1337 1938 1425 1965 aetatis
1447 1937 1475 1974 in
1500 1938 1615 1973 singulis
1627 1940 1694 1974 rani-

67 1973 169 2009 quibus.
195 1982 244 2008 per
271 1982 354 2008 quam
378 1973 487 2009 proﬁcit
513 1975 603 2001 anima
628 1973 855 2009 unaquaequefet
877 1982 909 2001 ex
936 1982 970 2001 eo
994 1974 1067 2008 quod
1097 1973 1253 2008 niagniiicat
1265 1973 1577 2009 Deum,_magnilicatur
1593 1973 1691 2009 abeo.

67 2007 220 2036 Secundum
238 2007 309 2045 hanc
325 2007 540 2045 magnitudinem
556 2009 687 2045 spiritalis
704 2007 801 2042 aetatis,
818 2017 845 2036 et
861 2007 1025 2044 spiritalium
1044 2007 1290 2045 incrementorum,
1302 2013 1330 2035 et
1351 2007 1457 2043 Moyses
1479 2008 1587 2045 dicitur
1608 2008 1695 2037 fuisse

67 2050 179 2078 magnus
192 2049 220 2071 et
235 2043 364 2076 Joannes,
373 2042 407 2071 vet
419 2047 477 2080 ipse
493 2042 624 2072 Dominus
638 2044 728 2078 Iesus,
742 2045 776 2072 de
790 2053 845 2080 quo
859 2042 969 2072 Gabriel
984 2049 1149 2080 protestatur
1162 2053 1168 2070 ε
1187 2053 1195 2069 ι
1211 2043 1244 2070 Ει
1253 2044 1305 2070 erit
1322 2042 1448 2080 magnus.
1466 2052 1475 2069 ι
1494 2042 1588 2080 Pusilli
1602 2047 1693 2071 autem

67 2080 188 2118 suntqui
203 2087 290 2114 nuper
305 2081 331 2107 in
345 2078 455 2118 Qhristo
469 2085 542 2118 sunt
551 2081 618 2118 nati,
636 2084 684 2107 aut
699 2081 767 2118 tales
783 2078 942 2118 permanent
957 2081 1016 2118 sine
1034 2079 1166 2118 profectu,
1183 2079 1262 2114 quasi
1281 2086 1367 2118 nuper
1390 2078 1583 2118 natinqu‘ibus
1611 2080 1691 2106 ratio-

68 2113 154 2140 nabile
169 2114 214 2142 lac
229 2113 414 2142 necessarium
430 2121 481 2146 est,
498 2115 544 2150 qui
560 2116 650 2142 adhuc
662 2113 789 2142 carnales
802 2121 885 2142 sunt:
902 2117 972 2142 sicut
988 2115 1026 2141 ait
1043 2113 1201 2149 Apostolus,
1215 2118 1242 2141 et
1257 2114 1360 2148 parvuli
1377 2118 1449 2150 sunt
1463 2113 1490 2140 in
1506 2113 1627 2147 Christo,
1644 2121 1694 2142 nec

66 2155 159 2186 capere
173 2154 289 2184 possunt
306 2158 397 2177 escam
417 2149 528 2178 virilem.
546 2150 640 2178 Pusilli
654 2151 726 2177 enim
742 2151 868 2186 quamvis
890 2151 946 2177 siut
973 2150 1105 2186 haeredes,
1120 2154 1211 2186 tamen
1237 2150 1300 2186 quia
1312 2149 1414 2186 pusilli
1438 2152 1508 2186 su_nt_
1524 2149 1602 2183 quasi
1628 2150 1695 2176 nihil

66 2183 221 2220 diﬂ'eretites
245 2192 260 2211 a
287 2186 374 2212 servis
403 2186 524 2219 quandiu
548 2186 639 2220 pusilli
666 2183 760 2218 sunt,"
779 2195 787 2210 ι
804 2185 1082 2212 sei-vitutistliabsnti
1094 2185 1219 2219 spiritum
1247 2185 1274 2211 in
1300 2184 1405 2220 timore.
1425 2193 1434 2208 ι
1458 2183 1509 2216 Qui
1534 2189 1624 2220 autem
1648 2192 1696 2219 per

67 2218 239 2255 dilectionem
258 2219 304 2247 Dei
323 2218 482 2255 perfectam,
497 2218 603 2248 miserit
619 2230 629 2246 ι
646 2221 720 2248 foras
736 2222 872 2254 timorem,
888 2231 896 2245 ι
911 2221 968 2255 jam
981 2227 1036 2246 non
1055 2218 1137 2247 habet
1152 2230 1161 2246 ι
1177 2220 1317 2250 servitutis
1332 2219 1457 2254 spiritum
1473 2227 1499 2245 in
1522 2219 1629 2251 timore,
1646 2218 1694 2247 sed

68 2254 190 2288 spiritum
207 2254 363 2289 adoptionis
380 2256 497 2283 ﬁliorum
514 2265 524 2281 ι
543 2256 569 2282 in
586 2256 729 2283 dilectione
746 2255 804 2283 Dei.

100 2289 146 2317 27.
172 2291 242 2316 item
261 2290 384 2325 requires
401 2292 563 2325 pusillorum
587 2291 700 2318 istorum
725 2291 814 2326 angeli
828 2290 875 2325 qui
891 2295 1012 2325 praesunt
1029 2291 1069 2318 eis
1082 2290 1192 2326 quando
1208 2289 1342 2324 incipiunt
1359 2296 1452 2326 curam
1472 2296 1568 2326 eorum
1585 2289 1695 2326 habere,

68 2328 156 2351 utrum
172 2332 206 2361 ex
221 2333 276 2359 quo
291 2323 338 2359 per
354 2323 491 2353 lavacrum
509 2326 722 2360 regenerationis
741 2323 824 2361 geniti
838 2323 903 2352 sunt
923 2327 949 2352 in
964 2323 1182 2360 Christofquasi
1199 2323 1567 2361 tunc,nascentesinfantes,
1582 2328 1608 2350 et
1625 2325 1696 2351 ultra

69 2366 119 2396 non
144 2360 262 2396 subjecti
287 2361 394 2387 cuidam
417 2359 580 2388 adversariae
606 2361 731 2396 potestati
743 2359 758 2388 ﬁ:
781 2369 815 2388 an
836 2368 870 2388 ex
897 2366 1018 2395 tempore
1041 2359 1189 2388 nativitatis
1210 2367 1305 2396 eorum
1330 2359 1449 2396 carnalis
1462 2359 1613 2396 secundum
1627 2366 1691 2396 pran-

66 2393 282 2433 scientianiDei,
298 2400 324 2422 et
339 2396 593 2433 prinordinationem
606 2393 718 2431 "ipsius,
744 2403 839 2433 (quos
853 2393 987 2433 praescii—[it
1011 2401 1037 2423 et
1060 2395 1261 2433 praedestinavit
1280 2399 1310 2421 ut
1336 2394 1391 2421 sint
1404 2393 1559 2433 conformcs
1576 2395 1669 2427 gloriae
1686 2403 1694 2433 ι

67 2428 177 2468 Christi.
195 2429 278 2468 _Vidrs
293 2428 482 2468 quoniamﬂui
499 2437 576 2458 caute
590 2428 917 2468 utruinquerdiscusserit,
935 2432 1007 2468 illius
1020 2428 1218 2468 est‘aﬂirmare.
1236 2434 1326 2468 utrum_
1341 2436 1436 2456 eorum
1451 2429 1486 2455 sit
1498 2436 1602 2468 verum,
1620 2433 1650 2468 ει¹
1663 2429 1696 2456 ad

67 2465 255 2492 testimonium
279 2463 399 2499 proferre
418 2463 587 2500 scripturam
610 2467 657 2493 uni
676 2463 709 2493 ex
729 2467 836 2493 duobus
859 2467 1086 2494 consentientem.
1108 2466 1136 2492 lu
1156 2470 1271 2500 utraque
1285 2465 1357 2491 enim
1378 2468 1454 2498 parte
1470 2463 1696 2500 multusquidem

68 2506 157 2527 sermo
171 2500 231 2538 ﬁeri
249 2498 347 2535 potest.
365 2506 455 2538 tamen
472 2498 507 2528 ex
522 2502 607 2538 multo
621 2509 717 2538 parum
733 2502 835 2536 aliquid
854 2501 1041 2538 proferamus.
1061 2501 1112 2534 Qui
1126 2501 1198 2538 enim
1217 2498 1321 2532 volunt,
1336 2506 1400 2538 mox
1417 2498 1503 2538 ut__qui
1521 2499 1601 2538 fuerit
1617 2503 1697 2537 natus

68 2541 161 2561 eorum
177 2535 227 2570 qui
247 2532 405 2571 praecogniti
431 2540 495 2563 sunt
517 2544 532 2563 a
547 2532 757 2571 Dem-accipere
779 2532 906 2572 anguium
929 2532 1104 2571 praepositum
1126 2536 1196 2567 sibi,
1213 2539 1325 2562 utentur
1338 2533 1460 2569 Apostoli
1478 2541 1544 2560 voce
1564 2532 1696 2561 dicentis:

103 2598 124 2613 “
145 2597 234 2624 Exod.
251 2605 336 2629 xxx".
349 2597 394 2629 34,
407 2601 434 2625 et
450 2605 547 2629 xxxiii,
565 2598 609 2629 Μ,
626 2597 669 2625 15.
707 2598 729 2613 ¹¹
751 2597 830 2625 Rom.
845 2606 904 2630 vin,
917 2597 960 2626 i5.
998 2597 1021 2613 "
1040 2596 1142 2624 IJoan.
1157 2605 1192 2630 iv,
1208 2596 1252 2624 18.
1290 2595 1314 2612 ’⁸
1326 2595 1397 2623 Psal.
1414 2602 1511 2628 xxxm,
1525 2593 1552 2621 8.
1589 2593 1612 2610 ⁸⁵
1624 2593 1697 2623 Psal.

66 2640 110 2680 .xc,
123 2634 166 2660 15.
207 2633 230 2649 ³⁸
249 2633 316 2660 Gen.
332 2641 427 2666 XLVIII,
443 2632 486 2661 i6.
525 2633 546 2650 "‘
566 2632 626 2660 Gal.
645 2640 681 2665 iv,
698 2632 725 2659 2.
763 2633 787 2649 ’³
806 2633 814 2659 l

943 2633 994 2666 ,2.

906 1696 987 1719 scunt
999 1692 1033 1725 ³⁸,
1050 1702 1059 1718 ι
1074 1700 1124 1720 nec
1134 1693 1253 1727 amplius
1268 1694 1347 1720 malae
1361 1694 1442 1721 alicui
1459 1695 1585 1729 potestati
1599 1695 1693 1731 subia-

906 1742 986 1771 cent;
1005 1738 1102 1773 anjam
1118 1738 1182 1766 inde
1193 1738 1228 1766 ab
1242 1744 1315 1772 ortu,
1329 1739 1462 1767 ordinatis
1476 1740 1616 1775 illisjuxta
1629 1749 1696 1776 prat-

106 2692 162 2727 t66)
183 2692 342 2726 Εἰρηκένιιι
365 2691 440 2725 πρὸς
459 2691 508 2717 τό·
533 2691 712 2728 Ὀ-ᾶγγελος,
727 2697 780 2728 etc.
800 2691 828 2717 Ni

949 2690 1006 2727 (67)
1028 2689 1224 2728 Iuturnam;
1234 2689 1268 2728 se
1283 2688 1358 2716 κατὰ
1369 2688 1541 2728 ταῦτα-εις.
1563 2686 1698 2728 Uniuscu-

71 2723 178 2754 ad'hzec
201 2723 281 2754 verba
309 2735 369 2761 quae
385 2723 527 2754 habentur
551 2723 637 2753 Exod.
666 2723 754 2758 xxx”,
770 2727 814 2757 54,
833 2727 860 2753 id
912 2723 1010 2761 jusque
1028 2726 1146 2753 hominis
1159 2725 1292 2761 custodiae
1309 2725 1433 2761 angelum
1453 2723 1534 2761 t_r_i_l_)u_i
1559 2731 1592 2761 ex
1615 2726 1699 2752 sacris

71 2763 206 2804 ιἐςψοιιεί⁵
219 2763 292 2789 dedit
308 2757 424 2804 Nloyses,
441 2762 488 2803 sed
512 2762 544 2789 ad
569 2762 618 2804 illa
633 2771 639 2788 :
653 2761 738 2804 ιξὺτὸς
758 2770 860 2804 utpar-to-
912 2757 1012 2788 litteris
1024 2761 1143 2804 universi
1159 2759 1252 2804 ηοω-εδ
1267 2757 1446 2799 tradiderunt.
1462 2757 1645 2804 Nihilominus
1659 2765 1699 2804 ta—

74 2794 208 2832 ρεῦσομαί
224 2805 282 2829 σου,
300 2794 532 2824 καῖκαταπαύσω
543 2805 582 2822 σε·
599 2795 685 2823 Exod.
706 2794 802 2830 xxxiii,
816 2798 826 2823 1

938 2804 975 2823 ιειι
991 2795 1152 2832 sententiam
1171 2796 1241 2832 hanc
1254 2801 1303 2832 pro
1325 2795 1420 2832 insana
1438 2794 1582 2832 traducere
1595 2794 1703 2826 Magdc—

73 2828 205 2860 llum-ius.
274 2828 279 2829 ⁷
796 2828 800 2830 ’
916 2831 1097 2865 burgensibus
1105 2829 1343 2857 Centuriatoribus
1353 2829 1426 2856 nulla
1439 2828 1533 2864 rciigio
1547 2828 1607 2861 luit,
1615 2837 1700 2859 neque
