1859 3051
85 170 160 198 “69

556 169 734 197 COMMENT,
757 169 790 196 IN
809 168 1022 197 lliAT'l‘ll/EL’M
1042 168 1163 197 TOML'S
1184 167 1252 195 XIII.

1657 170 1731 197 lno

84 231 162 257 νέσει
176 230 266 266 ψυχήν
287 239 359 262 τινα,
377 230 446 257 κατὰ
460 230 510 266 μὲν
525 229 574 261 τὰς
588 229 677 265 ἀρχὰς
697 229 798 264 φαῦλον
815 239 818 254 ι

993 228 1028 256 im
1046 229 1080 255 ab
1092 233 1153 255 ortu
1168 227 1313 255 commissa
1329 231 1380 257 est.
1393 228 1482 255 malus
1496 228 1574 254 initio
1588 235 1649 256 esse
1665 236 1726 262 pos-

82 277 231 310 δὺνασθαι,
254 276 369 312 ὕστερον
384 277 413 303 δέ
436 285 500 303 ποτε
523 276 653 310 ἀνάλογον
674 275 713 311 τῷ
732 276 885 302 πιστεύοντι

83 322 239 354 πιστεύειν,
251 323 297 349 καὶ
312 322 358 348 ἐπὶ
375 321 501 348 τοσοῦτον
517 320 694 356 προκόπτειν,
709 321 747 352 ὡς
759 319 886 354 γενέσθαι

84 369 170 395 αὑτὸν
183 368 297 402 ἄγγελον
312 368 359 394 ἕνα
372 367 426 393 τῶν
436 367 480 394 διὰ
490 366 590 398 παντὸς
602 366 753 400 βλεπόντων
763 366 793 391 τὸ
807 366 885 400 πρόσ-

83 423 162 441 ωτον
178 414 226 441 τοῦ
243 415 272 441 ὲν
288 414 414 450 οὐρανοῖς
430 414 553 450 Πατρός·
576 413 729 449 ἀρξάμενος
745 412 798 438 ἀπὸ
809 411 885 438 τοῦδε

83 459 134 485 τοῦ
151 459 247 494 χρόνου
265 458 303 494 τῷ
324 458 525 493 προγνωσθέντι
547 457 617 485 κατὰ
632 457 706 484 τόνδε
721 457 768 483 τὸν
791 456 885 492 χρόνον

84 505 238 536 πιστεύειν,
253 506 300 531 καὶ
316 505 506 541 προορισθέντι.
520 504 710 538 συζεύγνυται,
727 503 780 529 τῶν
795 503 884 538 ἀρρή-

82 559 142 578 των
167 550 310 586 κριμάτων
330 549 377 576 τοῦ
401 550 480 582 Θεοῦ,
503 551 550 577 καὶ
576 549 805 585 ἀνεξερευνήτων,
837 548 885 575 καὶ

82 596 217 628 ἀῆὑσσοις
235 597 363 623 ἐοικότων
386 596 499 627 εἰκότως
520 596 612 622 πᾶσαν
634 595 683 630 τὴν
697 595 824 630 τοιαύτην
841 595 886 630 ἁρ-

85 642 185 676 μονίαν
208 642 435 676 συναγαγόντων,
458 641 591 675 ἀγγέλους
617 640 686 676 πρὸς
713 639 882 675 ἀνθρώπους.

85 687 208 714 Δυνατὸν
227 687 255 713 δὲ
270 687 317 714 καὶ
334 687 429 723 ὥσπερ
445 687 541 722 ἀνδρὸς
556 686 603 712 καὶ
619 686 748 720 γυναικὸς
764 685 884 721 ἀμφοτὲ-

85 739 144 766 ρων
165 731 297 761 ἀπίστων,
316 732 361 758 ὁτὲ
379 731 428 766 μὲν
446 732 460 756 ό
484 731 554 766 ἀνὴρ
579 731 711 766 πρότερον
737 730 885 761 πιστεύσας

83 776 126 811 τῷ
149 777 238 812 χρόνῳ
256 776 336 809 σώζει
353 777 402 813 τὴν
418 778 534 810 γυναῖκα
547 785 553 792 ·
572 777 616 803 me
632 777 659 803 δὲ
682 777 698 812 ἡ
716 777 785 812 γυνὴ
801 776 884 812 ἀρξα-

85 822 158 858 μένη
182 822 294 857 ὕστερόν
313 831 378 849 ποτε
399 823 486 850 πείθει
502 823 547 850 τὸν
565 823 659 859 ἄνδρα,
677 823 748 849 οὕτω
761 823 884 857 γίνεσθαι

84 868 135 894 καὶ
163 869 209 895 ἐπὶ
231 869 284 895 τῶν
310 870 433 904 ἀγγέλων
455 870 503 896 καὶ
525 869 578 896 τῶν
601 869 763 905 ἀνθρώπων,
784 870 815 895 El
835 870 884 904 μὲν

940 274 990 307 sit;
1012 274 1108 302 deinde
1125 281 1190 300 vero
1201 281 1254 308 qua
1270 274 1445 308 profertione
1471 273 1493 301 is
1512 273 1599 301 credit
1614 274 1725 309 quisibi

941 321 1058 348 traditus
1071 325 1123 353 est,
1146 320 1239 347 eadem
1258 323 1285 346 et
1306 320 1363 354 ipse
1379 321 1483 353 credat,
1499 325 1526 347 et
1540 324 1630 346 tantos
1645 319 1729 348 faciat

939 375 1112 403 progressus,
1134 371 1163 394 ut
1175 375 1246 394 unus
1260 375 1294 394 ex
1307 367 1412 402 angelis
1426 366 1521 393 faciem
1535 366 1624 394 Patris
1640 367 1686 400 qui
1699 367 1727 394 in

939 413 1015 440 cmlis
1028 418 1070 440 est
1083 420 1189 448 semper
1206 412 1393 447 spectantibus
1406 412 1537 440 efﬁciatur
1551 422 1557 439 :
1577 412 1655 439 initio
1667 413 1729 440 inde

940 456 1011 484 facto
1022 477 1029 489 ,
1057 457 1081 484 ei
1103 457 1278 492 conjungitur
1291 457 1355 491 qui,
1374 461 1403 484 ut
1417 457 1468 484 hoc
1490 462 1611 491 tempore
1624 457 1727 490 credat,

939 503 1070 538 praevisus
1095 508 1121 530 et
1144 504 1352 538 praedestinatus
1366 507 1425 535 est,
1451 503 1633 531 ineli‘ahilibus
1648 509 1729 538 atque

940 548 1172 582 inscrutabilibus,
1192 554 1218 576 et
1232 549 1394 585 abyssorum
1411 549 1546 576 similibus
1559 549 1604 576 Dei
1617 549 1729 583 judiciis

938 601 1046 620 omnem
1072 593 1144 620 hanc
1159 594 1371 624 connexionetn.
1393 593 1504 628 angelos
1529 600 1590 620 cum
1609 592 1728 619 homini-

939 639 989 665 bus
1017 639 1224 674 conjungendo,
1244 640 1340 666 merito
1366 639 1535 674 parantibus.
1565 637 1643 665 Fieri-
1664 638 1727 664 item

939 688 1029 718 potest
1050 689 1080 711 nt
1097 684 1328 719 quemadmodum
1346 693 1408 711 cum
1426 684 1467 711 vir
1492 688 1518 710 et
1533 684 1631 710 mulier
1645 691 1660 709 a
1678 683 1728 710 fide

938 730 1019 757 alieni
1038 735 1118 762 sunt,
1146 730 1187 756 vir
1212 730 1259 765 qui
1283 730 1358 765 prior
1381 730 1514 761 credidit.
1541 736 1653 756 uxorem
1678 729 1728 755 ali-

937 776 1048 811 quando
1075 781 1182 810 servat;
1209 777 1356 812 aliquando
1377 781 1467 803 autem
1495 776 1600 802 initium
1624 774 1727 803 faciens

938 831 1008 850 uxor
1021 824 1109 850 virum
1130 823 1237 850 tandem
1256 823 1381 850 oratione
1404 831 1451 850 sua
1473 822 1571 854 flectit,
1590 822 1660 849 idem
1677 830 1726 849 an-

938 869 1005 904 gelis
1019 869 1230 904 hominibusque
1248 869 1398 904 contingat.
1420 869 1460 895 An
1475 873 1565 895 autem
1582 868 1652 895 idem
1666 867 1727 895 aliis

81 912 133 940 οὖν
149 915 191 941 ἐπ’
215 915 302 941 ἄλλων
323 915 378 951 (72)
396 916 501 950 γίνεται
526 916 648 950 ἀγγέλων
669 915 699 942 τδ
719 915 815 942 τοιοῦτ‹

992 914 1041 941 clis
1062 913 1189 946 eveniat,
1205 921 1290 941 necne
1303 933 1310 946 ,
1325 918 1352 940 tu
1372 914 1429 948 ipse
1444 913 1590 947 disquires.
1620 912 1655 939 At
1667 912 1726 939 vide

84 960 139 996 μὴ,
164 961 211 987 καὶ
236 961 317 993 αὐτὸς
342 961 497 993 ἐξετάσεις·
521 962 625 997 μήποτε
647 961 675 987 δὲ
696 961 746 996 οὐχ
769 959 884 996 ἁρμόζει

81 1007 154 1042 περὶ
170 1007 216 1034 τοῦ
238 1007 351 1034 ἑκάστου
370 1006 486 1041 ἀγγέλου
503 1006 533 1033 τὸ
549 1006 653 1033 τοιοῦτο
669 1006 769 1040 λέγειν,
792 1005 885 1032 τοσοῦ-

81 1061 133 1078 τον
150 1053 332 1088 τετιμημένου
347 1054 417 1080 κατὰ
429 1053 474 1080 τὸν
487 1053 534 1079 τοῦ
552 1052 678 1088 Σωτῆρος
693 1053 709 1087 ἡ
715 1052 774 1087 μῶν
793 1051 883 1085 λόγον,

81 1098 158 1124 ὥστε
176 1098 220 1124 διὰ
241 1098 343 1129 παντὸς
360 1097 440 1125 αὐτὸν
457 1097 566 1132 βλέπειν
584 1096 710 1131 λέγεσθαι
727 1096 758 1122 τὸ
777 1096 885 1131 πρόσω-

81 1153 138 1171 πον
160 1144 205 1170 τοῦ
228 1144 336 1180 Πατρός
356 1144 402 1171 τοῦ
425 1145 453 1170 ἐν
478 1144 611 1180 οὺρανοϊς.
634 1143 710 1169 Ἐπεὶ
732 1142 760 1168 δὲ
783 1143 810 1168 ὲν
827 1143 884 1174 τοῖς

79 1191 217 1226 ἀνωτέρω
233 1191 361 1226 ἐλέγομεν
380 1191 434 1218 τῶν
453 1191 501 1226 μὲν
520 1190 626 1226 μικρῶν
648 1187 717 1216 εἶναι
738 1188 882 1223 ἀγγέλους,

80 1235 271 1272 διεληλυθέναι
287 1236 315 1262 δὲ
336 1237 385 1271 τὴν
407 1235 535 1272 τοιαύτην
555 1235 631 1268 τάξιν
651 1235 713 1266 τοὺς
738 1235 881 1270 μεγάλους,

80 1282 197 1317 ἀντερεῖ
212 1290 254 1313 τις
270 1282 336 1316 ἡμῖν
357 1282 389 1308 ὲκ
410 1281 464 1307 τῶν
488 1280 618 1316 Πράξεων
636 1279 690 1306 τῶν
714 1279 881 1311 ἀποστόλων,

80 1327 153 1354 ἔνθα
169 1327 334 1362 γέγραπται,
355 1328 399 1354 ὅτι
417 1327 494 1361 Ῥόδη
511 1325 641 1361 παιδίσκη
657 1334 698 1356 τις
718 1325 764 1351 τοῦ
778 1325 882 1360 Πέτρου

86 1370 254 1405 κρούσαντος
282 1371 332 1406 τὴν
356 1370 441 1406 θύραν
467 1370 618 1406 προσῆλθεν
643 1370 807 1400 ὑπακοῦσαι,
836 1370 883 1395 καὶ

81 1417 236 1452 ἐπιγνοῦσα
245 1418 295 1453 τὴν
305 1418 396 1453 φωνὴν
408 1418 454 1444 τοῦ
469 1419 584 1454 Πέτρου.
597 1417 782 1453 εἰσδραμοῦσα
794 1418 883 1454 ἀπήγ-

80 1463 179 1497 γειλεν
195 1464 305 1490 ἑστάναι
330 1464 375 1490 τὸν
391 1465 494 1500 Πέτρον
516 1464 570 1499 πρὸ
586 1463 633 1490 τοῦ
655 1463 775 1495 πυλῶνος
789 1472 795 1478 ·
820 1463 884 1490 Θαυ-

85 1509 230 1545 μάσαντες
245 1509 272 1536 δὲ
288 1511 311 1536 οι
329 1511 357 1536 ὲν
378 1509 417 1545 τῷ
429 1510 496 1543 οἴκῳ
514 1509 747 1545 συνηθροισμένοι,
767 1509 815 1535 καὶ
830 1509 884 1535 ὠσ-

81 1556 167 1592 περεὶ
185 1555 314 1582 ἀδύνατον
327 1555 395 1583 εἶναι
409 1556 569 1591 νομίσαντες
586 1556 632 1582 τὸν
649 1555 752 1591 Πέτρον
774 1555 883 1590 ἀληθῶς

81 1601 232 1637 ἑστηκέναι
243 1601 310 1637 (75),
325 1602 426 1636 ἔλεγον,
439 1602 480 1628 ὅτι
493 1603 507 1629 ό
521 1601 634 1636 ἄγγελος
648 1601 730 1628 αὐτοῦ
742 1602 800 1628 ἐστι
811 1609 818 1616 ·
831 1602 882 1637 φή-

81 1655 129 1673 σει
145 1646 210 1682 γὰρ,
226 1647 267 1673 ὅτι
282 1647 355 1680 ἅπαξ
372 1647 502 1682 μαθόντες
523 1648 621 1673 ἐκεῖνοι
636 1646 753 1673 ἕκαστον
767 1645 823 1672 τῶν
843 1655 885 1672 πι-

83 1692 239 1719 στευόντων
252 1692 324 1727 ἔχειν
340 1693 453 1726 ἄγγελον
469 1692 544 1719 τόνδε
555 1693 625 1725 τινὰ,
641 1692 752 1728 ᾔδεισαν
763 1693 811 1719 καὶ
829 1692 884 1718 Πέ-

79 1747 154 1774 τρου
173 1739 234 1765 τινὰ
249 1736 319 1766 εἶναι
335 1738 450 1773 ἄγγελον
468 1738 534 1774 (74).
550 1739 578 1765 '0
588 1738 616 1765 δὲ
627 1738 828 1774 παριστάμενος
842 1737 883 1771 οἷς

78 1785 293 1819 προειρήκαμεν
299 1785 389 1819 φήσει,
399 1784 440 1810 ὅτι
450 1784 500 1811 οὐκ
508 1784 655 1818 ἀναγκαῖον
663 1783 731 1811 εἶναι
743 1785 831 1820 δόγμα
838 1783 883 1810 τὸν

75 1831 134 1865 τῆς
156 1828 250 1865 Ῥόδης
261 1830 344 1864 ’λόγον
357 1830 424 1865 (75),
437 1830 507 1865 τάχα
522 1830 550 1856 δὲ
563 1830 608 1857 καὶ
622 1830 672 1856 οὐκ
684 1830 880 1866 ὴκριϐωκότων

76 1876 152 1903 πότε
167 1877 216 1912 μὲν
229 1877 274 1902 ὑπ’
286 1876 409 1910 ἀγγέλων
419 1876 459 1911 τῷ
472 1876 527 1911 (76)
542 1876 579 1908 ὡς
596 1877 693 1912 μικρός
706 1885 758 1908 τις,
773 1877 820 1903 καὶ
836 1885 884 1911 φο-

77 1921 133 1948 εοὺ
139 1930 221 1957 μενος
234 1922 279 1948 τὸν
293 1921 358 1948 Θεὴν
371 1922 564 1957 οἰκονομεῖται,
583 1921 646 1947 πότε
660 1921 688 1947 δὲ
702 1921 753 1957 ήδη
770 1921 815 1948 ὑπ’
831 1921 882 1948 αὐ-

936 968 970 987 ne
985 961 1039 987 tale
1058 960 1122 995 quid
1146 960 1180 987 de
1202 966 1369 994 unoquoque
1389 959 1487 993 angelo
1510 958 1601 986 dicere
1615 957 1727 985 minime

935 1014 985 1041 par
1000 1006 1046 1036 sit.
1058 1006 1105 1041 qui
1120 1005 1199 1040 juxta
1215 1005 1370 1032 Servatoris
1383 1005 1470 1032 nostri
1482 1012 1636 1032 sermonem
1652 1008 1726 1031 tanto

935 1051 1051 1079 afﬁcitur
1076 1051 1191 1084 honore,
1210 1055 1240 1078 ut
1263 1051 1360 1078 faciem
1376 1050 1465 1078 Patris
1493 1051 1539 1086 qui
1555 1051 1581 1077 in
1597 1050 1674 1078 cmlis
1685 1055 1729 1078 est

935 1105 1042 1133 semper
1056 1097 1155 1124 intueri
1171 1097 1287 1125 dicatur.
1310 1097 1444 1130 Quoniam
1461 1104 1524 1124 vero
1539 1096 1650 1131 angelos
1665 1104 1727 1124 esse

935 1151 1017 1178 supra
1035 1143 1155 1171 diximus
1178 1143 1277 1178 quibus
1303 1143 1479 1178 parvulorum
1495 1149 1560 1170 cura
1577 1143 1724 1170 commissa

935 1191 986 1223 sit,
1011 1190 1130 1224 majores
1152 1197 1217 1217 vero
1238 1190 1372 1225 ejusmodi
1395 1190 1519 1217 ordinem
1536 1198 1597 1217 esse
1613 1194 1725 1224 prater-

935 1243 1056 1271 gressos,
1071 1235 1253 1270 refragabitur
1268 1235 1347 1262 nobis
1367 1235 1503 1270 quispiam
1520 1243 1553 1262 ex
1570 1235 1646 1262 Actis
1661 1242 1726 1270 apo-

935 1282 1068 1310 stolorum
1080 1303 1087 1312 .
1114 1283 1161 1310 ubi
1179 1284 1310 1318 scriptum
1333 1287 1375 1310 est
1388 1283 1512 1317 pulsante
1526 1281 1609 1309 Petro
1623 1282 1725 1309 ostium

934 1328 1102 1362 processisse
1125 1328 1239 1356 Rhoden
1266 1328 1393 1356 ancillam
1408 1329 1554 1364 quamdam
1575 1333 1603 1355 ut
1622 1328 1725 1356 subau—

934 1373 1078 1406 scultaret,
1103 1379 1130 1401 et.
1154 1380 1216 1402 cum
1239 1382 1333 1402 vocem
1357 1374 1431 1401 Petri
1453 1374 1625 1409 agnovisset,
1653 1374 1726 1401 intro

933 1423 1088 1447 currentem
1109 1419 1282 1447 renuntiasse
1296 1423 1370 1447 stare
1390 1419 1501 1446 Petrum
1523 1423 1586 1446 ante
1600 1419 1724 1446 vestibu-

934 1464 1006 1497 lum;
1029 1464 1141 1492 miratos
1158 1469 1250 1492 autem
1264 1473 1311 1493 eos
1323 1466 1370 1501 qui
1391 1465 1419 1492 in
1437 1466 1519 1493 domo
1537 1466 1644 1493 fuerant
1659 1473 1724 1493 con-

934 1510 1047 1545 gregali,
1064 1518 1115 1538 nec
1131 1510 1187 1538 fieri
1210 1518 1291 1546 posse
1307 1511 1448 1539 credentes
1466 1515 1496 1538 ut
1516 1511 1613 1539 Petrus
1630 1519 1724 1539 revera

935 1559 1035 1587 staret,
1069 1555 1156 1590 ipsius
1182 1564 1243 1584 esse
1267 1557 1393 1592 angelum
1418 1557 1625 1591 pronuntiasse;
1654 1557 1725 1585 dicet

933 1602 1006 1628 enim
1024 1602 1138 1630 scivisse
1161 1602 1223 1630 illos
1245 1603 1390 1638 quemdam
1415 1603 1488 1630 Petri
1510 1611 1571 1631 esse
1587 1604 1723 1639 angelum.

933 1654 997 1674 cum
1021 1655 1245 1683 unumquemque
1268 1649 1471 1677 ecredentibus
1488 1649 1606 1684 aliquem
1626 1650 1724 1677 habere

935 1693 1060 1729 angelum
1077 1694 1161 1721 semel
1173 1694 1343 1722 didicissent.
1364 1694 1416 1727 Qui
1430 1699 1520 1722 autem
1536 1695 1578 1723 his
1592 1695 1725 1723 assentie-

934 1743 988 1771 tur,
1003 1747 1064 1775 qua!
1076 1747 1158 1774 supra
1174 1740 1396 1776 diximus,609
1411 1741 1524 1769 minime
1538 1741 1722 1770 necessarium

936 1794 997 1814 esse
1011 1786 1083 1814 dicet
1096 1790 1126 1813 ut
1143 1794 1193 1821 pro
1207 1786 1333 1822 dogmate
1356 1788 1443 1823 oratio
1460 1787 1568 1816 Rhodes
1582 1789 1723 1823 habeatur,

937 1831 1052 1859 fortasse
1065 1839 1129 1859 vero
1143 1839 1232 1866 neque
1258 1840 1350 1860 eorum
1370 1833 1469 1868 quibus
1486 1834 1654 1868 exploratum
1669 1842 1722 1862 non

933 1884 992 1906 erat
1020 1877 1194 1912 quandonam
1223 1877 1258 1905 ab
1285 1879 1408 1914 angelis,
1439 1884 1568 1914 tanquam
1594 1880 1723 1915 parvulus

934 1923 1069 1959 quispiam
1099 1928 1127 1950 et
1155 1923 1240 1950 Deum
1274 1923 1374 1951 timens
1401 1924 1567 1960 gubernatur
1601 1924 1721 1960 aliquis;

693 2003 807 2031 VETUS
827 2002 1121 2031 INTERPRETATIO.

75 2067 168 2096 atque
190 2062 334 2098 rapacibus
355 2070 474 2097 pnecsse
496 2063 620 2097 angelum
646 2067 781 2095 sanetum,
803 2067 834 2090 ut
856 2063 1007 2090 maculetur
1030 2063 1056 2090 in
1082 2062 1239 2098 hujusmodi
1261 2062 1366 2090 actibus
1387 2062 1506 2090 hominis
1529 2062 1572 2089 cui
1586 2061 1666 2090 datus
1681 2067 1723 2090 est

75 2102 189 2125 custos.
214 2097 264 2124 Sed
291 2102 332 2124 est
354 2098 436 2124 homo
459 2098 568 2131 quidem
587 2098 612 2125 in
641 2103 761 2132 tempore
783 2098 949 2125 inﬁdelitatis
970 2106 1036 2129 suae,
1053 2102 1079 2125 et
1105 2103 1280 2132 peccatorum
1299 2105 1411 2125 suorum
1437 2105 1468 2124 ex
1491 2098 1649 2125 inlidelitate
1673 2105 1723 2125 na.-

75 2133 220 2159 scentium
247 2133 316 2168 subi
331 2133 434 2166 angelis
457 2132 573 2165 Satame,
600 2138 627 2160 et
649 2133 790 2167 spiritibus
812 2133 953 2168 malignis.
977 2138 1004 2160 et
1026 2133 1174 2160 immundis
1197 2133 1350 2160 daemoniis.
1375 2133 1443 2160 Cum
1461 2138 1552 2160 autem
1571 2133 1728 2167 susceperit

76 2168 177 2197 fidem,
203 2172 267 2194 tunc
288 2167 413 2194 Christus
434 2168 480 2201 qui
505 2173 546 2195 est
570 2169 745 2202 redemptor,
766 2168 813 2202 qui
838 2167 926 2202 pretio
951 2168 994 2195 sui
1016 2169 1159 2201 sanguinis
1182 2176 1244 2195 eum
1271 2168 1385 2195 redemit
1403 2176 1422 2194 ιι
1440 2168 1566 2202 malignis
1589 2168 1719 2201 dominis,

74 2202 239 2230 credentem
259 2203 284 2228 in
301 2202 383 2229 Deum
402 2203 483 2229 tradit
495 2211 556 2229 eum
574 2203 669 2237 angelo
684 2208 789 2235 sancto,
803 2209 829 2229 et
847 2207 955 2237 propter
970 2203 1130 2229 munditiam
1148 2210 1257 2237 semper
1270 2203 1371 2230 videnti
1388 2203 1484 2230 faciem
1498 2203 1597 2231 Patris.
1616 2203 1721 2230 Secun—

76 2239 151 2264 dum
172 2245 202 2263 ea
221 2245 281 2270 qu-e
298 2245 394 2264 sumus
418 2238 584 2271 interpretati
601 2239 634 2264 de
654 2239 760 2272 pusillis
777 2238 917 2272 discipulis
940 2238 1106 2265 conveniens
1124 2238 1284 2264 estdicere:
1299 2241 1427 2272 quonlam
1443 2246 1496 2264 non
1515 2238 1608 2265 habuit
1627 2247 1721 2266 neces-

74 2272 189 2308 sarium
202 2272 328 2308 Christus
344 2273 474 2308 mandare
486 2273 519 2299 de
532 2273 637 2308 magnis
652 2278 675 2299 et
693 2273 896 2307 perfectioribus
912 2272 1036 2300 ﬁdelibus
1048 2280 1102 2299 non
1116 2273 1332 2308 contemnendis.
1348 2274 1394 2300 sed
1406 2272 1440 2300 de
1452 2273 1568 2308 pusillis,
1578 2279 1720 2308 propterea

75 2315 137 2334 non
161 2307 322 2341 simpliciter
343 2307 444 2334 dictum
461 2313 520 2334 est:
538 2318 546 2333 ι
565 2307 603 2335 Ne
622 2309 804 2335 contemnatis
821 2315 905 2334 unum
920 2309 953 2334 de
974 2308 1034 2335 istis
1051 2317 1059 2332 ι
1081 2307 1209 2334 omnibus
1224 2307 1367 2343 discipulis
1381 2316 1451 2342 quos
1467 2308 1564 2335 videtis
1580 2307 1592 2333 ι
1609 2307 1656 2336 sed
1671 2309 1718 2340 ita,

73 2386 164 2426 ot_ad_
176 2386 290 2426 salutem
309 2395 395 2426 usque
412 2389 598 2426 perdugerint.
616 2390 715 2426 habent
728 2391 808 2418 etiam
824 2390 875 2425 ipsi
892 2392 917 2419 D
930 2395 1039 2424 propter
1064 2395 1184 2416 nostram
1213 2390 1386 2418 timiditatem
1406 2391 1508 2426 pudore
1531 2390 1638 2423 suffusi,
1666 2391 1717 2425 ipsi

74 2423 212 2449 fiduciam
236 2423 343 2449 videndi
373 2423 482 2460 faciem?
495 2423 592 2452 Patris.
610 2424 754 2458 Quomodo
765 2423 874 2453 enim‘si
928 2423 1037 2459 quoque
1055 2433 1107 2451 non
1125 2425 1226 2451 audent
1244 2426 1334 2460 videre
1351 2423 1446 2453 faciem
1460 2425 1515 2455 Dei,
1531 2433 1581 2452 nec
1598 2433 1648 2460 pro
1667 2423 1718 2451 no-

73 2465 130 2492 per
155 2465 249 2483 curam
274 2465 369 2495 aprum
391 2462 417 2495 ot
439 2459 601 2495 industriam
628 2461 703 2488 salus
719 2461 876 2488 hominilms
931 2461 971 2487 his
991 2461 1105 2495 forsitan
1128 2468 1216 2486 orare.
1235 2470 1244 2486 ι
1262 2459 1324 2487 Hzec
1338 2468 1401 2488 vero
1418 2459 1636 2495 disputanturin
1656 2460 1718 2487 ονε-

73 2495 270 2529 r-omparatur,
284 2492 382 2529 faciem
397 2493 486 2521 Patris
504 2502 611 2529 semper
626 2497 783 2522 attendant:
799 2496 839 2523 sic
851 2496 873 2521 si

75 2535 130 2560 per
156 2526 347 2561 negligentiam
364 2535 459 2554 eorum
476 2526 717 2562 homo'corruerit,
732 2531 813 2557 etiam
832 2530 873 2557 sui

75 2561 198 2598 periculi
211 2569 270 2598 rem
290 2570 350 2589 esse
369 2571 422 2590 non
442 2564 576 2591 nesciunt.
594 2575 603 2590 ι
625 2565 692 2598 Quis
710 2566 772 2592 huic
788 2566 874 2592 errori

73 2597 158 2623 color
174 2596 258 2622 oblini
271 2601 369 2631 potest,
385 2606 438 2624 non
454 2599 549 2630 video;
567 2596 731 2634 pateremur,
748 2601 770 2627 si
787 2601 877 2627 homi-

75 2640 149 2658 num
179 2635 287 2664 pcccata
314 2633 424 2667 angelos
447 2634 551 2667 pudore
568 2633 731 2662 suffundere
759 2636 875 2662 dixisset

73 2667 231 2705 (ξι-ἱδρυθῇ,
243 2668 471 2705 quemadmodum
488 2668 709 2705 Theophylactus
726 2680 732 2697 :
747 2671 874 2697 Φαίνεται

130 2703 173 2740 εκ.
186 2700 292 2740 τούτου,
309 2702 359 2733 ὃτι,
374 2703 407 2740 -εξ
427 2703 474 2740 καὶ
486 2700 595 2740 πᾷντεςν
605 2700 740 2738 ἆγγέλους
763 2705 873 2740 ἔχομεν,

72 2736 137 2776 ῥλλ⁴
149 2736 174 2776 οἱ
186 2736 243 2776 τῶν
259 2737 428 2776 ἁμαρτωλῶν
442 2734 673 2776 ἄγγελοικιῦσπέρ
687 2734 875 2776 αἰσχυνόμενοι

71 2772 122 2811 ᾂιὲ
137 2770 170 2811 τῇ
185 2770 264 2811 ἡμων
281 2770 587 2811 ὃιπὰρζτησιαστοιι,-οιξδὲ
601 2770 677 2801 αὐτόὶ
695 2770 787 2811 ἔχουσι
801 2770 875 2811 ’παῤ-

74 2805 180 2842 ρησζαν
192 2807 258 2840 όρᾷν
265 2806 306 2842 ᾉτὸ
323 2805 466 2841 πρόσωπον
482 2808 528 2834 τοῦ
546 2809 623 2841 Θεοῦ,
643 2810 690 2836 καὶ
701 2805 808 2837 δέεσθαι
826 2805 874 2837 τᾶ-

73 2840 112 2876 γα
217 2840 306 2876 ἡμῶν.
323 2851 332 2866 ο
345 2840 650 2879 indeantemapparet,
668 2846 740 2879 quod
758 2847 779 2872 si
797 2854 876 2877 ιιιιμο-

72 2878 118 2903 tos
134 2876 288 2903 habeamus
306 2884 412 2910 omnes,
437 2878 525 2912 angi-li
547 2876 647 2906 tamen
663 2876 772 2908 reorum
795 2876 872 2915 quasi

927 2496 1055 2529 genianis.
1073 2494 1206 2522 Hus'rius.

961 2530 1016 2563 (7‘2)
1036 2530 1127 2557 Codex
1144 2530 1254 2564 Regius.
1270 2530 1317 2556 καὶ
1330 2531 1374 2556 ἐπ’
1386 2530 1483 2557 ἄλλων.

952 2565 1017 2607 ,(75)
1038 2565 1128 2592 Codex
1144 2564 1253 2600 Regius,
1268 2565 1320 2600 πρὸ
1331 2565 1376 2591 τοῦ
1391 2565 1511 2599 πυλῶνος
1520 2565 1627 2602 ἀληθῶς
1639 2566 1718 2601 ἐστη-

928 2608 1014 2626 κεναι.
1729 2607 1732 2610 ’

966 2635 1022 2669 (74)
1045 2635 1265 2672 ’ῌᾷεξιιζηνᾼιιαὶ
1289 2634 1407 2672 ’Πέτρου
1434 2635 1504 2672 τινὰ
1531 2635 1607 2663 εἶναι
1633 2636 1718 2672 ἄγγε-

927 2672 994 2701 λον,
1019 2669 1070 2697 etc".
1094 2670 1160 2697 Vide
1188 2669 1408 2705 Origenianorum
1433 2670 1478 2697 lib.
1501 2678 1533 2703 ιι,
1558 2669 1717 2706 ιμιιεδῑξε,

930 2714 1003 2732 nunt.
1016 2706 1060 2732 ‘28.

966 2740 1022 2775 (73)
1046 2740 1100 2767 Τιῖν
1114 2740 1167 2776 τςῆς
1189 2740 1290 2776 Ῥόδης
1310 2741 1412 2776 λόγον.
1433 2740 1584 2773 Quamnam
1609 2741 1717 2770 Rhodes

929 2775 1080 2802 oralionem
1108 2775 1150 2801 hic
1174 2775 1317 2810 significet,
1336 2775 1388 2803 non
1403 2777 1501 2803 video:
1522 2785 1582 2803 nam
1600 2777 1660 2804 Act.
1679 2786 1716 2805 xu

931 2819 984 2836 non
1005 2811 1077 2836 aliud
1098 2810 1155 2844 ipsa
1168 2811 1246 2840 dixit.
1265 2819 1346 2844 quam
1367 2821 1375 2835 ι
1391 2817 1463 2839 stare
1478 2811 1588 2839 Petrum
1600 2818 1665 2839 ante
1675 2814 1718 2844 ja-

931 2853 1011 2882 nua_in
1039 2854 1044 2871 :
1070 2845 1362 2882 phantom-dicebant,
1380 2846 1500 2882 Angelus
1509 2847 1568 2881 ejus
1584 2853 1634 2875 est.
1651 2857 1661 2875 ι
1676 2845 1716 2876 ιιι.

965 2879 1019 2914 (76)
1044 2880 1093 2912 Τῷ.
1117 2879 1229 2907 Videtur
1244 2881 1406 2915 παρέλκειν..
