1859 3051
181 123 243 150 “7|

178 228 221 254 lus
249 227 284 253 ita
309 226 489 262 intelligatur,
521 225 748 260 quemadmodum
774 225 963 260 exposuimus,

178 280 350 308 nequaquam
367 272 445 300 nobis
460 272 587 298 mandato
600 278 668 305 opus
684 278 746 298 esse
761 271 893 303 dicemus,
909 278 964 305 quo

177 319 411 346 acontemnciidis
441 319 590 354 majoribus
611 319 822 353 prohibeamur,
847 323 875 346 at
900 327 964 354 erga

177 365 306 399 parvulos
317 372 349 391 eo
362 372 412 391 nos
424 363 559 399 indigere;
578 368 719 399 propterea
735 372 789 391 non
804 364 964 399 simpliciter

177 410 278 436 dictum
294 417 353 437 esse
367 410 389 426 ⁸⁸
405 419 411 436 :
438 419 448 434 ι
463 409 501 436 Ne
522 410 704 437 contemnatis
727 418 811 437 unum
833 417 865 436 ex
878 410 930 441 his,
951 418 962 434 ι

177 456 333 484 monstratis
348 455 476 483 omnibus
488 455 630 490 discipulis
640 477 646 487 ,
664 455 711 482 sed
722 475 730 487 ,
751 465 761 481 ι
776 463 860 482 unum
875 463 908 482 ex
922 455 963 483 his

175 502 290 537 pusillis.
307 511 318 528 ι
342 501 500 529 monstratis
521 501 555 528 ab
568 508 601 528 co
617 501 664 536 qui
677 501 854 536 exiguitatem
866 506 893 528 et
905 509 964 528 ma-

176 547 344 583 gnitudinem
363 547 447 574 animi
462 547 568 582 aspicit.

209 593 254 620 29.
275 593 353 619 Alius
375 601 440 620 vero
464 593 563 620 dixerit
585 593 727 628 parvulum
754 593 823 620 inter
839 593 899 621 illos
915 600 964 627 ap-

173 639 283 673 pellari,
308 639 354 674 qni
372 639 508 674 perfectus
522 644 581 672 est,
599 647 632 667 eo
647 645 726 667 utens
739 640 896 667 testimonio
912 640 934 655 ³⁷
954 649 960 666 :

175 692 184 709 ι
201 683 267 711 Nam
292 684 339 718 qui
363 684 451 710 minor
474 689 516 712 est
540 685 611 712 inter
625 693 673 712 vos
687 693 799 716 omnes.
816 686 859 712 hic
874 687 962 722 major

171 733 213 756 est
223 748 230 759 ,
249 738 258 754 ι
275 734 302 756 et
316 729 404 763 quise
418 729 566 764 ahjecerit,
580 734 607 756 et
623 729 649 756 in
663 729 752 756 medio
765 731 887 757 omnium
903 739 963 758 cre-

171 775 293 802 dentium
309 775 421 802 eifectus
433 775 515 803 fuerit
527 776 598 803 sicut
616 776 745 810 parvulus
757 797 764 809 ,
782 777 839 804 sive
853 781 962 812 aposto-

172 821 215 848 Ius
231 821 286 854 sit,
303 823 359 849 sive
372 821 529 856 episcopus,
547 822 664 856 talisque
678 823 723 849 fiat
734 843 741 855 ,
763 832 772 848 ι
793 827 922 858 tanquam
939 823 960 850 si

172 867 264 894 nutrix
283 867 372 895 foveat
393 868 463 895 lilios
487 875 553 895 suos
566 868 607 901 ",
627 878 636 894 ι
663 876 724 896 eum
740 877 801 896 esse
817 870 959 904 parvulum

171 913 242 940 dicet
254 914 301 948 qui
317 921 332 940 a
347 913 411 941 Jcsu
435 918 603 941 monstratus
617 919 675 947 est,
693 920 720 942 et
741 915 814 942 illius
834 915 959 950 angelum

171 959 270 988 faciem
287 960 332 988 Dei
346 961 444 988 intueri
461 965 674 988 consentaneum
688 969 759 988 esse.
780 961 874 989 Dicere
887 962 959 989 enim

171 1013 219 1041 per
233 1007 363 1042 parvulos
378 1006 421 1034 hic
434 1006 570 1041 perfectos
586 1006 725 1041 designari
735 1007 812 1042 juxta
830 1007 897 1034 illud
910 1008 932 1024 "
952 1017 958 1035 :

172 1062 181 1078 ο
199 1051 267 1080 Nam
292 1053 338 1088 qui
357 1053 446 1080 minor
465 1057 508 1080 est
530 1053 600 1080 inter
621 1061 669 1080 vos
691 1061 800 1086 omnes,
818 1053 861 1082 hic
873 1054 961 1089 major

168 1103 227 1130 est,
249 1109 257 1124 ι
284 1104 310 1126 et
333 1098 562 1134 quemadmodum
586 1098 687 1126 Paulus
708 1099 777 1126 dixit
792 1098 814 1115 ⁸⁸
839 1107 845 1126 :
867 1109 876 1125 ι
894 1099 960 1128 Mihi

169 1144 292 1171 omnium
307 1148 466 1171 sanctorum
484 1143 598 1170 minimo
623 1142 685 1170 data
700 1147 741 1170 est
754 1144 840 1178 gratia
855 1143 925 1175 haec,
947 1153 956 1168 ι

167 1189 306 1218 videbitur
325 1190 367 1217 his
386 1190 476 1217 verbis
495 1190 651 1217 consentire
663 1189 685 1204 “
701 1198 708 1216 :
731 1199 741 1215 ί
758 1189 809 1222 Qui
824 1189 960 1217 scandali-

169 1237 271 1264 tat'erit
287 1245 371 1263 unum
389 1237 423 1264 de
437 1236 544 1271 pusillis
557 1236 626 1269 ist-is,
647 1246 655 1262 ι
673 1240 754 1272 atque
766 1236 831 1263 item
848 1235 901 1263 illis
915 1236 936 1251 δ’
951 1245 957 1262 :

171 1292 180 1309 ι
199 1281 245 1310 Sic
268 1290 322 1310 non
344 1288 385 1310 est
406 1283 533 1310 voluntas
554 1286 617 1309 ante
640 1281 746 1310 Patrem
761 1289 851 1309 meum
868 1281 914 1316 qui
931 1281 958 1308 in

167 1328 246 1356 caelis
260 1333 319 1361 est,
338 1333 368 1356 ut
384 1333 478 1363 pereat
500 1336 571 1356 unus
587 1328 620 1355 de
635 1327 742 1362 pusillis
762 1327 837 1359 istis;
857 1337 866 1352 ›
883 1335 957 1358 nam.

168 1379 198 1402 ut
213 1383 228 1401 a
241 1374 318 1401 nobis
334 1374 437 1401 dictum
454 1379 513 1407 est,
528 1373 575 1409 qui
594 1381 667 1400 nunc
679 1373 808 1407 parvulus
825 1377 883 1405 est,
908 1380 959 1399 nec

166 1420 344 1448 oliensionem
361 1420 428 1455 pati,
441 1428 491 1448 nec
504 1420 593 1455 perire
603 1423 685 1454 queat
699 1427 707 1446 :
727 1428 736 1444 ‹
751 1418 805 1445 Pax
823 1418 956 1453 siquidem

167 1465 252 1493 multa
269 1465 445 1500 diligentibus
461 1472 559 1492 nomen
572 1463 629 1497 Dei,
642 1470 669 1491 et
683 1471 737 1490 non
753 1467 795 1490 est
814 1462 866 1490 illis
879 1470 958 1489 scan-

166 1509 258 1536 dalum
271 1509 294 1525 “
309 1518 316 1537 :
339 1519 348 1535 ι
365 1517 415 1537 nec
432 1513 505 1536 certe
520 1513 613 1544 pereat
626 1508 673 1543 qui
687 1507 756 1535 inter
770 1515 866 1534 omnes
877 1507 957 1533 Chri-

166 1556 201 1583 sti
218 1554 368 1590 discipulos
393 1555 517 1582 omnium
541 1554 671 1582 minimus
695 1558 754 1586 est,
771 1557 797 1580 et
814 1558 955 1588 propterea

167 1609 282 1636 magnus
298 1601 421 1633 exsistit;
441 1605 468 1627 et
489 1608 550 1627 cum
568 1607 621 1627 non
636 1603 742 1634 pereat,
759 1599 785 1625 id
801 1599 897 1625 merito
913 1598 955 1624 di-

166 1651 210 1675 cat
224 1646 248 1662 “
262 1656 268 1674 :
289 1656 297 1671 ι
316 1645 384 1679 Quis
398 1654 449 1673 nos
462 1646 600 1681 separabit
613 1644 696 1681 διο
710 1653 725 1672 a
742 1645 886 1677 charitate,
902 1654 911 1670 ›
929 1649 954 1671 ct

165 1699 273 1722 catlera.
316 1693 367 1721 Sed
394 1694 440 1728 qui
467 1699 630 1728 postremam
657 1694 727 1720 hanc
756 1693 953 1728 expositionem

166 1740 236 1767 tueri
249 1740 336 1773 volet,
355 1741 474 1767 animam
493 1738 561 1774 justi
577 1739 722 1766 mutationi
741 1746 852 1773 quoque
866 1738 954 1765 obno-

166 1787 238 1814 xiam
261 1793 320 1813 esse
331 1786 420 1819 dicet,
435 1785 668 1820 quemadmodum
690 1788 805 1812 testatur
829 1783 955 1811 Ezechiel

164 1833 260 1860 dicens
275 1833 379 1868 justum
393 1840 408 1860 a
423 1831 470 1859 Dei
491 1831 628 1860 mandatis
640 1831 780 1859 discedere
793 1838 875 1866 posse
885 1851 892 1863 ,
919 1830 955 1857 ita

908 122 1068 155 onicENis

176 181 285 216 quando
298 187 362 207 vero
376 180 409 207 ab
423 180 482 215 ipso
493 180 548 214 jam
563 179 687 206 Domino.
707 178 809 206 Deinde
825 183 854 206 ut
869 187 967 214 parvu-

1737 129 1791 156 ili-3

982 183 1003 210 Α
1019 179 1058 215 τῷ
1074 180 1111 216 τῷ
1132 181 1234 217 Κυρίῳ.
1259 182 1335 208 Μετά
1348 183 1433 209 ταῦτα
1454 183 1492 214 εἱς
1509 184 1682 219 κατασκευὴν
1700 184 1743 211 τοῦ
1762 186 1794 217 ὡς

1015 226 1193 261 ὲξειλήφαμεν
1216 227 1332 254 νοεῖσθαι
1351 228 1397 254 τὸν
1420 229 1517 264 μικρὸν
1534 229 1710 265 λεχθήσεσοαι
1735 231 1792 263 (77],

1014 272 1055 298 ὅτι
1069 273 1098 299 οὑ
1113 273 1227 308 δεόμεθα
1247 273 1295 309 μὲν
1316 274 1424 308 ἐντολῆς
1445 275 1495 309 τῆς
1516 276 1580 311 περὶ
1603 276 1650 302 τοῦ
1668 276 1704 312 μὴ
1724 285 1795 303 κατα-

1015 320 1122 353 φρονεῖν
1141 319 1188 345 ἐπὶ
1208 319 1262 345 τῶν
1281 320 1417 355 μεγάλων,
1434 320 1570 356 χρῄζομεν
1594 321 1623 348 δὲ
1650 322 1732 358 αὐτῆς
1753 323 1794 349 ἐπὶ

1014 363 1068 390 τῶν
1090 365 1212 400 μικρῶν·
1236 364 1276 391 διὸ
1290 365 1339 400 οὐχ
1361 365 1453 397 ἁπλῶς
1476 366 1601 402 εἴρηται·
1627 377 1636 392 ι
1655 367 1700 403 Μὴ
1719 376 1795 394 κατα-

1014 411 1167 446 φρονήσητε
1185 411 1244 443 ἑνὸς
1264 411 1377 444 τούτων,
1398 422 1407 436 i
1425 412 1608 447 δεικνυμένων
1624 415 1727 440 πάντωπ.
1746 415 1794 441 τῶν

1015 455 1155 491 μαθητῶν,
1172 456 1229 482 ἀλλ’
1251 465 1260 482 ι
1280 457 1339 488 ἐνὸς
1355 456 1456 484 τούτων
1472 457 1525 484 τῶν
1541 458 1659 493 μικρῶν,
1675 468 1683 484 ι
1701 459 1795 486 δεικνυ-

1016 501 1103 536 μένων
1128 501 1180 528 ὑπὸ
1201 501 1248 528 τοῦ
1272 502 1415 537 βλέποντος
1438 503 1590 539 μικρότητα
1612 505 1660 530 καὶ
1687 504 1795 539 μεγαλό-

1013 555 1082 582 τητα
1098 546 1153 582 (78)
1168 547 1266 582 ψυχῆς.

1051 592 1145 624 Ἀλλος
1157 593 1178 619 δ’
1195 593 1227 619 ἂν
1245 593 1319 627 λέγοι
1336 594 1432 629 μικρὸν
1449 595 1478 621 ἐν
1499 593 1604 626 τούτοις
1619 593 1742 628 λέγεσθαι
1756 594 1795 620 τὸν

1012 636 1127 668 τέλειον,
1147 637 1338 672 συγχρώμενος
1349 638 1388 673 τῷ
1401 647 1408 653 ο
1435 648 1444 664 ‹
1470 639 1499 665 '0
1521 639 1575 674 γὰρ
1594 639 1752 675 μικρότερος
1771 641 1796 666 ὲν

1013 685 1095 709 πᾶσιν
1112 684 1176 718 ὑμῖν
1189 683 1329 719 ὑπάρχων,
1345 682 1422 715 οὗτός
1434 686 1492 711 ὲστι
1508 685 1604 719 μέγας,
1625 695 1634 710 ι
1650 685 1698 711 καὶ
1710 686 1795 721 φήσει.

1012 730 1052 756 ὃτι
1066 730 1080 756 6
1095 729 1230 756 ταπεινῶν
1243 731 1347 761 ἑαυτὸν,
1362 731 1408 758 καὶ
1418 731 1560 766 γινόμενος
1575 732 1671 766 νήπιος
1685 732 1713 757 ὲν
1729 731 1797 766 picei

1013 775 1121 802 πάντων
1139 776 1329 807 πιστευόντων,
1344 776 1395 803 κᾶν
1413 777 1570 809 ἀπόστολος,
1589 776 1640 803 κᾶν
1655 777 1798 808 ἐπίστω-εις

1012 819 1040 859 ᾖ,
1056 822 1103 848 καὶ
1117 822 1256 857 γινόμενος
1273 832 1282 847 ‹
1299 822 1420 854 τοιοῦτος
1444 823 1480 854 ὡς
1499 823 1531 849 ἂν
1550 823 1651 858 τροφὸς
1667 823 1756 858 θάλπῃ
1768 823 1799 849 τὰ

979 853 998 880 Β
1014 853 1220 903 ἔαυτῆςττέκνα,
1241 853 1252 894 ι
1268 865 1346 900 οὗτός
1366 853 1440 895 ἐστιν
1497 853 1672 904 δεικνῖἇμενος
1689 853 1799 896 inritum?

1018 913 1106 948 Ἰησοῦ
1123 914 1231 949 μικρὸς,
1247 915 1293 941 καὶ
1307 913 1380 945 ἄξιόν
1393 923 1424 948 γε
1439 914 1486 941 τοῦ
1501 915 1622 941 τοιούτου
1641 915 1755 949 ἄγγελον
1766 912 1801 942 εἶ-

1011 967 1055 986 ναι
1076 958 1208 994 βλέποντα
1225 959 1255 986 τὸ
1279 959 1423 995 πρόσωπον
1447 959 1493 986 τοῦ
1518 960 1597 986 Θεοῦ.
1622 959 1659 986 T6
1680 960 1736 996 γὰρ
1759 969 1800 995 μι-

1012 1004 1094 1040 κροὺς
1108 1005 1197 1038 λέγειν
1221 1004 1339 1032 ἐνταῦθα
1360 1005 1424 1036 τοὺς
1446 1005 1566 1037 τελείους
1588 1005 1660 1032 κατὰ
1672 1005 1722 1032 τό·
1740 1015 1749 1031 ι
1774 1006 1801 1033 ὐ

1011 1051 1065 1087 γὰρ
1081 1052 1240 1087 μικρότερος
1257 1052 1285 1077 ὲν
1300 1052 1383 1078 πᾶσιν
1398 1052 1462 1086 ὑμῖν
1483 1052 1624 1087 ὑπάρχων,
1646 1048 1726 1083 οὗτός
1747 1053 1802 1078 ἐστι

1012 1097 1108 1132 μέγας.
1127 1107 1136 1123 ι
1154 1097 1201 1125 καὶ
1215 1098 1252 1130 ὼς
1265 1098 1279 1124 6
1294 1097 1399 1130 Παῦλος
1411 1096 1470 1124 εἷπε
1485 1098 1516 1125 τό
1526 1106 1533 1113 '
1555 1108 1565 1123 ι
1590 1098 1668 1134 Ἐμοὶ
1683 1098 1722 1134 τῷ
1742 1098 1801 1125 ἐλα-

1010 1143 1159 1179 χιστοτέρῳ
1175 1143 1283 1170 πάντων
1299 1144 1383 1178 ἁγίων
1398 1144 1475 1180 ὲδόθη
1496 1144 1513 1178 ἡ
1533 1144 1614 1179 χάρις
1628 1143 1710 1179 αὕτη,
1733 1154 1742 1170 ι
1762 1145 1800 1171 M-

1011 1188 1050 1220 ξει
1066 1189 1115 1224 μὲν
1139 1189 1261 1224 συνᾴδειν
1278 1189 1317 1224 τῷ
1329 1198 1335 1204 ·
1353 1199 1362 1214 ι
1386 1191 1434 1221 Ὃς
1448 1189 1481 1216 ἂν
1500 1190 1666 1226 σκανδαλίσῃ
1682 1189 1732 1216 ἕνα
1751 1191 1803 1216 τῶν

1011 1234 1116 1270 μικρῶν
1133 1234 1244 1265 τούτων,
1264 1244 1272 1260 υ
1288 1235 1335 1261 καὶ
1347 1235 1400 1270 τῷ·
1418 1245 1427 1260 ι
1447 1235 1540 1267 Οὕτως
1553 1236 1603 1262 οὐκ
1620 1235 1679 1262 ἔστι
1698 1235 1803 1270 θέλημα

1009 1279 1164 1316 ἔμπροσθεν
1179 1280 1227 1307 τοῦ
1244 1281 1350 1316 Πατρός
1367 1290 1417 1316 μου
1432 1281 1486 1316 (79)
1501 1281 1549 1307 τοῦ
1564 1282 1593 1307 ὲν
1608 1282 1747 1317 οὐρανοῖς,
1763 1281 1805 1308 ἵνα

1009 1326 1135 1353 ἀπόλοιτο
1151 1324 1191 1358 εἷς
1204 1326 1258 1353 τῶν
1273 1326 1379 1362 μικρῶν
1394 1326 1512 1353 τούτων’
1535 1336 1544 1352 ι
1562 1327 1577 1353 6
1599 1327 1666 1362 γὰρ,
1682 1327 1720 1359 ὡς
1740 1327 1805 1353 ἀτιθ-

1008 1373 1121 1405 δέδοται,
1137 1372 1184 1399 νῦν
1201 1373 1298 1409 μικρὸς
1319 1374 1349 1399 οὐ
1365 1373 1586 1408 σκανδαλισθείη,
1606 1372 1661 1399 οὐδ’
1679 1372 1806 1399 ἀπόλοιτο

1009 1418 1041 1446 ἂν
1053 1427 1061 1435 ο
1081 1428 1091 1444 ι
1107 1420 1210 1454 Εἰρήνη
1226 1419 1279 1454 γὰρ
1293 1419 1378 1455 πολλὴ
1393 1421 1448 1451 τοῖς
1463 1419 1591 1454 ἀγαπῶσι
1604 1419 1636 1446 τὸ
1655 1419 1746 1454 ὄνομα
1759 1417 1805 1446 τώ

1009 1465 1076 1491 Θεοῦ
1096 1465 1163 1500 (80),
1187 1465 1234 1492 καὶ
1258 1466 1309 1492 οὐκ
1329 1465 1401 1491 ἐστιν
1420 1465 1513 1496 αὐτοῖς
1536 1465 1706 1492 σνάνδαλον·
1725 1475 1735 1491 ι
1761 1465 1806 1491 ni

1010 1511 1060 1537 οὐκ
1077 1510 1109 1537 ἂν
1124 1510 1251 1537 ἀπόλοιτο
1268 1511 1282 1537 ὁ
1299 1511 1407 1537 πάντων
1427 1511 1587 1546 μικρότερος
1611 1512 1642 1536 ἐν
1666 1511 1737 1537 πᾶσι
1752 1512 1806 1541 τοῖς

1011 1554 1146 1590 μαθηταῖς
1160 1555 1279 1590 Χριστοῦ
1295 1555 1435 1590 ὑπάρχων,
1451 1556 1497 1582 καὶ
1510 1556 1553 1582 διὰ
1568 1556 1648 1582 τοῦτο
1662 1556 1807 1592 γενόμενος

1010 1601 1106 1637 μέγας·
1119 1602 1166 1628 καὶ
1186 1602 1246 1628 ἐπεὶ
1260 1602 1309 1628 οὐκ
1322 1601 1355 1628 ἂν
1370 1602 1506 1633 ἀπόλοιτο,
1523 1601 1597 1635 λέγοι
1612 1602 1646 1629 ἂν
1661 1602 1693 1628 τό
1704 1611 1710 1617 ·
1736 1612 1746 1628 ι
1762 1601 1807 1633 Τίς

1007 1648 1080 1682 ἡμᾶς
1094 1646 1198 1682 χωρίσῃ
1212 1647 1266 1673 ἀπὸ
1281 1647 1331 1682 τῆς
1347 1647 1467 1682 ἀγάπης,
1488 1657 1496 1672 ι
1521 1648 1568 1673 καί
1581 1647 1617 1674 τὰ
1636 1647 1712 1682 ἑξῆς.
1739 1648 1805 1674 Ἀλλ’

1007 1695 1021 1720 6
1036 1693 1196 1728 βουλόμενος
1210 1693 1260 1728 τὴν
1280 1693 1436 1719 τελευταίαν
1451 1692 1553 1728 ταύτην
1576 1695 1691 1727 κρατεῖν
1708 1693 1806 1727 διήγη-

1009 1747 1052 1765 σιν
1075 1739 1166 1774 φήσει,
1190 1739 1230 1765 ὅτι
1256 1739 1428 1774 μεταπτωτάς
1443 1739 1500 1764 ἐστι
1525 1739 1572 1765 καὶ
1593 1740 1610 1774 ἡ
1631 1738 1680 1765 τοῦ
1703 1738 1808 1765 δικαίου

1008 1785 1092 1821 ψυχὴ,
1108 1785 1146 1817 ὡς
1161 1786 1295 1821 μαρτυρεῖ
1309 1785 1356 1812 καὶ
1368 1786 1382 1812 ὁ
1399 1784 1528 1820 Ἰεζεκιὴλ
1540 1785 1629 1819 λέγων
1640 1785 1690 1812 τὸν
1704 1785 1809 1812 δίκαιον

1009 1830 1175 1864 ἀφίστασθαι
1196 1830 1325 1857 δύνασθαι
1337 1829 1392 1857 τῶν
1406 1829 1520 1856 ἐντολῶν
1539 1829 1588 1856 τοῦ
1611 1830 1695 1862 Θεοῦ,
1709 1830 1751 1862 ὡς
1772 1830 1809 1864 μὴ

764 1898 881 1926 VETUS
899 1897 1195 1925 INTERPRETATIO.

167 1967 277 1996 (unum
293 1959 326 1986 de
339 1959 446 1996 pusillis
464 1959 541 1996 istis,
559 1969 568 1986 ν
593 1967 673 1996 quos_
685 1960 868 1993 cognoscebat
889 1967 951 1996 esse
973 1959 1089 1996 pusillos
1109 1960 1155 1996 qui
1173 1959 1265 1996 videre
1285 1963 1390 1996 poterat
1412 1959 1597 1996 modicitatcm
1624 1963 1652 1986 et
1668 1959 1811 1996 magnitu-

163 1995 254 2030 dinem
273 1995 451 2022 invisibilium
468 1995 632 2022 animarum.
653 1994 729 2022 Talia
746 2000 772 2022 et
785 1995 911 2030 superius
925 1994 1044 2022 diximus
1063 2002 1070 2020 :
1087 2004 1096 2020 ι
1114 1995 1219 2029 siquis
1234 1995 1459 2022 scandalizaverit
1474 2001 1558 2021 unum
1573 1994 1608 2021 de
1621 1995 1737 2028 pusillis
1752 1995 1811 2022 istis

164 2029 338 2057 credentibus
355 2031 382 2056 in
396 2038 450 2056 me.
469 2039 478 2054 ι

199 2065 246 2091 29.
262 2064 342 2100 Alius
355 2070 445 2091 autem
463 2064 577 2092 forsitan
596 2064 662 2091 dicit
677 2064 804 2098 pusillum
818 2065 861 2092 hic
875 2065 927 2092 dici
944 2065 1104 2100 perfectum,
1121 2064 1271 2091 secundum
1288 2064 1363 2100 illud
1377 2064 1450 2100 quod
1465 2065 1530 2092 alibi
1547 2064 1605 2091 ait:
1620 2073 1630 2089 ι
1645 2064 1703 2097 Qui
1718 2069 1811 2100 autem

163 2100 254 2126 minor
275 2098 358 2126 fuerit
380 2100 406 2126 in
426 2100 553 2127 omnibus
569 2100 646 2126 vobis
657 2119 664 2130 .
683 2099 727 2126 hic
743 2100 795 2126 erit
812 2100 908 2134 major.
926 2110 934 2126 ι
945 2098 1010 2133 ’ρυὶ
1030 2100 1103 2127 enim
1122 2099 1307 2126 liumiliaverit
1327 2107 1367 2132 se,
1382 2098 1502 2126 imitator
1513 2099 1652 2127 exsistens
1668 2100 1751 2127 illius
1768 2099 1813 2133 qui

164 2134 343 2168 semetipsum
364 2135 518 2161 humiliavit
531 2143 579 2169 pro
594 2135 680 2161 salute
694 2135 813 2161 humana
833 2135 858 2161 in
875 2137 965 2162 medio
977 2135 1157 2166 credentium,
1175 2135 1232 2161 sive
1247 2134 1292 2161 ille
1309 2135 1450 2169 apostolus
1467 2135 1558 2164 fuerit.
1573 2135 1633 2161 sire
1647 2135 1814 2169 episcopus,

164 2171 223 2204 ipse
234 2174 277 2205 est
290 2170 408 2204 pusillus
425 2177 505 2203 quem
518 2170 646 2197 Christus
658 2170 786 2196 ostendit.
802 2169 894 2197 Talem
909 2178 937 2198 se
951 2171 1079 2205 pusillum
1092 2170 1173 2196 etiam
1189 2169 1289 2196 Paulus
1304 2170 1424 2196 ostendit
1440 2170 1535 2196 dicens
1553 2177 1560 2205 ξ
1581 2179 1589 2194 ι
1609 2169 1679 2196 Milli
1696 2171 1814 2196 minimo

163 2204 289 2240 omnium
311 2209 470 2231 sanctorum
493 2205 556 2231 data
575 2209 617 2232 est
640 2205 724 2238 gratia
746 2205 812 2232 lucc.
834 2215 844 2231 ι
874 2205 927 2233 Sed
949 2205 1107 2240 liujusmodi
1131 2205 1295 2239 expositioni
1311 2205 1386 2240 illud
1411 2205 1484 2239 quod
1502 2204 1611 2240 dicitur
1632 2212 1653 2240 εν
1670 2214 1681 2230 ι
1703 2205 1734 2231 Si
1754 2205 1816 2239 quis

163 2239 391 2275 scandalizaverit
413 2247 498 2275 unum
521 2240 555 2266 de
578 2240 684 2275 pusillis
710 2240 780 2272 istis,
795 2249 803 2265 I
825 2245 852 2267 et
875 2239 991 2272 cetera,
1006 2249 1060 2267 non
1074 2239 1182 2275 videtur
1203 2239 1360 2270 convenire,
1377 2240 1419 2266 vel
1443 2239 1509 2266 illud
1528 2240 1602 2273 quod
1628 2239 1740 2267 dicitur
1757 2241 1814 2266 sic:

167 2284 175 2300 I
191 2274 249 2311 Non
266 2280 307 2301 est
319 2276 447 2311 voluntas
461 2274 550 2302 Patris
568 2274 618 2302 mei
636 2275 681 2309 qui
703 2275 729 2311 iii
747 2275 825 2302 caelis
842 2281 893 2308 est,
912 2281 942 2303 ut
961 2281 1055 2311 pereat
1075 2282 1146 2302 unus
1157 2274 1193 2311 de
1209 2275 1315 2311 pusillis
1335 2275 1412 2311 istis.
1431 2274 1594 2311 [quoniam
1611 2275 1678 2311 talis
1696 2276 1816 2310 pusillus

163 2310 210 2344 qui
232 2318 295 2336 Vere
310 2310 446 2345 perfectus
460 2315 511 2342 est,
529 2318 581 2336 non
604 2308 818 2341 scandalizatur,
840 2319 890 2338 nec
907 2308 996 2345 perit:
1014 2321 1022 2336 (
1040 2311 1095 2337 Pax
1120 2310 1192 2337 enim
1210 2308 1302 2336 Vinulta
1325 2308 1609 2345 diligentibuslegem
1627 2308 1704 2341 Dei,‘
1719 2316 1750 2337 et
1766 2318 1817 2336 non

162 2349 205 2372 est
227 2345 280 2372 illis
301 2344 473 2372 scandalum.
489 2355 499 2370 ›
523 2344 556 2371 Et
575 2345 704 2378 quoniam
719 2354 784 2380 _noii
806 2347 874 2379 perit
891 2346 1008 2380 pusillus
1032 2345 1206 2380 hujusmodi,
1232 2345 1322 2371 dicere
1345 2349 1453 2379 potest:
1478 2354 1487 2368 ε
1501 2344 1568 2377 Quis
1592 2352 1645 2371 nos
1671 2345 1818 2379 separabit

163 2388 178 2406 a
196 2380 329 2408 cliaritate
342 2379 400 2410 Dei.
417 2389 478 2414 qua:
494 2385 535 2407 est
552 2380 580 2407 iii
592 2380 702 2407 Christo
716 2378 779 2407 Jesu
791 2378 824 2406 1f)
847 2385 874 2407 et
889 2378 997 2408 caetera.
1015 2378 1129 2415 Sed-qui
1149 2381 1219 2406 hanc
1239 2378 1437 2414 expositionem
1459 2380 1600 2406 existimat
1618 2378 1733 2415 veram,
1753 2381 1818 2406 dicit

183 2415 293 2442 uoniam
314 2420 342 2442 et
356 2416 424 2450 justi
441 2415 561 2442 hominis
584 2417 675 2442 anima
690 2415 822 2442 vertibilis
837 2420 889 2450 est.
903 2422 929 2442 et
950 2417 1151 2443 scandalizatur
1172 2415 1329 2450 aliquando,
1346 2415 1397 2441 etsi
1418 2423 1471 2441 non
1493 2414 1680 2450 l'acile,rsicut
1698 2420 1818 2442 testatur

162 2423 293 2476 quoniam
314 2423 342 2442 et
356 2423 424 2450 justi
441 2423 561 2442 nominis
584 2423 675 2442 anima
690 2423 822 2442 vertiniiis
837 2423 889 2446 est.
903 2423 929 2442 et
950 2423 1151 2443 scandalizatur
1172 2423 1329 2450 aiiquaiiuo,
1346 2423 1397 2441 etsi
1418 2423 1471 2441 nou
1493 2423 1584 2445 iacne,
1601 2423 1680 2441 sicut
1698 2423 1817 2442 testatur

187 2450 286 2477 zecliiel
311 2450 405 2478 dicens
423 2450 505 2477 etiam
526 2450 631 2484 justum
654 2458 669 2476 a
693 2450 830 2477 mandatis
846 2449 892 2477 Dei
914 2458 993 2484 posse
1014 2451 1159 2482 recedere,
1181 2451 1218 2477 ita
1237 2454 1266 2476 ut
1290 2457 1343 2477 non
1368 2449 1518 2484 imputetur
1541 2450 1572 2476 ei‘
1591 2449 1707 2483 iustitia
1732 2451 1817 2484 prior.

162 2484 308 2520 Propterea
333 2486 420 2513 dicit:
436 2496 445 2511 ι
460 2485 566 2520 Siquis
584 2485 811 2513 scandalizaverit
833 2493 917 2512 unum
942 2486 975 2512 de
996 2487 1101 2521 pusillis
1122 2485 1200 2515 istis;
1218 2495 1227 2510 ι
1255 2489 1282 2512 et
1305 2485 1370 2519 quia
1394 2495 1402 2510 ι
1418 2492 1472 2512 non
1498 2488 1541 2512 est
1563 2485 1704 2512 voluntas
1728 2485 1818 2511 Patris

199 2556 222 2572 "
242 2556 337 2582 llliltli.
356 2564 432 2587 xviii,
448 2557 490 2582 ili.
529 2557 549 2571 ³⁷
571 2554 636 2581 Luc.
654 2561 691 2583 ix.
707 2554 751 2580 48.
802 2555 822 2569 ³⁸
842 2554 849 2580 l
865 2554 960 2581 'f‘lii-ss.

1091 2555 1113 2571 ³9
1134 2553 1199 2583 Luc.
1219 2555 1312 2587 ix,48.
1357 2555 1379 2570 ⁸⁸)
1413 2554 1512 2588 Ενιιρε.
1531 2563 1571 2588 ιιι,
1590 2555 1618 2582 8.
1672 2555 1695 2572 δι
1720 2555 1816 2582 Matth.

164 2599 247 2624 xriti,
263 2594 290 2618 b'.
329 2593 351 2606 ’θ’
372 2592 436 2618 ibid.
455 2591 497 2617 14.
537 2590 559 2606 ³³
579 2590 651 2616 Psal.
668 2590 838 2622 cxriii,165.
878 2591 900 2606 ³³
920 2590 960 2618 Ro

1051 2599 1075 2623 ηι,

1357 2555 1379 2570 ⁸ο
1413 2554 1512 2588 Ενιιρε.
1531 2563 1571 2588 ιιι,
1590 2555 1618 2582 8.

200 2660 256 2695 (77i
280 2663 496 2697 Λεχθήσεσθαι.
517 2663 588 2697 Lege
603 2663 775 2697 λεχθήσεται.

277 2699 366 2738 {iudex
385 2698 496 2738 Regius,
513 2698 719 2738 μεγαλειότητα.

200 2731 465 2769 (ἸξδλιἝμπροσθεν
476 2731 528 2760 τοῦ
541 2734 656 2766 Πατρός
667 2731 737 2768 μου.
761 2734 847 2768 Vulgo
859 2734 956 2769 legitur

167 2766 418 2803 apuilMMattliaemn,
436 2769 540 2803 Πατρὺς
557 2768 645 2802 ὑμῶν.
665 2766 796 2797 Ιιυετιυε.

203 2799 258 2836 (r50)
280 2801 343 2833 Τοῖς
364 2799 502 2835 ἀγαπῶσί
520 2804 552 2829 τὸ
576 2799 669 2836 ὄνομα
690 2803 742 2830 τοῦ
765 2804 848 2831 Θεοῦ.
873 2805 957 2836 Vulgo

169 2833 265 2858 lI‘L’lLlli'
284 2843 290 2858 ζ
311 2837 365 2858 toi:
389 2838 514 2858 ἁνατιῖιιιι
541 2838 584 2858 P‘nu
603 2838 683 2858 vtinam
705 2846 766 2858 nn-i-
791 2846 815 2858 nl
843 2845 877 2858 ll'l
903 2848 957 2858 tum:

179 2839 265 2866 igitur
284 2843 290 2860 ;

1008 2665 1137 2700 Origenes
1162 2673 1254 2699 supra.
1272 2664 1327 2691 (.ur
1343 2668 1433 2691 autem
1460 2664 1487 2690 in
1514 2663 1670 2692 referendis
1695 2674 1711 2691 ί·
1741 2663 1816 2692 Scri-

1011 2699 1088 2735 ptura
1110 2700 1175 2727 locis
1194 2705 1246 2726 tam
1263 2708 1333 2733 sa‘pe
1348 2700 1382 2726 ab
1396 2699 1544 2735 exemplari
1562 2700 1677 2726 recedat
1692 2700 1738 2726 ha:
1753 2708 1816 2726 cau-

1011 2744 1048 2762 sa:
1061 2740 1142 2762 sunt:
1161 2736 1233 2769 quod
1248 2735 1409 2761 inconsultis
1430 2734 1506 2761 libris
1528 2734 1713 2762 festinatione
1730 2736 1815 2767 impe-

1011 2771 1097 2801 ditus,
1115 2776 1142 2797 et
1157 2772 1278 2797 conlisus
1296 2771 1435 2797 memoriae
1450 2777 1481 2796 ea
1499 2771 1646 2801 recitaret;
1668 2775 1730 2797 tum
1744 2772 1814 2804 quod

1012 2806 1068 2839 ipsa
1093 2806 1258 2839 exeinplaria
1280 2805 1362 2832 variis
1386 2805 1501 2832 subinde
1524 2805 1617 2832 modis
1646 2806 1811 2840 interpolata

311 2837 365 2866 τοῖς
389 2838 516 2870 ἀγαπῶσι
541 2838 584 2863 τὸν
603 2838 683 2871 νόμον
705 2846 766 2864 σου·
791 2846 818 2866 ct
843 2845 879 2866 ita
901 2848 957 2874 ipse

1056 2846 1157 2868 mutata
1174 2837 1237 2868 sint.
1254 2840 1291 2868 lo.
