1859 3051
46 150 123 176 ΗἹῚ

515 150 693 178 COMMEN'I'.
716 150 747 176 IN
769 149 980 178 MATTIIEUM
996 149 1116 178 TOMUS
1136 148 1204 177 XIII.

1620 153 1688 180 U78

45 208 80 233 τὸ
96 207 191 243 τρίτον
203 207 330 239 ἀκοῦσαι,
343 206 380 239 ὡς
389 207 434 235 διὰ
444 207 523 235 τοῦτο
536 209 633 244 μηκέτι
650 207 718 236 εἶναι
730 209 767 241 ὼς

952 215 974 237 la
990 210 1016 237 id
1033 219 1039 237 ε
1058 220 1067 235 ι
1081 209 1169 236 Nolite
1182 209 1317 244 judicare,
1333 214 1360 236 et
1373 218 1426 237 non
1448 209 1638 244 judicabimini
1654 212 1686 242 ⁸³,

46 253 101 280 κδν
115 253 164 280 καὶ
180 253 308 289 τελώνην,
322 254 338 288 ἢ
361 254 459 290 μηκέτι
475 254 604 290 δεηθῆναι
623 255 669 281 τοῦ
694 255 740 281 ἐπὶ
760 256 850 291 πάσης

45 301 103 334 τῆς
120 300 284 335 Ἐκκλησίας
304 300 435 335 ἐλέγχου·
454 300 506 336 χρὴ
531 300 585 336 γὰρ
607 301 762 336 μεμνῆσθαι
785 301 848 327 τοῦ·

49 355 59 371 ι
83 345 180 377 Οὕτως
194 346 244 373 οὐκ
258 347 314 373 ἔστι
327 346 432 381 θέλημα
447 346 602 382 ἔμπροσθεν
616 346 663 373 τοῦ
680 347 786 382 Πατρός
800 355 850 382 μου

47 391 100 418 τοῦ
118 393 149 418 ἐν
165 394 221 424 τοῖς
243 393 376 428 οὐρανοῖς,
395 392 438 419 ἵνα
460 393 593 428 ἀπόληται
615 391 654 425 εἷς
675 393 728 420 τῶν
746 394 851 429 μικρῶν

47 438 173 465 τούτων·
196 449 204 464 ι
224 439 271 465 καὶ
293 438 348 474 γὰρ
367 438 446 474 εἴπερ
474 449 483 464 ι
503 439 543 465 δεῖ
563 440 625 470 τοὺς
650 440 753 471 πάντας
777 440 851 475 ἡμᾶς

48 485 229 521 παραστῆναι
254 484 407 520 ἔμπροσθεν
427 484 475 511 τοῦ
505 486 624 521 βήματος
647 485 694 512 τοῦ
721 486 849 522 Χριστοῦ,

48 532 97 559 ἵνα
113 531 260 567 κομίσηται
282 532 396 563 ἕκαστος
413 531 446 558 τὰ
464 532 508 558 διὰ
528 530 575 557 τοῦ
598 531 724 566 σώματος
744 531 813 566 πρὸς
833 530 851 558 ἃ.

47 578 183 614 ἔπραξεν,
198 578 254 604 εἴτε
274 577 376 610 ἀγαθὸν
393 578 446 604 εἴτε
470 577 581 612 φαῦλον,
601 587 610 602 )
636 577 689 613 χρὴ
704 578 754 612 ὅση
771 577 851 604 δύναη

49 633 101 658 μις
115 623 152 650 τὰ
167 624 231 659 παρ’
248 624 330 650 αὑτὸν
344 625 440 654 ποιεῖν,
460 624 504 650 ἵνα
521 625 558 660 μὴ
578 624 642 659 περὶ
658 623 787 651 πλειόνων
803 632 851 650 κο-

49 670 169 705 μίσηται
184 670 293 705 φαύλων
309 669 353 696 διὰ
365 669 411 696 τοῦ
426 669 552 704 σώματος
569 669 782 705 πεπραγμένων,
800 669 850 696 κᾶν

49 716 138 751 μέλλῃ
156 716 220 752 περὶ
233 716 342 742 πάντων
359 713 396 742 ὧν
416 716 527 751 ἐποίησε
543 716 671 751 χειρόνων
687 714 851 750 ἀπολαμϐά-

47 771 108 789 νειν
121 771 128 777 ·
147 762 334 798 φιλοτιμητέον
346 762 374 788 δὲ
387 762 450 798 περὶ
462 761 591 788 πλειόνων
605 761 732 788 εὐποιιῶν
754 760 850 796 μισθὸν

46 809 231 845 κομίσασθαι,
248 809 309 836 ἐπεὶ
333 818 342 834 ι
360 805 382 842 ᾧ
397 809 487 844 μέτρῳ
507 808 670 844 μετροῦμεν,
688 808 851 844 ἀντιμετρη-

48 857 168 892 θήσεται
191 856 265 890 ἡμῖν,
290 864 298 881 ι
317 855 380 882 καί·
401 865 409 880 ι
433 855 512 881 Κατὰ
538 854 572 881 τὰ
592 854 659 890 ἔργα
675 853 729 880 τῶν
751 853 850 889 χειρῶν

48 903 65 935 ἡ
71 902 133 937 μῶν
151 901 322 936 συμϐήσεται
333 902 408 936 ἡμῖν,
425 911 434 926 ι
450 901 497 927 καὶ
507 901 557 927 οὐκ
573 900 772 936 ἀπειροπλάσια
788 900 846 935 μὲν,

47 949 112 983 ἦτοι
129 947 158 974 δὲ
174 947 302 974 διπλάσια
316 948 332 982 ἢ
351 947 524 974 ὲπταπλάσια
538 946 667 983 λήψονται
683 948 706 973 ol
721 948 847 982 ἡμαρτη-

49 994 135 1025 κ-ΰτες
147 995 179 1020 ἐκ
192 993 282 1029 χειρὸς
296 994 398 1029 Κυρίου
412 993 447 1019 τὰ
461 994 655 1029 ἁμαρτήματα,
669 994 733 1020 ὅταν
749 993 786 1028 μὴ
802 993 848 1019 καὶ

47 1040 125 1066 κατὰ
149 1040 184 1066 τὰ
213 1040 283 1075 ἔργα
307 1039 361 1065 τῶν
388 1039 487 1075 χειρῶν
510 1047 562 1066 τινι
588 1038 757 1070 ἀποδίδοται,
780 1037 848 1064 ἀλλὰ

46 1085 167 1112 πλείονα
183 1082 221 1111 ὧν
242 1085 410 1121 πεποίηκεν·
437 1094 445 1110 ι
467 1084 645 1119 Ἰερουσαλὴμ
669 1093 678 1109 ι
702 1083 766 1119 γὰρ,
781 1083 819 1114 ὼς
835 1083 849 1109 ὁ

51 1129 176 1162 Ἦσατας
190 1130 319 1162 ἐδίδαξεν,
338 1139 347 1156 ‹
367 1130 475 1162 ἐδέξατο
492 1131 523 1156 ἐκ
539 1130 630 1165 χειρὸς
647 1129 750 1165 Κυρίου
766 1129 849 1155 διπλᾶ

44 1177 84 1204 ι’ὰ
104 1177 293 1212 ἁμαρτήματα
307 1176 392 1211 αὐτῆς
402 1185 408 1191 ·
426 1186 434 1201 1
447 1177 470 1202 οἱ
489 1176 517 1202 δὲ
533 1177 651 1210 γείτονες
667 1176 714 1202 τοῦ
730 1175 847 1211 Ἰσραὴλ.

44 1223 153 1255 οἵτινές
183 1223 241 1249 ποτ’
259 1223 292 1250 ἂν
306 1220 382 1254 ὦσιν,
398 1222 570 1249 ἑπταπλάσια
585 1222 714 1257 λήψονται
732 1221 803 1250 κατὰ
819 1221 849 1248 τὸ

44 1271 79 1296 ὲν
99 1269 228 1304 Ψαλμοῖς
244 1268 330 1300 οὕτως
346 1269 508 1304 εἰρημένον·
535 1278 543 1294 ι
563 1269 673 1300 Ἀπόδος
691 1270 746 1301 τοῖς
762 1267 849 1303 γείτο-

44 1324 94 1342 σιν
114 1315 195 1351 ἡμῶν
215 1315 418 1342 ἑπταπλασίονα
439 1315 479 1347 εἰς
500 1315 546 1341 τὸν
563 1315 662 1342 κόλπον
682 1315 782 1346 αὐτῶν,
802 1315 849 1342 τὸν

42 1361 205 1397 ὀνειδισμὸν
218 1361 318 1394 αὐτῶν,
334 1361 362 1388 ὃν
376 1361 517 1387 ὠνείδισάν
536 1370 576 1394 σε,
587 1361 701 1397 Κύριε.»
712 1362 767 1388 Καὶ
775 1360 849 1388 ἄλλοι

44 1409 82 1436 ἂν
103 1408 241 1443 εὑρεθεῖεν
254 1407 349 1443 τρόποι
362 1407 412 1442 τῆς
430 1407 643 1439 ἀνταποδόσεως,
659 1406 706 1438 οὒς
723 1407 770 1433 ἐὰν
786 1406 850 1433 νοῶ-

45 1464 114 1491 μεν,
140 1453 289 1488 εἰσόμεθα,
309 1453 349 1479 ὅτι
367 1452 499 1479 λυσιτελεῖ
517 1453 576 1488 μεθ’
599 1451 731 1479 ὁποσαοῦν
758 1452 849 1488 ἁμαρ-

42 1502 166 1537 τήματα
185 1501 334 1535 μετανοεῖν,
356 1500 399 1526 ἴνα
422 1499 491 1535 πρὸς
514 1498 552 1534 τῷ
577 1498 614 1534 μὴ
636 1499 700 1534 περὶ
720 1498 849 1525 πλειόνων

43 1547 218 1579 κολάζεσθαι
242 1547 316 1582 ἡμᾶς
339 1547 386 1573 καὶ
408 1546 472 1582 περὶ
491 1545 600 1580 ἀγαθῶν
625 1545 702 1576 ἐλπίς
717 1554 760 1577 τις
782 1545 850 1580 ἡμῖν

44 1593 169 1628 ὕστερόν
180 1601 245 1618 ποτε
260 1592 314 1619 τῶν
331 1593 533 1628 πεπραγμένων
550 1591 709 1626 ἀπολειφθῇ,
725 1591 778 1617 κᾶν
795 1591 847 1626 πρδ

43 1637 145 1665 αὐτῶν
165 1637 249 1672 μυρία
269 1637 318 1663 ὅσα
335 1636 503 1672 ἐπταισμένα
518 1637 572 1663 τινι
610 1645 617 1651 ⁸
630 1636 729 1663 ἄτοπον
745 1635 799 1671 γὰρ
813 1635 847 1662 τὰ

45 1685 102 1719 μὲν
117 1683 230 1719 χείρονα
249 1682 405 1718 λογισθῆναί
421 1691 484 1713 τινι,
502 1682 536 1708 τὰ
551 1683 578 1708 δὲ
597 1682 666 1717 μετὰ
686 1682 720 1708 τὰ
741 1682 850 1717 χείρονα

43 1730 201 1766 κρείττονα
223 1729 304 1765 μηδὲν
326 1728 448 1763 ὠφελεῖν,
469 1729 540 1764 ειπερ
557 1729 605 1755 καὶ
629 1728 683 1755 ἀπὸ
703 1727 750 1754 τοῦ
771 1727 850 1759 Ἰεζε-

41 1776 115 1812 κιὴλ
137 1777 196 1806 τοῖς
218 1775 356 1810 ἐπιμελῶς
376 1774 491 1810 τηροῦσι
507 1774 541 1801 τὰ
558 1774 622 1810 περὶ
646 1774 700 1800 τῶν
722 1773 850 1800 τοιούτων

43 1822 126 1860 ρητὰ
144 1821 200 1847 ἐστι
215 1821 319 1856 μαθεῖν.

862 1562 883 1591 c
903 1546 929 1573 id
946 1546 1020 1581 quod
1037 1546 1062 1572 in
1080 1545 1198 1573 Psalmis
1221 1546 1256 1572 ita
1271 1546 1372 1573 dictum
1391 1550 1432 1573 est
1447 1546 1470 1561 “
1497 1555 1503 1573 :

901 256 1079 291 quoadusque
1091 255 1331 287 veniatDoniinus,
1345 256 1391 291 qui
1407 261 1433 283 et
1447 257 1611 284 illuminahit
1625 258 1688 286 abs-

901 303 1007 330 condita
1034 303 1225 334 tenebrarum,
1249 307 1274 329 et
1295 303 1483 330 manifestabit
1500 304 1615 331 consilia
1627 311 1690 331 cor-

901 351 975 377 dium
991 350 1024 378 ".
1043 360 1052 376 ι
1079 351 1117 376 Ad
1145 350 1170 377 id
1197 355 1287 377 autem
1310 350 1382 384 quod
1404 351 1536 378 adversus
1558 351 1689 378 leviorum

902 405 1035 424 noxarum
1053 405 1113 424 reos
1137 396 1233 423 durius
1256 397 1459 430 pronuntiatum
1476 397 1601 430 videtur,
1619 397 1690 424 dicet

901 443 999 477 aliquis
1022 451 1083 470 eum
1110 443 1155 477 qui
1182 443 1221 469 bis
1244 443 1340 469 ordine
1361 450 1464 469 morem
1487 451 1541 470 non
1563 444 1691 478 gesserit,

902 489 980 516 tertio
1005 490 1041 516 ita
1071 489 1258 523 obtemperare
1281 496 1334 515 nou
1365 497 1463 524 posse,
1493 494 1523 516 ut
1547 495 1690 524 propterea

901 535 1025 562 ethnicus
1043 535 1161 569 amplius
1173 555 1180 566 ,
1200 535 1395 569 publicanusve
1410 543 1462 561 non
1477 535 1533 568 sit,
1556 543 1606 562 nec
1621 543 1690 570 opus

901 579 925 606 ei
944 580 979 606 sit
996 585 1024 606 ut
1036 588 1129 606 coram
1154 584 1208 606 tota
1224 579 1343 606 Ecclesia
1363 586 1502 613 arguatur.
1536 579 1602 607 lllud
1617 582 1689 608 enim

901 626 928 653 in
944 627 1104 654 memoriam
1131 627 1312 653 revocandum
1335 631 1398 653 est:
1420 636 1429 651 ι
1447 626 1492 653 Sic
1509 635 1561 653 non
1584 632 1622 654 est
1643 636 1690 654 vn-

901 672 990 699 luntas
1013 677 1075 699 ante
1088 672 1193 699 Patrem
1212 680 1301 699 meum
1316 672 1362 706 qui
1379 673 1405 698 in
1421 673 1497 699 caelis
1512 677 1564 704 est,
1580 679 1608 699 ut
1624 679 1681 707 per-

900 722 944 745 eat
976 726 1047 745 unus
1071 719 1104 745 de
1121 719 1226 753 pusillis
1251 719 1309 745 istis
1325 718 1458 750 "unam
1476 718 1617 745 sitomnes
1640 726 1690 745 nos

900 770 989 792 astare
1015 769 1121 799 oportet
1146 770 1208 792 ante
1237 765 1355 791 tribunal
1381 764 1502 797 Christi,
1532 769 1562 791 ut
1588 763 1688 791 referat

900 811 1092 846 unusquisque
1116 811 1224 845 propria
1248 811 1388 845 corporis,
1410 815 1491 844 prout
1511 810 1613 844 gessit,
1632 809 1689 836 sive

901 856 1002 883 bonum
1014 877 1021 887 ,
1046 856 1103 883 sive
1117 856 1217 883 malum
1231 856 1254 872 ³⁸
1265 876 1271 886 ,
1292 865 1301 882 ›
1318 855 1507 889 unusquisque
1521 855 1586 882 eniti
1600 855 1690 888 debet,

866 891 885 917 Β
900 910 934 929 ne
948 903 1066 937 plurium
1091 902 1161 928 male
1185 907 1322 937 gestarum
1345 910 1390 935 per
1403 909 1503 935 corpus
1522 909 1611 927 rerum
1629 908 1689 935 pae-

900 957 962 976 nam
979 948 1087 980 referat,
1112 949 1219 976 etiamsi
1238 956 1285 983 pro
1303 948 1382 975 noxis
1396 948 1474 982 plane
1493 947 1620 974 onmibus
1633 955 1648 973 a
1661 953 1692 974 se

900 994 1026 1022 admissis
1040 995 1198 1029 plcctemlus
1209 995 1261 1026 sit;
1277 994 1322 1021 sed
1339 999 1368 1020 ut
1383 995 1502 1028 p'urtum
1516 998 1588 1020 recte
1606 992 1691 1019 facto-

900 1049 960 1068 rum
975 1041 1126 1068 mercedem
1146 1041 1254 1072 referat,
1267 1040 1340 1067 omni
1356 1047 1406 1073 ope
1422 1039 1459 1066 illi
1472 1039 1689 1065 contendendum

900 1092 952 1120 est,
971 1087 1101 1121 quoniam
1119 1097 1128 1112 ‹
1147 1095 1199 1121 qua
1215 1095 1343 1114 mensura
1362 1086 1499 1117 metimur,
1527 1093 1558 1111 ea
1575 1084 1690 1111 metien-

901 1138 944 1160 tur
959 1134 1037 1160 nobis
1055 1134 1099 1160 alii
1116 1133 1194 1164 ",tet
1211 1142 1217 1160 :
1236 1142 1244 1158 ι
1262 1132 1422 1160 Distributio
1440 1140 1569 1158 manuum
1585 1135 1690 1158 nostra-

900 1188 960 1206 rum
975 1181 1019 1206 liet
1041 1181 1120 1208 nobis
1137 1180 1170 1210 ⁵⁸,
1189 1189 1197 1204 ι
1217 1187 1265 1206 nec
1286 1179 1407 1206 inﬁnitas
1419 1199 1425 1210 ,
1442 1178 1488 1206 sed
1513 1178 1626 1212 tlnplas,
1644 1184 1689 1204 se-

901 1226 1042 1260 ptuplasve
1069 1225 1186 1253 Domino
1201 1233 1250 1260 pro
1273 1225 1378 1252 delictis
1399 1232 1494 1259 poenas
1511 1224 1614 1250 dabunt
1628 1230 1691 1257 pec-

901 1275 1024 1303 calores,
1039 1271 1261 1305 quandoquidem
1278 1278 1331 1297 non
1351 1270 1498 1304 unicuique
1512 1269 1589 1304 juxta
1608 1276 1689 1302 opera

901 1325 1032 1344 manuum
1058 1317 1118 1351 ejus
1132 1317 1302 1347 retribuitur,
1326 1316 1372 1344 sed
1386 1316 1463 1350 plura
1478 1322 1558 1349 quam
1576 1322 1636 1348 qua:
1651 1313 1683 1340 fr-

901 1362 955 1395 cit;
975 1371 984 1387 ι
997 1361 1149 1389 Jerusalem
1168 1372 1176 1387 I
1195 1362 1361 1393 enim,sicut
1378 1370 1409 1388 ex
1427 1361 1493 1387 Isaia
1508 1360 1640 1387 discimus
1655 1360 1688 1393 ⁵⁸,

904 1417 914 1434 σ
933 1409 1053 1443 ευδυρρίι
1068 1409 1101 1435 de
1117 1416 1198 1435 manu
1215 1407 1322 1434 Domini
1347 1407 1464 1442 duplicia
1491 1415 1539 1441 pro
1562 1407 1689 1435 omnibus

900 1456 1020 1489 peccatis
1044 1455 1115 1487 suis;
1134 1464 1143 1479 ι
1161 1459 1188 1482 at
1202 1454 1249 1487 qui
1265 1453 1345 1480 vicini
1368 1458 1432 1481 sunt
1447 1453 1528 1480 Israel
1540 1473 1546 1484 .
1573 1453 1689 1488 quicun-

901 1508 954 1535 que
979 1500 1087 1527 tandem
1114 1500 1152 1526 illi
1177 1500 1242 1531 sint,
1269 1500 1421 1534 septuplum
1447 1499 1596 1534 recipient,
1612 1499 1688 1534 juxta

1532 1555 1541 1572 ‹
1560 1546 1592 1573 Ει
1608 1547 1689 1574 redde

900 1592 998 1619 vicinis
1026 1593 1128 1619 nostris
1153 1592 1307 1626 septuplnm
1323 1593 1349 1618 in
1370 1593 1432 1619 sinu
1457 1600 1552 1619 eorum
1565 1613 1572 1624 ,
1589 1593 1691 1627 impro-

900 1637 1005 1672 perium
1031 1638 1172 1672 ipsorum,
1192 1638 1265 1672 quod
1291 1638 1525 1672 cxprobraverunt
1548 1639 1612 1669 tibi,
1639 1639 1690 1665 Do-

900 1682 984 1709 mine.
1013 1691 1022 1709 ι
1048 1683 1087 1709 Ac
1116 1683 1176 1710 alite
1195 1683 1305 1717 quidem
1339 1683 1509 1717 pensationis
1532 1683 1626 1710 formae
1648 1690 1690 1710 re-

902 1729 984 1763 periri
1011 1733 1129 1763 queant,
1157 1736 1226 1762 quas
1249 1728 1271 1755 si
1293 1728 1385 1755 animo
1412 1733 1573 1761 teneamus,
1596 1728 1688 1755 utilem

901 1782 961 1801 esse
977 1779 1036 1809 post
1051 1779 1264 1808 quantacunque
1278 1779 1389 1809 peccata
1414 1775 1603 1808 paenitentiam
1618 1774 1688 1800 scie-

902 1827 974 1853 mus;
988 1819 1068 1854 613
1086 1824 1116 1845 ut
1129 1823 1309 1853 praeterquam
1328 1819 1399 1853 quod
1415 1819 1593 1853 plurimorum
1620 1818 1689 1844 faei—

43 1877 154 1897 norum
174 1877 269 1902 pmnas
295 1877 348 1896 non
365 1869 482 1900 luemus,
511 1867 601 1903 aliqua
616 1868 697 1895 etiam
725 1867 805 1894 nobis
828 1874 890 1901 spes
910 1875 959 1901 pro
976 1867 1045 1894 bene
1062 1867 1158 1893 deinde
1181 1867 1265 1901 gestis
1282 1866 1410 1900 supersit,
1435 1866 1540 1893 etiamsi
1563 1870 1690 1893 sexcenta

42 1917 130 1953 prius
144 1916 244 1951 ﬂagitia
265 1917 383 1944 admissa
399 1917 462 1944 sint.
478 1917 499 1942 A
511 1916 616 1943 ratione
624 1916 695 1943 enim
713 1915 830 1942 alienum
845 1919 887 1942 est
900 1915 970 1941 mala
985 1915 1135 1942 rationibus
1148 1914 1263 1949 alicujus
1275 1914 1380 1946 inferri,
1397 1922 1445 1941 nec
1456 1914 1604 1949 quidquam
1617 1917 1691 1941 recte

656 1973 771 2001 VETUS
791 1973 1084 2001 INTERPRETATIO.

43 2037 197 2064 inducere.
220 2035 275 2062 Nec
291 2036 363 2063 enim
381 2036 508 2063 existimo
528 2036 583 2063 cito
602 2035 719 2069 aliquem
736 2035 851 2062 inveniri
873 2035 899 2061 in
915 2034 1046 2064 Ecclesia.
1063 2035 1109 2069 qui
1126 2042 1179 2061 nou
1192 2035 1247 2068 jam
1265 2040 1306 2062 ter
1320 2035 1345 2061 in
1358 2035 1452 2061 eadem
1477 2034 1555 2068 culpa
1578 2037 1689 2069 argutus

44 2074 99 2103 sit,
118 2075 216 2105 utputa
240 2071 265 2097 in
282 2071 462 2103 detractione,
495 2079 550 2104 qua
577 2068 692 2097 invicem
712 2071 835 2097 homines
849 2070 996 2097 detrahunt
1011 2068 1141 2104 proximis
1159 2071 1227 2101 suis,
1249 2075 1295 2096 aut
1322 2069 1470 2101 inﬂatione,
1489 2074 1536 2096 aut
1552 2068 1687 2105 iniepula«

43 2103 211 2137 tionem—aut
232 2106 258 2132 in
275 2107 357 2133 verbo
380 2103 513 2133 mendacii
534 2106 576 2132 vel
594 2105 693 2136 otioso,
710 2110 757 2131 aut
779 2106 805 2131 in
825 2105 871 2132 tali
889 2105 979 2140 aliqua
998 2103 1076 2139 culpa
1101 2105 1162 2140 levi,
1178 2113 1239 2140 qum
1262 2105 1342 2132 etiam
1368 2105 1395 2131 in
1420 2104 1481 2140 illis,
1496 2103 1690 2140 quirvidentur

44 2142 191 2176 prolicere
215 2141 242 2167 in
258 2140 393 2172 Ecclesia,
412 2141 568 2175 frequenter
593 2140 777 2176 inveniuntur.
797 2139 945 2176 Considera
956 2147 1034 2176 pergo
1049 2148 1082 2167 ne
1097 2139 1166 2167 forte
1180 2139 1207 2167 ct
1221 2140 1280 2167 illos
1297 2140 1343 2174 qui
1359 2139 1538 2176 aestimatione
1552 2139 1691 2176 immensa:

43 2173 255 2204 misericordia:
268 2175 381 2208 Christi,
399 2173 480 2202 etiam
507 2177 538 2202 ad
558 2180 668 2210 peccata
693 2175 797 2209 majora
814 2175 870 2202 haec
893 2173 1028 2208 pertinere
1046 2175 1267 2209 interpretantur.
1294 2173 1411 2208 prmerit
1444 2174 1596 2201 intellectus
1620 2173 1688 2200 loci.

42 2218 74 2238 et
95 2211 169 2237 istos
183 2211 229 2245 qui
246 2211 302 2237 hac
317 2212 350 2238 ad
368 2211 480 2237 minima
502 2215 611 2245 peccata
635 2214 762 2237 asserunt
777 2210 923 2245 pertinere,
941 2214 968 2236 et
982 2215 1123 2244 propterea
1141 2215 1310 2241 peccatorcm
1325 2210 1500 2236 minimorum
1517 2213 1688 2245 peccatoi'unt

46 2246 111 2274 nisi
136 2245 180 2272 bis
193 2242 304 2280 'velrter
327 2252 439 2280 argutus
464 2242 649 2272 emendaverit
667 2253 706 2278 se,
724 2242 815 2272 statim
836 2245 907 2272 sicut
933 2242 1071 2280 eumnam
1099 2249 1126 2271 ct
1143 2245 1316 2279 publicanum
1339 2245 1395 2271 ﬁeri
1412 2242 1590 2271 arbitrantur.
1616 2242 1687 2276 Quid

42 2280 144 2314 ergo?
167 2281 194 2307 Is
210 2279 255 2314 qui
280 2285 320 2307 ter
336 2279 450 2315 argutus
469 2280 547 2315 quasi
569 2280 694 2307 ethnicus
716 2284 741 2307 et
754 2280 916 2314 publicanus
934 2279 1020 2306 fartus
1038 2279 1119 2306 fuerit
1140 2280 1273 2314 arguenti,
1289 2283 1379 2306 utrum
1396 2279 1509 2305 omnino
1525 2282 1625 2315 pereat:
1643 2282 1691 2315 aut

42 2312 161 2349 aliquid
180 2312 308 2349 patiatur,
322 2312 393 2343 Deus
409 2312 539 2347 scitfuos
554 2319 644 2342 autem
661 2312 837 2349 pronuntiare
854 2322 907 2341 non
922 2322 1067 2348 possumus
1092 2312 1240 2341 secundum
1257 2315 1329 2348 quod
1352 2315 1482 2347 scriptmn
1499 2318 1560 2340 est:
1577 2323 1586 2338 ι
1602 2312 1690 2349 Nolite

39 2348 191 2386 judicare,
206 2354 236 2376 ut
249 2357 302 2386 non
323 2350 494 2386 judicemini.
511 2361 520 2375 )
545 2348 757 2386 ΙιθιηνελιΝοιιιε
779 2354 842 2386 ante
870 2354 975 2386 tempus
990 2349 1054 2384 quid
1067 2349 1198 2386 jntlicare,
1215 2350 1301 2386 donec
1318 2349 1407 2386 veniat
1420 2349 1551 2386 Dominus
1565 2349 1611 2386 qui
1624 2348 1689 2386 illu-

43 2383 175 2414 ininabit
189 2385 294 2412 occulta
310 2383 495 2417 tenebrarum,
509 2389 536 2412 et
551 2384 736 2412 manifestabit
748 2385 861 2412 consilia
878 2383 1013 2415 cordium,
1026 2393 1034 2409 ι
1053 2384 1170 2418 primmn
1187 2384 1306 2419 quidem,
1325 2385 1452 2418 quoniam
1470 2384 1532 2411 licet
1548 2383 1630 2419 eiqui
1650 2387 1690 2409 ter

41 2425 173 2455 argutus
190 2427 244 2446 non
259 2420 408 2451 obaudivit,
424 2420 452 2446 iu
466 2425 564 2454 quarto
576 2420 680 2455 audire,
698 2424 728 2446 ut
740 2421 796 2453 jam
814 2427 867 2446 non
884 2420 918 2446 sit
929 2420 1004 2455 sicut
1017 2417 1142 2455 ethnicus
1156 2425 1183 2445 ct
1196 2417 1368 2454 publicanus.
1386 2418 1519 2455 Memores
1539 2417 1611 2445 enim
1627 2425 1689 2455 esse

41 2452 191 2483 debemus
208 2455 267 2488 ejus
282 2455 353 2489 quod
368 2452 546 2482 dictum—est:
570 2464 579 2480 ι
595 2454 641 2482 Sic
655 2463 707 2481 non
725 2452 766 2482 est
785 2455 912 2481 voluntas
928 2454 1014 2480 Patris
1035 2454 1097 2486 mei,
1112 2458 1141 2480 ut
1155 2452 1225 2481 unus
1240 2462 1271 2480 ex
1295 2454 1415 2480 minimis
1441 2454 1500 2480 istis
1515 2458 1624 2489 pereat;
1648 2452 1688 2478 sic

41 2492 129 2518 ruim
151 2494 260 2524 oportet
274 2488 325 2516 nos
338 2497 433 2517 omnes
451 2490 608 2524 praesentari
624 2494 686 2516 ante
706 2489 824 2516 tribttnal
835 2489 948 2521 Christi,
964 2495 994 2515 ut
1008 2494 1126 2523 reportet
1140 2489 1327 2523 unusquisque
1343 2489 1450 2522 propria
1466 2488 1588 2522 corporis
1608 2492 1689 2520 prout

41 2524 153 2560 gessit.
175 2524 233 2552 sive
257 2525 369 2557 bonum,
392 2525 450 2551 sive
471 2525 583 2551 malum.
600 2534 609 2550 ι
633 2524 733 2551 Deinde
752 2524 815 2559 quia
836 2525 967 2558 scriptum
993 2530 1050 2551 est:
1066 2534 1075 2549 ι
1093 2524 1247 2551 Secundum
1272 2531 1353 2560 opera
1378 2531 1507 2560 manuum
1536 2527 1688 2560 vestrarum

41 2557 198 2592 continget
219 2559 310 2588 vobis:
337 2569 346 2584 ι
381 2565 407 2586 et
432 2567 483 2586 non
509 2559 705 2593 multipliciter,
732 2557 778 2586 aut
801 2559 960 2594 dupliciter,
984 2564 1031 2585 aut
1054 2559 1239 2594 septupliciter
1265 2559 1395 2592 recipient
1418 2559 1451 2586 de
1481 2565 1562 2594 manu
1582 2557 1689 2594 Domini

44 2598 229 2630 peccatores.
269 2595 427 2630 Aliquando
457 2600 545 2620 autem
575 2591 628 2620 non
655 2594 804 2621 secundum
837 2591 919 2628 opera
955 2591 1092 2630 ntanuum’
1118 2591 1238 2630 hominis
1267 2591 1462 2630 redditurrei,
1496 2593 1543 2619 sed
1573 2591 1690 2630 {mplius

42 2625 138 2665 iluam
177 2630 301 2663 peccavit
323 2625 336 2655 ἐ
358 2638 386 2665 -ιν
415 2628 564 2656 Jerusalem
579 2630 668 2656 lenim
682 2648 689 2660 ,
728 2629 798 2656 sicut
831 2625 923 2656 docuit
961 2628 1060 2665 Isaias,
1079 2637 1087 2652 ι
1104 2629 1222 2662 duplicia
1242 2629 1356 2665 recepit
1394 2629 1428 2655 de
1451 2635 1547 2665 Amanu
1580 2625 1689 2665 Domini

41 2660 85 2694 όι»
107 2671 162 2691 sua
177 2660 300 2699 peccata.
318 2674 327 2688 ι
358 2663 444 2690 Vicini
467 2669 557 2691 autem
577 2665 670 2695 Israel,
690 2665 845 2699 quicunque
872 2668 935 2691 sunt
954 2664 1003 2695 illi,
1023 2660 1176 2699 septuplnm
1195 2660 1338 2699 recipiunt,
1358 2662 1592 2699 secuudutnrquod
1607 2660 1644 2689 ait
1658 2660 1689 2699 in

46 2695 188 2735 l’salmoi
212 2709 220 2723 ι
235 2698 327 2726 Redde
346 2699 442 2735 vicinis
471 2699 572 2726 nostris
594 2695 929 2735 septuplnmrin'ﬁnibus
945 2695 1076 2735 eorum.)
1154 2699 1199 2735 alii
1224 2695 1400 2735 inscitiuntur
1422 2695 1583 2735 redditionis
1604 2695 1689 2735 modi.
1726 2723 1737 2735 ,κ

41 2743 124 2771 quos
137 2734 164 2761 si
177 2734 374 2771 intelligamus,
391 2731 653 2771 seiemnsquoniam
669 2731 957 2771 expedit‘t-eciperciu»
967 2734 1017 2760 hoc
1035 2734 1146 2771 uittndo.
1165 2732 1317 2771 Novissime
1335 2740 1423 2759 autem
1440 2733 1504 2767 quia
1521 2739 1575 2760 non
1590 2731 1691 2771 pariter

41 2767 137 2801 dixit,
160 2769 233 2796 sicut
255 2767 382 2796 ethnicus
402 2774 429 2795 et
444 2767 616 2802 publicanus,
639 2769 686 2796 sed
706 2767 743 2795 ita
766 2769 801 2796 sit
824 2767 881 2796 tibi.
907 2768 958 2802 Qui
977 2776 1042 2803 ergo
1066 2769 1092 2795 in
1111 2772 1220 2802 peccato
1245 2768 1296 2794 levi
1314 2771 1522 2801 correptus.ter,
1539 2767 1689 2794 secundum

85 2826 113 2842 ⁵³
135 2824 234 2851 Matth.
250 2832 296 2854 vn,
314 2826 336 2851 Ι.
375 2825 398 2840 ⁸⁸
418 2824 501 2851 ltior.
519 2833 555 2857 tv,
571 2825 597 2852 5.
636 2825 659 2841 "
679 2825 770 2853 Matth.
787 2834 819 2852 xv

757 2836 770 2852 ι.
787 2834 864 2858 xrtn,
884 2827 924 2853 Η.
963 2826 986 2841 ³⁸
1006 2825 1024 2852 ΙΙ
1041 2826 1105 2853 (lor.
1122 2833 1148 2857 ι’,
1169 2825 1209 2851 10.
1248 2825 1270 2840 ³⁷
1291 2823 1385 2851 Matth.
1401 2831 1449 2856 \‘ll,
1465 2823 1491 2851 Ξ.

45 2863 96 2890 Η.
141 2860 167 2875 ¹⁹
190 2859 242 2886 lsa.
259 2862 341 2892 Μηνὶ.
382 2860 403 2874 ⁸⁰
424 2859 495 2886 Psal.
513 2868 626 2890 cxxvm.
647 2860 688 2886 12.

1532 2824 1554 2839 ⁵⁸
1575 2822 1626 2849 lsa.
1645 2830 1687 2858 ιιι⁷
