1859 3051
58 164 124 191 1181

519 166 696 194 COMMENT.
720 167 753 194 IN
774 167 982 196 MATTll/EUM
1006 170 1124 199 TOMUS
1146 171 1214 200 XlV.

1623 176 1690 202 “8‘2

54 223 161 255 κλεῖδας
176 224 225 259 οὐχ
248 224 306 256 ἐνὸς
326 226 451 260 οὐρανοῦ,
473 226 542 253 ἀλλὰ
566 227 705 260 πλειόνων,
728 229 775 256 καὶ
791 229 833 257 ἵνα

898 239 1000 266 eosque
1009 233 1056 267 qui
1068 237 1109 260 ter
1122 232 1218 261 fratres
1227 233 1449 268 objurgavcrunt,
1462 242 1622 262 communes
1631 244 1691 264 esse

52 269 103 295 ὅσα
114 269 163 295 ὲὰν
177 269 245 306 δήσῃ
259 270 305 296 ἐπὶ
323 271 372 306 τῆς
386 271 448 306 γῆς,
500 272 627 308 δεδεμένα
641 273 691 301 οὐκ
705 274 734 301 ὲν
748 275 788 301 ἐνὶ
802 275 848 301 οὑ-

54 315 139 350 ρανῷ,
155 315 213 342 ἀλλ’
230 317 259 343 ὲν
274 317 356 343 πᾶσιν
367 317 469 351 αὐτοῖς,
484 319 552 354 πρὸς
567 320 631 351 τοὺς
647 320 761 352 πολλοὺς
772 321 847 348 δέον-

51 369 103 393 τας
118 361 165 388 ἐπὶ
179 361 229 397 τῆς
243 362 304 398 γῆς,
322 363 369 390 καὶ
380 363 493 396 λύοντας
503 364 550 390 ἐπὶ
564 365 612 400 τῆς
623 366 684 401 γῆς,
700 365 769 393 ὥστε
782 367 848 393 ταῦ-

49 414 84 432 τα
95 406 230 439 δεδέσθαι,
247 409 294 434 καὶ
309 408 436 436 λελύσθαι
457 410 507 437 οὐκ
530 411 559 438 ὲν
579 411 713 446 οὐρανοῖς,
736 412 774 444 ὡς
802 413 848 438 ἐπὶ

51 452 168 488 Πέτρου,
190 453 247 480 ἀλλ’
269 454 295 480 ὲν
318 455 422 491 οὐρανῷ
444 456 493 482 ἐνί·
518 457 549 483 οὐ
567 457 622 493 γὰρ
635 457 801 484 διαὸαινουσι
813 459 846 494 τῇ

53 495 180 534 δυνάμει,
192 498 230 531 ὡς
244 499 356 536 Πέτρος,
371 501 413 527 ἵνα
424 501 541 536 δήσωσιν
553 502 569 537 ἢ
585 503 702 530 λύσωσιν
718 504 747 530 ὲν
764 506 847 531 πᾶσιν

49 545 187 580 οὐρανοῖς.
215 546 290 582 ’ὐσῳ
310 545 357 574 οὖν
377 546 489 582 βελτίων
509 548 523 574 ὁ
545 549 694 584 δεσμεύων,
718 550 845 577 τοσοῦτον

51 591 260 627 μακαριώτερος
282 593 296 618 ὀ
314 592 471 626 λελυμένος,
497 594 535 626 ὡς
558 595 605 621 καὶ
631 596 769 631 πανταχοῦ
790 597 845 623 τῶν

48 636 175 672 οὐρανῶν
187 635 257 665 εἶναι
273 638 355 666 αὐτοῦ
368 640 398 666 τὸ
413 640 550 668 λελύσθαι.

900 278 1035 306 videnlur.
1052 279 1107 306 Nec
1123 280 1195 307 enim
1209 280 1304 314 exigua
1316 280 1466 308 differentia
1479 285 1521 308 est
1535 281 1624 309 claves
1636 290 1690 309 non

903 326 984 352 unius
999 325 1061 352 coeli
1077 325 1197 357 Petrum,
1216 327 1262 354 sed
1286 327 1466 361 plurimorum
1486 328 1638 362 accepisse;
1664 333 1692 356 et

902 379 1072 406 quzecunquc
1097 380 1178 407 super
1204 377 1303 399 terram
1322 373 1490 407 alligaverit,
1509 381 1563 400 non
1584 373 1610 400 in
1635 381 1691 400 uno

902 417 982 450 coelo,
996 418 1043 445 sed
1057 418 1084 444 in
1099 418 1226 446 omnibus
1242 418 1323 453 ligata
1335 425 1405 449 esse,
1419 426 1474 453 pra:
1492 419 1616 453 pluribus
1629 419 1690 447 aliis

899 464 946 499 qui
961 471 1043 499 super
1058 468 1157 491 terram
1170 469 1197 491 et
1212 465 1323 500 alligant
1339 469 1366 492 et
1383 465 1507 497 solvunt,
1525 465 1562 493 ita
1583 470 1612 492 ut
1632 466 1690 494 hanc

898 510 1007 545 alligata
1021 514 1047 537 et
1063 510 1151 537 soluta
1167 510 1221 537 sint
1235 518 1288 538 non
1303 511 1329 537 in
1345 511 1430 541 caelis.
1444 511 1515 539 sicut
1528 510 1609 539 Petro
1621 519 1689 538 con-

897 565 1005 585 cessum
1021 561 1072 589 est;
1087 557 1134 584 sed
1148 556 1175 583 in
1196 565 1251 583 uno
1271 556 1341 584 coelo
1363 565 1370 583 :
1391 564 1441 584 nec
1457 557 1529 583 enim
1551 564 1583 583 eo
1606 564 1690 591 pene-

899 603 987 630 trandi
1005 602 1134 630 facultate
1148 603 1259 638 pollent,
1276 603 1506 637 quemadmodum
1527 603 1638 635 Petrus,
1657 606 1690 630 ut

898 649 1009 684 alligent
1023 649 1063 676 vcl
1080 649 1187 676 solvant
1202 648 1228 675 in
1243 648 1370 675 omnibus
1386 648 1473 675 ctelis.
1487 648 1546 681 Quo
1556 653 1686 682 praestan—

898 695 951 722 tior
965 702 1030 729 ergo
1047 694 1129 721 fuerit
1143 694 1188 729 qui
1205 694 1306 729 alligat.
1324 701 1357 721 eo
1368 693 1472 721 felicior
1487 694 1533 728 qui
1549 693 1630 719 fuerit
1641 700 1688 720 so-

898 741 983 773 lutus,
1001 748 1063 767 cum
1082 740 1109 767 in
1124 739 1252 767 omnibus
1270 739 1350 774 plane
1365 740 1441 767 caelis
1458 740 1564 767 solutus
1575 740 1621 767 sit.

650 794 766 822 VETUS
787 795 1081 824 INTERPRETATIO.

51 839 165 873 terram,
185 834 240 862 sint
253 835 341 873 soluta
356 842 410 873 non
425 835 513 873 solum
530 835 557 862 in
573 843 628 873 uno
643 835 725 867 ccelo,
746 836 792 873 sed
809 835 836 862 in
851 837 977 873 omnibus
997 837 1082 873 caelis.
1098 837 1139 873 Ad
1158 845 1204 864 eos
1219 841 1309 864 autem
1328 838 1374 872 qui
1389 839 1466 865 multi
1482 843 1546 866 sunt
1560 839 1686 873 ligatore:

51 875 78 897 et
92 870 231 908 solut0res
252 870 279 897 in
302 876 374 908 terra
388 870 427 897 sic
441 871 516 908 dicit,
528 875 564 908 _ut
576 871 682 898 solvant
695 871 857 908 etalligent,’
870 879 925 908 non
943 872 970 898 in
989 872 1064 900 ccelis
1082 872 1152 908 sicut
1166 873 1271 904 Petrus,
1287 870 1375 908 sed‘in
1393 882 1447 900 uno
1461 874 1539 905 cutio,
1555 870 1617 908 quia
1630 882 1686 901 non

51 906 159 944 suttt__in
175 910 249 932 tanta
263 906 430 944 perfectione
445 906 516 933 sicut
528 906 634 944 Petrus,
648 911 679 933 ut
693 907 803 944 alligent
817 907 859 933 vel
874 907 983 944 solvant
1001 907 1027 934 in
1048 907 1174 934 omnibus
1193 908 1278 935 coelis.
1294 907 1400 940 Quanto
1416 916 1479 944 ergo
1493 906 1588 936 melior
1605 909 1686 936 fuerit

51 941 95 979 qui
112 941 188 979 ligat,
207 945 288 979 tanto
296 941 345 979 qui
355 941 478 979 alligatur
493 941 609 979 amplius
624 941 745 979 quam__in
758 949 812 979 uno
830 942 899 968 coelo
912 942 1034 979 alligatur
1048 951 1053 969 :
1073 947 1100 970 et
1111 947 1212 977 quanto
1227 943 1320 970 melior
1342 944 1423 971 fuerit
1445 941 1489 979 qui
1506 944 1594 977 solvit,
1613 949 1687 971 tanto

51 975 158 1003 beatior
176 975 228 1003 erit
244 976 290 1010 qui
306 975 430 1008 solvitur,
447 975 575 1011 quoniam
590 976 618 1003 in
633 975 762 1004 ouinibus
774 977 879 1003 solutus
893 982 935 1004 est
950 975 1035 1004 caelis.

721 1131 913 1175 ΤΟΜΟΣ
936 1128 1018 1176 ΙΔ⁷.

451 1308 572 1354 TOM
586 1310 653 1353 US
690 1309 963 1363 QUARTUS
1001 1310 1282 1355 DECIMUS.

89 1490 98 1507 ι
119 1481 204 1508 Πάλιν
216 1481 289 1516 λέγω
309 1483 383 1518 ὑμῖν,
401 1482 451 1514 ὅτι,
470 1482 517 1508 ἐὰν
539 1481 585 1508 δύο
602 1482 678 1518 ὑμῶν
699 1483 830 1519 συμφωνή

934 1482 960 1509 Ι.
978 1491 988 1507 ι
1006 1480 1104 1508 lterum
1121 1479 1183 1507 dico
1199 1480 1275 1506 vobis
1289 1479 1352 1514 quia
1368 1479 1390 1506 si
1411 1479 1465 1507 duo
1480 1487 1511 1506 ex
1527 1479 1605 1508 vobis
1618 1487 1684 1508 con-

53 1535 135 1554 σωσιν
147 1527 195 1553 ἐπὶ
215 1527 265 1562 τῆς
280 1527 341 1562 γῆς,
367 1527 429 1563 περὶ
448 1528 547 1559 παντὸς
564 1530 726 1564 πράγματος
746 1525 777 1555 οὗ
799 1528 845 1555 ἐὰν

52 1573 227 1609 αἰτήσωνται,
249 1573 428 1609 γενηθήσεται
449 1574 549 1605 αὐτοῖς.
580 1583 588 1600 ι
617 1574 727 1610 Κυρίως
744 1573 775 1600 τὸ
796 1574 846 1610 τῆς

53 1619 214 1654 συμφωνίας
224 1619 310 1654 ὄνομα
332 1619 460 1645 τάσσεται
480 1619 525 1645 ἐπὶ
545 1618 600 1646 τῶν
621 1620 690 1646 κατὰ
714 1620 844 1655 μουσικὴν

52 1665 80 1691 ὲν
96 1666 200 1699 φωναῖς
215 1664 361 1700 ἁρμονιῶν.
380 1665 435 1691 Καί
452 1665 505 1690 εἰσί
525 1673 557 1698 γε
576 1665 651 1700 παρὰ
677 1666 732 1697 τοῖς
753 1674 845 1701 μουσι-

51 1711 107 1742 κοῖς
122 1710 239 1745 φθόγγοι
251 1710 381 1744 φθόγγοις
392 1709 545 1745 σύμφωνοι,
558 1710 604 1736 καὶ
619 1710 693 1736 ἄλλοι
702 1710 841 1745 διάφωνον

50 1753 104 1782 οἶδε
118 1757 148 1783 δὲ
163 1757 211 1783 καὶ
230 1757 246 1791 ὴ
265 1756 429 1792 εὐαγγελικὴ
445 1756 540 1792 Γραφὴ
562 1755 616 1792 (89)
638 1756 667 1782 τὸ
690 1755 775 1790 ὖνομα
797 1756 843 1782 ὲπὶ

49 1801 102 1829 τῶν
125 1803 199 1829 κατὰ
229 1795 359 1838 μουσικὴν
383 1804 548 1838 τεταγμένον
568 1803 597 1829 ἑν
620 1802 668 1838 τῷ·
689 1812 698 1829 ι
724 1804 843 1829 Ἤκουσε

49 1848 212 1883 συμφωνίας
226 1848 273 1875 καὶ
297 1849 394 1884 χορῶψ
408 1858 418 1875 ι
437 1849 540 1884 ἔπρεπε
561 1849 615 1883 γὰρ
636 1849 681 1874 ἐπὶ
694 1850 727 1884 τῇ
743 1850 775 1875 ὲκ
794 1857 842 1884 με-

48 1895 157 1926 τανοίας
170 1895 314 1930 συμφωνία
328 1895 396 1929 πρὸς
409 1895 453 1921 τὸν
462 1895 568 1930 πατέρα
578 1894 625 1920 τοῦ
639 1895 691 1921 ἀπὸ
706 1894 843 1926 ἀπωλείας

49 1940 208 1976 εὑρεθέντος
231 1939 288 1967 υἱοῦ
309 1939 474 1976 ἀκουσθῆναι
498 1939 657 1974 συμφωνίαν
676 1941 722 1966 ἐπὶ
744 1941 776 1975 τῇ
799 1941 842 1966 εὐ-

49 1986 172 2022 φροσύνῃ
194 1986 244 2022 τῆς
263 1986 361 2017 οἰκίας.
383 1986 420 2012 Τὸ
441 1986 469 2012 δὲ
489 1986 539 2020 τῆς
557 1985 715 2020 συμφωνίας
728 1986 813 2021 ονομα
828 1987 842 2012 ὁ

49 2032 150 2067 φαῦλος
166 2033 218 2059 οὐκ
233 2031 287 2059 οἶδε
309 2033 412 2063 Λάϐαν,
435 2033 463 2059 ἐν
489 2029 530 2063 οἷς
552 2040 617 2067 φησι
640 2032 707 2067 πρὸς
723 2032 767 2058 τὸν
788 2033 841 2059 Ἰα-

49 2076 114 2104 κὼὃ·
129 2088 138 2104 α
155 2079 214 2105 Καὶ
227 2079 250 2104 εἰ
261 2078 424 2114 ὰνήγγειλάς
440 2086 496 2113 μοι,
506 2077 684 2109 ὲξαπέστειλα
697 2077 730 2104 ἄν
739 2086 768 2104 σε
782 2080 841 2113 μετ’

48 2123 230 2160 εὐφροσύνης,
245 2123 291 2150 καὶ
302 2123 370 2158 μετὰ
387 2124 534 2159 μουσικῶν,
558 2124 604 2150 καὶ
618 2123 778 2158 τυμπάνων,
794 2124 842 2150 καὶ

898 1527 1037 1555 senserint
1045 1534 1127 1561 super
1137 1530 1248 1558 terram,
1261 1526 1294 1553 de
1306 1526 1379 1553 omni
1397 1533 1425 1552 re
1436 1533 1627 1561 quamcunque
1638 1533 1684 1561 pe-

898 1574 999 1605 tierint,
1013 1572 1058 1600 fiet
1069 1572 1122 1600 illis
1136 1572 1168 1599 ⁸³.
1188 1581 1198 1599 ›
1215 1571 1388 1607 Symphoniae
1402 1571 1562 1599 vocabulum
1574 1572 1686 1600 musicis

896 1620 1032 1654 prmcipue
1047 1626 1144 1645 vocum
1160 1618 1337 1646 concentibus
1350 1617 1488 1644 tribuitur.
1502 1616 1535 1644 Et
1549 1622 1612 1644 sunt
1622 1617 1685 1652 qui-

895 1666 957 1692 dem
973 1666 1000 1692 iu
1020 1664 1130 1692 musicis
1147 1664 1206 1691 soni
1220 1663 1295 1691 sonis
1306 1663 1352 1690 alii
1367 1663 1493 1694 consoni,
1509 1662 1555 1690 alii
1569 1663 1683 1701 dissoni;

896 1719 994 1737 nomen
1008 1715 1099 1737 autent
1116 1709 1180 1736 illud
1197 1709 1278 1736 rebus
1295 1709 1406 1736 musicis
1427 1708 1587 1735 attributum
1605 1708 1685 1736 callet

894 1757 1049 1790 evangelica
1066 1756 1206 1789 Scriptura
1220 1756 1272 1782 hoc
1282 1756 1341 1782 loco
1349 1755 1373 1771 “
1385 1764 1392 1782 :
1404 1765 1413 1780 ι
1432 1755 1544 1782 Audivit
1556 1755 1687 1791 sympho-

895 1802 980 1834 niam,
997 1807 1023 1828 et
1047 1802 1178 1833 chorum;
1195 1810 1203 1826 ι
1223 1809 1286 1828 nam
1310 1805 1419 1836 propter
1434 1805 1521 1828 ortam
1550 1809 1583 1828 ex
1596 1802 1685 1836 pumi-

893 1848 977 1874 tentia
985 1847 1175 1882 symphoniam
1187 1847 1232 1874 tilii
1245 1855 1306 1875 cum
1320 1851 1406 1882 patre,
1418 1847 1464 1881 qui
1474 1840 1617 1882 postquam
1626 1855 1684 1882 per-

893 1894 962 1921 ierat
984 1893 1108 1920 inventus
1116 1897 1156 1920 est
1173 1893 1206 1926 ⁶⁵,
1228 1893 1261 1920 ad
1279 1893 1468 1921 oblectandam
1488 1894 1598 1921 domum
1610 1902 1686 1928 sym-

893 1939 1022 1974 phoniam
1041 1938 1129 1966 audiri
1144 1939 1264 1966 decebat.
1282 1938 1384 1966 Nomen
1403 1944 1494 1966 autem
1515 1939 1684 1975 symphoniae

893 1985 978 2020 impio
991 1985 1081 2012 Laban
1098 1985 1248 2020 ignorabile
1260 1984 1322 2018 fuit,
1338 1985 1385 2012 ubi
1400 1986 1457 2020 ipse
1471 1986 1615 2020 alloquens
1635 1985 1683 2014 Ja—

892 2032 943 2058 cob
952 2032 989 2058 ait
999 2031 1021 2047 ⁶⁶
1038 2041 1044 2057 :
1060 2041 1069 2057 ι
1089 2030 1118 2058 Si
1133 2031 1288 2059 uuntiasses
1303 2031 1381 2064 mihi,
1395 2036 1556 2066 prosecutus
1568 2031 1681 2059 fuissem

891 2077 972 2112 615
988 2082 1013 2104 te
1030 2085 1091 2104 cum
1107 2076 1215 2112 gaudio,
1237 2082 1264 2104 et
1281 2077 1411 2109 canticis,
1431 2082 1458 2104 et
1481 2078 1630 2113 tympanis,
1656 2082 1680 2104 ct

892 2123 1015 2150 citharis.
1037 2132 1045 2147 ι
1061 2121 1199 2157 Ejusmodi
1214 2126 1304 2149 autem
1327 2123 1495 2158 symphonia
1520 2123 1609 2150 simile
1629 2128 1681 2155 est,

48 2152 345 2205 utﬂ'dpag.»r’.ABakcpov
360 2152 393 2195 δὲ,
414 2169 463 2204 τῆς
488 2152 614 2204 τοιαύτης
639 2152 797 2204 συμφωνίας
810 2169 833 2195 τὶ

893 2168 963 2203 quod
972 2152 1093 2194 secundo
1108 2166 1211 2201 Regum
1220 2171 1320 2198 exstat,
1335 2152 1445 2202 quando
1459 2168 1582 2195 videlicet
1594 2179 1601 2192 ι
1625 2168 1681 2196 fra-

48 2213 76 2239 ὲν
97 2215 131 2249 τῇ
157 2213 182 2249 β’
194 2213 248 2240 τῶν
274 2213 442 2241 Βασιλειῶν
465 2213 665 2249 γεγραμμένον,
686 2213 766 2248 ἡνίκα
783 2222 792 2238 ι
815 2213 840 2239 ot

47 2259 155 2295 ἀδελφοὶ
175 2271 185 2286 ι
202 2260 249 2288 τοῦ
272 2260 421 2296 Ἀμιναδάϐ
437 2260 491 2296 (90)
517 2270 526 2286 ι
561 2259 722 2295 ἐπορεύοντο
737 2259 840 2295 ἔμπρο-

892 2219 946 2240 tres
957 2223 965 2238 ν
985 2213 1138 2239 Aminadab
1148 2221 1157 2236 ε
1170 2213 1245 2240 ibant
1256 2217 1324 2240 ante
1332 2222 1424 2242 arcam
1436 2222 1442 2246 ;
1460 2214 1542 2241 David
1555 2219 1645 2242 autem
1655 2218 1681 2242 et

890 2259 976 2294 ipsius
1002 2258 1077 2294 pueri
1105 2258 1253 2286 laudabant
1274 2267 1367 2287 coram
1389 2260 1504 2288 Domino
1524 2261 1550 2287 in
1573 2261 1681 2295 organis

649 2314 716 2342 VET
723 2314 765 2341 US
784 2314 1079 2342 lNTEltl’ltETATlO.

81 2362 107 2399 t_.
131 2372 142 2399 ς
159 2363 355 2399 uerumtamen
366 2361 431 2399 dico
444 2362 531 2395 vobis,
544 2362 608 2399 quia
627 2361 648 2389 si
665 2362 718 2399 duo
733 2367 851 2399 vestrum
866 2362 1056 2399 consenserint
1072 2370 1159 2399 super
1170 2367 1281 2399 terram,
1296 2363 1329 2389 de
1343 2363 1417 2399 omni
1433 2371 1472 2399 re,
1489 2370 1682 2399 quamcunque

48 2397 186 2432 petierint,
203 2397 247 2424 fiet
263 2397 315 2424 illis
337 2405 351 2424 a
366 2396 445 2424 Patre
459 2405 519 2424 meo
530 2396 576 2432 qui
595 2397 621 2423 in
638 2397 715 2424 ctxalis
727 2401 778 2423 est.
799 2396 849 2423 Ubi
863 2397 935 2423 enim
951 2397 1005 2424 duo
1016 2398 1058 2423 vel
1076 2401 1131 2424 tres
1148 2397 1249 2423 fuerint
1264 2398 1418 2432 congregati
1440 2398 1466 2424 in
1483 2396 1593 2424 nomine
1608 2396 1680 2431 meo,

46 2431 81 2460 ibi
99 2439 161 2459 sum
182 2432 208 2458 in
224 2433 313 2458 medio
330 2439 435 2459 eorum.
452 2442 460 2457 ι
483 2433 511 2459 In
532 2431 627 2467 primis
644 2431 786 2467 videamus
807 2431 952 2465 sapienter,
971 2432 993 2458 si
1010 2435 1098 2466 potest
1124 2432 1340 2467 isterconseusus
1352 2431 1412 2459 esse
1427 2433 1453 2458 in
1472 2433 1574 2463 multis.
1595 2434 1634 2459 vel
1653 2435 1679 2460 iu

47 2471 102 2493 toto
119 2471 267 2498 conventu,
287 2471 316 2493 ut
334 2467 359 2493 in
384 2467 472 2493 medio
488 2466 582 2494 eorum
600 2467 635 2493 sit
649 2466 777 2493 Christus
790 2474 797 2492 :
810 2467 873 2501 quia
897 2476 905 2492 ε
921 2472 1035 2500 angusta
1058 2472 1085 2494 ct
1106 2466 1234 2494 tribulata
1249 2467 1292 2493 via
1309 2471 1351 2494 est
1365 2475 1424 2501 quae
1440 2467 1514 2493 ducit
1533 2468 1565 2493 ad
1585 2468 1680 2500 vitam,

46 2506 71 2528 et
87 2502 167 2535 pauci
193 2507 255 2528 sunt
277 2502 322 2537 qui
346 2502 485 2528 inveniunt
507 2510 577 2529 eam.
595 2511 604 2528 ι
633 2501 758 2528 Forsitan
768 2505 866 2537 _autem
896 2503 1015 2537 IIOCAlﬂii
1039 2510 1173 2529 consensu
1199 2510 1248 2528 nec
1265 2502 1343 2536 pauci
1360 2502 1534 2529 consentiunt
1559 2502 1608 2528 sibi
1634 2511 1680 2537 per

46 2536 148 2567 omnia,
163 2537 212 2563 sed
227 2535 368 2563 duo'forte
383 2537 423 2563 vel
439 2542 503 2568 tres,
519 2537 590 2564 sicut
602 2536 708 2568 Petrus,
723 2540 749 2563 et
763 2535 891 2567 Iacobus,
908 2542 934 2563 et
946 2535 1075 2568 Joanm‘s,
1092 2537 1191 2571 quibus
1207 2535 1285 2570 quaSi
1309 2537 1543 2564 consentientibus
1558 2537 1609 2563 sibi
1633 2535 1680 2571 per

47 2571 139 2598 omnia
159 2572 279 2598 ostendit
294 2571 411 2598 Verbum
429 2571 476 2598 Dei
491 2572 605 2606 gloriam
626 2579 715 2602 suam,
731 2579 764 2598 ex
783 2580 815 2597 eo
830 2571 902 2605 quod
923 2579 976 2597 non
993 2572 1108 2598 habebat
1129 2572 1247 2606 speciem
1271 2579 1359 2606 neque
1374 2572 1511 2602 decorem,
1525 2577 1633 2599 vertens
1649 2580 1679 2599 se

46 2606 77 2632 ad
93 2607 209 2640 gloriam
228 2614 315 2637 suam,
333 2611 362 2633 ut
377 2607 536 2634 vestimenta
558 2614 607 2633 sua
627 2607 781 2633 ostenderet
794 2607 834 2633 eis
848 2606 1018 2640 splendentia
1034 2607 1106 2633 sicut
1120 2608 1222 2633 lumen.
1241 2606 1445 2634 Consenserunt
1467 2610 1559 2633 autem
1573 2612 1599 2634 et
1612 2607 1677 2638 duo.

46 2639 149 2669 Paulus
162 2645 190 2668 et
204 2641 354 2668 Sostbeues
361 2641 511 2669 scribentes
520 2641 669 2668 Corinthiis
679 2640 823 2676 Epistolain
835 2639 960 2676 primam.
973 2641 1038 2668 item
1046 2641 1146 2669 Paulus
1157 2645 1184 2668 et
1195 2641 1355 2669 Timotheus
1371 2641 1508 2668 mittentes
1519 2642 1677 2669 secundant.

83 2711 106 2727 ⁶²
126 2710 224 2738 Matth.
240 2719 317 2743 xvut,
335 2711 377 2738 t9.
412 2711 435 2727 “
455 2711 520 2738 Luc.
537 2719 581 2744 xv,
599 2710 644 2737 ‘25.
683 2711 705 2726 "
726 2711 790 2737 ibid.
810 2710 856 2738 59..

80 2769 138 2802 (89)
159 2768 277 2804 Γραφῇ.
296 2769 388 2796 (Iodex
405 2768 515 2803 Regius,
532 2770 618 2804 φωνή.

82 2804 139 2833 (90)
168 2803 298 2838 Ἀδελφοὶ
321 2804 483 2838 Ἀμινηδὰῦ,
507 2809 559 2831 etc.
582 2803 668 2830 Editio
685 2803 833 2837 Complut.,

53 2838 207 2870 nemeae,
223 2844 250 2865 et
267 2839 301 2865 ita
319 2839 489 2866 stribendum
505 2843 573 2869 erat,
599 2839 644 2865 sed
658 2839 730 2872 quod
748 2838 833 2872 palli-

49 2880 108 2900 nem
123 2873 190 2901 olim
206 2873 244 2909 τῷ
261 2883 280 2909 μ
295 2872 408 2909 ﬁguram
427 2874 571 2907 obtineret,
600 2878 741 2908 propterea
764 2881 834 2907 saepe

894 2711 918 2726 “
937 2711 1003 2738 Gen.
1021 2719 1096 2741 xxxt,
1113 2711 1158 2738 27.

887 2777 1002 2796 tnvncem
1028 2773 1226 2804 permutantur.
1237 2768 1336 2804 rEditio
1353 2769 1459 2803 Uompl.
1475 2768 1497 2795 ll
1511 2767 1578 2804 Reg.
1595 2776 1632 2800 vt,
1647 2768 1675 2799 4.

889 2804 1068 2838 praetermittit
1086 2804 1125 2836 τὸ,
1138 2804 1167 2830 ἐν
1183 2803 1265 2838 ἰσχύϊ,
1286 2804 1358 2837 quod
1383 2804 1492 2838 exhibet
1508 2803 1631 2836 Sixtina;
1650 2804 1675 2830 iu

888 2837 968 2873 quem
987 2840 1075 2866 locum
1091 2837 1225 2866 videndus
1240 2838 1373 2865 Nobilius.
1390 2837 1528 2865 Universae
1542 2839 1673 2866 editiones

888 2874 988 2901 habent
1008 2874 1179 2909 ἐπορεύοντο.
1196 2882 1249 2901 non
1262 2873 1454 2909 épzopatlono.
1474 2873 1604 2900 UUETIUS.
