1859 3051
189 120 257 147 “S7

919 94 1080 139 emensis

1762 102 1822 129 MSS

188 177 310 214 psalterii
329 175 494 205 chordarum
513 173 585 201 nulla
603 172 717 199 invicem
734 171 916 206 discrepantia
928 174 979 197 est.

1075 170 1126 198 ιας.
1152 166 1189 192 Οὐ
1215 164 1384 200 συνεφώνουν
1411 163 1439 190 δὲ
1452 162 1498 190 ἐπὶ
1510 162 1562 198 τῆς
1580 162 1631 198 γῆς
1647 161 1673 188 οἱ
1696 161 1822 195 λέγοντες-

188 225 224 250 Αι
239 230 293 249 ιιοη
309 221 516 249 consentiebant
539 227 618 253 super
643 225 743 246 terram
766 218 811 253 qui
836 217 981 244 dicebam:

192 277 202 294 ι
219 268 274 302 Ego
300 268 410 302 quidem
431 274 490 294 sum
509 265 596 294 Pauli.
615 273 665 299 ego
691 268 781 291 autem
806 263 913 298 Apollo,
933 270 984 297 ego

190 321 256 340 vero
271 313 379 348 Cephaz,
397 319 447 347 ego
465 316 554 338 autent
567 310 668 337 Christi
681 309 715 341 ⁸³,
735 318 744 334 ι
758 308 805 335 sed
820 308 892 335 inter
910 308 983 342 ipsos

188 356 272 391 617
288 361 364 383 erant
386 356 542 385 schismata,
561 354 660 388 quibus
678 353 828 387 dissipatis,
850 360 903 379 una
921 360 983 379 cum

190 401 267 428 I‘auli
287 402 381 436 spiritu
396 401 430 432 ⁸³.
444 401 544 428 virtute
561 400 668 427 Domini
682 399 746 426 Jcsu
759 399 873 430 Christi.
883 407 984 427 conso-

192 449 345 478 ciabantur,
359 456 392 474 ne
403 455 432 474 se
449 447 565 481 amplius
585 446 743 473 morderent
754 451 781 473 et
799 446 983 479 comederent,

195 495 231 522 ita
248 499 277 522 ut
291 494 411 521 vicissim
429 493 499 520 alius
520 492 553 519 ab
576 492 630 519 alio
656 496 902 525 consumerentur;
919 499 984 519 con-

192 540 277 568 sumit
303 540 374 566 enim
405 542 432 565 et
457 538 549 565 atterit
572 538 728 569 discordia.
754 537 983 571 quemadmodum

191 585 310 614 corradit
325 589 352 612 et
368 584 523 611 accumulat
539 584 697 616 concordia,
713 587 740 611 et
755 583 816 610 Filii
834 583 881 610 Dei
897 591 983 619 capax

189 635 242 664 est,
255 630 301 665 qui
323 630 349 657 in
370 630 460 657 medio
481 629 710 657 consentientium
728 630 860 657 duntaxat
882 630 983 665 reperi-

191 681 244 704 tur.
259 677 298 704 Ae
314 681 379 704 sunt
393 676 447 704 duo
472 676 609 711 generalia
629 676 654 702 in
677 676 776 711 quibus
796 677 904 711 proprie
920 682 986 704 eon-

190 721 283 748 cordia
303 721 411 748 exsistit
427 730 433 748 :
448 729 611 754 consensus,
637 729 699 749 cum
724 722 825 749 eaedem
851 722 985 749 habentur

190 767 284 794 animo
297 766 456 799 Sententiae;
475 771 501 793 et
516 767 639 801 ejusdem
655 767 807 794 voluntatis
827 767 982 800 consensio,

189 819 252 839 cum
270 819 317 846 par
332 817 374 839 est
389 812 536 847 utrobique
557 816 584 839 et
608 813 704 840 similis
720 813 780 840 vitae
800 818 887 840 tenor.
903 812 982 846 Quod

191 859 214 886 si
231 867 240 884 ‹
261 858 368 885 duobus
381 865 414 884 ex
428 858 507 886 nobis
524 858 760 886 consentientibus
772 866 854 892 super
871 863 982 889 teriam,

191 905 225 931 de
239 904 314 931 omni
333 911 371 935 re,
385 911 549 938 quacunque
569 903 708 938 petierint,
731 904 774 931 [iet
799 905 852 932 illis
871 913 884 931 a
904 904 984 932 Patre

192 949 256 977 Jesu
280 950 327 984 qui
345 950 371 976 in
390 950 467 976 ccelis
484 954 526 976 est
544 949 583 982 5‘;
607 958 616 975 ι
639 950 857 984 quotiescunque
875 958 888 977 a
903 949 984 977 Patre

193 995 240 1030 qui
255 996 281 1022 in
296 996 373 1023 caelis
392 1000 434 1022 est
456 995 591 1030 postulata
608 996 734 1031 quaelibet
757 1003 811 1023 non
833 995 982 1031 impetran-

194 1047 248 1074 tur,
261 1042 329 1069 duos
346 1042 399 1069 illic
415 1049 497 1076 super
509 1045 609 1069 terram
624 1049 678 1068 non
692 1042 866 1070 consensisse
878 1042 983 1077 perspi-

193 1095 274 1114 cuum
292 1092 342 1119 est,
358 1091 384 1113 ct
401 1095 449 1114 cur
470 1086 542 1113 votis
565 1094 599 1114 ac
618 1087 745 1121 precibus
768 1095 822 1114 non
845 1087 981 1122 potiamur

193 1132 258 1160 illud
275 1133 302 1159 in
322 1140 405 1159 causa
427 1140 497 1164 esse,
515 1133 587 1166 quod
611 1140 700 1167 neque
719 1133 910 1167 opinionibus,
937 1141 984 1160 ne—

193 1187 247 1214 que
270 1178 330 1205 vitae
354 1179 479 1205 instituto
506 1178 587 1205 simul
613 1179 826 1206 consentiamus.
849 1179 983 1207 Praeterea

193 1232 257 1251 vero
286 1224 307 1250 si
336 1231 435 1258 corpus
459 1231 556 1250 sumus
583 1223 695 1254 Christi,
721 1228 749 1250 et
770 1223 885 1258 (posuit
912 1223 985 1250 Deus

195 1270 314 1297 membra
333 1270 548 1304 unumquodque
563 1277 658 1296 eorum
675 1270 702 1296 in
715 1277 840 1304 corpore,
853 1279 862 1295 ι
875 1273 904 1296 ut
915 1279 924 1295 ι
936 1277 985 1304 pro

194 1316 309 1343 invicem
325 1315 441 1342 sollicita
462 1315 517 1342 sint
532 1314 655 1341 membra
668 1315 702 1345 ⁸⁵,
720 1324 728 1340 ι
750 1319 776 1342 et
799 1314 850 1342 sibi
869 1315 983 1342 invicem

194 1361 376 1393 consertiant,
395 1370 404 1386 ι
420 1367 446 1387 et
462 1361 484 1387 si
507 1360 571 1394 quid
588 1360 689 1394 patitur
713 1367 796 1386 unum
820 1360 984 1393 membrum,

177 1407 395 1442 -compatiantur
410 1406 501 1432 omnia
517 1405 658 1435 membra;
678 1405 735 1432 sive
749 1405 881 1440 gloriatur
899 1414 984 1433 unum

196 1454 358 1486 membrum,
375 1452 564 1487 congaudeant
582 1451 616 1484 ⁸⁸,
635 1461 643 1477 ι
666 1451 816 1479 exercenda
842 1452 920 1479 nobis
944 1456 987 1479 est

1001 846 1020 873 Β

1038 224 1046 239 ι
1071 212 1140 247 Ἐγὼ
1154 212 1202 248 μέν
1216 213 1273 247 εἰμι
1291 211 1410 242 Παύλου,
1424 209 1479 244 ἐγὼ
1507 209 1535 235 δὲ
1557 208 1694 239 Ἀπολλὼ,
1718 208 1774 241 ἐγὼ

1034 261 1127 295 Κηφᾶ,
1141 258 1195 293 ἐγὼ
1207 259 1235 285 δὲ
1249 257 1395 294 Χριστοῦ,ι
1406 257 1474 283 ἀλλὰ
1484 254 1518 291 ἦν
1532 257 1562 282 εν
1573 255 1666 286 αὐτοῖς
1682 255 1822 289 σχίσματα.

1033 303 1070 333 ὧν
1083 305 1290 340 καταλυομένων
1303 304 1449 339 συνήγοντο
1459 303 1527 337 μετὰ
1537 302 1584 328 τοῦ
1599 302 1628 327 ὲν
1640 301 1744 335 Παύλῳ
1756 300 1825 326 mta—

1035 361 1119 388 ματος
1133 351 1182 378 σὺν
1196 353 1229 386 τῇ
1246 350 1358 385 δυνάμει
1382 349 1430 375 τοῦ
1452 349 1554 383 Κυρίου
1586 347 1674 382 Ἰησοῦ
1698 346 1823 382 Χριστοῦ,

1034 398 1078 424 ἵνα
1091 399 1189 432 μηκέτι
1204 396 1336 432 ἀλλήλους
1361 395 1480 422 δάκνωσι
1501 394 1548 420 καὶ
1572 392 1768 425 κατεσθίωσιν,
1792 392 1825 422 ὡς

1035 443 1087 469 ὑπὸ
1101 442 1223 478 ἀλλήλων
1236 441 1334 472 αὐτοὺς
1355 439 1560 467 ἀναλίσκεσθαιο
1580 438 1727 465 ἀναλίσκει
1743 438 1796 473 γὰρ
1811 439 1824 472 ἡ

1033 489 1175 524 διαφωνία,
1190 488 1285 523 ὥσπερ
1310 487 1422 521 συνάγει
1455 487 1472 521 ή
1499 485 1654 521 συμφωνία,
1682 484 1825 519 καὶχωρεί

1033 537 1079 562 τὸν
1096 537 1134 563 ἐν’
1140 536 1215 571 μέσῳ
1231 535 1285 561 τῶν
1299 532 1513 570 συμφωνούντων
1531 532 1674 567 γινόμενον
1692 531 1760 557 Υίὶιν
1783 531 1824 557 τοῦ

1035 581 1114 608 Θεοῦ.
1127 581 1182 610 Καὶ
1196 581 1299 618 κυρίως
1310 589 1341 614 γε
1357 581 1385 606 ἐν
1398 579 1444 606 δύο
1460 580 1579 613 γενικοῖς
1596 578 1703 612 γίνεται
1723 578 1741 612 ἡ
1767 585 1826 611 συμ-

1035 628 1134 662 φωνία,
1149 627 1198 663 τῷ,
1215 627 1252 659 ὡς
1266 627 1409 662 ὠνόμασεν
1420 626 1434 652 ὁ
1461 624 1631 655 Ἀπόστολος,
1647 623 1825 659 καταρτισμᾷ

1034 673 1081 700 τοῦ
1097 673 1180 700 αὑτοῦ
1191 674 1260 705 νοὸς,
1273 672 1344 701 κατὰ
1365 671 1394 698 τὸ
1420 671 1491 698 αὐτὰ
1502 671 1626 706 δόγματα
1652 670 1728 705 ἔχειν
1742 678 1827 703 νενοη-

1037 720 1114 755 μένα,
1129 719 1219 746 καὶτὸ
1241 719 1290 755 τῆς
1317 718 1401 753 αὐτῆς
1426 717 1548 752 γνώμης,
1574 716 1646 744 κατὰ
1674 716 1706 742 τδ
1729 715 1827 750 ὁμοίως

1037 765 1121 801 βιοῦν.
1133 766 1165 792 Et
1181 765 1220 795 δὲ,
1237 774 1245 790 ι
1261 764 1307 791 ἐὰν
1324 763 1371 790 δύο
1384 764 1462 799 ἡμῶν
1477 765 1702 798 συμφωνήσωσιν
1718 762 1767 788 ἐπὶ
1782 761 1826 795 τῆς

1035 811 1087 846 γῆς
1101 810 1165 846 περὶ
1177 809 1277 842 παντὸς
1290 809 1452 845 πράγματος
1472 804 1502 835 οὗ
1523 809 1572 834 ἐὰν
1597 808 1778 843 αἰτήσωνται,
1791 807 1825 840 γί-

1035 865 1109 883 νεται
1138 857 1229 888 αὐτοῖς
1247 856 1323 891 παρὰ
1341 855 1388 881 τοῦ
1405 856 1433 881 ὲν
1455 855 1580 890 οὐρανοῖς
1605 854 1744 890 Πατρὶςη
1772 854 1827 887 περὶ

1036 903 1136 935 παντὸς
1160 903 1322 937 πράγματος
1342 898 1372 927 οὗ
1401 901 1448 927 ἐὰν
1475 901 1652 936 αἰτήσωνται,
1687 900 1749 925 ἐκεῖ
1775 898 1827 924 οὐδὲ

1034 948 1080 975 δύο
1097 947 1289 982 συνεφώνησαν
1304 947 1350 973 ἐπὶ
1363 947 1413 982 τῆς
1427 947 1489 982 γῆς·
1510 946 1558 973 καὶ
1573 945 1652 972 τοῦτο
1665 946 1755 972 αἴτιον
1768 946 1825 980 ἡμῖν

1034 995 1092 1022 ἐστι
1108 994 1155 1020 τοῦ
1173 994 1210 1029 μὴ
1224 992 1406 1019 ὲπακούεσοαι
1439 992 1614 1028 εὐχομένους,
1640 991 1673 1018 τὸ
1707 991 1746 1026 μὴ
1764 1000 1826 1026 συμ-

1034 1041 1131 1075 φωνεῖν
1149 1039 1223 1075 ὴμᾶς
1243 1039 1368 1074 ἀλλήλοις
1392 1040 1438 1065 ὲπὶ
1464 1039 1513 1074 τῆς
1539 1039 1592 1072 γῆς
1620 1038 1692 1073 μήτε
1717 1037 1827 1072 δόγμασι

1038 1087 1106 1122 μήτε
1126 1086 1177 1121 βίῳ
1189 1094 1195 1100 “
1213 1085 1294 1112 ἔτιδὲ
1321 1086 1368 1112 καὶ
1382 1085 1461 1120 εἴπερ
1475 1084 1556 1120 σῶμα
1585 1084 1670 1118 ἐσμεν
1701 1083 1828 1118 Χριστοῦ,

1035 1132 1082 1159 καὶ
1099 1141 1107 1157 ι
1124 1131 1200 1158 ἔθετο
1216 1132 1230 1158 ὀ
1249 1131 1315 1162 Θεὸς
1341 1132 1374 1157 τὰ
1400 1130 1468 1166 μέλη
1491 1130 1608 1157 ’ἑκαστον
1632 1130 1726 1156 αὐτῶν
1751 1131 1781 1157 tv
1796 1130 1828 1163 τῷ

1037 1177 1171 1212 caput,»
1182 1178 1226 1203 ἵνα
1243 1186 1251 1202 ι
1261 1176 1291 1203 τὸ
1304 1177 1368 1203 αὐτὸ
1385 1176 1552 1212 μεριμνῶσιν
1573 1176 1644 1210 ὑπὲρ
1661 1175 1787 1210 ἀλλήλων
1800 1176 1829 1201 τὰ

1039 1223 1133 1258 μέλη,ι
1153 1223 1200 1249 καὶ
1217 1222 1397 1258 συμφωνῶσιν
1415 1222 1549 1257 ἀλλήλοις,
1582 1232 1591 1247 ι
1610 1222 1657 1248 καὶ
1683 1222 1830 1256 πᾱσχοντος

1037 1269 1094 1301 ἑνὸς
1113 1269 1163 1304 μὲν
1180 1268 1275 1304 μέλους
1294 1269 1443 1304 συμπάσχῃ
1473 1268 1573 1298 πάντα,
1605 1267 1791 1303 δοξαζομένου
1806 1268 1829 1294 δὲ

1039 1315 1184 1352 συγχαίρῃ,
1193 1324 1201 1340 ι
1218 1314 1361 1350 ὀφείλομεν
1371 1315 1465 1341 ἀσκεῖν
1478 1314 1528 1349 τὴν
1547 1314 1602 1340 ἀπὸ
1618 1315 1668 1349 τῆς
1683 1314 1763 1346 θείας
1774 1324 1830 1349 μοι-

1039 1361 1117 1397 σικῆς
1145 1361 1315 1396 συμφωνίαν,
1338 1360 1390 1393 ἵνα,
1420 1360 1611 1395 συναγομένων
1636 1360 1719 1395 ἡμῶν
1743 1361 1783 1391 εἰς
1803 1360 1829 1385 τὸ

1038 1408 1124 1443 ὗνομα
1148 1407 1195 1433 τοῦ
1210 1406 1339 1442 Χριστοῦ,
1355 1406 1472 1442 Χριστὸς
1526 1407 1555 1432 ὲν
1570 1406 1647 1441 μέσῳ
1660 1406 1743 1441 ἡμῶν
1761 1407 1776 1432 ὸ
1790 1406 1829 1432 τοῦ

1039 1453 1105 1480 Θεοῦ
1123 1453 1218 1488 Λόγος,
1237 1453 1282 1480 καὶ
1305 1454 1321 1488 ἡ
1340 1452 1387 1479 τοῦ
1409 1452 1476 1479 Θεοῦ
1500 1452 1590 1487 σοφία,
1610 1453 1658 1479 καὶ
1681 1454 1699 1487 ἡ
1721 1452 1830 1487 δύναμις

195 1499 355 1535 symphonia
369 1506 430 1533 quae
452 1506 466 1525 a
484 1498 574 1524 divina
589 1498 693 1525 musica
710 1498 806 1531 oritur,
823 1503 852 1525 ut
869 1506 931 1525 cum
956 1499 983 1525 in
998 1496 1019 1524 (Ζ
1036 1497 1128 1526 αὐτοῦ.

195 1547 304 1573 nomine
332 1545 434 1573 Christi
462 1545 594 1572 fuerimus
620 1546 785 1581 congregati,
807 1546 834 1573 in
859 1547 950 1574 medio
969 1551 1093 1574 nostrum
1114 1546 1150 1574 sit
1165 1547 1302 1579 Christus,
1318 1546 1365 1582 qui
1394 1546 1441 1574 Dei
1460 1545 1577 1574 Verbum
1606 1551 1658 1578 est,
1680 1552 1711 1574 et
1727 1546 1776 1574 Dei
1793 1555 1831 1574 sa-

195 1594 306 1628 pientia,
324 1593 465 1628 ipsiusque
480 1592 576 1620 virtus.

231 1639 257 1665 Ξ.
278 1638 366 1673 Atque
387 1639 445 1666 ha-c
476 1637 586 1672 quidem
610 1637 644 1665 de
668 1638 711 1666 his
735 1637 842 1667 duobus
864 1640 986 1668 tribusve

196 1683 325 1716 diximus,
340 1691 409 1718 quos
424 1683 458 1710 ad
475 1682 699 1711 consentiendum
719 1685 833 1713 invicem
860 1686 986 1713 hortatur

198 1729 328 1762 Verbum,
344 1734 424 1764 prout
439 1729 465 1756 in
480 1737 590 1757 sensum
607 1730 678 1757 trahi
708 1735 823 1765 possunt
841 1731 934 1759 tritum
954 1739 986 1759 ac

195 1777 383 1812 pervulgatum
400 1776 487 1811 magis
500 1785 508 1803 :
523 1783 596 1803 nunc
616 1781 706 1803 autem
730 1776 811 1803 aliam
827 1777 987 1812 explicatio-

197 1830 258 1850 nem
274 1822 475 1857 aggrediamur,
491 1829 573 1856 quam
588 1827 651 1850 ante
664 1829 714 1850 nos
734 1822 870 1857 quispiam
894 1827 987 1857 protu-

196 1869 237 1898 lit.
262 1869 295 1896 ad
318 1868 469 1896 castitatem
493 1873 520 1895 et
543 1868 705 1895 munditiem
725 1869 864 1896 connubio
876 1868 988 1903 junctos

197 1916 363 1948 adhortans;
391 1915 461 1942 duos
484 1914 556 1942 enim
590 1914 659 1946 hos,
685 1922 755 1948 quos
780 1922 862 1949 super
888 1919 987 1941 terram

197 1962 352 1989 consentire
368 1961 424 1988 vult
442 1960 572 1992 Verbum,
594 1961 681 1987 virum
696 1964 722 1987 et
744 1960 883 1987 mulierem
911 1960 989 1987 intel-

197 2008 242 2042 ligi
256 2009 354 2035 debere
367 2008 457 2039 docet,
473 2015 506 2033 ex
526 2015 663 2034 consensu
687 2014 746 2033 sese
767 2014 898 2041 corporeo
920 2013 987 2034 con-

197 2061 292 2089 gressu
310 2054 478 2086 fraudautes,
494 2058 524 2080 ut
542 2059 638 2082 vacent
657 2053 787 2084 orationi,
809 2053 919 2087 quando
934 2053 987 2080 sci-

198 2099 261 2127 licet
276 2107 385 2127 orantes
401 2108 410 2125 ‹
427 2099 460 2126 de
473 2100 547 2126 omni
565 2107 593 2126 re
607 2106 799 2134 quamcunque
821 2099 957 2133 petierint,
974 2107 983 2124 ι

199 2146 399 2180 impetrabunt;
414 2153 476 2172 eum
493 2150 561 2172 nutu
577 2145 666 2172 Patris
683 2144 748 2173 Jesu
767 2145 870 2172 Christi
889 2145 936 2179 qui
959 2145 986 2171 in

198 2193 274 2220 cmlis
289 2196 341 2225 est,
357 2197 465 2226 propter
480 2192 563 2228 618
585 2192 665 2219 talem
680 2199 845 2219 consensum
861 2196 985 2218 votorum

199 2242 339 2272 compotes
353 2238 426 2264 lient.
445 2237 555 2264 Videtur
570 2242 660 2265 autem
684 2237 763 2264 nobis
779 2237 837 2263 haec
853 2236 988 2271 expositio

201 2290 255 2310 non
270 2283 389 2318 conjugii
412 2282 632 2315 dissolutionem,
655 2283 701 2311 sed
721 2283 754 2310 ad
778 2287 903 2309 mutuum
921 2289 988 2308 con-

200 2337 310 2357 sensum
325 2329 543 2357 exhortationem
559 2330 716 2362 eontinere;
735 2328 804 2356 adeo
822 2333 851 2355 ut
873 2327 896 2354 si
920 2327 988 2354 alter

1075 1637 1168 1665 Ταῦτα
1185 1637 1234 1673 μὲν
1250 1635 1307 1669 οὖν,
1325 1637 1363 1670 ὡς
1379 1637 1433 1664 τῶν
1455 1637 1503 1664 δύο
1517 1638 1564 1664 καὶ
1577 1638 1674 1673 τριῶν,
1699 1638 1749 1669 οὓς
1775 1647 1831 1673 πρε-ρ

1039 1684 1163 1711 καλεῖται
1179 1685 1334 1720 συμφωνεῖν
1351 1685 1365 1711 ὁ
1376 1684 1472 1718 Λόγος,
1497 1683 1652 1719 κοινότερον
1669 1684 1828 1719 νοουμένων“

1039 1731 1090 1766 ἥδη
1105 1731 1133 1757 δὲ
1144 1731 1190 1758 καὶ
1203 1730 1286 1765 ἄλλης
1298 1731 1451 1766 διηγήσεως
1475 1729 1620 1766 ἁψώμεθα,
1638 1731 1673 1765 ἣν
1703 1729 1783 1763 ξλεγὲ
1797 1738 1830 1758 τις

1039 1776 1094 1803 τῶν
1106 1777 1159 1812 πρὸ
1170 1776 1260 1812 ἡμῶν,
1278 1777 1439 1812 προτρέπων
1455 1776 1501 1803 ἐπὶ
1518 1776 1629 1810 ἁγνείαν
1645 1777 1696 1803 καὶ
1715 1776 1830 1811 καθαρόν

1039 1831 1109 1858 τητα
1121 1823 1184 1855 τοὺς
1201 1823 1405 1858 γεγαμηκότας·
1421 1822 1468 1849 δύο
1480 1822 1534 1858 γὰρ
1548 1822 1595 1854 οὓς
1608 1822 1739 1857 βούλεται
1750 1843 1758 1853 ,
1788 1831 1830 1857 gr,-

1041 1870 1082 1896 σὶν
1097 1871 1111 1896 ὁ
1123 1870 1219 1903 Λόγος,
1238 1870 1391 1905 συμφωνεῖν
1403 1869 1449 1895 ἐπὶ
1472 1869 1520 1903 τῆς
1539 1869 1602 1903 γῆς,
1619 1868 1707 1904 ἄνδρα
1725 1870 1775 1896 καὶ
1788 1878 1829 1902 γδ-

1041 1917 1122 1942 ναῖκα
1133 1915 1253 1950 νοητέον,
1266 1916 1298 1941 ὲκ
1320 1915 1479 1949 συμφωνίας
1509 1913 1734 1950 ἀποστεροῦντας
1758 1915 1830 1949 ἀλλή-

1042 1961 1102 1992 λους
1116 1961 1273 1996 σωματικῆς
1287 1959 1405 1996 ὁμιλίας,
1415 1960 1458 1986 ἴνα
1470 1959 1622 1995 σχολάσωσι
1636 1961 1670 1995 τῇ
1684 1962 1830 1995 προσευχῇ.

1039 2008 1094 2039 ὅτε,
1119 2007 1332 2042 προσευχόμενοι
1369 2016 1378 2032 ι
1401 2007 1465 2041 περὶ
1488 2006 1590 2037 παντὸς
1616 2006 1786 2042 πράγματος
1806 2004 1830 2032 οὗ

1040 2054 1087 2080 ἐὰν
1105 2053 1293 2088 αἱτήσωνται,ι
1319 2053 1460 2088 λήψονται,
1486 2054 1650 2088 γιγνομένου
1675 2054 1771 2085 αὐτοῖς
1792 2053 1830 2080 τώ

1040 2099 1094 2125 ἀπὸ
1110 2099 1237 2134 τοιαύτης
1251 2099 1410 2134 συμφωνίας
1425 2099 1575 2134 αίτήματος
1598 2099 1677 2134 παρὰ
1692 2099 1741 2125 τοῦ
1754 2101 1784 2126 ἐν
1795 2099 1827 2125 c-L

1042 2145 1132 2179 ρανοῖς
1147 2144 1254 2181 Πατρὺς
1274 2144 1363 2179 Ἰησοῦ
1387 2143 1516 2179 Χριστοῦ.
1536 2144 1590 2170 Καὶ
1621 2144 1715 2171 ἔοικεν
1743 2146 1831 2180 ἡμῖνή

1040 2190 1164 2225 διήγησις
1174 2190 1242 2226 αὕτη
1258 2190 1288 2216 οὐ
1318 2190 1439 2217 διάλυσιν
1466 2191 1553 2216 ποιεῖν
1583 2190 1690 2225 γάμου,
1720 2192 1831 2218 ἁλλ’ὲπὶ

1042 2236 1201 2271 συμφωνίαν
1215 2236 1381 2272 προτροπήν·
1398 2236 1435 2267 ὡς
1452 2236 1475 2262 εί
1489 2236 1503 2262 ὁ
1529 2236 1624 2272 ἔτερος
1642 2238 1694 2272 μὲν
1720 2237 1831 2272 βούλοιτ’)

1041 2282 1213 2318 καθαρεύειν,
1242 2282 1256 2308 ὀ
1285 2282 1313 2308 δὲ
1339 2282 1431 2318 ἕτερος
1458 2282 1494 2317 μὴ
1513 2281 1596 2313 θέλοι,
1619 2283 1669 2309 καὶ
1700 2284 1747 2310 διὰ
1764 2284 1831 2310 τοῦτο

1042 2327 1254 2362 συγκαταὸαίνοι
1266 2328 1304 2364 τῷ
1317 2327 1333 2363 ἢ
1352 2328 1389 2363 μὴ
1403 2328 1505 2354 Θέλοντι
1518 2328 1535 2364 ἢ
1549 2329 1588 2364 μὴ
1601 2328 1752 2366 δυναμένῳ
1766 2333 1780 2357 ὁ
1794 2331 1832 2356 ut

803 2418 920 2448 VETUS
938 2417 1230 2448 lNTERPRETATIO.

199 2504 308 2537 omnia,
330 2505 459 2533 debemus
484 2505 511 2532 in
532 2505 611 2533 nobis
632 2505 768 2532 musicum
794 2504 876 2532 istum
903 2512 1012 2532 servare
1045 2508 1218 2532 concentum.
1241 2504 1318 2532 Sicut
1338 2505 1410 2532 enim
1429 2505 1455 2532 in
1469 2504 1585 2532 musicis
1598 2505 1655 2533 nisi
1674 2505 1762 2534 fuerit
1776 2514 1831 2534 con-

200 2541 334 2568 venientia
350 2548 459 2571 vocum.
475 2548 529 2567 non
543 2540 658 2568 delectat
668 2540 838 2571 audientem;
859 2540 899 2567 sic
914 2545 941 2566 et
952 2539 1075 2567 Ecclesia
1089 2539 1141 2566 nisi
1157 2547 1321 2567 consensum
1338 2540 1473 2570 habuerit,
1487 2547 1540 2566 non
1557 2539 1715 2569 delectatur
1725 2542 1796 2570 Deus
1809 2542 1828 2567 in

199 2584 241 2606 ea,
259 2583 310 2603 nec
326 2576 402 2602 audit
414 2583 495 2603 voces
513 2583 618 2602 eorum.
633 2575 842 2602 Consentiamus
861 2582 935 2609 ergo,
951 2580 980 2601 ut
997 2575 1168 2610 congregatis
1192 2575 1270 2602 nobis
1288 2575 1314 2602 in
1331 2576 1442 2602 nomine
1456 2574 1532 2607 Jesu,
1552 2575 1590 2602 sit
1603 2574 1691 2605 Jesus
1709 2577 1737 2604 in
1751 2577 1829 2604 medio

200 2617 336 2642 nostrum,
352 2610 470 2638 Verbum
489 2611 593 2638 scilicet
605 2610 652 2636 Dei
665 2615 692 2636 et
710 2610 840 2644 sapientia
858 2615 884 2637 et
895 2611 982 2636 virtus
999 2609 1096 2643 ipsius.

234 2646 261 2673 ‘2.
283 2646 331 2673 Est
344 2650 370 2673 et
389 2646 441 2672 alia
456 2645 590 2680 expositio
605 2645 749 2672 verborum
775 2645 901 2676 istorum,
919 2652 1001 2679 quam
1024 2645 1152 2679 exposuit
1176 2645 1276 2679 aliquis
1295 2649 1359 2672 ante
1384 2652 1434 2671 nos
1456 2645 1608 2672 exhortans
1624 2646 1659 2673 ad
1682 2647 1826 2674 castitatem

202 2681 340 2715 conjuges.
360 2680 388 2707 Si
407 2681 472 2712 duo,
486 2681 584 2714 inquit,
602 2685 722 2707 vestrum
740 2681 927 2710 convenerint,
943 2680 968 2705 id
987 2684 1039 2711 est,
1057 2680 1098 2706 vir
1123 2685 1150 2706 et
1175 2688 1243 2706 uxor
1269 2689 1301 2707 ex
1327 2688 1463 2707 eunsensu
1491 2681 1658 2715 semetipsos
1684 2683 1825 2709 abinvicea:

202 2721 358 2749 separantes
376 2724 389 2743 a
407 2716 539 2750 corporali
556 2715 759 2749 conjunctione,
778 2720 807 2742 ut
822 2721 920 2741 vacent
942 2715 1076 2750 orationi;
1103 2719 1167 2742 tunc
1191 2715 1263 2741 enim
1290 2720 1399 2742 orantes
1414 2715 1447 2742 de
1471 2716 1547 2742 oumi
1572 2723 1611 2747 re.
1642 2723 1825 2750 quamcunque

203 2751 337 2784 petierint,
354 2749 566 2786 consequentur,
585 2755 731 2786 praestante
745 2751 785 2778 eis
800 2750 855 2777 Deo
871 2758 919 2784 per
933 2749 1013 2776 talem
1029 2750 1163 2777 castitatis
1178 2758 1351 2778 consensum.
1369 2750 1402 2777 Et
1418 2751 1469 2777 iste
1485 2757 1640 2778 consensus
1653 2749 1715 2779 non
1733 2749 1825 2778 videtur

245 2825 266 2839 "
284 2831 293 2856 t
309 2831 372 2858 Cor.
392 2840 410 2860 I.
428 2833 469 2859 l2.
508 2833 529 2848 ⁸³
543 2833 602 2860 Gal.
616 2842 642 2865 v,
662 2834 704 2861 15.
743 2833 765 2848 ⁸⁸
777 2831 872 2860 Matth.
887 2839 964 2866 xviii,
982 2832 1024 2859 19.
1063 2832 1181 2860 "lCor.
1199 2841 1248 2867 xu,
1262 2834 1305 2861 18.
1344 2833 1367 2849 "
1385 2833 1449 2861 ibid.
1466 2832 1565 2867 25,96.
