1859 3051
50 117 106 144 11κο

494 111 672 138 COMMENT.
693 111 727 137 IN
746 108 958 138 MATTHIEUM
976 109 1095 137 TOMUS
1113 109 1182 138 XIV.

1595 112 1663 138 1190

49 174 190 210 βουλόμενος
205 171 253 198 καὶ
264 171 410 206 δυνάμενος
427 171 458 198 τὸ
472 172 606 207 κρεῖττον,
617 171 668 197 οὐκ
682 170 715 197 ἂν
729 169 815 205 ἔχοιεν

909 168 976 194 idem
990 172 1064 196 caste
1079 175 1158 203 agerc
1170 168 1244 199 velit.
1255 168 1323 195 nolit
1333 175 1398 195 vero
1412 167 1490 201 alter,
1501 172 1527 195 et
1540 175 1661 203 propter-

46 220 181 255 ἀμφότεροι
194 218 224 244 τὸ
241 218 305 253 περὶ
330 217 430 249 παντὸς
446 217 617 253 πράγματος,
633 214 662 244 οὗ
677 216 725 243 ἐὰν
740 217 819 251 αἰτήι

49 273 144 296 σωνται,
158 263 278 298 γίνεσθαι
293 263 384 294 αὐτοῖς
411 263 487 298 παρὰ
513 262 561 289 τοῦ
585 263 613 289 ἐν
627 263 682 294 τοῖς
695 263 819 298 οὐρανοῖς

47 308 140 343 Πατρὺς
160 306 244 342 Ἰησοῦ
256 306 385 342 Χριστοῦ.

75 426 133 456 Οἶδα
145 428 172 456 δὲ
188 428 235 456 καὶ
251 427 334 465 ἄλλην
348 428 474 464 διήγησιν
495 427 549 464 (95)
578 428 647 463 μετὰ
661 429 725 460 τοὺς
737 436 821 463 γεγα-

47 474 156 511 μηκὸτας
170 475 232 510 περὶ
246 475 295 510 τῆς
319 473 373 500 τῶν
396 473 442 500 δύο
459 474 619 509 συμφωνίας
635 475 773 509 τοιαύτην·
791 475 820 501 ἐν

46 521 149 557 μὲντοίς
164 520 276 555 φαύλοις
307 519 444 554 βασιλεύει
469 521 486 555 ὴ
502 520 623 557 ἁμαρτία
649 520 698 555 τῆς
721 520 818 556 ψυχῆς,

46 566 164 602 ίὸρυμένη
179 566 215 598 ὡς
226 566 254 591 ὲν
267 565 360 601 οἰκείῳ
377 565 464 601 θρόνῳ
486 565 525 601 τῷ
543 565 632 601 θνητῷ
655 565 742 601 τούτῳ
769 566 820 592 σώ-

45 619 112 646 ματι,
138 611 175 642 εἰς
198 610 228 636 τὸ
253 610 399 637 ὑπακούειν
411 611 461 646 τὴν
473 611 562 647 ψυχὴν
575 613 634 643 ταῖς
662 611 820 647 ἐπιθυμίαις

43 657 125 683 αὑτοῦ·
142 657 169 682 ὲν
184 656 212 683 δὲ
225 658 281 688 τοῖς
304 657 443 693 ὲγείρασιν
460 657 497 688 ὡς
515 657 569 683 ἀπὸ
593 657 686 693 θρόνου
707 658 753 684 τοῦ
769 657 820 684 σώ-

43 710 118 736 ματος
128 702 175 736 τὴν
190 701 444 737 προϐασιλεύσασαν
456 702 606 738 ἁμαρτίαν,
627 703 673 729 καὶ
690 703 820 737 ἀγωνιζοσ

43 747 126 781 μένοις
140 746 207 782 πρὸς
220 747 316 782 αὐτὴν,
333 757 341 771 ι
357 748 373 782 ἡ
391 747 438 782 μὲν
451 746 520 782 σὰρξ
541 747 670 782 ἐπιθυμεῖ
684 747 754 774 κατὰ
773 747 818 774 τοῦ

41 791 195 827 πνεύματος,
213 791 243 818 τὸ
258 791 285 817 δὲ
301 790 410 827 πνεῦμα
426 792 497 818 κατὰ
513 791 562 826 τῆς
591 792 716 827 σαρκόςί
736 793 764 818 ὲν
790 792 818 818 δὲ

41 840 90 869 τοῖς
103 839 151 874 ήδη
163 837 330 864 τελειωθεῖσι
357 838 512 873 κεκράτηκε
532 837 563 863 τὸ
578 837 696 872 πνεῦμα,
709 838 755 864 καὶ
772 837 820 868 τὰς
836 844 857 872 ις

39 885 144 920 πράξεις
161 884 315 911 ἐθανάτωσε
328 884 375 910 τοῦ
390 883 525 919 σώματος,
537 884 584 910 καὶ
600 883 758 918 μεταδίδωσι
772 884 820 918 τῆς

40 929 128 956 ἑαυτοῦ
144 929 218 965 ζωῆς
236 929 275 965 τῷ
300 929 416 963 σώματι,
446 929 484 961 ὡς
501 929 551 964 ἤδη
576 928 698 964 γίνεσθαι
720 930 767 956 καὶ
780 929 818 955 τό·

41 985 49 1001 t
66 977 230 1012 Ζωοποιήσει
254 975 352 1002 καὶτὰ
379 974 464 1010 θνητὰ
491 975 569 1010 ἡμῶν
599 974 711 1010 σώματα
736 974 780 1001 διὰ
791 975 821 1001 τδ

40 1022 151 1048 ἐνοικοῦν
166 1021 249 1048 αὐτοῦ
268 1021 374 1056 πνεῦμα
390 1022 419 1047 ὲν
441 1022 518 1056 ἡμῖν,
538 1030 546 1046 ι
564 1021 611 1047 καὶ
633 1021 738 1054 γίνεται
754 1029 822 1056 συμ-

38 1068 118 1101 φωνία
132 1067 185 1093 τῶν
197 1067 254 1098 δύο,
268 1066 392 1101 σώματος
407 1066 453 1092 καὶ
470 1065 622 1101 πνεύματος
636 1066 682 1092 ἐπὶ
697 1066 746 1100 τῆς
757 1066 820 1101 γῆς,

37 1110 137 1148 ἧστινος
151 1111 384 1149 κατορθωθείσης,
403 1112 548 1148 σύμφωνος
562 1112 608 1138 καὶ
629 1112 645 1146 ή
670 1111 735 1147 εὐχὴ
757 1113 822 1138 ἀνα-

37 1159 166 1194 πέμπεται
186 1168 195 1184 (
213 1158 261 1185 τοῦ
279 1158 378 1194 καρδίᾳ
402 1158 452 1193 μὲν
473 1157 646 1190 πιστεύοντος
665 1159 704 1189 εἰς
721 1158 822 1184 δικαιο-

38 1204 125 1239 σύνην,
139 1205 255 1240 στόματι
271 1203 299 1230 δὲ
311 1203 506 1239 ὁμολογοῦντος
521 1205 560 1235 εἰς
575 1204 736 1240 σωτηρίαν,ι
752 1203 821 1229 ὥστε

37 1251 130 1286 μηκέτι
145 1251 196 1286 τὴν
212 1250 328 1286 καρδίαν
346 1250 440 1285 πόρρω
453 1248 520 1276 εἶναι
536 1250 582 1277 τοῦ
600 1250 679 1282 Θεοῦ,
692 1251 739 1277 καὶ
753 1250 821 1286 μετὰ

34 1297 131 1332 ταὺτης
148 1297 270 1331 ἐγγίζειν
287 1295 367 1322 αὐτοῦ
385 1296 432 1322 καὶ
443 1297 500 1327 τοῖς
509 1295 620 1331 χείλεσι,
638 1297 684 1323 καὶ
707 1296 745 1332 τῷ
763 1296 823 1323 στό-

36 1350 96 1375 ματι
109 1341 155 1368 τὸν
169 1342 277 1368 δίκαιον
291 1341 330 1376 τῷ
346 1340 415 1376 Θεῷ.
428 1341 488 1367 Ἔτι
500 1340 527 1367 δὲ
545 1341 748 1377 μακαριώτερον
763 1343 786 1368 si
797 1342 821 1368 oi.

35 1387 103 1420 τρεῖς
120 1387 282 1422 συναχθεῖεν
298 1386 343 1412 ἐπὶ
355 1386 386 1413 τὺ
401 1386 466 1412 αὐτὸ
492 1387 532 1418 είς
551 1386 581 1413 τὸ
596 1387 683 1422 ὄνομα
704 1387 751 1414 τοῦ
772 1387 823 1424 Ἰη-

37 1432 89 1466 σοῦ,
105 1433 147 1459 ἴνα
162 1433 296 1469 πληρωθῇ
313 1433 351 1459 τό·
369 1443 377 1456 ι
404 1433 431 1459 '0
443 1432 508 1464 Θεὸς
524 1432 634 1467 ἁγιάσαι
650 1433 722 1468 ὑμᾶς
732 1433 822 1460 ὁλοτε-

34 1480 150 1511 λεῖς,καὶ
164 1480 314 1515 ὀλόκληρον
329 1479 405 1515 ὑμῶν
420 1479 449 1505 τὸ
465 1479 583 1515 πνεῦμα,
597 1480 643 1506 καὶ
654 1481 670 1516 ἡ
681 1479 764 1516 ψυχὴ,
775 1480 822 1506 καὶ

34 1526 60 1551 τι
78 1526 158 1562 σῶμα
186 1526 342 1561 ἀμέμπτως
365 1526 393 1552 ἐν
417 1526 449 1560 τῇ
477 1526 612 1562 παρουσίᾳ
639 1526 685 1552 τοῦ
719 1526 821 1562 Κυρίου

34 1572 105 1606 ἡμῶν
129 1571 221 1607 Ἰησοῦ
236 1571 356 1607 Χριστοῦ
368 1571 530 1607 τηρηθείη.)
550 1571 664 1607 Ζητήσει
678 1571 706 1598 δέ
721 1580 761 1604 τις
774 1571 822 1607 τὴν

35 1618 178 1654 εἰρημένην
201 1617 365 1653 συμφωνίαν
395 1617 549 1652 πνεύματος
571 1617 617 1644 καὶ
644 1617 769 1653 σώματος
798 1618 822 1645 εί

34 1661 136 1688 δυνατὸν
148 1661 239 1688 ταῦτα
257 1661 306 1696 μὲν
326 1662 491 1696 συμφωνεῖν,
517 1660 554 1696 μὴ
570 1661 617 1687 καὶ
633 1661 663 1687 τὺ
678 1662 767 1698 τρίτον
781 1662 820 1696 δὲ,

34 1706 98 1741 λέγω
116 1707 143 1734 δὲ
154 1708 206 1743 τὴν
218 1707 319 1742 ψυχὴν,
333 1707 440 1742 μήποτε
459 1707 508 1733 οὐκ
525 1706 656 1743 ἀκολουθῇ
672 1709 705 1743 τῇ
721 1708 823 1735 τούτων

34 1753 174 1790 ωμφωνίᾳ
186 1754 236 1779 ἐπὶ
254 1753 306 1787 τῆς
318 1753 379 1788 γῆς,
398 1752 466 1788 μετὰ
480 1752 510 1778 τὸ
532 1753 596 1784 τοὺς
625 1753 671 1779 δύο
692 1754 824 1790 συνῆχθαι

34 1798 68 1830 εἰς
78 1799 108 1825 τὸ
123 1799 212 1835 ὄνομα
228 1798 278 1825 τοῦ
290 1798 419 1835 Χριστοῦ,
433 1798 464 1825 τὸ
475 1798 595 1831 καὶτοὺς
609 1801 684 1834 τρεῖς
699 1800 749 1836 ἤδη
765 1809 824 1827 συνο

34 1844 141 1878 ίιγεσθαι
155 1847 197 1877 εἰς
210 1845 244 1872 τὸ
261 1845 347 1880 ὄνομα
365 1844 460 1877 αὐτοῦ,
486 1842 524 1871 ὧν
548 1846 577 1871 ὲν
594 1845 669 1880 μέσῳ
685 1846 792 1882 ἔρχεται
810 1849 823 1874 ὁ

34 1890 90 1922 Υἱὸς
102 1890 151 1917 τοῦ
172 1891 257 1923 Θεοῦ,
273 1890 310 1922 ὡς
321 1890 429 1917 πάντων
442 1889 516 1925 αὐτῷ
532 1891 726 1926 ἀνακειμένων,
752 1891 824 1926 λέγω

34 1936 54 1962 ῗὲ
64 1937 117 1963 τῶν
142 1937 232 1974 τριῶν
250 1937 298 1963 καὶ
319 1936 432 1972 μηδενὸς
448 1936 523 1968 ὄντος
551 1936 624 1971 αὑτῷ
650 1938 823 1969 ὲναντίου,οὑ

34 1982 107 2009 μόνον
123 1982 173 2009 τοῦ
195 1982 356 2017 πνεύματος
384 1982 435 2008 οὐκ
459 1982 675 2017 ἐναντιουμένου,
694 1983 751 2009 ἀλλ’
765 1984 824 2010 οὐδὲ

34 2027 76 2062 τῆς
91 2028 196 2064 ψυχῆς,
211 2028 254 2054 ἔτι
265 2027 324 2054 οὐδὲ
337 2027 384 2054 τοῦ
398 2027 532 2063 σώματος.

61 2074 165 2110 Χαρίεν
186 2074 218 2100 δὲ
237 2073 286 2100 καὶ
310 2073 340 2099 τὸ
359 2073 408 2109 τῆς
432 2073 591 2108 συμφωνίας
623 2073 677 2107 (96)
708 2074 826 2110 ἀσκῆσαι

34 2121 120 2156 νοῆσαι
136 2121 188 2148 καὶ
204 2120 385 2156 παραστῆσαι
406 2118 461 2145 τῶν
486 2118 534 2145 δύο
558 2118 708 2153 διαθηκῶν,
732 2120 781 2154 τῆς
798 2120 825 2147 δὲ

870 221 901 240 ea
924 214 970 248 qui
988 214 1060 248 quod
1080 215 1178 241 melius
1200 218 1242 241 est
1261 218 1288 241 et
1315 214 1432 240 voluerit
1447 218 1473 241 et
1492 215 1620 248 potuerit,
1635 216 1661 242 in

870 259 944 287 illius
960 260 1126 287 voluntatem
1142 259 1308 287 concesserit
1325 260 1371 294 qui
1388 259 1457 286 idem
1481 260 1522 286 vel
1545 260 1664 287 noluerit

869 307 911 334 vel
933 313 987 333 non
1011 306 1140 340 potuerit,
1166 306 1191 333 id
1212 313 1264 332 non
1287 310 1471 340 consequetur
1491 309 1615 340 uterque,
1634 310 1663 333 ut

870 359 1060 386 quamcunque
1071 360 1127 378 rem
1142 344 1349 386 postulaverint,
1364 359 1396 378 ea
1410 351 1463 379 illis
1474 360 1488 378 a
1500 351 1582 379 Patre
1597 351 1661 379 Jesu

869 396 971 424 Christi
985 397 1031 432 qui
1049 397 1076 424 in
1095 398 1172 425 caelis
1187 401 1239 429 est,
1254 397 1403 431 contingat.

904 442 930 470 '5.
943 442 1031 469 Aliam
1043 443 1124 470 etiam
1139 443 1338 477 expositionem
1352 443 1384 469 de
1395 443 1511 470 duorum
1525 451 1662 471 consensu

870 489 966 522 calleo,
991 493 1053 523 post
1074 497 1105 517 ea
1127 497 1188 524 quae
1208 490 1241 516 de
1264 489 1418 524 conjugatis
1439 490 1575 522 diximus;
1601 490 1663 517 talis

872 539 962 562 autem
974 535 1017 561 illa
1033 539 1075 562 est
1088 544 1094 562 :
1106 535 1133 562 in
1147 535 1278 570 improbis
1289 536 1433 570 impcrittm
1450 535 1555 562 obtinet
1565 542 1662 567 pecca-

872 585 929 606 tum
946 581 971 606 itt
987 580 1119 613 animum,
1139 579 1215 614 quasi
1234 579 1259 606 in
1277 587 1326 606 suo
1341 580 1449 611 throno,
1464 580 1504 607 sic
1517 588 1542 606 tn
1556 579 1662 606 mortali

871 627 954 654 hocce
976 633 1090 661 corpore
1111 626 1304 656 constitutum.
1332 630 1361 652 ut
1387 625 1445 660 ejus
1469 625 1663 659 cupiditatibus

869 672 959 698 anima
986 672 1154 705 obtetnperet
1173 671 1216 698 ⁸⁷ε
1238 675 1265 697 at
1290 671 1316 697 in
1340 671 1373 698 iis
1399 671 1444 705 qni
1471 675 1600 706 tanquam
1628 671 1663 698 de

871 717 969 744 throno
1000 717 1124 751 corporis
1152 721 1312 751 peccatum,
1343 717 1415 748 quod
1444 724 1556 751 regnum
1585 717 1662 751 prius

869 765 1045 792 exercuerat,
1069 761 1258 790 detruserunt.
1277 764 1304 787 et
1323 761 1453 788 adversus
1478 761 1542 787 illud
1569 762 1663 788 decer-

871 811 939 838 tant,
959 816 967 831 ι
983 813 1047 833 caro
1061 806 1231 840 concupiscit
1245 806 1375 832 adversus
1390 806 1529 840 spiritum,
1550 806 1663 839 spiritus

872 856 961 879 autem
977 852 1108 879 adversus
1135 859 1245 878 carnem
1266 851 1303 884 Im;
1321 861 1330 877 ι
1346 851 1372 878 in
1394 851 1429 879 iis
1450 859 1514 878 vero
1537 852 1583 886 qui
1600 859 1662 886 per-

871 898 1014 925 fectionem
1029 898 1084 932 jam
1104 898 1241 924 consecuti
1261 901 1335 929 sttnt,
1359 897 1471 932 spiritus
1490 898 1578 924 victor
1599 905 1663 925 eva—

871 943 916 974 sit,
932 946 958 969 et
973 942 1095 976 corporis
1111 947 1189 969 actus
1203 942 1282 969 morti
1299 943 1384 975 dedit,
1400 947 1426 969 et
1442 942 1502 969 vita:
1525 950 1582 969 sum
1598 950 1662 969 cor-

872 996 922 1023 pus
939 987 1003 1015 facit
1019 989 1164 1022 particeps,
1182 988 1218 1014 ita
1237 993 1266 1015 ut
1283 992 1348 1015 tunc
1364 988 1427 1015 illud
1445 988 1573 1015 eveniat:
1589 997 1598 1013 ε
1617 987 1663 1015 Vi—

871 1033 992 1060 vilicabit
1005 1037 1031 1059 et
1048 1033 1173 1059 mortalia
1188 1039 1302 1067 corpora
1321 1036 1414 1059 nostra
1425 1052 1432 1065 ,
1455 1035 1564 1066 propter
1582 1032 1662 1059 inha-

872 1078 1000 1105 bitantem
1012 1078 1136 1112 spiritum
1146 1078 1205 1112 ejus
1221 1079 1246 1104 itt
1265 1078 1341 1104 nobis
1354 1078 1387 1108 ⁸³,
1404 1088 1412 1103 ι
1430 1078 1581 1104 ctdttorum
1597 1086 1662 1105 eon-

872 1131 968 1151 sensus
991 1132 1072 1159 super
1101 1128 1199 1151 tvrram
1223 1123 1348 1156 efficitur,
1374 1123 1497 1158 corporis
1521 1131 1616 1158 nempe
1636 1129 1663 1151 et

872 1169 994 1202 spiritus,
1014 1168 1056 1196 cui
1071 1168 1129 1203 jam
1148 1167 1268 1203 perfecto
1281 1176 1401 1195 consona
1419 1169 1553 1196 emittitur
1566 1178 1661 1204 preca-

872 1214 910 1240 tio
925 1222 934 1238 ‹
953 1213 1033 1240 corde
1048 1214 1156 1248 quidem
1179 1214 1314 1241 credentis
1331 1214 1364 1240 ad
1384 1214 1529 1248 justitiam,
1548 1222 1596 1242 ore
1613 1223 1661 1242 au-

872 1263 925 1285 tem
942 1259 1094 1286 confitentis
1109 1259 1141 1286 ad
1158 1259 1273 1286 salutem
1288 1260 1322 1292 9°,
1340 1269 1349 1285 ι
1369 1259 1404 1286 ita
1420 1265 1449 1287 ut
1470 1268 1523 1287 non
1547 1261 1664 1295 amplius

872 1312 887 1331 a
904 1304 958 1331 Deo
972 1305 1052 1331 distet
1072 1311 1127 1338 cor,
1150 1309 1176 1332 et
1196 1305 1229 1332 ad
1254 1306 1338 1332 Deum
1365 1313 1418 1332 ttna
1443 1314 1504 1332 eum
1531 1313 1563 1333 eo
1583 1307 1663 1334 labiis

876 1350 935 1377 suis
950 1355 976 1377 et
991 1358 1038 1377 ore
1051 1350 1141 1384 justus
1155 1350 1267 1384 propius
1281 1351 1402 1377 accedat.
1421 1350 1576 1383 Quinetiam
1591 1355 1665 1386 opta-

872 1395 927 1422 tius
944 1399 985 1422 est
1003 1398 1030 1422 ct
1045 1395 1212 1421 fortunatth
1228 1395 1326 1429 magis,
1350 1399 1403 1422 tres
1427 1395 1452 1421 in
1473 1395 1582 1422 nomine
1598 1394 1661 1422 Jesu

873 1441 954 1468 simul
979 1448 1040 1468 esse
1068 1445 1255 1475 congregatos,
1281 1445 1311 1467 ut
1334 1441 1441 1467 eveniat
1461 1440 1546 1467 illud:
1566 1450 1574 1465 ι
1592 1440 1664 1468 Deus

874 1486 1024 1513 sanctiﬁcet
1053 1493 1101 1513 vos
1131 1493 1179 1520 per
1209 1485 1320 1517 omnia,
1354 1491 1383 1513 ut
1415 1486 1521 1521 integer
1553 1487 1664 1521 spiritus

874 1537 974 1564 vester,
990 1536 1016 1558 et
1033 1532 1123 1558 anima
1135 1552 1142 1563 ,
1160 1537 1185 1558 et
1212 1539 1312 1566 corpus
1331 1532 1390 1559 sine
1415 1532 1543 1566 querela,
1567 1533 1593 1559 in
1618 1533 1665 1559 ad-

875 1584 954 1605 ventu
981 1578 1086 1605 Domini
1114 1579 1200 1605 nostri
1226 1578 1290 1605 Jesu
1318 1578 1419 1605 Christi
1445 1583 1571 1606 servetur
1591 1579 1625 1606 ".
1653 1588 1662 1604 ι

875 1624 982 1658 Quazret
992 1631 1055 1651 vero
1066 1623 1164 1659 aliquis
1179 1633 1213 1651 an
1224 1624 1281 1651 fieri
1293 1625 1378 1658 possit
1390 1629 1419 1651 ut
1433 1624 1545 1659 spiritus
1560 1628 1587 1651 et
1605 1632 1667 1652 cor-

875 1678 926 1705 pus
941 1670 1023 1697 simul
1045 1678 1076 1697 ea
1097 1678 1150 1705 qua
1167 1670 1286 1697 diximus
1301 1670 1405 1698 ratione
1419 1671 1666 1703 consentiattt,non

874 1718 954 1745 etiam
966 1716 1085 1748 tertium,
1104 1716 1224 1743 animam
1242 1716 1321 1749 dico;
1340 1724 1373 1742 an
1393 1720 1538 1750 postquam
1560 1715 1614 1742 duo
1638 1715 1665 1742 in

876 1762 985 1789 nomine
999 1761 1062 1788 Jesu
1074 1761 1230 1796 congregati
1247 1765 1320 1794 sunt,
1338 1761 1446 1788 illorum
1466 1768 1549 1795 super
1564 1765 1664 1788 terram

875 1807 1021 1835 consensui
1037 1814 1208 1841 consequens
1226 1815 1278 1834 non
1296 1807 1330 1834 sit
1345 1811 1400 1834 tres
1415 1807 1495 1833 etiant
1513 1808 1540 1833 in
1555 1807 1666 1834 nomine

875 1853 948 1880 illius
963 1852 1131 1887 congregari,
1148 1859 1265 1886 quorum
1289 1853 1315 1879 in
1342 1852 1460 1879 medium
1482 1851 1557 1879 venit
1579 1851 1666 1878 Filius

874 1897 957 1933 619
977 1897 1034 1929 Dci,
1048 1905 1109 1923 cum
1124 1897 1215 1923 omnia
1234 1897 1270 1923 illi
1287 1901 1446 1924 consecrata
1463 1897 1527 1929 sint,
1544 1897 1594 1922 tria
1608 1897 1665 1923 litec

875 1945 947 1975 dico,
956 1950 1004 1970 ncc
1013 1943 1173 1969 adversante
1185 1942 1222 1968 illi
1232 1950 1381 1977 quoqttam,
1394 1950 1446 1969 non
1460 1943 1547 1969 solum
1556 1943 1664 1977 spiritu.

876 1988 922 2016 sed
940 1995 989 2014 nec
1004 1987 1104 2019 anima,
1123 1987 1235 2022 insuper
1247 1994 1313 2014 vero
1327 1994 1378 2014 nec
1395 1994 1519 2022 corpore.

914 2076 940 2102 4.
957 2075 1011 2102 Nec
1036 2081 1101 2101 vero
1123 2074 1257 2100 absonum
1283 2072 1364 2099 fuerit
1388 2076 1414 2100 et
1439 2072 1627 2107 injucundum,
1642 2074 1665 2100 si

880 2121 1023 2154 utriusque
1055 2118 1220 2152 testamenti,
1249 2124 1305 2145 tum
1332 2118 1405 2145 illius
1427 2119 1473 2154 qui
1503 2126 1665 2154 corporeum

644 2163 758 2192 VETUS
779 2165 1068 2195 INTERPRETATIO.

34 2213 186 2247 'onjugium
207 2213 329 2243 solvere,
345 2211 391 2238 sed
409 2211 535 2238 virtutem
551 2211 726 2247 continentiae
740 2219 876 2247 exercere.
895 2212 923 2239 Si
945 2215 1033 2238 autem
1062 2211 1130 2247 alter
1155 2210 1271 2247 voluerit
1296 2214 1370 2247 caste
1393 2217 1483 2247 agere,
1510 2212 1578 2238 alter
1601 2218 1671 2238 vero

35 2245 144 2275 tolueiit
160 2253 212 2275 aut
231 2255 286 2274 non
303 2247 430 2283 potuerit,
459 2251 485 2273 et
499 2251 642 2283 propterea
659 2245 703 2272 ille
718 2246 811 2273 volens
827 2251 854 2274 et
877 2252 973 2283 potens
992 2254 1045 2283 non
1055 2246 1285 2283 ’condcscenderit
1306 2245 1407 2272 nolenti
1426 2249 1452 2272 ct
1474 2254 1528 2273 non
1552 2247 1668 2283 potenti,

35 2291 79 2310 tott
93 2284 148 2310 erit
165 2284 194 2310 itt
212 2283 258 2310 eis
274 2280 344 2316 quod
362 2282 472 2311 dicitur,
491 2290 499 2306 ι
516 2281 549 2308 de
562 2281 642 2316 omni
658 2289 686 2308 re
700 2280 892 2316 quamcunque
909 2281 1037 2316 petierint
1051 2281 1095 2307 fiet
1109 2280 1158 2307 eis.
1178 2290 1187 2306 ›

58 2319 85 2345 5.
109 2318 178 2346 Scio
192 2323 221 2345 et
239 2314 321 2344 aliam
337 2316 545 2351 expositionem.
560 2315 589 2342 ln
607 2316 685 2342 malis
699 2314 771 2342 enim
788 2314 946 2344 hominibus
964 2321 1104 2350 peccatum
1130 2315 1220 2342 carnis
1242 2315 1341 2342 animae
1366 2314 1524 2351 dominatur
1547 2316 1580 2342 ad
1603 2315 1668 2342 ohe-

34 2351 154 2380 liendum
171 2353 198 2380 ei
218 2353 247 2379 in
267 2352 407 2379 desideriis
421 2352 491 2386 ejus.
507 2352 536 2377 In
553 2351 596 2378 his
611 2355 701 2378 autem
716 2351 761 2385 qui
777 2353 941 2386 expulerunt
955 2351 1033 2386 quasi
1047 2351 1080 2377 de
1095 2351 1193 2377 throno
1208 2351 1332 2384 corporis
1356 2350 1397 2377 sui
1424 2354 1576 2386 peccatum,
1588 2351 1667 2386 quod

34 2393 192 2423 egnaverat
208 2387 290 2422 prius
306 2387 331 2413 in
347 2387 397 2418 eis,
414 2385 442 2414 et
455 2390 559 2423 certant
576 2386 705 2413 adversus
721 2385 820 2423 ipsum;
836 2396 845 2412 ι
856 2385 1054 2423 νςλτογηὶιὶίίριῐι
1072 2385 1240 2419 concupiscit
1255 2386 1386 2423 adversus
1401 2385 1538 2423 spiritum,
1552 2385 1667 2418 spiritus

34 2420 114 2450 uitem
132 2420 278 2450 adversus
294 2430 416 2449 carnem.
435 2431 444 2447 ι
462 2421 490 2448 in
505 2421 571 2448 viris
587 2425 676 2447 autern
695 2420 822 2455 perfectis
837 2420 960 2449 obtinuit
971 2421 1094 2455 spiritus,
1109 2423 1135 2447 et
1150 2428 1231 2454 opera
1246 2420 1336 2446 carnis
1351 2420 1535 2452 mortificavit,
1552 2424 1579 2446 et
1592 2427 1668 2455 com-

34 2459 166 2485 nendavit
182 2459 275 2484 vitam
291 2465 368 2484 suam
386 2456 472 2489 carui,
485 2459 518 2492 ut
533 2455 648 2483 vivificet
663 2465 673 2492 ι
691 2454 815 2483 mortalia
829 2465 944 2492 corpora
958 2465 967 2482 ι
984 2454 1034 2484 sua
1049 2465 1058 2481 ι
1073 2460 1183 2490 propter
1198 2455 1396 2492 inhabitantem
1410 2455 1535 2489 spiritum
1551 2463 1560 2479 ι
1576 2454 1602 2492 in
1615 2454 1668 2492 eis,

34 2498 48 2520 ιι
64 2494 93 2520 fit
109 2500 276 2521 consensus
292 2493 407 2519 duorttnt
426 2491 539 2526 spiritus
554 2495 580 2517 et
594 2491 685 2518 carnis
701 2499 782 2525 super
797 2489 915 2523 terram;
936 2499 990 2526 quo
1011 2489 1148 2518 consensu
1170 2490 1286 2524 expleto,
1314 2494 1341 2516 et
1363 2494 1452 2526 oratio
1470 2489 1669 2526 transmittitur

34 2530 105 2555 :orde
119 2529 242 2563 quidem
265 2537 273 2552 ι
292 2527 412 2563 credenti
433 2524 467 2563 ad
484 2525 636 2563 justitiam._
657 2534 704 2563 ore
727 2524 817 2563 autem
839 2524 979 2563 confitenti
1005 2527 1038 2553 ad
1065 2526 1194 2563 salutent,
1209 2534 1219 2551 ι
1236 2531 1264 2552 ιιι
1279 2533 1326 2563 cor
1339 2532 1392 2563 non
1412 2525 1446 2551 sit
1467 2525 1547 2563 longe
1569 2532 1583 2551 a
1601 2524 1668 2556 Deo.

36 2564 67 2590 cd
85 2558 151 2591 cum
174 2571 223 2593 eo.
244 2567 275 2589 ut
289 2561 344 2596 jam
364 2570 415 2588 non
433 2562 511 2588 labiis
525 2561 666 2595 appropict
680 2561 704 2586 ei
716 2565 767 2596 χει
783 2561 823 2588 sic
839 2562 908 2589 fiunt
932 2562 986 2588 duo
1010 2561 1166 2595 congregati
1188 2560 1214 2586 in
1235 2560 1345 2596 nomine
1359 2558 1434 2586 Jesu.
1458 2559 1554 2596 Adhuc
1577 2563 1667 2585 autem

34 2600 129 2626 lentius
143 2604 200 2631 est,
220 2598 245 2625 si
267 2593 321 2624 tres
344 2597 520 2632 convenerint
544 2593 570 2622 in
587 2593 794 2632 ttomincAJesu,
819 2602 849 2623 ut
873 2597 1018 2632 impleatur
1040 2593 1218 2632 apostolicum
1242 2595 1307 2621 illttd
1333 2600 1445 2632 votum:
1465 2603 1473 2619 t
1494 2593 1564 2632 Deus
1578 2599 1669 2632 autem

35 2635 179 2662 anctilicet
193 2629 252 2660 vos
267 2632 300 2659 ad
314 2631 473 2666 perfectum.
489 2635 516 2657 et
529 2631 630 2666 integer
648 2630 760 2664 spiritus
777 2636 866 2659 vester
881 2629 1009 2659 et’anima
1024 2629 1161 2664 et’corpus
1179 2630 1238 2657 sine
1254 2629 1360 2656 macula
1377 2634 1500 2656 servetur
1518 2630 1543 2655 in
1566 2629 1652 2655 adrett
1663 2643 1669 2648 τ

34 2677 76 2696 unt
94 2668 214 2697 Domini
234 2665 323 2694 nostri
339 2666 403 2694 Jesu
416 2665 529 2694 Christi.
548 2675 557 2691 ι
573 2665 665 2693 Potest
678 2670 767 2692 autem
784 2666 843 2693 ﬁeri
861 2672 889 2694 ut
905 2667 959 2693 duo
973 2666 1137 2692 (:om‘cniant
1151 2665 1209 2691 sine
1222 2666 1314 2691 tertio.

54 2704 82 2732 4.
100 2703 276 2732 Jucundum
290 2706 432 2729 estautem
450 2702 532 2729 istum
548 2709 711 2728 consensum
728 2701 878 2735 intelligere
893 2703 974 2729 etiam
990 2702 1063 2728 circa
1076 2700 1264 2727 convenientia
1287 2700 1402 2726 duorum
1432 2703 1668 2730 testamentorum,

53 2754 74 2769 "
89 2753 178 2781 Rom.
191 2761 234 2785 vr,
251 2751 297 2778 12.
333 2751 356 2767 ⁸⁸
370 2751 430 2779 Gal.
445 2759 473 2782 v,
485 2750 529 2777 l7.
568 2749 590 2765 θ’
603 2748 682 2776 Rom.
693 2756 750 2781 VIII,
765 2749 809 2776 il.

909 2757 960 2777 orn.
977 2757 1005 2781 x,
1024 2748 1065 2776 10.
1123 2748 1145 2763 ⁹¹
1159 2747 1168 2773 I
1182 2747 1278 2775 Thess.
1293 2755 1318 2777 v.
1337 2747 1382 2774 25.

54 2801 112 2836 (95)
136 2800 216 2827 Οἶδα
282 2798 440 2836 καλά-μην
450 2797 603 2832 διήγησιν,
616 2801 668 2824 etc.
683 2795 749 2823 Vide
762 2795 822 2825 llic-

910 2796 988 2836 _(96)_
997 2796 1104 2836 Χαρίεν
1115 2795 1149 2821 δὲ
1163 2795 1212 2822 καὶ
1228 2795 1260 2822 τὸ
1275 2794 1329 2829 τῆς
1340 2793 1526 2830 συμφωνίας,
1537 2799 1589 2821 etc.
1604 2792 1670 2820 Vide

34 2832 171 2871 onytnum
188 2840 217 2862 et
238 2833 484 2869 Theophylactum.
885 2832 1129 2866 Theophylactum.
