1859 3051
184 109 252 136 “87

183 165 305 202 psalterii
324 164 489 193 chordarum
508 162 580 190 nulla
597 161 712 189 invicem
729 160 911 195 discrepantia
923 164 974 187 est.
992 162 1013 188 Α

183 214 218 238 At
234 219 288 237 non
304 210 511 237 consentiebant
534 215 613 243 super
638 214 737 235 terram
760 207 806 242 qui
831 207 976 234 dicebam:

187 265 197 282 ι
214 256 269 291 Ego
295 256 406 291 quidem
425 263 486 282 sum
503 255 590 283 Pauli.
609 262 659 289 ego
685 258 775 280 autem
800 253 908 287 Apollo,
928 260 978 287 ego

185 309 250 328 vero
265 301 374 336 Cephae,
391 308 442 335 ego
459 305 549 328 autem
562 299 664 326 Christi
676 298 709 331 δ’,
729 308 738 323 ι
753 298 798 325 sed
814 298 886 324 inter
904 297 978 331 ipsos

183 344 266 380 617
283 349 359 371 erant
380 344 536 374 schismata.
556 343 655 377 quibus
672 343 822 376 dissipatis,
844 349 898 368 una
915 349 978 369 cum

185 389 261 416 I‘auli
282 391 376 425 spiritu
391 390 424 421 ³³,
439 390 538 416 virtute
555 389 662 416 Domini
677 388 740 415 Jcsu
753 389 866 420 Christi.
879 396 978 416 conso-

186 437 340 466 ciabantur.
354 445 386 463 ne
397 444 426 463 se
444 436 560 470 amplius
580 436 737 463 morderent
749 440 776 462 ct
793 436 977 468 comederent,

189 484 226 510 ita
242 488 272 510 ut
285 482 406 510 vicissim
424 482 493 508 alius
514 481 547 508 ab
570 481 624 508 alio
650 486 896 515 consumerentur;
913 489 979 508 cou-

185 528 272 556 sumit
297 528 369 555 enim
400 531 427 554 et
452 527 543 554 atterit
566 527 722 558 discordia,
748 527 977 560 quemadmodum

185 573 305 602 corradit
319 578 346 600 et
362 573 518 600 accumulat
533 573 691 605 concordia,
707 577 734 600 ct
750 572 809 599 Filii
828 573 875 600 Dei
891 581 977 609 caan

184 624 236 652 cst,
250 619 296 654 qui
317 618 343 645 in
364 619 454 646 medio
475 619 704 646 consentientium
721 619 854 646 duntaxat
876 620 978 654 reperi~

185 669 239 692 tur.
254 665 292 692 Ac
308 669 373 692 sunt
387 665 442 692 duo
467 664 602 700 generalia
623 665 649 691 in
671 665 770 700 quibus
790 666 898 700 proprie
914 671 980 693 con—

184 710 277 737 cordia
297 710 405 737 exsistit
421 719 427 736 :
442 717 605 743 consensus,
632 718 694 738 cum
718 711 819 738 eaedem
845 711 979 739 habentur

184 755 278 782 animo
291 755 450 787 sententias;
469 759 495 782 et
510 756 633 790 ejusdem
649 756 801 784 voluntatis
820 757 976 789 consensio,

183 808 246 828 cum
264 808 311 835 par
326 805 368 828 est
383 800 529 836 utrobique
551 805 578 828 et
601 802 698 829 similis
714 802 774 829 vitae
793 807 880 829 tenor.
897 802 976 835 Quod

185 847 209 874 si
225 856 234 872 ι
255 847 362 874 duobus
374 854 408 873 ex
422 847 501 874 nobis
518 847 753 875 consentientibus
766 856 848 882 super
864 852 975 879 teriam,
995 835 1014 862 Β

185 893 218 919 de
233 892 307 919 omni
326 900 364 924 re,
378 899 543 927 quacunque
563 892 701 927 petierint,
725 893 768 920 [iet
793 893 845 921 illis
864 902 879 921 a
897 894 977 921 Patre

185 937 248 966 Jesu
272 938 320 973 qui
338 939 364 965 in
383 938 461 965 cmlis
477 942 519 965 est
538 937 577 971 tu;
601 947 609 964 ι
633 939 851 973 quotiescunque
868 947 882 966 a
897 939 977 967 Patre

186 984 232 1019 qui
248 985 274 1011 in
289 984 366 1012 caelis
385 988 428 1011 est
450 984 585 1018 postulata
602 985 728 1020 quaelibet
751 993 805 1012 non
826 985 976 1020 impetran-

187 1035 241 1063 tur,
254 1030 322 1057 duos
339 1031 393 1057 illic
409 1038 491 1065 super
503 1034 603 1058 terram
618 1038 671 1058 non
686 1031 859 1058 consensisse
871 1032 976 1066 perspi-

186 1083 268 1102 cuum
285 1080 335 1107 est,
352 1079 378 1102 et
395 1083 443 1102 cur
464 1075 535 1103 votis
558 1083 592 1103 ac
612 1076 739 1110 precibus
761 1084 815 1103 non
838 1077 974 1111 potiamur

187 1121 252 1148 illud
268 1122 295 1148 in
315 1129 398 1148 causa
420 1128 491 1153 esse,
508 1121 580 1155 quod
605 1129 693 1156 neque
713 1122 904 1156 opinionibus,
929 1130 977 1150 ne-

187 1175 240 1202 que
263 1167 324 1194 vita:
348 1167 472 1194 instituto
499 1167 580 1194 simul
606 1168 819 1195 consentiamus.
842 1168 976 1196 Praeterea

187 1220 251 1240 vero
279 1213 300 1239 si
329 1220 429 1246 corpus
453 1220 549 1240 sumus
576 1211 688 1243 Christi,
714 1217 742 1239 et
763 1213 878 1247 «posuit
905 1212 978 1240 Deus

188 1259 308 1286 membra
326 1258 542 1293 unumquodque
556 1265 651 1285 eorum
668 1259 695 1285 in
708 1266 833 1294 corpore,
847 1268 856 1284 ι
868 1262 898 1285 ut
908 1268 917 1284 ι
929 1266 978 1293 pro

188 1304 303 1332 invicem
318 1304 434 1331 sollicita
456 1304 510 1330 sint
525 1303 647 1330 membra
661 1303 695 1334 ⁸⁸,
713 1313 721 1329 ι
743 1309 769 1330 et
792 1304 843 1330 sibi
862 1304 976 1331 invicem

187 1349 370 1382 consentiant,
388 1359 397 1374 ι
413 1355 439 1376 et
455 1349 478 1376 si
500 1349 564 1383 quid
581 1349 683 1383 patitur
706 1357 790 1376 unum
813 1349 977 1383 membrum,

169 1395 388 1430 ~compatianlur
403 1394 494 1421 omnia
511 1394 651 1424 membra;
671 1394 728 1421 sive
743 1393 874 1429 gloriatur
892 1403 977 1422 unum

189 1443 352 1474 membrum,
368 1441 557 1476 congaudeant
575 1441 609 1473 ⁸⁸,
628 1450 636 1466 ι
659 1440 809 1468 exercenda
835 1441 913 1469 nobis
937 1445 980 1469 est

188 1488 348 1524 symphonia
363 1495 423 1522 qua:
445 1495 459 1514 a
477 1487 567 1513 divina
582 1487 686 1514 musica
703 1487 800 1519 oritur,
816 1492 845 1514 ut
863 1495 924 1515 cum
949 1488 976 1515 in
991 1485 1012 1513 C

913 99 1074 128 ORIGENiS

1752 93 1816 120 “88

1028 157 1120 192 λή).ας.
1146 156 1184 182 Οὐ
1209 154 1378 189 συνεφώνουν
1405 153 1434 180 δὲ
1447 152 1494 180 ὲπὶ
1505 153 1557 188 τῆς
1573 152 1625 187 γ’ἦς
1641 152 1665 179 oi
1687 152 1816 186 λέγοντες·

1032 213 1041 229 ι
1066 202 1135 236 Ἐγὼ
1149 202 1197 238 μέν
1211 203 1268 237 εἰμι
1286 201 1404 232 Παύλου,
1419 199 1474 234 ἐγὼ
1502 199 1530 226 δὲ
1551 198 1686 230 Ἀπολλὼ,
1710 198 1766 232 ἐγὼ

1028 250 1121 285 Κηφᾶ,
1136 248 1190 284 ἐγὼ
1201 248 1230 275 δὲ
1243 247 1372 284 Χριστοῦ,
1381 256 1390 272 ι
1401 246 1469 273 ἀλλὰ
1479 244 1512 281 ἦν
1527 247 1556 272 ἐν
1567 246 1660 276 αὐτοῖς
1675 245 1818 280 σχίσματα,

1028 292 1065 322 ὧν
1077 295 1285 330 καταλυομένων
1297 294 1443 329 συνήγοντο
1453 293 1521 328 μετὰ
1532 292 1578 318 τοῦ
1593 292 1622 318 ἐν
1633 291 1736 326 Παύλῳ
1747 290 1821 317 πνεύο

1030 350 1113 377 ματος
1128 341 1176 368 σὺν
1190 342 1223 376 τῇ
1240 340 1353 375 δυνάμει
1377 338 1424 365 τοῦ
1446 338 1549 373 Κυρίου
1580 337 1668 372 Ἰησοῦ
1691 336 1818 372 Χριστοῦ,

1028 387 1072 414 ἵνα
1086 389 1183 422 μηκέτι
1198 386 1330 421 ἀλλήλους
1355 385 1474 412 δάκνωσι
1495 384 1543 410 καὶ
1566 382 1761 415 κατεσθίωσιν,
1787 383 1820 414 ὡς

1029 433 1081 458 ὑπὸ
1095 432 1217 467 ἀλλήλων
1230 431 1328 462 αὐτοὺς
1349 429 1554 458 ἀναλίσκεσθαι·
1573 429 1719 455 ἀναλίσκει
1735 428 1790 464 γὰρ
1805 430 1820 463 ἡ

1028 479 1169 514 διαφωνία,
1184 477 1279 512 ὥσπερ
1305 477 1416 512 συνάγει
1449 477 1466 511 ἡ
1494 475 1649 511 συμφωνία,
1676 475 1729 501 καὶ
1741 477 1821 510 χωρεί

1027 526 1073 552 τὸν
1090 525 1209 560 ἐνμέσῳ
1225 524 1280 551 τῶν
1293 523 1508 559 συμφωνούντων
1525 522 1667 557 γινόμενον
1684 522 1752 548 Υίὺν
1776 521 1819 547 τοῦ

1028 571 1108 598 Θεοῦ.
1121 571 1176 599 Καὶ
1190 571 1293 607 κυρίως
1305 578 1335 604 γε
1351 570 1379 596 ὲν
1392 569 1438 596 δύο
1453 570 1572 603 γενικοῖς
1589 568 1696 602 γίνεται
1716 569 1734 603 ἡ
1760 576 1822 602 συμ-

1029 617 1128 652 φωνία,
1143 617 1192 652 τῷ,
1209 617 1247 649 ὡς
1260 617 1403 652 ὠνόμασεν
1414 617 1428 642 6
1455 614 1624 646 Ἀπόστολος,
1642 614 1821 650 καταρτισμᾷ

1028 663 1075 690 τοῦ
1091 662 1174 690 αὑτοῦ
1185 663 1254 695 νοὸς,
1267 662 1338 690 κατὰ
1359 661 1388 688 τὸ
1414 661 1484 688 αὐτὰ
1496 661 1619 696 δόγματα
1646 660 1722 696 ἔχειν
1735 668 1823 694 νενοη-

1030 710 1108 745 μένα,
1123 711 1168 736 καὶ
1184 709 1213 736 τὸ
1235 709 1284 744 τῆς
1311 708 1394 743 αὐτῆς
1420 707 1542 742 γνώμης,
1567 706 1640 734 κατὰ
1667 706 1700 732 τὸ
1723 706 1823 741 ὁμοίως

1031 755 1114 790 βιοῦν.
1127 755 1159 781 El
1175 755 1214 785 δὲ,
1231 764 1239 780 ι
1255 754 1301 781 ἐὰν
1318 753 1365 780 δύο
1378 754 1456 789 ἡμῶν
1471 754 1694 788 συμφωνήσωσιν
1711 753 1760 779 ἐπὶ
1775 752 1823 786 τῆς

1029 800 1081 835 γῆς
1095 800 1159 836 περὶ
1171 799 1270 831 παντὸς
1284 799 1446 834 πράγματος
1466 794 1497 825 οὗ
1517 799 1565 824 ἐὰν
1590 799 1772 834 αἰτήσωνται,
1786 798 1822 831 γί-

1029 855 1103 873 νεται
1131 847 1223 878 αὺτοῖς
1241 846 1317 880 παρᾶ
1334 845 1382 871 ,τοῦ
1398 845 1427 871 ὲν
1449 845 1573 881 οὐρανοῖς
1597 845 1736 880 Πατρίιςμ
1764 845 1825 878 περὶ

1029 893 1129 924 παντὸς
1154 892 1317 927 πράγματος
1335 888 1365 918 οὗ
1395 891 1442 917 ἐὰν
1468 891 1646 926 αἰτήσωνται,
1680 890 1741 915 ἐκεῖ
1767 889 1825 915 οὐδὲ

1027 938 1073 964 δύο
1090 936 1282 972 συνεφώνησαν
1297 936 1344 964 ἐπὶ
1358 937 1406 972 τῆς
1421 937 1483 971 γῆς·
1505 937 1551 963 καὶ
1566 935 1647 962 τοῦτο
1658 936 1746 962 αἴτιον
1760 936 1825 970 ἡμῖν

1027 985 1086 1011 ἐστι
1102 983 1149 1011 τοῦ
1166 984 1203 1019 μὴ
1217 982 1400 1009 ὲπακούεσοαι
1432 982 1608 1018 εὐχομένους,
1634 982 1666 1008 τδ
1699 981 1737 1017 μὴ
1757 989 1825 1016 συμ-

1028 1031 1125 1064 φωνεῖν
1143 1029 1217 1065 ήμᾶς
1236 1029 1362 1064 ἀλλήλοις
1386 1030 1432 1056 ἐπὶ
1457 1029 1507 1064 τῆς
1532 1029 1585 1063 γῆς
1613 1029 1683 1063 μήτε
1709 1028 1826 1062 δόγμασι

1031 1077 1100 1112 μήτε
1120 1075 1170 1111 βιῳ
1182 1084 1188 1090 ·
1206 1076 1246 1101 ἔτι
1260 1075 1287 1102 δὲ
1315 1075 1361 1102 και¹
1376 1075 1455 1110 εἴπερ
1469 1074 1549 1109 σῶμα
1577 1075 1662 1109 ἐσμεν
1693 1073 1827 1109 Χριστοῦ.

1028 1122 1075 1148 καὶ
1092 1131 1101 1147 ‹
1117 1121 1193 1148 ἕοετο
1210 1122 1223 1148 6
1243 1121 1308 1152 Θεὸς
1334 1121 1368 1147 τὰ
1394 1120 1462 1156 μέλη
1485 1120 1601 1148 ἕκαστον
1624 1120 1718 1146 αὐτῶν
1742 1122 1776 1148 ὲν
1792 1120 1828 1155 τῷ

1030 1167 1165 1202 σώματιμ
1176 1167 1219 1193 ἵνα
1236 1176 1244 1191 ι
1254 1166 1284 1193 τὺ
1297 1167 1362 1193 αὐτὸ
1379 1166 1546 1202 μεριμνῶσιν
1566 1166 1637 1200 ὑπὲρ
1654 1165 1782 1200 ἀὶλήλων
1797 1166 1829 1192 τὰ

1032 1212 1127 1248 μ.ἑλη,ι
1146 1213 1193 1239 καὶ
1210 1212 1390 1248 συμφωνῶσιν
1408 1212 1543 1248 ἀλλήλοις,
1574 1222 1583 1237 ι
1603 1213 1650 1238 καὶ
1675 1212 1829 1247 πάσχοντος

1030 1259 1087 1290 ἐνὸς
1107 1259 1156 1293 μὲν
1173 1258 1268 1294 μέλους
1288 1258 1436 1294 συμπάσχῃ
1467 1259 1566 1289 πάντα,
1598 1257 1787 1293 δοξαζομένου
1803 1259 1828 1284 δὲ

1032 1305 1194 1341 aumatian
1211 1304 1354 1340 ὀφείλομεν
1364 1305 1458 1331 ἀσκεῖν
1472 1304 1521 1339 τὴν
1541 1304 1595 1330 ἀπὸ
1610 1305 1661 1339 τῆς
1674 1305 1755 1336 Θείας
1767 1314 1829 1339 μου·

1032 1351 1110 1386 σικῆς
1138 1351 1308 1385 συμφωνίαν,
1331 1350 1384 1382 ἵνα,
1413 1350 1604 1385 συναγομένων
1628 1350 1711 1385 ἡμῶν
1735 1351 1778 1382 εις
1801 1350 1829 1376 τὸ

1031 1398 1118 1432 ὄνομα
1142 1397 1188 1423 τοῦ
1203 1396 1332 1432 Χριστοῦ,
1347 1396 1465 1432 Χριστὸς
1519 1397 1548 1423 ὲν
1563 1396 1639 1432 μέσῳ
1653 1396 1734 1431 ἡμῶν
1753 1397 1769 1422 6
1785 1396 1828 1422 τοῦ

1032 1443 1098 1469 Θεοῦ
1116 1443 1210 1478 Λόγος,
1229 1443 1275 1469 καὶ
1298 1443 1314 1478 ὴ
1333 1442 1380 1470 τοῦ
1401 1442 1469 1469 Θεοῦ
1493 1442 1582 1477 σοφία,
1602 1443 1651 1469 καὶ
1671 1444 1690 1477 ἡ
1712 1442 1829 1478 δύναμις

1029 1487 1110 1516 αὑτοῦ
1116 1510 1121 1516 .

188 1536 297 1562 nomine
325 1534 427 1561 Christi
455 1533 587 1561 fuerimus
613 1535 778 1570 congregati,
800 1535 827 1562 in
851 1536 942 1563 medio
962 1540 1085 1564 nostrum
1107 1536 1143 1564 sit
1158 1536 1295 1569 Christus,
1311 1536 1357 1572 qui
1387 1535 1434 1564 Dei
1451 1535 1569 1564 Verbum
1598 1541 1650 1568 est,
1671 1542 1702 1564 et
1720 1537 1770 1564 Dei
1789 1545 1831 1565 sa-

187 1582 299 1617 pientia,
318 1581 458 1616 ipsiusque
472 1581 569 1608 virtus.

223 1627 250 1654 2.
271 1627 359 1662 Atque
381 1628 438 1654 ha-c
468 1626 579 1661 quidem
603 1626 636 1654 de
661 1627 704 1655 his
728 1627 835 1656 duobus
857 1629 979 1657 tribusve

188 1672 318 1705 diximus,
333 1680 402 1706 quos
417 1672 451 1699 ad
467 1672 692 1700 consentiendum
711 1674 825 1702 invicem
852 1675 979 1702 hortatur

190 1717 320 1750 Verbum,
337 1722 417 1753 prout
431 1718 458 1744 in
472 1726 583 1746 sensum
599 1719 671 1746 trahi
700 1724 815 1754 possunt
834 1720 927 1748 tritum
946 1728 979 1749 ac

188 1765 376 1800 pervulgatum
393 1764 500 1800 magis:
515 1772 588 1792 nunc
609 1769 699 1792 autem
723 1766 803 1792 aliam
820 1766 980 1801 explicatio-

190 1818 251 1838 nem
267 1810 468 1846 aggrediamur,
484 1818 565 1845 quam
580 1815 643 1839 ante
656 1819 707 1839 nos
727 1811 863 1846 quispiam
887 1816 981 1847 protu-

189 1857 230 1886 lit.
254 1857 287 1884 ad
311 1857 461 1884 castitatem
485 1862 513 1884 et
536 1857 698 1884 munditiem
718 1858 856 1884 connubio
869 1858 980 1893 junctos

189 1905 356 1937 adhortans;
383 1903 453 1930 duos
476 1903 549 1931 enim
583 1903 651 1934 hos,
678 1911 748 1938 quos
773 1911 854 1938 super
880 1908 979 1930 terram

189 1951 344 1977 consentire
360 1950 417 1977 vult
435 1948 565 1981 Verbum,
586 1950 674 1975 virum
687 1953 715 1976 et
735 1949 875 1976 mulierem
903 1949 981 1976 intel-

189 1996 234 2031 ligi
248 1997 346 2023 debere
359 1996 449 2027 docet,
465 2003 498 2022 ex
519 2003 655 2023 consensu
679 2003 738 2022 sese
759 2003 890 2030 corporeo
912 2003 980 2023 con-

189 2050 284 2078 gressu
302 2042 470 2074 fraudautes,
486 2047 517 2069 ut
534 2048 630 2070 vacent
650 2042 779 2074 orationi,
801 2042 911 2076 quando
926 2042 979 2069 sci-

190 2088 253 2116 licet
268 2095 377 2115 orantes
393 2097 402 2114 ι
419 2088 452 2115 de
465 2088 539 2115 omni
557 2096 585 2115 re
598 2096 791 2123 quamcunque
813 2088 949 2122 petierint,
966 2097 975 2113 ι

190 2135 391 2169 impetrabunt;
406 2142 468 2161 eum
485 2139 552 2161 nutu
569 2135 658 2161 Patris
675 2134 739 2162 Jesu
759 2134 862 2161 Christi
881 2134 928 2169 qui
952 2134 978 2160 in

190 2181 267 2208 cmlis
281 2185 333 2214 est,
349 2186 456 2215 propter
472 2181 555 2217 618
577 2181 657 2208 talem
672 2188 836 2208 consensum
853 2185 977 2208 votorum

191 2230 331 2262 compotes
345 2227 418 2253 tient.
437 2226 547 2254 Videtur
562 2231 652 2254 autem
676 2226 754 2253 nobis
771 2226 829 2252 hate
845 2225 980 2260 expositio

192 2279 246 2298 non
262 2272 381 2307 eonjugii
404 2271 624 2304 dissolutionem,
646 2272 693 2300 sed
713 2272 746 2298 ad
770 2275 895 2298 mutuum
914 2278 980 2297 con-

192 2325 302 2346 sensum
317 2318 535 2346 exhortationem
551 2319 708 2350 continere;
727 2317 796 2345 adeo
814 2322 843 2344 ut
865 2316 888 2343 si
911 2316 980 2343 alter

1067 1627 1161 1654 Ταῦτα
1177 1627 1227 1663 μὲν
1243 1625 1300 1659 οὖν,
1318 1628 1356 1659 ὠς
1371 1627 1425 1654 τῶν
1448 1627 1495 1654 δύο
1510 1628 1557 1654 καὶ
1570 1628 1664 1664 τριῶν,
1690 1628 1740 1660 οὓς
1768 1637 1829 1664 προ

1032 1673 1155 1700 καλεῖται
1172 1675 1327 1710 συμφωνεῖν
1344 1675 1357 1701 6
1369 1675 1464 1708 Λόγος,
1490 1674 1644 1709 κοινότερον
1660 1675 1827 1709 νοουμένων

1032 1720 1083 1756 ἠδη
1098 1721 1126 1747 δὲ
1137 1721 1183 1747 καὶ
1196 1720 1278 1755 ἄλλης
1290 1721 1444 1756 διηγήσεως
1467 1720 1611 1755 ἁψώμεθα,
1630 1721 1664 1755 ἦν
1695 1720 1778 1754 ἔλεγέ
1793 1729 1830 1750 τις

1032 1765 1087 1793 τῶν
1099 1766 1152 1802 πρὸ
1163 1766 1252 1802 ἡμῶν,
1271 1767 1431 1802 προτρέπων
1447 1766 1494 1793 ἐπὶ
1511 1766 1621 1801 ἁγνείαν
1637 1767 1688 1793 καὶ
1708 1767 1830 1802 καθαρό-

1031 1821 1102 1848 τητα
1113 1813 1176 1845 τοὺς
1193 1813 1397 1848 γεγαμηκότας·
1413 1812 1460 1839 δύο
1472 1813 1526 1849 γὰρ
1540 1813 1587 1844 οὓς
1601 1812 1732 1847 βούλεται
1742 1833 1751 1844 ,
1783 1822 1829 1847 φη-

1034 1859 1075 1885 σὶν
1089 1860 1104 1886 6
1115 1860 1211 1894 Λόγος,
1230 1860 1383 1894 συμφωνεῖν
1395 1859 1441 1885 ἐπὶ
1464 1859 1512 1894 τῆς
1522 1860 1594 1894 γῆς,
1610 1859 1698 1894 ἄνδρα
1717 1860 1769 1886 καὶ
1784 1869 1828 1892 Τις

1034 1906 1113 1932 ναῖκα
1126 1905 1245 1940 νοητέον,
1258 1905 1290 1931 ὲκ
1313 1905 1471 1939 συμφωνίας
1502 1904 1727 1940 ἀποστεροῦντας
1750 1905 1830 1940 άλλη-

1034 1950 1094 1982 λους
1108 1951 1265 1986 σωματικῆς
1279 1950 1397 1986 ὁμιλίας,
1407 1951 1449 1976 ἴνα
1462 1949 1613 1985 σχολάσωσι
1627 1952 1661 1986 τῇ
1675 1953 1829 1986 προσευχῇ,

1032 1997 1086 2028 ὅτε,
1111 1997 1324 2032 προσευχόμενοι
1361 2006 1370 2022 ι
1393 1997 1457 2031 περὶ
1480 1996 1581 2027 παντὸς
1607 1996 1780 2032 πράγματος
1802 1995 1828 2023 αἱ

1032 2043 1079 2069 ἐὰν
1096 2043 1285 2078 αἰτήσωνται,ι
1311 2043 1452 2078 λήψονται,
1478 2044 1641 2078 γιγνομένου
1665 2044 1764 2075 αὐτοῖς
1786 2044 1830 2070 τοῦ

1032 2089 1087 2115 ἀπὸ
1103 2088 1229 2124 τοιαύτης
1243 2089 1401 2124 συμφωνίας
1417 2089 1477 2124 αίτή
1483 2097 1567 2123 ματος
1589 2089 1668 2124 παρά
1683 2089 1733 2116 τοῦ
1746 2092 1777 2116 ἐν
1789 2090 1825 2116 οὺ

1035 2135 1124 2169 ρανοῖς
1139 2134 1245 2170 Πατρὺς
1266 2133 1355 2169 Ἰησοῦ
1379 2133 1508 2168 Χριστοῦ.
1527 2134 1581 2160 Καὶ
1611 2134 1706 2161 ἔοικεν
1735 2136 1831 2170 ήμίνή

1032 2180 1156 2215 διήγησις
1166 2179 1233 2215 αὕτη
1250 2180 1280 2205 οὐ
1309 2180 1431 2206 διάλυσιν
1458 2181 1545 2206 ποιεῖν
1574 2180 1679 2215 γάμου,
1711 2182 1771 2208 ἀλλ’
1787 2183 1830 2208 ἐπὶ

1034 2225 1192 2261 συμφωνίαν
1206 2226 1373 2261 προτροπὴν·
1390 2226 1427 2256 ὡς
1443 2226 1467 2251 εἰ
1482 2227 1496 2252 ὁ
1521 2226 1614 2262 ἕτερος
1631 2227 1683 2262 μὲν
1710 2228 1830 2262 βούλοιτο

1033 2272 1205 2307 καθαρεύειν,
1234 2272 1248 2297 ὁ
1276 2272 1304 2298 δὲ
1331 2271 1423 2308 ἓτερος
1450 2272 1486 2307 μὴ
1505 2272 1587 2302 θέλοι,
1609 2273 1659 2299 καὶ
1690 2274 1738 2301 διὰ
1755 2275 1831 2301 τοῦτο

1034 2317 1246 2351 συγκαταόαίνοι
1257 2317 1325 2354 τῷῆ
1343 2317 1381 2353 μὴ
1394 2317 1527 2354 Θέλοντιῆ
1541 2319 1578 2353 μὴ
1591 2318 1742 2356 δυναμένῳ
1757 2322 1771 2347 ὸ
1786 2322 1831 2347 καὶ

795 2407 911 2437 VETUS
930 2407 1221 2438 INTERPRETATIO.

191 2493 299 2525 omnia.
321 2493 451 2521 debemus
476 2493 503 2521 in
524 2493 603 2521 nobis
624 2494 759 2521 musicum
785 2493 867 2521 istum
895 2487 1003 2521 servare

1036 2498 1209 2521 concentum.
1232 2493 1309 2522 Sicut
1329 2495 1402 2522 enim
1420 2495 1446 2521 in
1461 2494 1576 2522 musicis
1589 2495 1644 2523 nisi
1664 2495 1752 2524 fuerit
1765 2505 1831 2525 eon-

192 2530 326 2557 venientia
342 2537 450 2559 vocum,
467 2536 521 2555 non
535 2529 650 2556 delectat
659 2529 830 2561 audientem;
850 2529 890 2556 sic
906 2534 932 2556 et
944 2529 1066 2556 Ecclesia
1080 2529 1133 2556 nisi
1149 2537 1312 2556 consensum
1329 2530 1464 2559 habuerit.
1478 2537 1532 2556 non
1548 2530 1705 2558 delectatur
1717 2533 1788 2560 Deus
1804 2533 1828 2558 in

191 2573 233 2595 ea,
251 2572 301 2592 nec
317 2565 486 2604 au_dit_voces
505 2571 615 2604 eorum.1
625 2564 833 2604 Consentiamus
853 2572 927 2604 ergo,
943 2569 971 2590 ut
989 2564 1159 2604 congregatis
1183 2565 1262 2592 nobis
1280 2565 1306 2591 in
1322 2565 1433 2592 nomine
1447 2564 1524 2597 Jesu,
1544 2565 1581 2592 sit
1594 2564 1680 2594 Jesus
1699 2567 1729 2594 in
1743 2568 1830 2595 mentio

192 2605 327 2631 nostrum,
344 2598 462 2627 Verbum
480 2599 584 2626 scilicet
597 2598 644 2625 Dei
657 2604 683 2626 et
701 2599 832 2633 sapientia
849 2604 876 2626 ct
887 2598 973 2626 virtus
990 2599 1087 2633 ipsius.

226 2634 252 2661 ‘2.
275 2635 322 2661 Est
336 2639 362 2661 et
380 2634 432 2661 alia
448 2634 581 2668 expositio
596 2635 740 2661 verborum
766 2635 892 2664 istorum.
911 2641 993 2668 quam
1015 2635 1143 2668 exposuit
1168 2634 1268 2669 aliquis
1287 2639 1350 2662 ante
1375 2642 1425 2662 nos
1448 2635 1598 2662 exhortans
1614 2636 1650 2663 ad
1672 2638 1828 2664 casdtatem

193 2670 331 2704 coniuges.
351 2669 378 2696 Si
398 2669 462 2700 duo,
476 2670 575 2703 inquit,
593 2674 712 2696 vestrum
731 2670 919 2699 convenerint.
935 2669 960 2695 id
979 2673 1030 2700 est,

1049 2670 1090 2696 vir
1114 2675 1141 2696 ct
1166 2678 1235 2696 uxor
1260 2678 1293 2696 ex
1318 2678 1455 2697 cmnsensu
1482 2671 1648 2705 semetipsos
1674 2673 1827 2700 abiuviceo:

193 2709 350 2742 separantes
367 2713 381 2731 a
398 2705 530 2739 corporali
547 2705 911 2742 conjunctimle,_ulLvacent
933 2705 1067 2742 orationi;
1082 2709 1158 2742 _tunc
1183 2705 1254 2731 enim
1281 2710 1390 2742 orantes
1405 2705 1438 2742 de
1462 2706 1538 2732 omni
1563 2714 1603 2737 re,
1633 2715 1829 2742 quamcunque

195 2739 329 2772 petierint,
345 2738 557 2774 consequentur,
577 2744 722 2775 praestante
737 2740 776 2767 eis
791 2739 847 2766 Deo
862 2747 910 2773 per
925 2738 1004 2766 talem
1020 2739 1155 2767 castitatis
1169 2747 1342 2767 consensum.
1360 2739 1393 2767 Et
1409 2741 1460 2767 iste
1476 2747 1630 2769 consensus
1643 2738 1707 2770 ’που
1726 2738 1829 2771 ridetur

236 2813 257 2827 ⁸⁸
276 2819 284 2844 ι
300 2819 363 2846 Cor.
383 2829 400 2849 ι,
418 2822 460 2848 12.
499 2822 521 2837 ⁸³
535 2822 594 2849 Gal.
607 2831 633 2854 ν,
653 2823 695 2850 15.
735 2821 757 2837 ⁸⁸
769 2820 863 2848 Matth.
878 2829 956 2855 xvm,
973 2821 1015 2849 i9.

1055 2823 1078 2838 ⁸³
1090 2822 1098 2848 Ι
1110 2822 1172 2849 Cor.
1190 2823 1296 2856 xu,18.
1335 2823 1358 2838 ³⁸
1376 2822 1440 2851 ibid.
1457 2822 1557 2857 25,96.
