1859 3051
62 116 124 142 “89

515 113 693 140 COMMENT.
715 113 748 139 lN
767 110 979 140 MATTHIEUM
997 111 1116 140 TOMUS
1134 111 1203 140 XIV.

1616 115 1684 141 “90

61 174 210 209 βουλόμενος
226 173 273 200 καὶ
284 173 432 208 δυνάμενος
448 173 479 199 τὸ
493 174 627 208 κρεῖττον,
639 173 689 199 οὐκ
703 172 735 199 ἂν
751 171 837 207 ἔχοιεν

929 170 998 197 idem
1012 175 1086 198 caste
1100 178 1180 205 agere
1192 170 1265 201 velit,
1277 170 1344 197 nolit
1355 177 1419 197 vero
1433 170 1510 203 alter,
1523 175 1548 197 et
1560 177 1682 205 propter-

58 220 201 255 ἀμφότεροι
213 219 245 245 τὸ
261 219 325 254 περὶ
351 219 451 250 παντὸς
467 219 638 254 πράγματος,
654 216 683 245 οῦ
698 218 745 245 ἐὰν
761 219 840 254 αίτή-

60 273 161 297 σωνται,
176 264 299 299 γίνεσθαι
313 265 405 296 αὐτοῖς
432 264 509 300 παρὰ
534 264 581 290 τοῦ
606 265 634 291 ὲν
648 265 703 296 τοῖς
716 265 840 300 οὐρανοῖς

59 307 157 343 Πατρὺς
178 308 264 344 Ἰησοῦ
276 307 406 343 Χριστοῦ.

93 426 152 457 Οἶδα
163 430 191 457 δὲ
208 430 255 458 καὶ
271 429 355 466 ἄλλην
368 430 495 465 διήγησιν
516 429 570 466 (95)
599 429 668 466 μετὰ
682 430 745 462 τοὺς
758 438 841 464 γεγα-

60 475 173 511 μηκότας
189 476 316 511 περὶτῆς
339 475 394 502 τῶν
416 475 463 502 δύο
479 475 640 510 συμφωνίας
656 477 793 510 τοιαύτην·
812 476 841 503 ἐν

59 522 167 558 μὲντοῖς
184 521 296 556 φαύλοις
327 521 464 556 βασιλεύει
490 522 507 557 ἡ
522 522 643 559 ἁμαρτία
669 522 719 556 τῆς
741 521 839 557 ψυχῆς,

59 567 182 604 ἱδρυμένη
199 567 236 599 ὼς
247 568 274 593 ἐν
288 567 380 602 οἰκείῳ
398 567 484 602 θρόνῳ
506 567 545 603 τῷ
564 567 653 603 θνητῷ
676 568 763 603 τούτῳ
790 568 841 594 σώ-

58 621 133 648 ματι,
157 613 196 643 εἰς
218 612 248 638 τὺ
273 612 420 639 ὑπακούειν
432 613 482 648 τὴν
494 612 582 648 ψυχὴν
596 614 655 645 ταῖς
682 613 841 649 ἐπιθυμίαις

55 657 146 684 αὐτοῦ·
162 659 189 684 ὲν
204 658 233 684 δὲ
246 659 301 689 τοῖς
324 658 463 694 ὲγείρασιν
480 658 517 690 ὡς
535 659 589 685 ἀπὸ
613 658 708 695 θρόνου
728 659 773 686 τοῦ
789 659 841 685 σώ-

57 711 140 738 ματος
149 704 196 738 τὴν
211 703 464 739 προϐασιλεύσασαν
477 703 626 739 ἁμαρτίαν,
647 704 693 730 καὶ
710 705 841 738 ἀγωνιζο-

56 748 147 783 μένοις
161 748 228 783 πρὸς
241 748 337 784 αὐτὴν,
353 758 361 773 ι
377 749 393 784 ή
411 749 459 784 μὲν
472 748 540 784 σὰρξ
562 749 691 784 ἐπιθυμεῖ
704 750 774 776 κατὰ
793 749 839 776 τοῦ

55 793 217 828 πνεύματος,
234 793 264 820 τὺ
278 793 305 819 δὲ
322 791 431 828 πνεῦμα
447 793 517 820 κατὰ
534 793 583 828 τῆς
611 794 737 829 σαρκός-ι
757 794 785 821 ὲν
811 793 839 820 δὲ

54 842 112 871 τοῖς
125 840 172 876 ἧδη
185 839 351 866 τελειωθεῖσι
378 840 532 874 κεκράτηκε
552 839 583 865 τὸ
599 839 717 874 πνεῦμα,
730 840 775 866 καὶ
792 839 841 870 τὰς

53 886 167 922 πράξεις
183 886 335 913 ἐθανάτωσε
348 885 395 912 τοῦ
410 884 545 920 σώματος,
558 885 604 912 καὶ
620 885 778 920 μεταδίδωσι
792 885 840 920 τῆς

52 932 151 958 ἑαυτοῦ
166 931 239 967 ζωῆς
257 931 295 966 τῷ
321 930 436 965 σώματι,
467 931 504 962 ὡς
521 930 571 966 ἤδη
596 930 718 965 γίνεσθαι
740 931 788 957 κα)⁸
800 931 838 957 τόν

55 987 66 1004 ί
86 978 251 1013 Ζωοποιήσει
274 977 373 1004 καὶτὰ
399 976 484 1011 θνητὰ
511 977 589 1012 ἡμῶν
620 976 732 1012 σώματα
757 976 841 1003 διὰτὸ

51 1024 174 1051 ἐνοικοῦν
189 1023 269 1050 αὑτοῦ
288 1023 394 1058 πνεῦμα
411 1024 439 1048 ὲν
461 1024 539 1057 ἡμῖν,
558 1032 566 1048 ι
584 1023 631 1048 καὶ
654 1022 758 1056 γίνεται
774 1031 842 1058 συμ-

51 1070 142 1105 φωνία.
156 1069 208 1095 τῶν
219 1069 274 1100 δύο,
288 1067 412 1103 σώματος
428 1067 474 1094 καὶ
491 1067 642 1103 πνεύματος
656 1068 702 1094 ἐπὶ
717 1067 767 1102 τῆς
778 1068 840 1102 γῆς,

49 1113 161 1152 ἧστινος
174 1113 404 1150 κατορθωθείσης,
423 1113 568 1149 σύμφωνος
582 1113 629 1140 καὶ
649 1114 665 1148 ἡ
691 1113 756 1148 εὐχὴ
778 1115 842 1140 ἁνα-

49 1162 190 1197 πέμπεται
208 1170 217 1186 ι
235 1160 281 1186 τοῦ
299 1159 398 1195 καρδίᾳ.
422 1159 472 1194 μὲν
493 1159 666 1191 πιστεύοντος
686 1161 725 1191 εἰς
741 1160 842 1186 δικαιο-

50 1207 149 1242 σύνην,
163 1207 275 1241 στόματι
291 1205 319 1232 δὲ
332 1204 526 1241 ὁμολογοῦντος
541 1206 580 1237 εἰς
595 1206 756 1241 σωτηρίανρ
772 1205 841 1231 ὥστε

51 1253 155 1289 μηκέτι
169 1252 218 1288 τὴν
235 1251 348 1287 καρδίαν
366 1252 460 1287 πόρρω
473 1249 541 1278 εἶναι
556 1251 603 1278 τοῦ
620 1251 699 1284 Θεοῦ,
713 1252 759 1279 καὶ
773 1252 841 1288 μετὰ

46 1299 156 1334 ταύτης
172 1298 290 1333 ἐγγίζειν
307 1297 387 1324 αὑτοῦ
405 1297 452 1324 και)⁵
464 1299 520 1329 τοῖς
530 1297 640 1332 χείλεσι,
658 1299 705 1324 καὶ
727 1297 766 1334 τῷ
783 1298 844 1324 στό-

49 1353 120 1380 ματι
135 1343 179 1370 τὸν
193 1343 297 1370 δίκαιον
311 1342 350 1378 τῷ
366 1342 435 1378 Θεῷ.
448 1342 509 1368 Ἔτι
521 1342 548 1369 δὲ
565 1342 768 1379 μακαριώτερον
783 1344 806 1370 εί
817 1343 842 1370 οἱ

46 1389 128 1424 τρεῖς
146 1389 302 1423 συναχθεῖεν
318 1388 363 1414 ἐπὶ
375 1388 406 1414 τὸ
421 1388 487 1414 αὐτὸ
513 1388 552 1419 είς
571 1388 601 1414 τὸ
617 1388 703 1424 ὄνομα
724 1388 771 1415 τοῦ
792 1389 844 1426 Ίη-

49 1435 113 1468 σοῦ,
131 1435 172 1461 ἴνα
187 1434 316 1470 πληρωθῇ
333 1434 372 1461 τό·
389 1445 397 1458 ι
424 1435 452 1460 '0
463 1434 528 1466 Θεὸς
545 1434 655 1468 ἁγιάσαι
671 1435 742 1470 ὑμᾶς
753 1435 842 1462 ὁλοτε-

46 1485 120 1514 λεῖς,
129 1482 176 1508 καὶ
189 1481 334 1516 ὀλόκληρον
349 1480 426 1516 ὑμῶν
440 1481 470 1507 τὸ
485 1481 603 1516 πνεῦμα,
617 1482 664 1508 καὶ
675 1483 690 1517 ἠ
701 1481 784 1517 ψυχὴ,
796 1482 842 1508 καὶ

44 1530 80 1555 τδ
101 1528 183 1563 σῶμα
210 1527 362 1562 ἀμέμπτως
385 1527 414 1553 ἐν
437 1528 469 1562 τῇ
497 1527 632 1563 παρουσίᾳ
659 1527 705 1554 τοῦ
739 1528 841 1564 Κυρίου

45 1574 132 1610 ἡμῶν
156 1572 243 1609 Ἰησοῦ
258 1572 377 1609 Χριστοῦ
389 1572 550 1609 τηρηθείη.»
570 1573 684 1608 Ζητήσει
698 1573 726 1600 δέ
741 1582 781 1605 τις
794 1573 842 1609 τὴν

46 1619 203 1656 εἰρημένην
225 1619 385 1654 συμφωνίαν
415 1618 569 1653 πνεύματος
591 1619 638 1645 καὶ
665 1618 789 1654 σώματος
818 1620 842 1646 εἰ

41 1664 164 1691 δυνατὸν
175 1663 260 1690 ταῦτα
277 1663 326 1698 μὲν
346 1663 511 1697 συμφωνεῖν,
537 1662 574 1698 μὴ
591 1662 638 1689 καὶ
654 1663 683 1688 τὺ
698 1664 787 1700 τρίτον
802 1664 840 1698 δὲ,

41 1710 124 1744 λέγω
143 1709 230 1744 δὲτὴν
241 1708 339 1744 ψυχὴν,
353 1709 459 1744 μήποτε
479 1708 529 1734 οὐκ
545 1707 677 1744 ἀκολουθῇ
693 1711 725 1745 τῇ
741 1710 843 1737 τούτων

43 1755 201 1791 συμφωνίᾳ
212 1755 257 1781 ἐπὶ
275 1754 325 1789 τῆς
337 1754 399 1790 γῆς,
418 1754 486 1790 μετὰ
500 1754 530 1780 τὸ
552 1755 616 1786 τοὺς
645 1755 691 1781 δύο
712 1755 844 1791 συνῆχθαι

41 1803 91 1833 είς
102 1801 136 1827 τὸ
151 1801 236 1836 ὄνομα
251 1800 298 1827 τοῦ
310 1800 440 1837 Χριστοῦ,
454 1800 483 1826 τὸ
495 1800 615 1832 καὶτοὺς
629 1803 704 1836 τρεῖς
719 1802 769 1837 ἤδη
785 1811 844 1829 συν-

39 1847 170 1882 άγεσθαι
184 1848 222 1879 εἰς
234 1847 265 1873 τὸ
281 1847 367 1882 ὄνομα
386 1845 480 1879 αὐτοῦ,
506 1843 544 1872 ὦν
568 1847 597 1873 ὲν
614 1847 689 1882 μέσῳ
705 1848 812 1884 ἔρχεται
830 1850 844 1875 ὁ

40 1894 116 1925 Υἱὸς
130 1892 180 1919 τοῦ
199 1892 277 1924 Θεοῦ,
293 1892 330 1924 ὡς
341 1893 449 1919 πάντων
462 1891 536 1927 αὐτῷ
552 1893 747 1928 ἀνακειμένων,
773 1893 844 1928 λέγω

37 1940 75 1966 δὲ
88 1939 148 1965 τῶν
172 1938 254 1975 τριῶν
271 1939 318 1965 καὶ
339 1938 452 1974 μηδενὸς
468 1938 543 1969 ὄντος
571 1938 644 1973 αὑτῷ
671 1939 802 1971 ἐναντίου,
814 1941 843 1967 οὐ

40 1985 136 2021 μόνον
153 1984 201 2010 τοῦ
221 1984 376 2019 πνεύματος
404 1984 454 2010 οὐκ
479 1983 695 2019 ἐναντιουμένου,
715 1985 772 2011 ἀλλ’
785 1986 845 2012 οὐδὲ

36 2031 101 2066 τῆς
119 2029 222 2065 ψυχῆς,
236 2029 274 2056 ἔτι
285 2029 343 2055 οὐδὲ
357 2029 403 2056 τοῦ
418 2028 552 2064 σώματος.

83 2076 194 2112 Χαρίεν
214 2075 242 2102 δὲ
259 2075 306 2101 καὶ
330 2074 360 2101 τὸ
379 2075 428 2110 τῆς
451 2075 611 2110 συμφωνίας
643 2074 698 2110 (96)
728 2076 845 2111 ἀσκῆσαι

35 2124 151 2159 νοῆσαι
168 2122 216 2149 καὶ
230 2121 405 2157 παραστῆσαι
427 2120 481 2147 τῶν
507 2120 553 2147 δύο
578 2119 729 2155 διαθηκῶν,
752 2122 801 2156 τῆς
818 2122 846 2149 δὲ

891 223 922 243 ea
945 217 991 250 qui
1010 217 1082 250 quod
1102 217 1200 243 melius
1221 221 1263 244 est
1282 221 1309 243 et
1336 216 1453 243 voluerit
1468 221 1495 243 et
1514 218 1641 250 potuerit,
1657 218 1682 244 in

891 262 965 290 illius
981 263 1148 290 voluntatem
1163 261 1330 289 concesserit
1346 262 1392 296 qui
1409 261 1479 288 idem
1503 262 1544 288 vel
1567 262 1684 289 uoluerit

890 309 932 336 vel
954 316 1008 335 non
1032 309 1161 343 potuerit,
1187 309 1212 335 id
1233 315 1285 335 non
1308 312 1492 342 consequetur
1513 311 1637 342 uterque,
1654 313 1684 335 ut

890 361 1082 388 quamcunque
1092 362 1148 381 rem
1163 346 1370 388 postulaverint,
1385 361 1417 380 ea
1431 353 1485 381 illis
1495 362 1509 380 a
1521 353 1603 380 Patre
1618 353 1682 381 .lesu

890 398 993 426 Christi
1006 400 1052 434 qui
1071 400 1098 426 in
1116 400 1194 428 coalis
1209 404 1260 431 est,
1275 399 1424 433 contingat.

925 445 951 472 5.
964 445 1051 471 Aliam
1064 445 1146 472 etiam
1161 445 1359 480 expositionem
1373 445 1406 471 de
1417 445 1532 472 duorum
1547 452 1683 473 consensu

891 491 987 524 calleo,
1012 496 1074 525 post
1095 499 1126 519 ea
1148 500 1209 526 qua
1229 492 1262 519 dc
1285 492 1439 527 conjugatis
1460 492 1596 525 diximus;
1622 491 1684 519 talis

893 541 983 564 autem
995 537 1038 564 illa
1054 542 1096 564 cst
1109 547 1115 564 :
1127 538 1154 564 in
1167 537 1299 572 improbis
1310 538 1454 572 imperium
1471 537 1575 564 obtinet
1587 544 1683 570 pecca-

893 587 949 608 tum
966 583 992 609 iu
1008 583 1140 615 animum,
1159 582 1236 617 quasi
1254 583 1280 608 in
1297 590 1347 609 suo
1362 582 1470 614 throno,
1484 583 1524 610 sic
1537 591 1563 608 in
1577 582 1682 609 mortali

892 628 974 656 hocce
997 636 1111 663 corpore
1132 629 1325 659 coristitutum,
1353 633 1382 654 ut
1407 628 1466 662 ejus
1490 628 1683 662 cupiditatibus

890 674 981 700 anima
1007 674 1175 707 obtemperet
1193 673 1236 700 ³⁷ε
1259 677 1287 700 at
1310 673 1337 699 in
1361 673 1394 700 iis
1419 674 1465 708 qui
1491 678 1620 708 tanquam
1649 673 1684 701 de

891 719 989 746 throno
1020 719 1144 753 corporis
1173 723 1334 753 peccatum,
1365 719 1436 751 quod
1464 727 1576 753 regnum
1606 720 1683 753 prius

890 768 1065 794 exercuerat,
1090 763 1279 792 detruserunt.
1297 767 1324 790 et
1343 763 1473 790 adversus
1499 763 1562 790 illud
1589 765 1684 790 decer-

892 813 959 840 tant,
979 818 988 833 ι
1003 816 1067 836 caro
1082 808 1252 842 concupiscit
1265 808 1396 835 adversus
1411 809 1549 843 spiritum,
1571 808 1683 842 spiritus

892 858 982 881 autem
998 854 1128 881 adversus
1155 862 1265 881 carnem
1286 854 1323 887 t4";
1342 863 1351 879 ι
1367 854 1393 880 in
1416 854 1449 881 iis
1470 862 1534 881 vero
1558 854 1604 888 qui
1621 861 1683 888 per-

892 900 1034 927 fectionem
1049 900 1105 934 jam
1124 901 1262 927 consecuti
1281 905 1355 931 sunt,
1379 900 1492 934 spiritus
1510 900 1598 927 victor
1620 908 1684 927 eva-

892 944 936 975 sit,
952 948 978 971 et
993 945 1115 979 corporis
1131 949 1209 972 actus
1223 945 1302 971 morti
1319 945 1403 978 dedit,
1421 950 1447 972 et
1462 945 1523 972 vita:
1546 953 1602 972 suae
1619 952 1683 972 cor-

892 998 942 1024 pus
959 989 1023 1016 facit
1039 991 1184 1024 particeps,
1203 990 1238 1017 ita
1257 995 1286 1017 ut
1304 995 1368 1017 tttuc
1384 990 1448 1017 illud
1465 991 1593 1017 eveniat:
1610 999 1619 1016 ι
1637 989 1683 1017 Vi-

892 1035 1012 1062 vilicabit
1025 1039 1051 1061 et
1068 1035 1193 1062 mortalia
1208 1042 1322 1069 corpora
1342 1039 1434 1061 nostra
1445 1055 1452 1067 ,
1475 1038 1584 1069 propter
1602 1035 1683 1062 inha-

892 1080 1020 1106 bitantem
1032 1080 1156 1114 spiritum
1166 1080 1225 1114 ejus
1241 1081 1266 1106 in
1285 1080 1361 1106 nobis
1374 1080 1407 1110 ⁸³,
1424 1090 1432 1105 ι
1450 1085 1476 1106 et
1485 1080 1602 1107 duorum
1618 1088 1683 1107 con-

892 1134 988 1153 sensus
1011 1133 1092 1160 super
1121 1130 1219 1152 terram
1244 1125 1368 1158 eﬂicitur,
1394 1125 1517 1160 corporis
1541 1134 1637 1160 nempe
1656 1131 1683 1153 et

892 1170 1014 1203 spiritus,
1035 1170 1077 1197 cui
1092 1170 1149 1204 jam
1169 1169 1288 1204 perfecto
1301 1177 1420 1197 consona
1440 1171 1573 1198 emittitur
1586 1180 1682 1206 preca-

892 1216 930 1242 tio
945 1224 954 1240 ι
973 1216 1054 1242 corde
1068 1215 1177 1249 quidem
1199 1215 1334 1242 credentis
1351 1216 1384 1242 ad
1404 1215 1549 1250 justitiam,
1569 1225 1616 1244 ore
1634 1225 1682 1244 au-

892 1264 945 1287 tem
962 1261 1114 1288 confitentis
1129 1261 1162 1287 ad
1179 1261 1293 1288 salutem
1308 1262 1342 1294 ‘°,
1361 1271 1369 1287 ι
1389 1262 1424 1288 ita
1440 1266 1469 1288 ut
1490 1270 1543 1289 non
1567 1263 1685 1297 amplius

892 1314 907 1333 a
924 1305 979 1333 Deo
992 1306 1073 1333 distet
1092 1314 1148 1339 cor,
1170 1311 1197 1333 et
1216 1307 1249 1333 ad
1274 1307 1358 1334 Deum
1385 1315 1437 1334 una
1463 1316 1524 1334 cum
1551 1315 1583 1335 eo
1603 1308 1684 1337 labiis

896 1352 955 1379 suis
970 1356 996 1378 et
1011 1359 1058 1378 ore
1071 1351 1161 1386 justus
1176 1351 1288 1386 propius
1301 1353 1422 1379 accedat.
1441 1352 1596 1385 Quinetiam
1611 1357 1686 1388 opta-

893 1397 947 1423 tius
965 1401 1006 1424 est
1023 1401 1050 1423 et
1065 1397 1232 1423 fortunatum
1249 1397 1346 1431 magis,
1370 1402 1423 1423 tres
1447 1397 1473 1423 iu
1493 1397 1603 1424 nomine
1618 1395 1692 1424 Jesur

893 1442 974 1470 simul
1000 1450 1060 1470 esse
1088 1446 1276 1477 congregatos,
1302 1447 1331 1469 ut
1354 1443 1461 1468 eveniat
1481 1442 1567 1469 illud:
1586 1452 1595 1467 ‹
1613 1442 1684 1469 Deus

894 1487 1045 1515 sanctificet
1073 1495 1121 1514 vos
1151 1495 1199 1522 per
1230 1488 1340 1519 onmia,
1375 1493 1403 1514 ut
1436 1488 1541 1522 integer
1573 1488 1684 1523 spiritus

895 1538 994 1565 vester,
1010 1538 1036 1560 et
1053 1534 1143 1560 anima
1155 1554 1162 1565 ,
1180 1539 1205 1560 et
1233 1541 1332 1567 e0rpus
1352 1534 1410 1561 sine
1435 1534 1563 1568 querela,
1587 1534 1614 1561 in
1638 1535 1686 1561 ad-

896 1586 974 1607 ventu
1001 1580 1107 1607 Domini
1135 1581 1220 1607 nostri
1247 1580 1310 1608 Jesu
1339 1580 1440 1607 Christi
1466 1584 1591 1607 servetur
1611 1581 1645 1608 ".
1673 1590 1682 1606 ι

895 1625 1002 1660 Quaeret
1012 1633 1075 1652 vero
1086 1626 1184 1661 aliquis
1199 1634 1233 1653 an
1245 1626 1301 1653 fieri
1313 1627 1398 1660 possit
1410 1631 1439 1653 ut
1453 1626 1565 1661 spiritus
1580 1630 1607 1654 et
1625 1634 1687 1654 cor-

895 1680 946 1707 pus
961 1672 1043 1699 simul
1065 1679 1096 1699 ea
1117 1680 1170 1706 qua
1187 1672 1306 1699 diximus
1321 1672 1425 1700 ratione
1439 1673 1686 1706 consentiant,non

893 1719 974 1746 etiarn
986 1718 1105 1750 tertium,
1124 1718 1243 1744 animam
1262 1718 1342 1751 dico;
1360 1725 1394 1744 an
1413 1722 1558 1752 postquam
1580 1717 1635 1745 duo
1657 1718 1685 1744 in

896 1764 1005 1791 nomine
1019 1762 1082 1790 Jesu
1094 1763 1250 1798 congregati
1268 1767 1340 1795 sunt,
1358 1763 1466 1790 illorum
1484 1770 1570 1797 super
1584 1767 1685 1790 terram

895 1809 1041 1836 consensui
1057 1816 1228 1843 consequens
1246 1817 1298 1836 non
1317 1809 1350 1837 sit
1366 1813 1420 1836 tres
1435 1809 1516 1836 etiam
1533 1810 1560 1835 in
1576 1809 1686 1836 nomine

895 1855 968 1882 illius
984 1854 1152 1889 congregari,
1168 1862 1285 1889 quorum
1310 1855 1335 1881 in
1362 1854 1480 1881 medium
1502 1854 1577 1881 venit
1600 1854 1686 1881 Filius

894 1900 977 1935 619
996 1899 1054 1931 Dei,
1068 1907 1129 1925 tum
1144 1899 1235 1925 omnia
1254 1899 1291 1926 illi
1307 1903 1467 1926 consecrata
1483 1899 1548 1931 sint,
1564 1899 1615 1925 tria
1629 1900 1686 1926 haec

895 1946 967 1977 dico,
976 1952 1025 1972 nec
1033 1945 1194 1971 adversante
1205 1945 1243 1971 illi
1252 1952 1401 1980 quoquam,
1414 1953 1466 1971 non
1480 1945 1567 1972 solum
1577 1945 1685 1980 spiritu,

897 1990 942 2018 sed
960 1997 1009 2016 nec
1024 1989 1125 2022 anima,
1143 1989 1255 2024 insuper
1268 1997 1333 2017 vero
1347 1997 1398 2017 nec
1415 1997 1539 2024 corpore.

857 846 877 874 li

856 1516 877 1544 Ο

934 2077 960 2104 4.
977 2076 1031 2104 Nec
1057 2083 1121 2103 vero
1144 2076 1277 2102 absonum
1303 2074 1384 2102 fuerit
1408 2079 1434 2102 et
1459 2075 1647 2110 injucuudum,
1662 2077 1685 2103 si

899 2123 1043 2156 utriusque
1075 2120 1240 2154 testamenti,
1269 2126 1326 2148 tum
1353 2121 1425 2148 illius
1447 2121 1493 2156 qui
1524 2129 1685 2156 corporeum

664 2164 778 2194 VETUS
798 2167 1088 2196 INTERPRETATlO.

33 2214 214 2248 coniugium
233 2213 349 2245 solvere,
365 2213 412 2240 sed
429 2213 555 2240 virtutem
571 2213 746 2248 continentiae
761 2220 896 2241 exercere.
914 2214 943 2240 Si
964 2217 1054 2240 autem
1082 2213 1150 2239 alter
1175 2212 1291 2240 voluerit
1316 2216 1390 2240 caste
1414 2220 1503 2247 agerc,
1530 2214 1598 2240 alter
1622 2221 1691 2241 vero

34 2247 176 2286 noluerit
191 2254 238 2286 aut
254 2257 306 2286 non
322 2249 450 2286 potuerit,
479 2253 505 2275 et
520 2252 662 2286 propterea
679 2247 723 2274 ille
738 2247 831 2275 volens
847 2253 874 2275 et
897 2254 993 2286 potens
1012 2255 1065 2286 non
1074 2248 1306 2286 “condescendcrit
1326 2247 1427 2275 nolenti
1445 2252 1473 2274 et
1495 2256 1548 2275 non
1572 2250 1688 2286 potenti,

33 2294 104 2314 non
122 2285 180 2311 erit.
195 2285 221 2310 in
238 2284 278 2311 eis
293 2282 364 2318 quod
382 2283 491 2313 dicitur,
510 2292 519 2307 ι
536 2283 570 2310 de
580 2283 661 2318 fomni
678 2291 706 2309 re
720 2282 912 2318 quamcunque
928 2284 1056 2318 petierint
1071 2283 1115 2309 ﬁet
1129 2282 1178 2309 eis.
1198 2292 1207 2308 ›

81 2321 114 2347 5.
141 2318 207 2346 Scio
220 2324 246 2346 et
261 2317 341 2346 aliam
357 2318 565 2352 expositionem.
580 2317 609 2344 In
627 2317 706 2344 malis
719 2317 791 2344 enim
808 2317 966 2346 hominibus
984 2323 1124 2352 peccatum
1149 2317 1240 2344 carnis
1262 2317 1360 2344 anima:
1386 2317 1545 2344 dominatur
1567 2318 1600 2344 ad
1624 2318 1688 2345 obe-

31 2355 186 2383 diendum
202 2355 226 2381 ei
243 2354 268 2380 in
286 2354 427 2381 desideriis
442 2354 511 2388 ejus.
526 2353 556 2379 In
574 2353 721 2388 liisautem
736 2353 781 2386 qui
797 2355 961 2388 expulerunt
975 2353 1053 2387 quasi
1067 2353 1100 2379 de
1115 2353 1213 2379 throno
1228 2353 1352 2386 corporis
1375 2353 1418 2379 sui
1445 2357 1597 2387 peccatum,
1614 2353 1687 2386 quod

32 2394 220 2425 regnaverat
234 2389 310 2423 prius
325 2389 351 2415 in
367 2389 417 2419 eis.
434 2394 461 2415 et
474 2391 579 2425 certant
596 2387 725 2415 adversus
740 2387 839 2425 ipsum,
856 2398 864 2414 ι
875 2388 1073 2425 γσᾱτονίιυὶᾴθιη
1091 2387 1260 2421 concupiscit
1275 2388 1406 2425 adversus
1421 2387 1559 2425 spiritum,
1572 2388 1687 2421 spiritus

31 2422 147 2454 au'tem
165 2422 298 2451 adversus
314 2431 435 2451 carnem.
455 2433 463 2449 ι
482 2423 510 2449 ln
524 2423 591 2449 viris
607 2427 696 2449 autem
715 2422 841 2457 perfectis
857 2422 979 2451 obtinuit
991 2423 1114 2457 spiritus,
1129 2425 1155 2448 et
1170 2430 1251 2456 opera
1265 2422 1356 2449 carnis
1371 2422 1555 2455 mortificavit,
1572 2427 1599 2449 et
1612 2430 1688 2449 com-

31 2459 198 2488 mendavit
212 2461 295 2485 vitam
311 2466 388 2486 suam
406 2458 492 2490 carui,
505 2461 538 2493 ut
553 2457 669 2484 viviﬁcet
684 2467 692 2482 ι
711 2458 835 2485 mortalia
849 2466 964 2493 corpora
979 2467 987 2484 ι
1004 2466 1054 2485 sua
1069 2467 1077 2483 ι
1093 2462 1203 2492 propter
1218 2458 1416 2493 inhabitantem
1430 2457 1554 2491 spiritum
1571 2466 1580 2482 ι
1596 2457 1622 2493 in
1636 2457 1688 2493 eis.

29 2501 66 2523 et.
87 2495 123 2521 tit
142 2502 296 2521 consensus
311 2495 427 2520 duorum
446 2492 559 2528 spiritus
574 2497 600 2519 et
613 2492 705 2519 carnis
720 2500 801 2527 super
817 2492 934 2525 terram;
956 2502 1010 2528 quo
1031 2500 1167 2520 consensu
1189 2492 1306 2526 expleto,
1334 2496 1361 2519 et
1383 2494 1472 2519 oratio
1490 2492 1689 2528 transmittitur

30 2530 136 2557 unt-tle
153 2529 264 2564 quidem
284 2539 293 2554 ι
312 2528 432 2564 credenti
453 2529 486 2555 ad
504 2527 656 2564 justitiam.
677 2535 724 2564 ore
746 2532 837 2555 autetn
858 2527 999 2556 cantitenti
1025 2529 1058 2554 ad
1084 2528 1213 2564 salutem,
1229 2536 1238 2553 ι
1256 2533 1283 2554 ιιι
1299 2535 1346 2564 cor
1359 2535 1412 2564 non
1432 2527 1466 2554 sit
1488 2527 1568 2564 longe
1589 2535 1603 2553 a
1621 2527 1688 2559 Deo,

29 2566 91 2592 sed
113 2561 184 2591 cum
205 2571 248 2594 eo.
266 2569 293 2590 ut
309 2563 364 2598 jam
384 2571 435 2589 non
453 2564 530 2589 labiis
545 2562 686 2598 appropiet
700 2562 724 2588 ei
735 2566 786 2598 λοι
803 2563 843 2590 sic
859 2564 927 2591 tiunt
952 2563 1006 2590 duo
1030 2563 1186 2597 congregati
1207 2562 1234 2589 in
1255 2563 1365 2589 nomine
1379 2561 1455 2589 Jesu.
1478 2562 1574 2598 Adhuc
1598 2566 1687 2588 autem

29 2601 162 2628 beatius
175 2604 228 2630 est,
245 2599 267 2626 si
286 2596 340 2626 tres
363 2598 540 2633 convenerint
564 2596 589 2623 in
608 2596 813 2633 tiornincJesu,
839 2604 868 2625 ut
893 2599 1038 2633 impleatur
1059 2596 1238 2632 apostolicum
1262 2597 1328 2623 illud
1353 2603 1465 2623 votum:
1485 2606 1494 2622 ι
1514 2596 1584 2624 Deus
1599 2602 1689 2624 autem

27 2635 210 2663 sanctiﬁcat
225 2641 273 2661 vos
286 2633 319 2660 ad
333 2632 492 2668 perfectum,
509 2636 536 2668 et
549 2633 650 2668 integer
668 2632 780 2666 spiritus
797 2638 885 2660 vester
901 2632 1028 2661 etianima
1043 2637 1069 2659 et
1082 2632 1258 2668 eorpusrsine
1274 2633 1381 2658 macula
1398 2637 1520 2659 servetur
1538 2633 1564 2658 in
1587 2633 1689 2659 adven-

27 2675 102 2698 tum
123 2668 241 2696 Domini
258 2667 342 2696 nostri
358 2668 422 2695 Jesu
435 2667 549 2695 Christi.
567 2677 576 2692 ι
593 2667 685 2694 Potest
697 2672 786 2694 autent
803 2668 862 2695 ﬁcri
881 2673 909 2696 ut
925 2669 979 2695 duo
993 2668 1157 2695 conveniant
1171 2667 1229 2693 sine
1242 2668 1334 2693 tertio.

74 2704 109 2732 4.
130 2703 294 2732 Jucundum
309 2708 351 2731 est
362 2708 451 2730 autem
470 2703 552 2730 istum
568 2710 731 2730 consensum
748 2703 898 2737 intelligere
912 2704 993 2731 etiam
1010 2703 1082 2730 circa
1095 2702 1284 2729 convenientia
1307 2703 1422 2728 duorum
1453 2706 1689 2734 testamentorum,

71 2754 99 2770 ⁸⁷
117 2753 208 2781 Rom.
220 2753 316 2786 v1,l2.
353 2753 376 2769 ⁸⁸
390 2752 450 2780 Gal.
465 2760 492 2783 ν,
505 2751 548 2778 l7.
588 2751 610 2766 ⁸⁸
623 2750 702 2778 Rom.
713 2758 770 2783 vui,
785 2750 829 2778 ll.

929 2759 979 2779 om.
996 2759 1025 2782 ιι,
1044 2750 1084 2777 10.
1142 2749 1164 2765 ⁰ι
1179 2749 1188 2775 l
1201 2748 1298 2776 Thess.
1312 2757 1338 2779 v.
1357 2748 1402 2776 25.

73 2801 143 2835 (95)
168 2800 243 2827 Οἶδα
254 2799 288 2826 δὲ
301 2800 347 2827 καὶ
361 2800 460 2834 ἄλλην
470 2798 623 2834 διήγησιν,
635 2802 688 2826 clc.
702 2797 768 2825 Vide
781 2797 843 2826 llic-

941 2798 1007 2835 (96)Δ
1017 2798 1124 2835 Χαρίεν
1135 2797 1169 2823 δὲ
1183 2797 1232 2823 καὶ
1247 2796 1279 2823 τὸ
1295 2795 1348 2831 τῆς
1359 2796 1546 2831 συμφωνίας,
1557 2801 1609 2823 etc.
1624 2796 1690 2823 Vide

19 2833 202 2872 ronyinum
218 2840 245 2863 et.
261 2835 504 2871 Theophylactum.
904 2833 1148 2868 TheOphylactum.
