1859 3051
78 127 148 157 12σὸ

556 124 731 153 COMMENT.
751 124 783 152 ΙΝ
804 123 1011 152 ΜΑΤΤΗᾸΞΟΜ
1027 121 1143 150 TOMUS
1163 121 1232 149 XIV.

1627 122 1696 152 £205

76 187 174 223 λακήν,
191 186 243 218 ἕως
268 185 313 212 τὸν
338 183 449 219 ἔσχατον
470 183 566 210 λεπτὸν
582 181 688 216 ἀποδῷ
708 183 777 210 ἐπὰν
798 181 856 220 δὶῇ

945 188 1008 216 stro,
1028 182 1115 210 donec
1136 181 1262 208 ultimum
1289 180 1422 208 minutum
1446 179 1650 209 reddiderit":
1668 187 1696 207 at

76 233 139 265 δοὺς
152 232 282 268 ἐργασίαν
294 230 464 266 ἀπηλλάχθαι
477 229 593 261 ἐκείνου,
606 229 653 256 καὶ
671 230 765 265 μηδενὶ
780 229 861 264 μηδὲν

77 279 201 314 ὀφείλων,
218 277 265 304 καὶ
284 277 334 312 ήδη
356 277 405 311 τήν
423 275 491 310 μνᾶν
511 275 739 307 δεκαπλασιάσας,
760 274 777 310 ἢ
797 282 861 300 πεν-

75 323 275 354 ταπλασιάσας,
293 323 309 358 ἢ
323 322 356 349 τὰ
369 321 449 347 πέντε
464 320 582 348 τάλαντα
592 320 779 352 διπλασιάσας,
797 320 813 355 ῆ
828 320 862 346 τὰ

76 369 123 397 δύο
148 369 267 403 τέσσαρα
293 370 416 403 ποιήσας,
436 366 505 402 τύχῃ
526 366 576 402 τῆς
598 366 711 401 δεούσης
733 366 860 400 ἀμοιϐῆς,

76 414 266 449 εἰσερχόμενος
280 413 319 444 εἰς
332 413 381 447 τήν
397 412 484 447 χαρὰν
500 411 546 438 τοῦ
559 411 662 446 Κυρίου
674 411 766 443 αὑτοῦ,
780 411 797 446 ἢ
815 411 861 437 ἐπὶ

77 460 144 486 πᾶσι
153 460 209 490 τοῖς
218 459 382 494 ὑπάρχουσιν
393 457 476 484 αὑτοῦ
491 456 697 491 καθιστάμενος,
715 456 730 491 ἢ
743 456 859 483 ἀκούων·

79 514 89 530 α
103 504 172 531 Ἴσοι
183 504 305 537 ἐξουσίαν
319 503 388 539 ἔχων
404 503 496 530 ἐπάνω
502 502 567 529 δέκα
576 503 707 534 πόλεων,)
726 502 759 536 ἦ·
774 501 860 528 «Ἴσοι

76 550 200 584 ἐξουσίαν
214 550 283 585 ἔχων
297 549 388 576 ὲπάνω
403 549 483 575 πέντε
493 547 606 574 πόλεων.
619 557 628 574 ι
639 547 730 574 Ταῦτα
739 547 767 574 δὲ
782 547 869 582 ἡμεῖς.

76 596 138 631 μὲν,
155 595 194 627 ὡς
211 595 306 630 χρόνου
329 594 427 621 πολλοῦ
444 594 568 629 δεόμενα,
590 594 633 620 ἵνα
652 593 770 629 συναρθῇ
796 594 861 629 ἡμῖν

75 642 141 676 περὶ
156 641 210 668 τῶν
225 641 293 667 ὅλων
308 641 411 676 χρόνων
426 640 476 674 τῆς
495 639 611 666 ἐνταῦθα
629 639 701 674 ζωῆς
717 639 804 674 λόγος,
817 648 860 666 νο-

75 686 193 722 μίζομεν
210 687 346 722 λέγεσθαι,
365 686 429 713 ὥστ’
447 685 479 712 ἂν
493 685 647 718 ὑπολαϐεῖν,
665 685 709 712 τοῦ
728 685 860 721 βασιλέως

75 733 248 767 συναῐροντος
260 733 300 759 ἐνὶ
317 733 423 768 ἑκάστῳ
439 733 571 760 τοσούτων
581 733 681 760 δούλων
697 733 784 767 λόγον,
795 741 858 759 τοσ-

71 779 154 804 ούτου
166 778 260 813 χρόνου
281 778 382 804 δεῖσθαι
403 779 436 805 τὰ
451 778 601 814 πράγματα
617 778 668 810 ἕως
681 778 726 804 ἐπὶ
740 778 770 805 τὸ
784 778 859 810 τέλος

72 823 140 860 ἔλθῃ
155 823 189 850 τὰ
203 824 258 850 ἀπὸ
273 824 321 859 τῆς
337 823 424 859 ἀρχῆς
440 823 486 850 τοῦ
505 824 608 859 κόσμου
627 823 679 854 ἓως
696 824 744 858 τῆς
762 832 857 850 συντε-

71 870 149 901 λείας
165 869 212 895 τοῦ
228 869 335 900 αἰῶνος,
351 869 400 904 οὐχ
419 869 488 901 ἐνὸς,
502 869 570 896 ἀλλὰ
586 869 632 896 καὶ
650 869 779 897 πλειόνων
793 870 857 897 αἰώ-

70 923 137 942 νων.
155 915 192 941 Τὸ
205 915 235 941 δὲ
248 915 346 950 ἀληθὲς
361 915 410 950 οὐχ
422 915 507 947 οὕτως
524 914 588 950 ἔχει·
609 914 713 951 ἁθρόως
729 915 783 951 γὰρ
796 915 858 950 βου-

71 959 166 996 ληθεὶς
180 961 194 987 ὁ
208 960 273 993 Θεὸς
287 960 466 996 ἀναρριπίσαι
481 961 510 987 ὲν
523 962 583 992 ταῖς
601 961 710 988 πάντων
726 962 856 996 μνήμαις,

70 1007 145 1042 ὑπὲρ
160 1006 207 1032 τοῦ
219 1006 334 1033 ἕκαστον
352 1006 405 1032 τῶν
421 1006 493 1032 ἰδίων
511 1006 719 1041 συναισθηθῆναι
735 1007 858 1040 κρεῖττον

70 1053 88 1087 ἦ
120 1053 212 1088 χεῖρον
235 1051 444 1087 πεπραγμένων,
468 1050 558 1079 πάντα
581 1051 615 1078 τὰ
642 1053 706 1087 παρ’
729 1051 789 1078 ὅλον
812 1051 858 1078 τὸν

69 1098 168 1134 χρόνον
199 1098 367 1133 γεγενημένα
393 1097 510 1132 ἑκάστῳ,
547 1098 656 1133 ποιήσαι
684 1097 716 1124 ἂν
745 1097 857 1133 δυνάμει

69 1144 179 1179 ἀφάτῳ·
194 1143 224 1170 οὐ
237 1143 302 1179 γὰρ,
317 1142 514 1177 ὦσπερήμεῖς,
533 1141 688 1177 βουλόμενοι
705 1142 857 1177 ὑπόμνησιν

69 1198 154 1216 τινων
177 1190 298 1224 ποιῆσαι,
319 1188 434 1224 δεόμεθα
454 1188 550 1224 χρόνου
573 1187 700 1224 διαρκοῦς
715 1188 783 1223 πρὸς
809 1187 858 1223 τὴν

67 1235 188 1267 διέξοδον
202 1234 256 1261 τῶν
275 1234 319 1269 ὑφ’
337 1233 413 1269 ἡμῶν
428 1233 592 1269 λεγομένων,
609 1233 656 1260 καὶ
671 1233 805 1269 φερόντων
818 1234 857 1264 εἰς

68 1281 227 1316 ἀνάμνησιν
246 1277 283 1307 ὧν
305 1279 455 1315 βουλόμεθα
469 1280 635 1315 ἀναμνῆσαι,
651 1279 737 1311 οὕτως
753 1280 767 1306 ὁ
791 1278 857 1310 Θεὸς

70 1326 215 1362 βουληθεὶς
227 1327 298 1361 ἡμᾶς
313 1325 466 1361 ὑπομνῆσαι
478 1325 532 1351 τῶν
546 1326 574 1352 ὲν
588 1325 627 1360 τῷ
643 1325 692 1360 βίῳ
705 1325 790 1359 τούτῳ
807 1333 856 1351 πε-

68 1372 249 1408 πραγμένων,
273 1371 326 1403 ἵνα,
355 1370 577 1406 συναισθηθέντες
600 1369 637 1397 ὧν
658 1371 856 1406 πεποιήκαμεν,

68 1417 270 1453 καταλάϐωμεν
285 1417 318 1443 δι’
330 1416 347 1444 ἃ
361 1416 528 1451 κολαζόμεθα
540 1416 556 1450 ἢ
573 1415 726 1452 τιμώμεθα,
746 1418 856 1452 ποιήσαι

67 1463 114 1490 ἄν,
133 1463 165 1489 Εἰ
177 1462 206 1489 δέ
223 1471 264 1494 τις
280 1462 318 1497 τῷ
333 1463 409 1497 τάχει
426 1462 474 1497 τῆς
493 1461 540 1488 τοῦ
555 1461 621 1488 Θεοῦ
637 1461 700 1497 περὶ
712 1461 796 1488 ταῦτα
811 1462 856 1488 δυ-

67 1508 182 1544 νάμεως
199 1509 316 1539 ἀπιστεῖ,
327 1505 403 1539 οὗτος
415 1507 637 1542 οὐδέπω-νενόηκε
650 1507 695 1533 τὸν
708 1507 857 1542 ποιήσαντα

66 1555 104 1580 τὰ
119 1553 170 1580 ὅλα
185 1553 262 1585 Θεὸν,
277 1553 306 1579 οὑ
321 1552 449 1587 δεηθέντα
465 1553 567 1587 χρόνων
581 1553 620 1583 εἰς
636 1552 666 1578 τὸ
681 1553 792 1588 ποιῆσαι
806 1560 856 1587 τη-

66 1598 203 1634 λικαύτην
219 1598 337 1633 οὐρανοῦ
346 1598 393 1624 καὶ
404 1598 456 1633 γῆς
472 1597 517 1624 καὶ
533 1597 586 1624 τῶν
599 1598 627 1623 ὲν
646 1597 738 1629 αὐτοῖς
755 1597 854 1625 κτίσιν·

67 1645 121 1672 κᾶν
134 1645 190 1679 γὰρ
201 1644 265 1679 δοκῇ
281 1644 312 1670 ὲν
323 1643 353 1676 ἐξ
369 1643 483 1679 ἡμέραις
492 1642 579 1670 ταῦτα
596 1642 782 1677 πεποιηκέναι,
796 1651 858 1669 συν-

66 1691 156 1721 ἑςεως
172 1689 251 1725 χρεία
274 1689 341 1725 πρὸς
356 1689 387 1715 τὸ
405 1689 498 1724 νοῆσαι
522 1687 580 1720 πῶς
595 1688 702 1722 λέγεται
718 1687 758 1720 τὸ,
775 1688 810 1714 ἐν
823 1688 858 1720 ἓξ

66 1737 206 1771 ἡμέραις,
221 1736 263 1763 διὰ
282 1736 373 1763 τοῦτο·
391 1745 399 1761 t
414 1736 487 1771 Αὕτη
500 1736 516 1771 ή
528 1735 616 1771 βίϐλος
627 1735 758 1770 γενέσεως
774 1735 856 1772 οὐρα-

65 1782 184 1809 νοῦκαὶ
191 1782 252 1816 γῆς,
271 1791 279 1807 ι
297 1781 342 1808 καὶ
357 1781 390 1808 τὰ
408 1781 480 1817 ἑξῆς.
490 1781 642 1817 Τολμητέον
657 1779 714 1812 οὖν,
745 1781 791 1807 καὶ
812 1781 855 1808 λε-

66 1828 162 1860 κτέον,
179 1829 244 1854 ὅτιὸ
259 1828 308 1863 τῆς
325 1827 551 1863 προσδοκωμένης
574 1827 690 1863 κρίσεως
710 1827 804 1863 καιρὸς
823 1827 854 1854 οὐ

63 1875 158 1901 δεῖται
173 1873 286 1909 χρόνων,
299 1873 355 1900 ἀλλ’
368 1873 405 1905 ὡς
423 1874 439 1909 ἡ
454 1873 599 1905 ἀνάστασις
615 1872 723 1907 λέγεται
733 1872 855 1907 γίνεσθαι

67 1930 80 1946 ι
102 1921 134 1946 ἐν
147 1919 250 1954 ἀτόμῳ,
267 1919 295 1945 ὲν
312 1920 376 1954 ῥιπῇ
391 1919 546 1955 ὀφθαλμῶν,
565 1929 574 1945 ι
593 1918 688 1951 οὕτως,
706 1917 791 1954 οἶμαι,
810 1919 856 1946 καὶ

63 1967 84 2002 ἡ
102 1965 207 2001 κρίσις.

911 233 1054 264 postquam
1069 235 1179 263 operam
1193 227 1307 260 dederit,
1323 231 1352 254 ut.
1371 226 1406 254 ab
1431 233 1464 254 eo
1489 226 1628 259 liberetur,
1644 234 1695 255 nec

911 274 1059 308 quidquam
1086 274 1134 301 ulli
1159 273 1264 306 debeat,
1280 273 1392 308 jamque
1417 272 1518 300 minam
1543 272 1696 307 deeuplica-

912 320 997 352 verit,
1024 319 1066 347 vel
1095 319 1357 354 quincuplicaverit,
1385 318 1427 346 vel
1450 318 1571 353 quinque
1596 319 1694 346 talenta

911 366 1100 400 duplicaverit,
1120 366 1161 393 vel
1177 374 1192 394 e
1207 366 1315 394 duobus
1328 370 1446 400 quatuor
1460 366 1592 399 etl’ecerit,
1613 369 1695 394 meri-

913 415 966 438 tam
982 412 1134 439 mercedem
1147 411 1270 446 recipiat,
1290 412 1395 439 intrans
1409 412 1436 438 in
1451 412 1578 447 gaudium
1591 412 1693 440 domini

912 456 953 483 sui
964 457 996 487 '°.
1012 456 1054 483 vel
1066 464 1148 491 super
1163 456 1291 484 omnibus
1310 457 1390 485 battis
1404 457 1464 492 ejus
1484 458 1649 485 constitutus
1660 458 1694 492 “,

911 503 952 530 vel
967 503 1032 530 illud
1045 503 1179 531 audiens:
1199 511 1208 528 t
1221 501 1287 529 Esto
1300 507 1461 537 potestatem
1488 503 1591 531 habens
1613 511 1694 538 super

910 549 1004 576 decem
1028 549 1170 582 civitates;
1188 558 1197 575 I
1212 549 1275 576 vel:
1292 559 1301 575 ι
1317 548 1382 576 Esto
1399 553 1560 584 potestatem
1591 549 1694 576 habens

910 601 991 627 super
1006 595 1126 629 quinque
1146 595 1311 622 civitates".
1329 604 1338 619 ι
1362 593 1424 622 llaec
1446 599 1536 621 autem
1560 594 1597 621 ita
1621 595 1692 621 dicta

910 640 1085 673 arbitramur,
1099 640 1176 675 quasi
1203 640 1318 667 multum
1345 640 1480 674 postulent
1507 639 1647 674 temporis,
1663 645 1694 667 ut

911 686 993 714 totius
1005 687 1067 714 vita:
1081 687 1127 715 hic
1140 691 1271 714 anteacta:
1288 687 1418 721 temporis
1435 687 1567 714 rationem
1595 686 1692 714 redda-

909 740 981 765 mus,
999 733 1065 760 adeo
1077 737 1106 761 ut
1120 741 1182 769 rege
1196 734 1328 760 rationem
1344 733 1379 759 ab
1395 740 1559 768 unoquoque
1577 737 1616 760 tot
1634 740 1691 760 ser-

910 787 1003 806 vorum
1026 784 1172 814 repetente,
1196 787 1239 808 res
1262 785 1366 808 tantum
1386 779 1541 807 desiderare
1561 778 1690 814 temporis

909 825 1106 857 existimemus,
1121 825 1208 853 donec
1221 834 1281 860 qua:
1296 834 1311 853 a
1327 825 1419 853 mundi
1443 829 1539 852 exortu
1566 825 1599 852 ad
1623 832 1690 852 con-

909 871 1118 898 summationem
1138 878 1191 898 non
1218 873 1300 900 unius
1325 871 1427 904 saeculi,
1442 871 1487 898 sed
1511 870 1690 905 plurimorum

909 921 983 951 gesta
1001 920 1075 950 sunt,
1096 917 1129 943 ad
1153 917 1232 943 linem
1259 916 1452 952 perducantur.
1473 916 1507 943 At
1534 923 1578 943 res
1604 915 1639 942 ita
1662 923 1692 942 so

909 969 963 988 non
978 962 1057 989 habet
1076 971 1083 995 ;
1102 962 1195 989 volens
1221 962 1293 989 enim
1315 961 1387 989 Deus
1409 968 1578 996 quaecunque
1608 960 1691 987 totius

909 1007 1040 1042 temporis
1051 1007 1166 1034 decursu
1179 1012 1238 1035 acta
1255 1011 1329 1040 sunt,
1348 1007 1375 1034 in
1391 1006 1513 1034 omnium
1529 1006 1690 1034 memoriam

908 1051 1051 1078 confestim
1065 1059 1203 1083 revocare,
1218 1057 1248 1078 ut
1262 1058 1353 1078 rerum
1371 1059 1386 1078 a
1409 1059 1439 1079 se
1463 1051 1530 1079 bene
1557 1051 1597 1079 vel
1621 1051 1691 1079 male

908 1102 1043 1132 gestarum
1060 1097 1248 1132 unusquisque
1265 1097 1392 1125 conscius
1407 1097 1451 1131 sit,
1468 1097 1493 1124 id
1509 1098 1607 1125 virtute
1622 1097 1691 1125 inet"-

908 1143 982 1170 l'abili
998 1143 1104 1172 efficiet.
1129 1143 1184 1170 Nec
1205 1143 1289 1176 enim,
1302 1143 1532 1178 quemadmodum
1553 1144 1576 1170 si
1597 1151 1689 1171 rerum

907 1190 1058 1224 aliquarum
1074 1191 1233 1218 memeriam
1249 1190 1328 1217 nobis
1342 1189 1470 1217 refricare
1482 1189 1619 1222 volumus.
1632 1189 1690 1216 sui-

907 1233 1000 1262 liciens
1015 1235 1202 1263 desideramus
1216 1240 1330 1271 tempus,
1347 1243 1402 1270 quo
1417 1242 1479 1270 quae
1491 1242 1506 1262 a
1522 1235 1601 1262 nobis
1618 1234 1690 1261 dicta

907 1285 980 1313 sunt,
995 1285 1023 1308 et
1036 1282 1069 1308 ad
1093 1289 1187 1309 eorum
1213 1282 1428 1309 recordationem
1454 1289 1570 1316 quorum
1594 1282 1689 1308 memi-

907 1327 981 1354 nisse
1003 1327 1128 1356 volumus
1151 1336 1200 1356 uos
1228 1329 1378 1361 deducunt,
1396 1335 1599 1362 percurramus,
1618 1327 1687 1354 idem

907 1370 972 1398 facit
988 1371 1058 1400 Deus
1074 1381 1135 1400 cum
1150 1374 1228 1401 nobis
1243 1374 1269 1401 in
1288 1373 1445 1401 memoriam
1464 1373 1545 1409 627
1562 1379 1690 1400 revocare

906 1417 964 1444 vult
987 1426 1048 1453 qua:
1071 1418 1098 1445 in
1122 1419 1172 1446 hac
1195 1420 1248 1446 vita
1267 1420 1413 1455 gessimus,
1430 1423 1459 1446 ut
1478 1427 1571 1446 eorum
1594 1426 1655 1453 quat
1673 1427 1689 1444 a

907 1462 986 1489 nobis
1002 1467 1060 1489 acta
1076 1467 1140 1490 sunt
1154 1464 1267 1497 conscii,
1284 1471 1332 1491 cur
1344 1471 1435 1499 pinna,
1448 1464 1490 1491 vel
1505 1463 1608 1491 honore
1630 1462 1689 1489 alli-

908 1506 996 1534 cimur
1011 1513 1180 1542 perspectum
1195 1509 1352 1537 habeamus.
1370 1509 1449 1542 Quod
1471 1509 1493 1536 si
1512 1509 1574 1544 quis
1592 1508 1690 1535 divinae

907 1551 1016 1579 virtutis
1030 1552 1057 1578 in
1069 1552 1103 1579 iis
1115 1553 1226 1592 agendis
1248 1554 1376 1581 celeritati
1395 1554 1475 1581 [idem
1491 1561 1544 1581 non
1559 1553 1650 1585 habet,
1666 1553 1690 1580 is

908 1596 990 1624 Deum
1008 1605 1022 1624 a
1038 1605 1092 1632 quo
1111 1599 1202 1626 omnia
1224 1599 1331 1627 condita
1354 1604 1428 1632 sunt,
1452 1599 1571 1627 nondum
1596 1599 1691 1626 animo

906 1644 1122 1678 comprehendit,
1140 1645 1183 1672 cui
1202 1650 1322 1680 tempore
1336 1653 1405 1680 opus
1420 1653 1474 1673 non
1496 1645 1557 1678 fuit,
1579 1650 1608 1672 ut
1629 1650 1690 1673 tan.

907 1694 961 1716 tatu
975 1689 1037 1716 εωιί
1051 1693 1077 1716 et
1095 1694 1173 1717 teme
1190 1691 1289 1718 molem
1315 1690 1480 1724 fabricaret;
1497 1699 1560 1718 nam
1583 1690 1689 1718 etiamsi

909 1735 980 1763 intra
995 1743 1041 1763 sex
1057 1736 1114 1763 dies
1133 1735 1189 1763 hate
1201 1743 1308 1764 creasse
1325 1736 1457 1768 videatur,
1473 1736 1608 1764 intellectu
1622 1744 1690 1771 opus

907 1786 959 1813 est,
975 1787 1004 1808 ut
1019 1788 1115 1815 capere
1130 1781 1276 1815 possimus,
1294 1789 1412 1816 quonam
1436 1789 1517 1809 sensu
1539 1782 1564 1809 id
1587 1782 1689 1810 dictum

907 1831 959 1860 est,
974 1827 1045 1853 intra
1063 1834 1108 1853 sea:
1124 1827 1200 1858 dies;
1218 1831 1327 1862 propter
1341 1827 1405 1855 illud
1420 1837 1426 1855 :
1443 1837 1452 1853 ι
1469 1827 1518 1855 llic
1529 1828 1596 1855 liber
1610 1835 1691 1863 gene-

908 1872 1021 1900 rationis
1032 1872 1093 1900 cceli
1104 1876 1131 1899 et
1143 1878 1220 1900 terra:
1229 1873 1262 1904 ’³,
1276 1882 1285 1897 ι
1301 1877 1326 1900 et
1337 1880 1396 1907 qua':
1409 1876 1569 1907 sequuntur.
1581 1873 1665 1900 Aude:
1677 1886 1692 1894 -

909 1918 973 1946 dmn
989 1923 1030 1946 est
1043 1918 1125 1954 igitur
1144 1923 1170 1946 et
1189 1919 1332 1946 dicendum
1358 1919 1446 1946 futuri
1464 1919 1560 1954 judieii
1583 1922 1689 1953 tempus

909 1965 1025 2000 spatium
1053 1973 1106 1992 non
1131 1964 1359 1998 desideraturum,
1389 1964 1438 1992 sed
1460 1964 1686 1999 quemadmodum

64 2012 237 2039 resurrectio
264 2021 273 2036 ε
296 2012 322 2038 ἰιι
347 2016 447 2046 puncto
474 2012 622 2046 temporis,
649 2012 675 2038 in
708 2012 848 2040 oculorum
869 2012 1017 2040 nictatione
1027 2011 1049 2028 “
1065 2022 1074 2038 ι
1095 2012 1183 2040 futura
1209 2012 1316 2045 dicitur,
1338 2013 1389 2040 tale
1411 2012 1532 2040 futurum
1556 2011 1689 2047 judicium

61 2058 208 2088 existimo.

104 2104 186 2132 Μετὰ
200 2104 285 2131 ταῦτα
299 2104 406 2131 λεκτέον
423 2104 462 2136 εἰς
483 2104 524 2131 τό·
543 2113 550 2130 ι
579 2104 741 2140 Ἀρξαμένου
763 2104 791 2131 δὲ
808 2105 856 2131 αὺ-

945 2103 988 2131 10.
1007 2102 1107 2130 Dciude
1120 2109 1183 2129 vero
1200 2110 1280 2136 super
1294 2101 1334 2128 his
1346 2101 1532 2128 disserendum
1548 2106 1588 2128 est
1606 2109 1612 2115 ·
1632 2110 1640 2126 ι
1656 2100 1693 2129 Et

670 2172 784 2200 VETUS
803 2171 1090 2200 lNTERPRETATIO.

62 2233 217 2263 rationem,
232 2239 266 2260 ne
283 2230 351 2258 forte
365 2238 409 2258 res
422 2231 479 2266 ipsa
493 2231 676 2259 necessarium
692 2231 789 2258 habeat
805 2231 915 2266 longum
931 2237 1048 2265 tempus.
1067 2230 1245 2264 quoadusque
1261 2229 1386 2257 adﬁnem
1405 2231 1563 2264 perveniant
1584 2229 1687 2264 omnia,

61 2277 131 2305 quae
146 2265 379 2305 abinitioﬂmundi
395 2265 481 2305 usque
494 2266 804 2305 adnco‘nsumniatio-nem
822 2265 912 2305 saeculi
931 2273 984 2292 non
1000 2266 1091 2305 unius,
1107 2265 1152 2291 sed
1171 2266 1318 2292 multorum
1333 2266 1495 2304 saeculorum
1526 2269 1590 2305 sunt
1612 2272 1687 2300 gesta

61 2300 102 2331 ab
119 2302 258 2329 omnibus.
278 2300 330 2328 Sed
344 2308 397 2327 non
412 2300 454 2328 est
471 2302 517 2328 ita.
533 2300 631 2328 Volens
646 2301 717 2328 enim
735 2300 807 2328 Deus
821 2301 952 2328 ventilare
965 2300 1091 2327 omnium
1105 2304 1220 2330 mentes.
1238 2304 1266 2326 ut
1287 2301 1476 2334 unusquisque
1501 2300 1601 2327 sentiat
1622 2307 1687 2334 pro-

61 2339 148 2374 prios
159 2337 338 2374 actualiouos
352 2336 393 2362 vel
408 2336 503 2374 malos,
519 2336 574 2374 _cito
594 2336 685 2374 omnia
705 2335 739 2374 ab
763 2335 889 2374 omnibus
910 2335 982 2374 omni
1007 2339 1127 2374 [erupere
1142 2335 1354 2374 geslaasingulis
1376 2335 1542 2374 quibusquc_
1557 2335 1638 2374 faciet
1661 2336 1686 2362 in

61 2368 164 2401 inelite
181 2369 353 2398 iueﬂabiliter
367 2371 483 2405 quatiant
499 2371 608 2397 virtute.
625 2369 680 2397 Nec
694 2370 766 2397 enim
781 2370 852 2397 sicut
869 2377 919 2397 nos
933 2370 1053 2396 volentes
1068 2371 1094 2396 in
1113 2374 1206 2405 mente
1219 2368 1307 2405 facere
1319 2369 1400 2395 alicui
1411 2378 1442 2396 ea
1458 2377 1519 2404 qua:
1531 2369 1603 2405 fecit,
1617 2377 1686 2403 opus

61 2408 205 2435 nabemus
219 2411 339 2439 tempore
350 2405 491 2432 suﬂieienti
503 2406 534 2432 ad
545 2405 806 2432 consummationem
821 2412 914 2431 eorum
927 2412 987 2438 (pne
996 2404 1122 2430 dicuntur
1133 2404 1251 2434 anobis,
1262 2408 1290 2430 et.
1301 2404 1326 2429 iu
1341 2405 1499 2430 memoriam
1512 2404 1685 2438 rediguntur:

61 2444 108 2470 sic
123 2445 154 2468 et
171 2440 241 2467 Deus
256 2447 325 2474 opus
342 2440 422 2466 habet
437 2445 543 2473 tempus
556 2440 650 2467 volens
662 2439 740 2467 nobis
755 2440 781 2466 in
796 2445 884 2466 mente
900 2439 988 2466 facere
1001 2440 1093 2465 omma
1107 2446 1168 2472 qua:
1178 2439 1350 2473 gessimusin
1365 2439 1429 2471 vita,
1447 2443 1475 2465 ut
1490 2443 1686 2472 cognoscentes

60 2478 199 2503 universa
212 2483 272 2509 qua:
287 2475 412 2507 ferimus,
430 2474 612 2509 intelligamus
628 2478 736 2508 propter
752 2482 813 2507 quae
830 2480 877 2501 aut
892 2474 1030 2508 punimur.
1047 2478 1093 2501 aut
1113 2475 1289 2509 lmnoramur.
1312 2473 1338 2499 Si
1349 2474 1423 2509 aptis
1447 2479 1536 2500 autem
1553 2473 1685 2509 celeritati

59 2512 172 2538 divina:
189 2507 298 2536 virtutis
312 2509 383 2536 circa
400 2510 457 2536 inec
473 2507 563 2536 omnia
581 2507 795 2535 consummanda
815 2516 867 2536 non
888 2507 983 2540 credit,
1000 2509 1043 2535 hic
1062 2509 1180 2534 nondum
1201 2508 1332 2534 intellexit
1348 2507 1430 2534 Deum
1446 2509 1492 2543 qui
1503 2508 1594 2534 omnia
1609 2507 1681 2538 fecit.

58 2551 91 2573 ct
110 2552 167 2572 non
186 2545 297 2578 indiguit
316 2544 404 2578 spatio
419 2544 547 2578 temporis
562 2544 678 2578 alicujus
694 2544 726 2570 ad
741 2544 891 2570 faciendam
914 2544 986 2573 εαξη,
1007 2548 1033 2569 et
1048 2548 1136 2573 terr-tr,
1151 2547 1178 2569 et
1194 2543 1395 2578 oumiuurqua:
1415 2543 1440 2578 in
1457 2543 1496 2569 eis
1513 2548 1586 2575 sunt,
1609 2550 1684 2578 crca<

58 2586 172 2608 turam.
186 2577 253 2605 Nam
270 2579 321 2605 etsi
331 2577 443 2606 Videtur
458 2577 484 2605 in
498 2587 544 2605 sex
559 2579 654 2605 diebus
667 2578 763 2605 fecisse
775 2579 864 2607 omnia
878 2578 958 2609 Deus,
974 2578 1091 2605 maxime
1104 2579 1166 2612 quia
1181 2578 1264 2604 dicit:
1283 2586 1292 2602 (
1308 2577 1358 2604 l-lrc
1372 2582 1412 2604 est
1423 2577 1490 2603 liher
1502 2577 1684 2612 generationis

59 2615 131 2642 caeli
148 2619 175 2640 et
190 2618 277 2645 terrae,
292 2621 345 2647 qua
359 2614 402 2640 die
420 2613 489 2640 facta
504 2617 568 2640 sunt
581 2614 679 2640 cmlum
693 2617 720 2639 et
735 2618 804 2639 terra
821 2621 827 2645 ;
843 2622 852 2638 ι
870 2613 1024 2639 audendum
1043 2618 1083 2639 est
1100 2618 1187 2639 tamen
1202 2617 1229 2638 ct
1245 2613 1389 2638 dieemlum
1401 2632 1407 2644 ,
1428 2614 1556 2646 quoniam
1578 2617 1683 2647 tempus

60 2649 155 2677 futuri
171 2649 266 2682 iudicii
285 2656 337 2675 non
353 2655 422 2682 opus
439 2648 547 2675 habebit
565 2649 653 2682 spatio
670 2648 809 2682 temporis,
827 2649 873 2674 sed
889 2648 960 2675 sicut
985 2648 1147 2674 resurrectio
1179 2647 1279 2674 dicitur
1305 2647 1394 2673 futura
1414 2657 1422 2672 ι
1444 2655 1470 2674 ιιι
1490 2652 1638 2679 momento,
1656 2648 1682 2674 in

60 2685 123 2713 ictu
143 2683 226 2713 oculi,
242 2692 251 2708 ι
269 2682 309 2709 sic
324 2689 388 2717 puto
402 2687 429 2709 et
441 2683 573 2716 judicium
589 2684 655 2709 l'ore.

102 2718 154 2746 10.
173 2717 204 2743 Ρι
216 2723 240 2745 sl
255 2717 310 2744 [ιιι-ε
324 2714 465 2744 ὶιίύίιιιιιιιῖε
480 2718 542 2752 quid
559 2722 599 2744 est
616 2716 686 2752 quod
700 2717 737 2744 ait
756 2726 762 2744 :
780 2726 788 2742 ι
809 2716 854 2743 lnc

945 2724 954 2743 ι
974 2723 1006 2743 eo
1031 2723 1131 2750 ponere
1158 2717 1310 2748 rationem,
1333 2716 1440 2744 oblatus
1463 2719 1505 2744 est
1529 2715 1553 2742 ei
1580 2714 1684 2742 debitor

100 2785 123 2801 ”
139 2783 206 2810 Luc.
222 2789 270 2814 xu,
286 2782 330 2815 58,
343 2782 387 2810 59.
439 2782 461 2797 ¹⁰
477 2782 569 2809 Matth.
595 2790 657 2815 xxv,
675 2782 719 2809 ‘2l.
769 2782 789 2798 ¹¹
804 2780 855 2809 Mat

945 2789 994 2813 HV,
1013 2782 1055 2808 Π.
1103 2781 1125 2796 “
1139 2780 1205 2807 Luc.
1239 2789 1293 2810 .vtx.
1314 2781 1355 2813 l7,
1391 2783 1432 2810 19.
1483 2782 1505 2798 *³
1520 2781 1587 2810 Gen.
1615 2788 1647 2816 ιι⁹
1661 2784 1686 2812 ι.

55 2824 83 2839 ﬁ
105 2819 115 2846 ι
129 2818 196 2846 Cor.
214 2817 258 2851 x'v,
273 2817 318 2845 52.
