4236 6282
272 449 384 458 ..-ο
438 441 1659 458 --ηιμ--.ςαο-..σ-κο-ρ-υ-οοοο-σ-...κοοο--μ--α-
1688 440 1866 449 η--δοκαι
1919 438 1922 440 ”
2048 440 2140 450 ..ο-..-
2322 433 2522 441 -ο--φ-ν

1419 680 1653 831 ΡΒ
1678 670 2490 830 ίΕἘΑΤΙΟ.

1911 1044 1983 1070 δή

344 1303 609 1361 'I'ertius
642 1294 880 1373 Operum
913 1286 1167 1373 Origenis
1202 1294 1390 1355 tomus
1418 1278 1799 1368 complectitur
1834 1279 2081 1351 residuas
2114 1281 2233 1363 eius
2261 1290 2314 1348 in
2345 1282 2642 1347 Proverbia
2674 1264 3009 1359 Salomonis,
3044 1289 3101 1345 in
3127 1280 3421 1347 Canticum
3454 1296 3593 1346 can-

252 1397 575 1460 ticorum,
613 1394 668 1450 in
692 1392 914 1460 Isaiam,
949 1394 1005 1448 in
1036 1391 1354 1458 Jeremiam,
1385 1390 1440 1446 in
1476 1378 1749 1459 Threnos,
1783 1389 1835 1444 in
1869 1374 2231 1450 Ezechielem,
2268 1387 2322 1441 in
2361 1381 2524 1453 Osee,
2558 1385 2611 1439 in
2652 1382 2965 1441 Mattlneum
2996 1383 3050 1440 et
3078 1383 3131 1438 in
3160 1378 3364 1440 Lucam
3391 1381 3595 1456 ἐξηγή-

256 1503 438 1552 σεις.
484 1483 735 1555 Speciale
761 1481 1023 1539 Monitum
1061 1476 1175 1537 fere
1205 1467 1433 1551 singulis
1466 1478 1746 1550 praeﬁxum
1782 1473 1886 1541 est,
1920 1477 2063 1532 unde
2113 1475 2172 1531 iit
2219 1484 2279 1529 ut
2304 1474 2369 1530 de
2403 1474 2510 1530 illis
2558 1473 2757 1531 iterum
2788 1474 2969 1547 aliqua
3015 1473 3232 1546 praefari
3265 1488 3597 1546 supervacr

258 1593 481 1633 neum
518 1576 788 1643 videatur,
820 1573 925 1629 n'isi
964 1558 1104 1629 forte
1135 1562 1341 1643 aliquid
1375 1570 1600 1645 insuper
1632 1569 1923 1626 dicendum
1967 1567 2043 1623 sit
2084 1567 2151 1622 de
2196 1562 2611 1623 commentariis
2655 1565 2709 1620 in
2743 1563 3055 1625 Matthantm
3082 1574 3136 1623 et
3164 1566 3233 1624 de
3265 1566 3506 1625 homiliis
3541 1569 3595 1623 in

264 1673 554 1729 Lucam.

362 1765 551 1819 Circa
595 1763 798 1818 an‘num
831 1750 1032 1817 Christi
1075 1745 1203 1825 913,
1257 1757 1556 1832 imperante
1585 1742 1856 1840 Philippo,
1886 1746 1958 1811 95
1993 1755 2045 1810 in
2078 1742 2391 1811 Matthzcum
2420 1759 2597 1810 toruos
2618 1748 2927 1811 elaboratas
2959 1755 3029 1811 ab
3055 1749 3288 1827 Origene
3319 1756 3491 1813 fuisse
3520 1768 3599 1812 Iea-

270 1864 496 1912 statur
533 1842 800 1909 Eusebius
830 1843 1033 1905 (liuor.
1078 1842 1208 1904 εδει.
1244 1847 1337 1903 lib.
1373 1864 1448 1913 vr,
1476 1863 1595 1918 cap.
1637 1847 1729 1902 '56.
1764 1842 2013 1901 Totidem
2045 1844 2241 1916 legisse
2274 1860 2335 1899 se
2369 1842 2568 1900 fatetur
2622 1842 2990 1918 Hieronymus
3042 1847 3095 1901 in
3137 1849 3408 1917 prommio
3441 1848 3589 1904 Com-

271 1957 546 2002 mentar.
582 1947 637 2001 in
670 1934 1000 2000 Matt/uram.
1038 1936 1396 2014 Quapropter,
1425 1928 1603 2013 inquit
1635 1925 1866 1997 liuetius
1890 1932 2199 2012 Orige'nian'.
2241 1941 2336 1995 lib.
2365 1947 2450 2007 tu,
2474 1947 2606 1995 sect.
2634 1940 2692 2004 2,
2724 1946 2879 1997 num.
2905 1935 2958 2007 7,
2988 1940 3246 1998 mendosa
3274 1959 3397 2000 esse
3428 1944 3601 2015 liquet

276 2041 430 2096 haec
477 2038 640 2094 verba
673 2053 704 2092 e
728 2037 951 2108 prologo
982 2024 1322 2107 Hieronymi,
1355 2024 1448 2105 qui
1476 2034 1732 2106 pratlixiis
1756 2044 1841 2088 est
1871 2022 2081 2087 Latina:
2111 2031 2544 2104 interpretationi
2571 2032 2923 2089 homiliarum
2962 2026 3213 2105 Origenis
3253 2037 3307 2091 in
3339 2036 3543 2093 Lucam
3582 2057 3598 2093 :

283 2131 602 2203 Siquidem
630 2124 764 2185 illud
795 2119 932 2201 quod
978 2120 1106 2182 olim
1145 2116 1328 2182 Romae
1350 2134 1538 2182 saneta
1572 2116 1811 2181 Βιωείιια
1843 2112 2199 2196 ﬂagitaverat,
2228 2134 2285 2178 ut
2330 2119 2401 2178 '56
2436 2127 2604 2178 tomos
2631 2123 2779 2203 iuius
2815 2123 2871 2178 in
2913 2124 3247 2191 Matthmum’,
3286 2136 3333 2181 et
3375 2128 3603 2199 quinque

285 2202 460 2279 alios
503 2223 555 2276 in
595 2220 817 2284 Lucam,
856 2229 906 2275 et
928 2219 995 2275 '59
1032 2218 1087 2271 in
1114 2206 1380 2271 Joannem
1415 2218 1612 2271 nostri:
1636 2207 1835 2286 lingua:
1857 2205 2139 2269 traderem.
2168 2207 2477 2285 Legendnm
2511 2212 2658 2269 enim
2686 2202 2951 2271 2316mm
2981 2208 3128 2272 illius
3166 2218 3221 2273 in
3262 2209 3600 2289 Hart/mrum,

282 2316 645 2385 Col-ruptam
679 2312 965 2368 lectionem
1003 2296 1266 2367 Erasmus
1290 2308 1344 2363 in
1376 2300 1597 2363 Censur.
1621 2304 1717 2361 lib.
1748 2298 2000 2375 Dr"igen.,
2030 2301 2216 2361 Sixttis
2249 2302 2506 2360 Senensis
2534 2300 2785 2359 Bib'tioth.
2809 2304 2905 2361 lib.
2942 2317 3089 2371 rv,et
3116 2306 3297 2366 Jnsias
3336 2307 3605 2369 Simlelus

288 2426 369 2466 ne
407 2407 707 2465 Conradus
747 2395 956 2461 Frisius
992 2403 1044 2459 in
1080 2393 1316 2487 Epigoni.
1342 2394 1519 2487 Bibt.,
1554 2392 1781 2457 Gesner.
1819 2397 1991 2455 secuti
2022 2410 2179 2485 sunt.
2204 2398 2463 2455 Mcndo‘Sa
2502 2412 2719 2474 quoque
2752 2399 2843 2456 illa
2878 2402 2931 2456 in
2965 2388 3144 2457 Ruﬁni
3182 2402 3448 2461 Iuvecliva
3476 2422 3514 2463 ιι
3544 2408 3600 2464 tu

293 2497 725 2572 Hieronymum,
753 2499 807 2554 in
839 2487 1040 2569 quibus
1065 2494 1136 2551 26
1168 2480 1418 2566 tirigenis
1441 2485 1495 2549 in
1527 2490 1839 2549 Mattbaaum
1873 2488 2044 2572 libros
2068 2491 2138 2546 ab
2163 2480 2492 2564 ilierouymo
2516 2499 2977 2552 cemniemoratos
3010 2492 3177 2551 fuisse
3213 2497 3411 2566 refert;
3438 2512 3600 2570 quem

293 2593 489 2648 etiam
528 2570 769 2647 errorem
807 2597 1029 2645 secutus
1057 2595 1142 2643 est
1171 2575 1493 2643 Vincentius
1517 2579 1920 2642 Bellovaccnsis
1964 2570 2176 2655 ἐρείπει.
2207 2584 2497 2640 doctrinal.
2527 2584 2623 2640 lib.
2661 2591 2817 2653 tvm,
2846 2602 2965 2658 cap.
3003 2586 3092 2644 45.
3133 2587 3200 2645 Ut
3231 2598 3289 2645 nt
3318 2600 3424 2657 est,
3456 2593 3603 2664 prin.

300 2698 442 2739 rem
479 2691 749 2739 ternorum
782 2671 996 2735 illordm
1024 2684 1231 2749 partem
1249 2672 1573 2749 jamdudum
1602 2678 1820 2747 tempus
1847 2675 2172 2746 absumpsit,
2208 2675 2373 2746 atque
2402 2675 2447 2730 si
2474 2684 2713 2747 quatuor
2743 2679 2939 2748 Exigua
2969 2678 3262 2737 admodum
3297 2680 3603 2754 fragmenta

301 2773 626 2845 exet-peris,
660 2772 795 2827 nihil
830 2785 860 2825 e
889 2769 1166 2841 prioribtts
1201 2774 1393 2824 norem
1424 2758 1587 2824 tomis
1626 2760 1790 2822 hodie
1824 2770 2091 2839 superest.
2138 2758 2510 2820 PosteriOrcm
2541 2773 2748 2834 partem
2784 2778 2815 2821 a
2839 2765 3026 2823 Matth.
3054 2781 3176 2838 xm,
3209 2763 3300 2836 59,
3328 2786 3505 2843 usque
3532 2775 3601 2828 ad

303 2868 490 2922 tinem
519 2866 715 2937 partim
740 2858 925 2921 Graece
953 2872 1009 2920 et
1032 2853 1241 2930 Latine,
1270 2862 1466 2934 partim
1490 2858 1681 2919 Latine
1707 2872 1920 2918 tantum
1951 2860 2236 2916 habemus.
2261 2858 2450 2915 Graeca
2475 2875 2503 2914 a
2530 2853 2714 2918 Matth.
2743 2874 2867 2931 xm,
2898 2858 2989 2928 56,
3012 2864 3079 2919 ad
3107 2879 3242 2931 xxn,
3272 2865 3364 2930 33,
3390 2868 3603 2939 primus

306 2961 373 3015 in
413 2958 597 3013 lucem
632 2955 801 3012 edidit
830 2945 1237 3010 illustrissimus
1262 2951 1458 3008 Petrus
1490 2940 1679 3007 Daniel
1713 2945 1967 3018 Huettus,
1997 2963 2063 3005 ac
2096 2960 2237 3004 nova
2264 2965 2364 3006 sua
2391 2946 2837 3021 lnterpretatione
2868 2949 3063 3009 Latina
3105 2951 3349 3023 donavit,
3395 2960 3603 3018 omissa

308 3053 524 3117 veteri,
556 3064 720 3122 quam
752 3064 853 3105 nos
897 3047 1112 3106 duabus
1147 3038 1214 3103 de
1243 3040 1427 3103 causis
1471 3036 1811 3108 retinendam
1839 3085 1855 3112 ,
1896 3042 1952 3099 et
1984 3039 2173 3100 saltem
2209 3043 2264 3099 in
2306 3043 2412 3100 ima
2460 3045 2778 3118 paginarum
2821 3054 2918 3103 era
2949 3052 3443 3119 repraesentandam
3475 3068 3602 3112 esse

307 3148 705 3206 credidimus:
736 3146 792 3201 ίσ
824 3143 978 3212 Quod
1017 3135 1121 3200 etsi
1163 3143 1348 3198 minus
1390 3133 1633 3215 elegans,
1671 3132 1781 3197 imo
1822 3139 2057 3198 barbara
2104 3141 2428 3212 plerumque
2458 3142 2742 3212 videatur,
2775 3143 3129 3203 nihilominus
3161 3146 3367 3205 Graecis
3403 3150 3603 3208 intelli-

306 3244 525 3317 gendis
565 3251 621 3297 et
653 3242 721 3297 ad
767 3241 1055 3297 sanitatem
1103 3229 1454 3296 restituendis
1484 3230 1786 3310 saepissime
1816 3236 2072 3304 inservit;
2120 3236 2179 3290 2"
2204 3237 2349 3308 quod
2401 3253 2508 3292 non
2558 3238 2630 3294 ibi
2678 3238 2899 3308 desinit,
2934 3241 3024 3296 ubi
3064 3242 3264 3300 desinit
3316 3253 3604 3307 contextus

307 3341 572 3404 Gracus,
599 3338 697 3396 sed
725 3337 794 3394 ad
824 3335 1064 3393 Matthxi
1093 3335 1255 3392 tinem
1292 3350 1466 3406 usque
1509 3322 1871 3407 progreditur”,
1905 3344 1958 3390 et
1992 3332 2073 3389 sic"
2103 3348 2226 3408 qua:
2260 3323 2445 3391 Graece
2471 3330 2756 3410 deperdita
2788 3347 2939 3405 sunt,
2982 3324 3173 3395 Latine
3202 3343 3606 3413 quodaminodo

236 3428 253 3447 ”
310 3436 586 3495 restituit.

388 3530 478 3586 Ad
502 3528 759 3585 bomilias
785 3526 840 3584 in
868 3514 1073 3584 Lucam
1099 3524 1246 3600 quod
1280 3516 1494 3593 attinet,
1527 3532 1652 3583 cu‘m
1684 3516 2039 3598 epistularum
2061 3522 2117 3579 S.
2142 3516 2335 3597 lgnatii
2360 3516 2615 3598 martyris
2640 3517 2969 3586 Antiocb‘e‘ni
2988 3520 3248 3588 disertam
3272 3528 3603 3595 mentionem

317 3622 495 3679 iaciat
528 3622 748 3678 bomilia
794 3631 982 3688 scuta,
1026 3628 1083 3677 et
1132 3620 1539 3691 lgnatianarum
1573 3621 1932 3691 epistolarum
1969 3610 2296 3676 auctoritate
2327 3614 2572 3692 iugulari
2621 3635 2682 3678 se
2735 3625 3192 3692 persentiscerent
3245 3624 3603 3686 heterudoxh

318 3711 729 3783 Presbyteriani
763 3712 925 3783 vulgo
948 3709 1103 3775 dicti,
1139 3711 1341 3782 quibits
1374 3711 1753 3783 episcdporum
1788 3703 1928 3767 ordo
1949 3704 2201 3782 displicet
2234 3710 2565 3786 presbyteris
2597 3730 2663 3770 ex
2690 3714 2816 3785 jure
2850 3716 3039 3772 dii'ino'
3064 3717 3334 3788 superior,
3369 3719 3607 3775 incredi-

323 3806 443 3863 bile
469 3805 619 3860 dictu
647 3813 732 3859 est
757 3814 891 3875 quot
924 3818 1043 3860 sese
1069 3803 1144 3859 illi
1169 3805 1347 3861 modis
1378 3804 1715 3861 versaverint
1740 3814 1800 3860 ut
1826 3797 2081 3861 bomilias
2112 3806 2164 3858 in
2198 3801 2401 3860 Lucam
2430 3805 2649 3877 Origeni
2674 3807 2998 3869 adimerent.
3030 3818 3084 3864 et
3115 3808 3342 3878 petitum
3380 3811 3504 3867 inde
3537 3813 3606 3868 ad

324 3899 737 3972 lgnatianarum
763 3899 1112 3970 epistolamm
1139 3900 1422 3956 Veritatem
1456 3901 1806 3958 astruendam
1836 3910 2218 3972 argumentum
2254 3899 2517 3959 radicitus
2549 3901 2863 3958 evellerent.
2904 3902 3012 3959 Alii
3044 3910 3217 3959 totum
3254 3904 3398 3962 istud
3428 3908 3608 3964 homi-

325 3997 529 4051 liarum
558 4010 699 4065 opus
729 3995 989 4050 natalium
1034 3983 1350 4052 Latinorum
1381 3986 1600 4052 indiciis
1638 4005 1848 4051 scatere
1893 3992 2265 4058 clamila’runt,
2296 3995 2458 4066 idq’ue
2504 3997 2737 4066 probare
2767 3999 2913 4054 serio
2957 4000 3185 4056 tentavit
3211 3995 3446 4058 Dallazus
3478 4018 3606 4077 pag.

326 4092 439 4147 459
469 4100 524 4145 et
551 4090 682 4156 “0,
706 4090 873 4145 variis
899 4089 952 4145 in
983 4082 1223 4146 medium
1253 4090 1485 4159 prolatis
1509 4106 1633 4159 quin
1669 4095 1736 4143 et
1768 4089 1890 4143 istis
1926 4087 2167 4143 bomiliis
2193 4086 2483 4161 descripsit
2511 4090 2669 4153 locis,
2698 4092 2790 4145 Sed
2819 4108 2942 4160 qua:
2970 4094 3154 4148 solutu
3180 4103 3357 4150 tamen
3383 4100 3613 4155 omnino

329 4185 514 4245 facilia
556 4194 685 4242 sunt
727 4183 971 4237 animum
1006 4181 1306 4238 attendenti
1334 4181 1532 4252 partim
1565 4180 1632 4235 ad
1661 4178 1880 4234 atatem
1913 4176 2157 4231 auctoris
2179 4172 2451 4246 Origcnis,
2498 4179 2592 4248 qui
2621 4188 2736 4244 cas,
2768 4188 2901 4235 teste
2930 4172 3279 4257 Hieronymo,
3309 4187 3491 4243 adhuc
3514 4187 3605 4261 ju-

331 4277 486 4335 venis
518 4274 851 4346 composuit,
869 4275 1068 4345 partim
1100 4275 1168 4331 ad
1204 4274 1553 4345 interpretem
1582 4268 2000 4344 Hieronymum,
2032 4270 2125 4326 cui
2157 4270 2210 4325 in
2248 4270 2521 4326 vertendis
2550 4266 2752 4330 Graecis
2781 4273 2965 4332 sciunt
2988 4271 3183 4332 eru‘di‘ti
3217 4278 3459 4336 solemne
3489 4298 3614 4341 esse

331 4371 590 4428 nonnulla
626 4369 900 4426 interdum
933 4369 1001 4425 de
1031 4384 1135 4426 suo
1166 4369 1426 4427 inserere.
1474 4367 1634 4426 Certe
1682 4369 1877 4424 barum
1926 4362 2273 4424 h'ontiliarum
2312 4367 2694 4439 prirnigcnium
2731 4376 3007 4428 anetorem
3043 4389 3151 4429 non
3188 4374 3463 4442 Latinum,
3513 4382 3610 4437 sed

331 4463 580 4521 Gnaeum
604 4478 727 4520 esse
756 4462 956 4518 invicte
980 4460 1173 4533 probat
1207 4461 1433 4518 Grzecus
1458 4470 1774 4525 contextus,
1823 4450 1982 4532 cuius
2029 4461 2326 4517 maximam
2357 4471 2563 4531 partem
2601 4463 2762 4520 ho‘die
2810 4477 3267 4539 repraesentamus
3295 4486 3361 4529 ex
3393 4476 3611 4535 seliedis

332 4574 466 4616 mss.
492 4558 805 4615 Combetisii
837 4566 894 4613 et
932 4548 1141 4624 Grabii,
1175 4556 1268 4627 qui
1299 4556 1368 4613 ad
1392 4570 1521 4613 suos
1550 4572 1685 4614 usus
1716 4551 1869 4612 illum
1906 4572 1938 4613 e
1971 4553 2140 4613 rariis
2189 4573 2323 4612 mss.
2358 4554 2672 4628 Anglic‘anis
2701 4566 2757 4615 et
2790 4556 3085 4619 Gallicanis
3117 4561 3403 4624 codicibds
3446 4584 3609 4629 erue-

333 4662 481 4709 runt.
512 4647 633 4708 Huc
664 4652 803 4708 adde
831 4650 978 4724 quod
1011 4661 1236 4709 sanctus
1267 4650 1633 4724 Hieronymus
1664 4651 1718 4707 in
1751 4642 2010 4723 Catatogo
2045 4650 2191 4707 inter
2216 4666 2381 4723 opera
2431 4668 2463 4707 a
2494 4660 2560 4709 se‘
2581 4649 2748 4720 edita,
2784 4653 2838 4709 in
2867 4652 3070 4713 Lucam
3102 4656 3355 4719 liomilias
3390 4662 3610 4734 triginta

335 4764 529 4805 novem
552 4747 765 4815 recitat,
795 4756 852 4803 et
881 4747 937 4803 in
962 4748 1186 4820 prologo
1210 4746 1276 4803 ad
1307 4738 1531 4803 Paulam
1564 4756 1623 4803 et
1649 4746 2015 4805 Eustochium
2038 4737 2280 4803 deciarat
2313 4758 2374 4802 se
2398 4753 2493 4802 ea’s
2519 4749 2583 4804 ex
2617 4737 2852 4820 O'rigene
2882 4750 3250 4811 transtulisse.
3287 4744 3446 4812 Hunc
3486 4754 3613 4813 llic-

335 4844 546 4917 ronymi
575 4843 862 4915 prologum
888 4850 1064 4898 totum
1091 4843 1145 4897 in
1189 4858 1345 4899 suam
1378 4829 1701 4898 [unctitant
1743 4842 2089 4911 transcripsit
2124 4831 2376 4909 Ruﬁnus,
2407 4854 2463 4898 et
2493 4841 2626 4915 quid
2661 4842 2715 4899 in
2746 4843 2853 4901 hoc
2881 4860 3046 4919 opere
3078 4841 3239 4905 inllde
3268 4851 3615 4911 transtulerit

336 4936 720 5008 Hieronymus,
740 4933 977 4990 ostendit
1002 4943 1096 4989 aut
1124 4933 1340 4999 innuit;
1373 4934 1443 4989 de
1477 4942 1677 4989 catero
1707 4926 1843 5003 quin
1873 4932 2232 5005 primigenius
2256 4933 2484 4990 istarum
2515 4926 2866 4995 homiliaruﬁt
2897 4942 3087 4997 auctor
3118 4939 3188 4994 sit
3212 4938 3497 5014 Origenes,
3544 4961 3615 5002 ne

338 5031 501 5086 ullum
527 5028 746 5102 quidem
776 5027 1005 5084 dubium
1042 5039 1244 5083 movet.
1274 5026 1416 5097 Ergo
1449 5027 1675 5098 perinde
1699 5043 1764 5084 ac
1791 5026 2181 5100 Hieronymus,
2205 5044 2300 5085 cas
2328 5019 2553 5101 Origeni
2580 5031 2858 5089 ascribere
2899 5034 3210 5093 Carmendas
3234 5048 3318 5095 est
3350 5027 3610 5106 Ruﬁnus.

338 5124 614 5181 Reclamat
652 5134 837 5180 tamen
873 5121 1055 5179 Dallaei
1088 5124 1498 5195 ὑπερασπιστὴς
1533 5121 1819 5179 Mattheus
1856 5110 2250 5195 Larroquanus
2293 5115 2348 5182 in
2400 5127 2520 5184 suis
2559 5125 2629 5183 ad
2665 5112 2984 5201 Igna‘tiauaa
3012 5120 3295 5191 Pcarsonii
3337 5131 3615 5198 Vindicius

337 5218 825 5283 observationibus,
867 5227 922 5274 et
954 5228 1015 5275 ut
1053 5218 1306 5274 bomilias
1338 5219 1391 5273 in
1442 5217 1647 5275 Lucam
1696 5234 1923 5292 quoquo
1952 5220 2117 5278 modo
2146 5211 2369 5292 (Μεδιιῖ
2392 5210 2612 5294 eripiat,
2644 5238 2884 5296 sequens
2935 5226 3175 5283 in‘stituit
3211 5231 3556 5290 ratiocinium
3588 5251 3608 5292 :

347 5330 365 5365 ι
400 5313 577 5381 Initio,
606 5314 805 5385 inquit,
836 5314 1051 5385 imperii
1070 5314 1333 5371 Antonini
1366 5305 1665 5371 (.‘raracaibe
1696 5316 1791 5386 qui
1830 5331 2059 5387 regnare
2090 5315 2255 5387 capit
2307 5324 2461 5374 anno'
2496 5305 2711 5375 Domini
2742 5304 2872 5386 2η,
2906 5330 3027 5393 post
3048 5311 3240 5391 ignatii
3287 5326 3607 5399 martyrium

344 5408 462 5471 105,
494 5407 757 5480 Origenes
797 5424 1005 5465 annum
1033 5410 1214 5466 astatis
1246 5411 1465 5467 circiter
1514 5426 1639 5466 nam
1690 5410 1975 5481 attigerat;
2006 5409 2393 5466 Alexandriam
2437 5426 2547 5468 non
2594 5412 2814 5483 penitus
2846 5402 3135 5485 dereliquit
3168 5425 3295 5473 ante
3333 5411 3609 5477 decimum

343 5502 626 5560 Alexandri
658 5503 845 5560 Severi
878 5519 1111 5569 annum,
1135 5506 1240 5561 hoc
1262 5514 1370 5568 est.
1399 5514 1525 5562 ante
1555 5521 1760 5561 annum
1791 5505 1996 5561 Christi
2025 5506 2153 5570 254,
2181 5507 2358 5563 :e:atis
2394 5521 2508 5562 sua:
2534 5522 2656 5562 ιινι
2684 5507 2768 5562 vel
2802 5522 2968 5564 ιιι-ιι.
2999 5507 3191 5564 Nullas
3218 5519 3401 5567 autem
3430 5507 3609 5570 homi-

345 5591 441 5651 lias
471 5595 650 5652 adhuc
677 5596 968 5666 scripsisse
1001 5607 1218 5655 constat
1241 5615 1312 5655 ea
1343 5599 1483 5655 libro
1507 5609 1670 5654 sexto
1696 5598 1939 5665 Eusebii,
1972 5616 2093 5669 ων.
2134 5600 2226 5658 24.
2264 5600 2338 5655 Ibi
2385 5600 2539 5657 enim
2566 5610 2856 5656 enumerat
2884 5615 3047 5671 opera
3078 5601 3263 5657 omnia
3309 5617 3433 5672 quae
3479 5605 3610 5662 Ale-

345 5691 580 5748 xandriae
608 5690 1000 5758 elaborarerat,
1036 5693 1189 5748 nulla
1224 5695 1441 5762 penitus
1471 5695 1700 5752 istarum
1747 5695 2096 5752 homiliarum
2145 5697 2423 5752 meritisne
2471 5693 2652 5765 facta;
2686 5705 2736 5750 ct
2769 5710 2888 5768 cep.
2912 5685 2992 5752 '53
3018 5695 3262 5767 ejusdem
3308 5696 3432 5749 tibri
3465 5698 3611 5758 idem

657 5790 929 5848 Ριιτιιοι.
964 5790 1082 5849 Gn.
1125 5789 1297 5849 Xlll.

3213 5798 3238 5854 l

1792 6015 2332 6126 essaaz
