4236 6282
554 328 616 386 ιι
1744 328 2116 385 nummo
2151 330 2242 385 AD
2283 329 2444 387 ron.
2492 329 2579 387 ιιι.
3767 351 3830 400 ιε

3801 384 3832 402 8

554 450 822 507 Eusebius
872 459 1137 506 memorat
1164 451 1416 521 Origenis
1451 450 1862 506 lucubrationes
1901 452 2166 507 Caesareae
2197 452 2254 507 lu
2279 452 2572 509 Palaestina
2599 453 2854 525 scriptas,
2884 463 2941 510 et
2976 470 3119 527 mtas
3151 458 3382 516 Athenis
3411 473 3830 539 composuerat,-

555 544 902 599 homiliarum
932 554 1114 599 autem
1147 559 1253 598 non
1281 543 1548 598 meminit.
1584 542 1708 599 llaec
1734 544 1918 599 omnia
1963 544 2009 599 si
2045 544 2295 601 conferas
2320 561 2447 601 cum
2481 547 2751 618 capitibus
2780 547 2834 615 5,
2867 548 2954 614 l5,
2991 549 3079 616 16,
3122 550 3215 615 25,
3250 552 3303 607 in
3338 568 3398 607 ea
3432 556 3605 625 magis
3633 559 3832 613 contir-

555 639 789 695 mabcris
817 640 1092 710 opinione,
1128 648 1255 695 ante
1285 646 1500 694 aetatem
1530 639 1739 695 virilem
1771 640 2027 695 homilias
2054 655 2165 695 non
2198 640 2488 713 scripsisse
2522 640 2809 714 Origenem
2843 660 2857 697 :
2893 652 2947 698 et
2969 643 3014 699 si
3052 643 3221 700 lueret
3251 646 3346 701 tibi
3395 648 3594 719 aliquis
3630 651 3733 706 hac
3763 653 3833 707 de

555 748 611 788 re
634 734 947 803 scrupulus,
979 733 1165 788 animo
1191 732 1349 789 facile
1374 733 1664 798 eximetnr,
1701 742 1997 803 postquam
2026 733 2269 790 audieris
2300 736 2654 806 sexagenario
2680 735 2943 807 majorem
2980 736 3151 792 fuisse
3179 735 3490 809 Origenem,
3536 757 3660 796 eum
3700 758 3831 800 suas

553 826 807 883 homilias
838 829 999 885 scribi
1044 844 1244 900 passus
1285 838 1368 884 est
1405 848 1418 883 :
1455 830 1599 900 quod
1627 846 1658 884 a
1684 830 1824 885 viris
1848 830 2025 887 doctis
2051 831 2493 888 animadversum
2521 832 2765 902 quidem,
2804 847 2910 886 non
2962 842 3145 888 autent
3197 843 3453 891 accurate
3498 852 3829 907 perpensum

546 938 652 977 nec
682 932 868 978 exacte
896 925 1252 993 ponderatum
1305 924 1491 980 mirari
1520 924 1657 980 satis
1715 940 1947 995 nequeo,
1984 940 2108 980 cum
2159 934 2339 981 tamen
2384 926 2434 980 id
2487 927 2689 981 diserte
2727 935 2955 982 testetur
2986 926 3278 992 Eusebius,
3325 929 3413 984 cui
3446 930 3539 983 uni
3576 930 3629 983 in
3664 931 3830 986 rebus

549 1016 797 1086 Origcnis
826 1020 947 1089 plus
992 1020 1322 1075 credendum
1358 1020 1635 1085 existimo,
1664 1037 1828 1092 quam
1866 1022 2111 1092 pluribus
2157 1020 2503 1094 llieronymis
2535 1022 2615 1079 vel
2642 1022 2872 1078 llulinis.
2916 1022 3048 1078 Rem
3086 1024 3159 1079 ita
3191 1034 3377 1079 narrat
3411 1023 3681 1081 Eusebius
3724 1025 3821 1091 lib,

550 1123 624 1172 vt,
668 1125 788 1179 cap.
820 1110 889 1164 56
927 1130 941 1165 :
975 1110 1105 1165 Cum
1130 1112 1260 1183 ﬁdes
1287 1123 1500 1177 nostra,
1549 1125 1606 1168 ut
1638 1132 1738 1185 par
1787 1124 1923 1180 erat,
1955 1124 2236 1185 augeretur
2280 1117 2335 1169 in
2369 1116 2501 1180 dies,
2545 1125 2594 1171 et
2637 1116 2880 1170 doctrina
2913 1116 3338 1172 Christianorum
3382 1134 3590 1174 summa
3636 1119 3830 1189 ubique

549 1200 789 1255 libertate
824 1200 1106 1270 frueretur,
1152 1204 1401 1276 Origenes
1427 1207 1544 1276 jam
1574 1207 1919 1277 sexagenario
1967 1208 2161 1277 major,
2197 1217 2376 1277 utpote
2418 1209 2507 1278 qui
2535 1222 2599 1261 cx
2630 1209 2884 1262 diuturna
2905 1210 3278 1263 exercitatione
3306 1210 3594 1264 maximum
3617 1206 3829 1263 dicendi

550 1310 704 1371 usum
753 1295 856 1348 sibi
886 1313 1265 1368 comparasset,
1295 1303 1569 1356 conciones
1593 1318 1720 1373 quas
1743 1301 1962 1356 habebat
2009 1309 2077 1355 ad
2108 1302 2358 1373 populum
2388 1320 2420 1356 a
2465 1304 2693 1357 notariis
2738 1305 2910 1374 excipi
2939 1306 3197 1374 permisit,
3224 1322 3340 1359 cum
3388 1306 3444 1359 id
3497 1313 3652 1359 antea
3707 1305 3827 1375 fieri

549 1404 816 1460 nunquam
851 1393 1209 1447 concessisset.
1240 1392 1314 1448 Ex
1351 1394 1437 1449 his
1466 1395 1818 1467 consequitur
1854 1395 2183 1468 llieronymo
2230 1397 2558 1469 imposuisse
2592 1399 2942 1455 homiliarum
2973 1401 3027 1455 in
3063 1399 3269 1455 Lucam
3298 1402 3541 1457 codicem
3575 1399 3824 1471 Origenis

554 1487 781 1541 nomine
826 1497 1231 1557 praenotatum;
1276 1501 1328 1545 et
1368 1501 1515 1547 certe
1569 1491 1863 1547 verisimile
1912 1501 1997 1548 est
2041 1491 2182 1549 falso
2216 1494 2422 1550 codicis
2459 1495 2614 1550 titulo
2659 1495 2909 1551 delusum
2952 1495 3123 1551 fuisse
3171 1494 3597 1567 Hieronymum;
3637 1504 3823 1548 tamen

550 1582 813 1648 quoniam
846 1583 898 1637 in
953 1584 1059 1640 illis
1092 1585 1334 1641 bontiliis
1362 1586 1593 1643 eximias
1628 1587 1750 1642 illas
1800 1587 2003 1658 ingenii
2050 1587 2365 1661 Origeniani
2401 1589 2558 1645 dotes
2604 1605 2710 1645 non
2763 1590 3228 1645 animadvertebat
3270 1604 3391 1660 qua:
3436 1588 3491 1643 in
3546 1587 3823 1657 germanis

549 1675 803 1746 ()rigenis
836 1679 1055 1750 scriptis
1100 1681 1304 1737 micare
1345 1682 1540 1748 solent,
1577 1683 1646 1738 ab
1675 1698 1740 1738 eo
1768 1682 2063 1739 admodum
2091 1685 2288 1753 juvene
2327 1686 2559 1755 scriptas
2607 1685 2746 1741 falso
2785 1688 2995 1756 putavit
3030 1705 3044 1742 :
3081 1701 3206 1741 nam
3248 1684 3607 1757 sexagenario
3638 1682 3822 1752 major

549 1782 664 1827 erat
698 1772 958 1845 Origenes
988 1792 1111 1833 eum
1143 1777 1394 1834 homilias
1424 1793 1555 1834 suas
1581 1794 1720 1850 quas
1752 1780 1984 1835 habebat
2028 1782 2096 1835 ad
2137 1782 2395 1852 populum
2423 1797 2453 1836 a
2484 1782 2714 1838 notariis
2740 1782 2914 1852 excipi
2942 1781 3209 1852 permisit.
3242 1780 3524 1857 Errantem
3559 1778 3823 1847 llierony—

550 1877 700 1919 mmn
731 1875 952 1921 secutus
999 1880 1087 1922 est
1132 1866 1384 1937 Rutinus,
1414 1884 1480 1924 eo
1520 1869 1695 1940 magis
1728 1870 1873 1940 quod
1919 1870 2071 1925 illum
2110 1871 2439 1943 suggillandi
2474 1873 2820 1929 occasionem
2869 1880 3079 1927 tantum
3114 1872 3427 1945 quaerebat;
3476 1887 3600 1926 cum
3635 1878 3819 1925 autem

544 1969 672 2010 eam
701 1956 755 2010 in
786 1956 1137 2013 horniliarum
1164 1959 1393 2014 istarum
1429 1959 1622 2015 Latina
1650 1961 2006 2016 translatione
2031 1971 2226 2018 nactus
2256 1975 2421 2029 esset,
2462 1965 2564 2019 soli
2588 1963 2795 2020 codicis
2823 1964 2983 2019 titulo
3020 1965 3268 2029 adhaesit,
3298 1979 3398 2019 nec
3421 1963 3654 2033 amplius
3681 1964 3821 2018 scire

538 2042 824 2107 {laboravit
846 2056 979 2096 num
1008 2063 1132 2102 vere
1159 2048 1411 2118 Origenis
1446 2060 1652 2116 essent,
1685 2049 1829 2120 quod
1856 2066 1919 2104 ex
1959 2050 2172 2105 illarum
2205 2053 2612 2122 comparatione
2643 2070 2768 2109 cum
2804 2055 3053 2125 genuinis
3102 2055 3248 2111 illitis
3278 2056 3535 2125 operibus
3570 2052 3816 2125 dignosci

538 2150 781 2209 poterat.
819 2159 838 2191 ι
882 2139 1056 2198 Habes
1081 2141 1226 2212 quod
1254 2137 1599 2195 ineluctabile
1624 2140 1854 2210 putabat
1894 2139 2182 2197 Matthazus
2230 2143 2622 2214 Larroquanus
2655 2156 3065 2218 argumentum,
3115 2147 3209 2202 sed
3259 2144 3405 2217 quod
3456 2146 3818 2202 nihilominus

546 2234 752 2291 nullius
799 2243 883 2290 est
917 2232 1175 2305 ponderis
1224 2247 1318 2287 seu
1376 2229 1659 2295 momenti,
1696 2239 1877 2300 utpote
1906 2228 2045 2285 falso
2071 2230 2342 2301 principio
2376 2232 2697 2297 subnixum,
2743 2250 2936 2304 nempe
2975 2233 3270 2289 Eusebium
3302 2235 3573 2291 allirmare
3605 2236 3812 2290 nullam

518 2328 833 2401 aOrigeuem
886 2329 1123 2386 edidisse
1167 2326 1448 2383 homiliam
1496 2334 1623 2381 ante
1660 2324 1837 2380 aetatis
1880 2340 1994 2381 sua:
2041 2340 2247 2380 annum
2298 2343 2385 2381 ωε.
2439 2328 2604 2397 Atqui
2631 2328 2683 2382 id
2716 2343 2824 2383 non
2854 2329 2986 2383 dicit
3016 2328 3304 2384 Eusebius.
3354 2328 3408 2383 Id
3450 2344 3619 2383 unum
3654 2328 3814 2392 dicit,

518 2420 832 2492 ‘Oiigenem
879 2429 1006 2477 ante
1037 2419 1214 2477 aetatis
1259 2434 1372 2476 suae
1405 2434 1608 2475 annum
1640 2417 2040 2489 sexagesimum
2089 2412 2198 2474 non
2235 2420 2553 2490 permisisse
2587 2428 2646 2475 ut
2673 2421 2969 2477 conciones
3003 2436 3141 2490 quas
3175 2421 3410 2477 habebat
3452 2421 3520 2476 ad
3552 2421 3816 2491 populum

522 2533 576 2570 .a
619 2514 844 2571 notariis
889 2515 1287 2584 exciperentur.
1322 2512 1474 2577 Esto,
1510 2527 1615 2567 non
1659 2511 1985 2582 permiserit.
2016 2508 2271 2581 Nunquid
2307 2528 2413 2567 non
2444 2520 2741 2582 potuerunt
2763 2514 2954 2567 saltem
3002 2513 3229 2583 aliquot,
3259 2512 3569 2583 cuiusmodi
3599 2520 3728 2568 sunt
3761 2513 3813 2566 in

522 2606 746 2663 laneam
776 2607 1170 2669 oratiunculae,
1220 2606 1340 2674 ipso
1373 2619 1479 2659 non
1530 2604 1905 2674 permittente,
1956 2612 2052 2658 aut
2098 2602 2292 2671 inscio,
2347 2604 2458 2658 imo
2488 2605 2652 2660 etiam
2691 2605 2897 2673 invito,
2934 2620 2964 2660 a
2997 2605 3224 2661 notariis
3253 2604 3512 2661 novitatis
3538 2603 3713 2659 avidis
3759 2614 3815 2661 et

520 2700 683 2756 ~lucri
727 2701 939 2772 cupidis
986 2699 1196 2769 excipi?
1234 2696 1373 2764 Quid
1404 2697 1586 2751 obstat
1620 2696 1915 2767 quominus
1950 2694 2001 2749 id
2036 2693 2165 2749 olim
2195 2703 2455 2766 expertus
2489 2696 2561 2754 sit
2592 2695 2878 2768 Origenes,
2907 2697 3053 2768 quod
3087 2712 3234 2753 nunc
3278 2699 3445 2753 etiam
3487 2697 3590 2753 sibi
3628 2696 3815 2752 invitis

531 2791 794 2847 accidere
841 2790 1081 2860 quotidie
1128 2798 1434 2860 queruntur
1480 2788 1819 2844 celeberrimi
1874 2786 2323 2855 eoucionatores,
2377 2804 2611 2858 quorum
2658 2803 2941 2845 sermones
2988 2790 3186 2845 notarii
3232 2790 3430 2846 occulti
3479 2788 3817 2858 surripiunt‘l

524 2902 566 2935 ιι
614 2884 742 2949 Sed,
774 2886 947 2956 inquit
976 2884 1387 2955 Larroquanus,
1423 2882 1692 2940 Eusebius
1716 2899 1824 2938 non
1849 2883 2158 2938 emissurus
2204 2881 2397 2938 fuisset
2425 2881 2675 2956 Origenis
2706 2900 2805 2956 pro
2833 2883 3130 2956 lguatianis
3160 2884 3813 2956 epistolis‘tcstimonium

516 2977 686 3048 aqnod
711 2985 889 3032 exstat
918 2976 1139 3030 homilia
1169 2984 1320 3031 sexta
1351 2974 1404 3028 in
1431 2973 1659 3038 Lucam.
1688 2973 1732 3030 si
1760 2988 1858 3044 pro
1885 2973 2121 3049 genuino
2147 2970 2398 3043 Origenis
2428 2974 2539 3029 fetu
2573 2976 2675 3030 hoc
2699 2975 3046 3030 homiliarum
3072 2990 3212 3046 opus
3239 2975 3538 3031 habuisset.
3577 2972 3641 3029 Si
3665 2974 3813 3029 enim

520 3066 753 3123 dacinirc
792 3065 1073 3139 Polycarpi
1105 3067 1350 3138 epistolae
1380 3081 1487 3122 non
1523 3067 1726 3123 oblitus
1757 3075 1861 3133 est,
1890 3081 1990 3122 nec
2027 3064 2218 3136 lgnatii
2246 3067 2529 3122 sententiae
2564 3068 2633 3122 ab
2660 3068 2863 3123 Irenaeo
2910 3077 3242 3136 memoratae,
3272 3083 3392 3133 cur,
3420 3083 3629 3138 quaeso,
3660 3081 3805 3138 pra:-

528 3163 863 3218 ‘termisisset
895 3163 1073 3218 locum
1103 3177 1169 3216 ex
1196 3160 1418 3215 homilia
1455 3169 1608 3215 sexta
1658 3158 1713 3214 in
1741 3157 1944 3215 Lucam
1990 3159 2395 3230 depromptum,
2425 3160 2516 3214 ubi
2553 3160 2810 3231 martyris
2852 3159 3047 3231 lgnatii
3093 3160 3320 3230 epistola
3351 3159 3645 3215 laudatur?
3688 3178 3707 3212 ι
3741 3159 3814 3217 At

516 3257 817 3311 .inlirmnm
858 3256 1037 3311 adhuc
1084 3256 1187 3311 hoc
1230 3264 1314 3310 est
1361 3252 1699 3324 Larroquani
1739 3263 2143 3324 argumentum.
2196 3251 2304 3307 Pro
2337 3253 2577 3323 genuino
2612 3254 2760 3308 enim
2787 3251 3038 3324 Origenis
3066 3267 3231 3323 opere.
3267 3253 3501 3307 habebat
3542 3251 3811 3307 Eusebius

516 3353 706 3409 "libros
737 3354 875 3422 Περὶ
923 3352 1146 3422 ἀρχῶν,
1182 3351 1273 3405 ubi
1305 3354 1408 3406 ista
1450 3348 1657 3404 Christi
1686 3349 1844 3403 verba
1884 3366 1896 3403 :
1936 3348 2046 3421 Ego
2081 3365 2183 3403 non
2214 3365 2331 3403 sum
2366 3346 2686 3403 dwmonium
2720 3348 3115 3417 incorporeum,
3174 3348 3414 3403 citantur
3455 3362 3521 3401 ex
3553 3345 3810 3400 Doctrina

536 3449 722 3515 Petri;
763 3460 1001 3505 attamen
1036 3464 1158 3502 cum
1193 3448 1382 3503 eadem
1418 3447 1471 3500 in
1506 3460 1614 3501 una
1650 3443 1841 3515 lgnatii
1866 3445 2094 3515 epistola
2128 3440 2492 3514 reperiantur.
2524 3443 2711 3500 mirari
2756 3459 2814 3499 se
2841 3443 2973 3499 dicit
3008 3441 3277 3499 Eusebius
3308 3442 3451 3497 unde
3474 3441 3576 3496 ista
3609 3443 3808 3511 depro-

518 3559 689 3598 cmere
727 3542 965 3613 potuerit
1012 3541 1272 3612 lgnatius.
1328 3538 1566 3594 Eusebio
1598 3537 1763 3609 igitur
1789 3538 1843 3592 in
1876 3539 2197 3592 memoriam
2228 3555 2334 3592 non
2380 3537 2588 3593 redibat
2610 3536 2858 3609 Origenis
2884 3537 3057 3602 locus,
3091 3552 3192 3592 nec
3221 3545 3501 3607 propterea
3524 3535 3650 3605 jure
3682 3537 3809 3606 quis

516 3639 607 3693 ab
633 3635 864 3706 Origene
910 3634 1076 3689 libros
1122 3632 1263 3702 Περὶ
1294 3629 1515 3702 ἀρχῶν,
1560 3639 1655 3685 aut
1693 3629 1949 3684 homilias
1979 3630 2032 3683 in
2065 3627 2267 3683 Lucam
2309 3629 2720 3699 ahjudicaverit.
2770 3629 2947 3686 ‘lnstat
2990 3627 3377 3698 Larroquanus
3408 3647 3421 3683 :
3458 3628 3697 3684 homiliae
3740 3630 3810 3686 39

516 3733 792 3802 scriptor,
833 3730 1085 3801 quisquis
1114 3727 1205 3795 sit,
1250 3726 1443 3784 Isaiam
1482 3736 1536 3781 et
1582 3724 1831 3781 Psalmos
1875 3724 2177 3779 litteraliter
2207 3740 2236 3779 a
2270 3724 2588 3781 Sadducazis
2624 3725 2931 3780 intellectos
2976 3724 3051 3778 ait
3087 3742 3099 3778 :
3138 3738 3263 3777 nam
3295 3738 3419 3778 cum
3464 3726 3712 3794 quaedam
3739 3740 3805 3781 ex

512 3839 769 3899 "utroque
809 3827 949 3883 libro
983 3825 1277 3891 attulisset,
1307 3839 1429 3894 qua:
1460 3821 1818 3893 spiritualiter
1852 3835 1974 3877 esse
2001 3820 2317 3890 accipienda
2354 3820 2563 3887 deﬁnit,
2605 3837 2723 3891 quae
2745 3822 2948 3886 omnia,
2975 3819 3176 3889 inquit,
3216 3820 3565 3889 corporaliter
3608 3820 3809 3875 intelli-

533 3923 771 3996 gentibus
804 3922 1138 3986 Sadducwis,
1164 3923 1275 3992 equi
1310 3929 1460 3975 erant
1490 3919 1663 3989 portio
1691 3915 2024 3985 Iudaeorum,
2057 3917 2189 3972 dicit
2232 3916 2483 3973 Salvator
2509 3935 2528 3973 :
2561 3918 2790 3973 Nescitis
2829 3916 3158 3988 Scripturas,
3193 3934 3354 3989 neque
3401 3919 3645 3974 virtutem
3686 3918 3804 3974 Dei.

520 4019 591 4075 Jd
618 4035 745 4075 vero
788 4035 821 4075 a
857 4019 1109 4090 genuinis
1135 4016 1386 4089 Origenis
1415 4013 1695 4087 opusculis
1722 4014 1962 4069 alienum
1990 4027 2113 4069 esse
2152 4022 2322 4085 patet,
2352 4030 2476 4068 cum
2504 4029 2533 4067 a
2563 4011 2880 4069 Saddueaais
2907 4028 3014 4068 non
3044 4013 3184 4068 alios
3215 4028 3376 4083 quam
3402 4011 3605 4084 Moysis
3636 4014 3807 4069 libros

503 4133 595 4185 ,εκ
636 4123 749 4170 ιοιο
780 4112 959 4170 Veteri
991 4113 1355 4169 lustrumento
1382 4111 1654 4168 admissos
1678 4118 1991 4167 constanter
2016 4110 2241 4165 scribat.
2285 4108 2440 4164 Solos
2485 4107 2648 4163 Mosis
2687 4108 2851 4161 libros
2889 4108 3148 4177 recipiunt
3179 4105 3466 4162 Samaritae
3508 4116 3557 4161 et
3597 4104 3808 4163 Saddu-

508 4207 662 4271 ητωὶ,
697 4206 905 4279 inquit,
950 4206 1091 4260 libro
1143 4205 1320 4276 primo
1365 4214 1549 4259 contra
1582 4202 1816 4270 Celsum,
1853 4218 2006 4257 num.
2039 4201 2130 4280 49,
2164 4210 2218 4255 et
2261 4208 2476 4255 tractat.
2522 4199 2594 4254 22
2641 4199 2693 4254 in
2746 4196 3054 4254 Matthmum
3106 4217 3120 4255 :
3170 4197 3456 4254 Sadducwi
3497 4198 3804 4271 Scripturas

438 4343 445 4350 .
497 4298 668 4368 valias
697 4306 849 4351 extra
872 4297 1036 4349 libros
1073 4296 1334 4350 Mosaicos
1358 4313 1460 4349 non
1485 4296 1745 4366 legebant,
1778 4312 1868 4349 nec
1894 4296 2037 4364 ipsos
2061 4293 2284 4364 legentes
2309 4292 2686 4363 intelligebant.
2736 4289 2814 4346 lla
2848 4301 3005 4347 vetus
3032 4293 3299 4362 interpres
3328 4291 3580 4349 Latinus.
3615 4293 3801 4351 Grznca

499 4387 689 4448 ,aliter
719 4402 778 4441 se
811 4386 1016 4441 habent
1048 4406 1061 4441 :
1102 4385 1388 4441 Sadduca'i
1435 4388 1600 4440 aliant
1650 4386 1986 4455 Scripturam
2018 4402 2051 4439 a
2088 4385 2247 4454 legali
2290 4402 2391 4437 non
2424 4385 2748 4450 admittunt;
2786 4394 2840 4440 et
2879 4386 3066 4455 paucis
3107 4385 3404 4455 interjeetis
3456 4403 3470 4441 :
3517 4384 3802 4443 Sadducci

531 4478 840 4548 Scripturas
868 4493 985 4549 qua
1015 4477 1179 4549 legem
1205 4485 1514 4547 sequuntur,
1546 4493 1649 4530 non
1677 4477 1989 4530 admittunt.
2032 4476 2088 4530 Si
2124 4490 2250 4531 vere
2294 4474 2556 4546 Origenes
2587 4485 2732 4531 esset
2763 4477 2856 4547 qui
2893 4480 2947 4531 in
2992 4477 3452 4549 Luca‘m‘scripsit
3482 4479 3549 4534 de
3583 4478 3800 4536 Saddu-

502 4558 679 4639 'cmis,
722 4590 831 4630 non
864 4575 1019 4632 aliter
1067 4575 1309 4630 locutum
1350 4589 1471 4629 esse
1497 4589 1596 4643 par
1627 4583 1711 4629 est
1741 4573 1984 4629 credere.
2020 4573 2194 4628 Aliter
2228 4581 2409 4627 tamen
2456 4572 2700 4643 loquitur
2746 4573 2981 4645 scriptor
3031 4574 3270 4630 homiliae
3308 4574 3399 4632 59.
3435 4573 3576 4647 Ergo
3609 4575 3801 4631 saltem

516 4664 646 4721 lucc
678 4663 923 4723 humilia.
949 4663 1019 4719 ab
1065 4660 1467 4733 ipsoOrigenis
1515 4663 1706 4731 genio,
1738 4678 1922 4728 more,
1958 4677 2022 4718 ac
2056 4678 2219 4718 sensu
2253 4663 2429 4717 aliena
2457 4670 2575 4729 est,
2626 4672 2681 4717 et
2729 4664 2958 4734 proinde
3012 4681 3112 4736 pro
3160 4669 3345 4737 spuria
3376 4667 3561 4723 haberi
3614 4668 3799 4733 debet,

520 4757 839 4828 Respondet
880 4756 1203 4813 Pearsonius
1237 4756 1557 4825 scriptorem
1590 4754 1827 4810 homiliaa
1866 4755 1935 4810 59
1968 4754 2020 4808 in
2051 4753 2253 4809 Lucam
2290 4768 2399 4808 non
2433 4752 2702 4809 allirmare
2738 4755 3066 4811 Sadduemos
3097 4760 3393 4828 prophetas
3438 4761 3491 4815 in
3534 4775 3798 4816 canonem

529 4853 936 4923 Scripturarum
968 4851 1258 4921 recepisse.
1294 4849 1406 4905 lloe
1428 4859 1644 4904 tantum
1680 4849 1835 4914 dicit,
1866 4848 2199 4904 Sadduczeos
2234 4846 2376 4903 male
2412 4847 2746 4905 intellexisse
2789 4850 3101 4920 prophetas.
3143 4849 3443 4908 Potuerunt
3472 4863 3675 4918 autem,
3719 4854 3799 4907 in-

498 4951 667 5020 quit,
699 4958 753 5005 et
784 4947 1105 5020 intelligere,
1144 4957 1198 5003 et
1238 4946 1404 5001 etiam
1450 4945 1611 5013 male,
1644 4961 1708 5001 ea
1737 4961 1859 5016 quae
1891 4960 1988 5015 pro
2017 4941 2320 5013 Scripturis
2370 4943 2544 4998 sacris
2578 4960 2688 4999 non
2725 4944 2983 5000 habuere.
3020 4941 3137 4999 Non
3183 4946 3542 5002 admittebant
3573 4945 3797 5016 quidem

482 5038 811 5125 LSadducaei
849 5054 1035 5096 sacras
1067 5028 1380 5108 Scriptores
1406 5038 1560 5093 extra
1592 5037 1762 5091 libros
1808 5034 2102 5102 Mosaicos,
2138 5035 2380 5101 scilicet,
2427 5033 2606 5105 inquit
2640 5035 2969 5092 Pearsonius
2990 5077 3009 5103 ,
3050 5036 3104 5090 in
3141 5038 3515 5091 controversiis
3546 5038 3673 5106 ﬁdei
3702 5036 3798 5093 de-

501 5132 873 5208 gterminandis
905 5148 924 5185 :
954 5145 1116 5202 atque
1143 5132 1247 5186 hoc
1276 5145 1436 5185 suum
1471 5128 1743 5208 glossema
1777 5128 2132 5184 rabbinorum
2163 5127 2487 5183 auctoritate
2520 5137 2704 5183 tuetur
2743 5146 2756 5183 :
2795 5128 2942 5198 quod
2977 5128 3192 5183 abunde
3222 5128 3439 5185 suilicit.

905 5179 918 5185 -
954 5179 1116 5202 _--,_-
1145 5179 1246 5186 ..η
1277 5179 1435 5185 ην---
1472 5179 1743 5208 υπηντ---
1779 5179 2024 5184 ,ηνημ
2087 5179 2113 5180 η
2523 5179 2694 5183 -_--__
2744 5179 2755 5183 -
2981 5179 3189 5183 η---η
3223 5179 3438 5185 ---πνη

593 5225 898 5294 Antequam
936 5224 1062 5280 huic
1096 5222 1523 5295 praefatiuncuhe
1555 5222 1679 5279 linis
1731 5224 2078 5293 imponatur,
2129 5220 2291 5290 just-.e
2325 5220 2661 5277 delensionis
2716 5221 2855 5276 ratio
2896 5223 3009 5292 jam
3046 5237 3077 5276 a
3130 5237 3215 5276 me
3263 5222 3538 5291 postulat,
3579 5232 3637 5279 ut
3671 5238 3793 5279 eam
3844 5214 3849 5221 ’

516 5321 779 5392 repellam
827 5320 1265 5376 criminationem
1316 5334 1424 5390 qua
1475 5319 1528 5373 iu
1580 5335 1666 5373 me
1715 5335 1848 5374 usus
1879 5326 1960 5373 est
1990 5316 2248 5371 dominus
2280 5315 2505 5371 Alexius
2556 5316 2866 5372 Desessarts
2904 5320 2958 5372 iu
3006 5317 3188 5372 libello
3217 5315 3422 5372 Gallice
3466 5318 3672 5387 scripto
3702 5317 3790 5372 cui

525 5412 739 5467 titulum
770 5408 897 5468 fecit.
925 5430 938 5465 :
976 5396 1194 5480 Defense
1226 5411 1297 5465 du
1323 5410 1599 5466 sentiment
1628 5409 1718 5464 des
1746 5410 1915 5465 saints
1944 5408 2096 5462 Peras
2123 5416 2172 5461 et
2200 5407 2289 5460 des
2316 5406 2558 5462 docteurs
2586 5409 2914 5480 catltoliques
2945 5414 3039 5464 sur
3062 5410 3109 5464 le
3133 5420 3311 5463 retottr
3340 5410 3491 5479 fatur
3515 5409 3713 5476 d‘Elie,
3741 5420 3793 5463 et

520 5522 615 5560 sur
641 5504 694 5558 la
734 5504 983 5561 eéritable
1025 5504 1348 5575 intelligence
1398 5504 1489 5558 des
1533 5490 1824 5567 Ecl-ituras,
1868 5501 1958 5555 ubi
2008 5515 2130 5571 pag.
2171 5501 2274 5557 158
2301 5512 2355 5557 et
2380 5519 2535 5573 seqq.
2575 5502 2689 5557 lucc
2720 5504 2976 5573 leguntur
3012 5500 3325 5557 :L‘éditenr
3356 5503 3420 5555 de
3458 5502 3513 5556 la
3553 5502 3791 5557 derniere

492 5587 721 5663 edition
755 5600 844 5651 des
875 5598 1107 5653 (Ettvres
1133 5584 1416 5668 d'Origéne
1451 5614 1483 5651 a
1507 5581 1606 5650 mis
1633 5597 1665 5649 ὰ
1690 5597 1745 5649 lu
1784 5596 1884 5648 tete
1909 5596 1983 5646 du
2010 5597 2199 5649 second
2229 5599 2431 5650 volume
2459 5613 2560 5650 une
2588 5597 2797 5666 préface
2826 5596 2893 5648 ot‘t
2929 5596 2971 5649 il
2993 5596 3234 5667 expiiqu‘e
3264 5597 3319 5651 lu
3343 5598 3583 5651 méthode
3605 5597 3793 5653 d'Ori-

520 5694 646 5766 gene
682 5710 817 5765 pottr
838 5694 1147 5763 interpreter
1172 5692 1481 5749 l‘Ecriture.
1516 5694 1568 5749 Il
1601 5711 1653 5748 se
1677 5694 1776 5762 [ait
1820 5693 2002 5762 gloire.
2029 5693 2191 5759 dit-il,
2224 5696 2289 5750 de
2318 5695 2499 5763 ropier
2536 5709 2591 5746 ce
2622 5709 2721 5763 que
2747 5692 2977 5746 l’auteur
2997 5693 3066 5745 du
3082 5692 3210 5745 Sena
3251 5694 3454 5747 littéral
3483 5704 3530 5747 et
3565 5693 3634 5746 du
3669 5709 3791 5747 nens

522 5786 779 5858 mystique
804 5786 895 5841 de:
924 5788 1120 5843 saintes
1144 5786 1440 5859 Ecritures,
1475 5790 1615 5844 selon
1645 5788 1696 5843 lu
1728 5788 1963 5858 docti-ine
1993 5789 2081 5844 (les
2111 5789 2287 5866 Pares,
2321 5812 2354 5851 α
2387 5790 2464 5845 dit
2490 5804 2581 5842 sur
2604 5806 2659 5842 ce
2684 5788 2839 5856 sujet,
2873 5789 3003 5841 «tam
3036 5787 3083 5841 le
3112 5790 3300 5841 second
3338 5789 3573 5857 chapitre
3605 5787 3668 5841 de
3693 5802 3792 5844 sou
