4236 6282
551 327 623 386 is
1766 331 2135 388 pnasrs'rto
2178 288 2283 387 soi
2315 332 2476 388 TUM.
2530 334 2621 395 tu.
3760 338 3830 394 ιδ

1362 476 1603 534 NMINI
1641 476 1899 535 CA‘ROLI
1935 478 2270 537 DELABUE
2309 477 2489 535 νιτΑς
2532 477 3007 536 COMPENDIUM.

509 628 521 669 l
618 618 864 675 Corbeite
894 617 1036 692 apud
1067 619 1369 676 Ambianos
1391 636 1439 675 tv
1470 618 1588 677 Kal.
1630 621 1767 692 Aug.
1798 637 1890 678 an.
1925 621 2066 677 1685
2090 632 2251 678 natus
2280 620 2342 677 D.
2374 622 2607 678 Carolus
2641 621 2887 685 Delarue,
2913 621 3102 679 Meldis
3128 623 3445 680 adolescens
3493 622 3550 679 S.
3595 622 3824 682 Faronis

546 710 602 768 in
636 716 889 772 etetlobio
926 717 1193 773 solemnia
1234 716 1513 788 religionis
1559 726 1684 773 vota
1721 717 1833 774 Deo
1878 721 2215 789 nuncupavit
2265 735 2319 773 ιιι
2356 717 2475 772 Kal.
2524 718 2651 774 Dee.
2687 735 2777 773 an.
2825 719 2985 773 1705.
3017 718 3145 774 lude
3189 719 3493 792 theologia,
3542 704 3823 776 Hebraicis

545 804 862 877 Graecisque
906 807 1102 864 litteris
1152 809 1462 865 institutum
1508 807 1569 865 ι).
1606 809 1921 867 Bernardus
1967 810 2035 867 de
2079 810 2427 867 Moutfaucon
2466 811 2550 865 vir
2579 811 2727 866 omni
2769 811 3093 867 eruditionis
3125 811 3284 867 laude
3329 812 3669 868 clarissimus
3716 810 3820 866 sub

544 895 708 952 linem
739 913 829 953 an.
865 897 1003 953 1ῗ12
1029 899 1356 970 discipulum
1386 898 1488 955 sibi
1512 897 1746 955 accivit.

615 991 866 1064 Origenis
897 992 1141 1064 Hexapla
1179 994 1379 1064 publici
1404 993 1550 1064 juris
1596 994 1829 1050 faciebat
1857 994 1922 1051 D.
1976 994 2287 1053 Bernardus
2331 996 2399 1051 de
2437 994 2787 1052 Montfaucon
2810 1037 2826 1061 ,
2869 997 3112 1068 illudque
3146 997 3261 1053 fore
3298 998 3557 1054 censebat
3590 999 3820 1053 utilissio

543 1104 694 1143 mum
736 1090 780 1144 si
811 1089 1018 1161 reliqua
1056 1090 1188 1144 tanti
1218 1089 1503 1160 scriptoris
1537 1104 1724 1161 Opera,
1755 1099 1867 1144 tam
1898 1091 1986 1146 illa
2019 1107 2253 1164 quorum
2287 1091 2479 1147 Latina
2508 1100 2718 1147 tantum
2761 1101 3012 1162 superest
3047 1093 3438 1163 interpretatio,
3478 1109 3643 1162 quam
3698 1110 3821 1164 qua:

542 1179 729 1238 Graeca
760 1184 826 1237 ad
856 1199 955 1239 nos
978 1194 1369 1252 pervenerunt,
1418 1183 1485 1239 ad
1526 1192 1770 1240 veterum
1810 1186 2312 1257 manuscriptorum
2347 1185 2508 1241 fidem
2545 1197 2952 1250 revocarentur,
2981 1186 3035 1239 in
3078 1201 3359 1255 unumque
3403 1201 3603 1256 corpus
3632 1187 3817 1241 omnis

541 1276 894 1332 convenirent
927 1295 940 1330 :
983 1278 1130 1348 quod
1176 1293 1277 1334 nec
1321 1277 1527 1334 factum
1576 1281 1646 1335 ab
1671 1279 1883 1336 'Huetio
1916 1281 2010 1352 qui
2046 1281 2258 1348 Grieca,
2307 1297 2407 1336 nec
2436 1297 2466 1335 a
2517 1279 2748 1337 Met-lino
2776 1280 3234 1352 Genebrardoqne
3272 1282 3364 1351 qui
3399 1282 3612 1345 Latina,
3642 1293 3818 1351 eaque

541 1373 754 1428 mendis
781 1373 982 1443 ubique
1010 1374 1272 1430 sententia
1302 1375 1606 1431 ediderant.
1661 1376 1762 1432 Ast
1800 1376 1951 1445 aliis,
2003 1392 2104 1432 nec
2138 1375 2367 1432 minoris
2394 1376 2660 1431 momenti
2697 1386 2829 1431 tunc
2863 1373 3098 1446 negotiis
3131 1375 3424 1446 impeditus
3460 1375 3817 1431 doctissimus

539 1467 643 1533 vir,
668 1470 1009 1538 provinciam
1046 1471 1190 1527 hanc
1219 1470 1492 1542 discipulo
1523 1471 1840 1527 demandat.

609 1564 849 1621 Publica:
895 1566 1147 1623 utilitatis
1192 1567 1581 1636 promovenda:
1626 1566 1829 1637 cupido
1860 1568 2049 1624 animo
2083 1568 2314 1624 arduum
2347 1582 2488 1638 opus
2527 1565 2840 1636 aggreditur
2884 1563 2950 1620 ι).
3002 1563 3234 1620 Carolus
3262 1564 3513 1631 Delarne,
3559 1581 3661 1622 nec
3691 1580 3813 1636 qua!

540 1658 705 1729 vulgo
738 1667 1043 1727 sequuntur
1075 1655 1296 1712 fastidia
1325 1656 1617 1711 deterrent.
1653 1655 1745 1712 Sic
1775 1665 1922 1712 totus
1949 1658 2197 1713 incubuit
2226 1658 2279 1711 in
2306 1657 2617 1727 Origenem,
2654 1667 2712 1710 ut
2740 1670 2886 1711 anno
2918 1655 3057 1710 1725
3084 1657 3195 1710 duo
3216 1654 3451 1726 Operum
3484 1657 3604 1725 ejus
3633 1659 3812 1727 priora

538 1752 821 1806 volumina
873 1749 1013 1822 typis
1058 1748 1420 1813 mandaverit,
1455 1762 1579 1818 quae
1602 1747 1898 1817 plaudente
1923 1748 2057 1803 orbe
2088 1747 2353 1803 litterario
2380 1748 2432 1801 in
2465 1747 2643 1803 lucem
2678 1747 2998 1818 prodierunt
3028 1762 3191 1803 anno
3223 1748 3443 1804 ineunte
3476 1749 3635 1808 1753.
3669 1749 3813 1807 lnter

537 1855 766 1901 czeteros
810 1843 1124 1899 laudatores
1165 1844 1247 1900 sic
1273 1843 1342 1898 de
1374 1843 1480 1899 illis
1523 1840 1865 1900 celeberrimi
1897 1823 2210 1900 societatis’ll

2135 1823 2941 1901 islsol'lidhiw'decwresaim
2954 1843 3117 1913 epist.
3145 1845 3213 1898 ad
3252 1843 3369 1899 na.
3400 1843 3505 1898 re.
3537 1846 3808 1916 superior.

530 1956 726 2010 gener.
757 1940 930 2012 prior.
963 1950 1019 1995 et
1063 1940 1318 1995 monach.
1349 1939 1410 1993 S.
1442 1938 1700 1994 Germani
1741 1953 1772 1992 a
1803 1936 2002 2004 Pratis,
2028 1940 2202 2009 impre

2136 1954 2281 1994 cess.
2318 1954 2411 1993 an.
2453 1938 2611 2002 1753,
2643 1936 2869 2009 ριιεῖῖθ
2899 1930 3682 2009 εθΝωιἻιεθιιιψίιιιῖιεριωεει,
3722 1939 3809 1994 im

536 2034 754 2100 quiunt,
784 2044 1021 2088 nostram
1043 2033 1549 2086 animadversionem
1570 2034 1703 2102 feret
1728 2033 2121 2089 eruditissimus
2138 2033 2355 2101 Ruaaus,
2391 2042 2569 2103 utpote
2594 2035 2685 2105 qui
2709 2050 2812 2087 non
2833 2034 2902 2087 sit
2927 2043 2985 2087 ut
3009 2033 3142 2088 levia
3165 2033 3263 2088 illa
3279 2033 3512 2104 ingenia,
3542 2051 3659 2106 qute
3685 2036 3812 2105 quia

532 2126 670 2181 nihil
704 2127 930 2192 habent,
974 2126 1108 2179 niltil
1161 2126 1265 2180 sibi
1317 2126 1592 2180 detrahere
1630 2135 1875 2194 possunt.
1915 2130 2177 2182 Accurate
2211 2129 2362 2195 edit,
2414 2138 2663 2183 accurate
2701 2137 2847 2182 notat
2889 2129 3027 2199 quod
3084 2131 3375 2184 natandum
3423 2141 3544 2196 est;
3577 2147 3809 2202 novaque

527 2216 780 2289 Drigenis
826 2217 995 2272 editio
1033 2232 1221 2288 magno
1251 2232 1454 2287 semper
1492 2218 1593 2271 erit
1632 2226 1944 2289 argumento
2004 2217 2179 2289 ipsum
2232 2235 2262 2272 e
2320 2221 2627 2290 promiscua
2677 2222 3106 2293 quotidianarum
3147 2222 3410 2278 editorum
3455 2225 3610 2279 turba
3641 2241 3809 2280 secer-

538 2314 763 2369 nendum
777 2355 790 2367 .

608 2404 803 2477 Operis
825 2420 1051 2461 summo
1072 2403 1323 2476 pontiﬁci
1347 2402 1614 2459 Clementi
1647 2402 1741 2457 XII
1769 2403 2005 2460 dedicati
2034 2405 2435 2474 nuncupatoria
2474 2407 2705 2477 epistola
2749 2408 3098 2465 sanctissimo
3130 2409 3276 2466 Patri
3312 2411 3448 2466 adeo
3482 2413 3703 2482 placuit,
3748 2421 3818 2473 ut

533 2501 654 2569 ejus
688 2498 1029 2554 bibliotheca:
1053 2512 1265 2568 praises
1305 2497 1714 2552 illustrissimus
1756 2494 1820 2550 D.
1853 2494 2259 2566 d’lngbembert
2289 2506 2419 2552 tunc
2444 2497 2767 2553 Theodosia:
2805 2501 3278 2572 archiepiscopus,
3315 2504 3476 2560 hodie
3512 2508 3805 2578 episcopus

532 2591 1100 2662 Carpentoractensis,
1125 2593 1202 2646 ita
1230 2590 1409 2644 amico
1436 2588 1781 2656 rescripserit
1810 2585 2020 2643 auctori
2055 2605 2069 2642 :
2105 2585 2231 2641 Han
2279 2589 2654 2644 tres-reverend
2688 2589 2841 2657 Pére,
2886 2591 3027 2660 j'eus
3055 2594 3335 2650 l‘honueur
3376 2596 3440 2651 de
3472 2597 3569 2652 (ire
3591 2601 3625 2653 ὰ
3655 2612 3805 2655 uotre

531 2687 690 2740 Saint
722 2684 855 2740 Pére
883 2687 940 2740 ile
963 2685 1109 2754 Pape
1141 2693 1283 2738 volve
1307 2683 1473 2754 épitre
1509 2684 1858 2749 dédicatoire,
1893 2683 1986 2739 des
2024 2702 2124 2757 que
2149 2685 2209 2755 je
2241 2684 2370 2738 l‘eus
2401 2699 2569 2747 recite.
2617 2682 2692 2738 Sa
2722 2683 2959 2739 Saiutcté
3000 2703 3062 2741 en
3101 2690 3333 2743 entendit
3366 2690 3420 2744 la
3450 2690 3647 2746 lecture
3683 2709 3806 2747 avet:

529 2794 634 2832 une
676 2777 937 2831 attention
968 2786 1019 2832 et
1052 2793 1152 2831 une
1175 2777 1509 2848 satisfaction
1534 2793 1631 2848 que
1660 2776 1721 2847 je
1749 2784 1825 2831 Sne
1877 2777 2088 2831 saurois
2128 2792 2253 2831 caus
2269 2777 2529 2844 exprimer
2559 2791 2578 2830 :
2607 2784 2659 2829 et
2696 2792 2759 2830 en
2806 2779 2967 2831 vérité
2992 2778 3050 2847 je
3086 2795 3149 2833 ne
3195 2781 3349 2834 sache
3393 2799 3489 2852 pas
3529 2784 3606 2837 lui
3656 2787 3808 2840 ovoir

511 2870 727 2943 jamais
758 2872 871 2926 rien
902 2871 979 2936 lu,
1022 2871 1204 2942 depuis
1244 2888 1342 2943 que
1371 2871 1473 2941 j’ui
1503 2872 1550 2925 le
1579 2870 1810 2926 bonlteur
1835 2870 1998 2926 d'ltre
2026 2872 2060 2926 ὰ
2093 2886 2188 2926 son
2222 2870 2437 2936 service,
2464 2869 2555 2940 qui
2592 2868 2672 2922 lui
2707 2870 2785 2923 ait
2816 2872 2907 2939 plu
2935 2871 3246 2943 davantage.
3298 2871 3435 2927 Vous
3454 2890 3648 2944 pouvez
3669 2879 3805 2932 done

531 2962 808 3030 impriiner
834 2971 966 3016 cette
990 2961 1157 3032 epitre
1184 2964 1509 3019 dedicatoire
1526 2963 1873 3033 prdcisément
1896 2978 2095 3017 comme
2137 2976 2265 3016 eous
2312 2977 2393 3016 me
2430 2961 2594 3015 l’avez
2621 2964 2861 3031 envoyée.
2901 2960 3071 3018 Notre
3103 2961 3162 3018 S.
3196 2962 3329 3019 Pete
3364 2964 3413 3019 le
3441 2964 3605 3036 Pape,
3636 2977 3684 3021 et
3718 2966 3801 3029 ιι,

530 3056 581 3107 te
612 3048 861 3110 cardinal
888 3054 1123 3122 Quirini,
1163 3058 1196 3110 ὰ
1233 3057 1323 3128 qui
1349 3056 1408 3127 je
1449 3056 1545 3111 l‘ai
1584 3058 1732 3111 aussi
1758 3055 2177 3126 commnniquée,
2204 3054 2392 3126 jugent
2429 3070 2526 3126 que
2564 3070 2689 3109 vous
2726 3071 2791 3109 ne
2829 3070 3023 3125 pouvez
3055 3073 3088 3126 ν
3128 3058 3342 3111 toucher
3382 3075 3507 3112 sans
3541 3062 3595 3112 la
3633 3060 3805 3129 σόων.»

526 3150 643 3205 .f‘ai
683 3148 962 3204 l‘honncur
1005 3149 1167 3204 d‘étre
1190 3165 1323 3204 tavec
1358 3149 1633 3219 ‘bcauconp
1669 3150 1733 3205 de
1765 3148 2181 3214 consideration,
2220 3164 2342 3202 mon
2393 3145 2779 3201 trés-révérend
2806 3144 2960 3213 Pera,
2985 3154 3086 3201 etc.
3144 3148 3190 3200 Δ
3225 3135 3425 3217 Rome,
3470 3149 3519 3204 le
3563 3149 3629 3205 19
3684 3147 3800 3203 Νο-

527 3246 734 3302 vembre
762 3244 919 3301 1752.

601 3335 785 3394 Priori
819 3337 1069 3411 Origenis
1102 3338 1377 3395 volumine
1404 3345 1646 3409 recepto,
1670 3354 1924 3397 summus
1955 3338 2199 3410 pontifex
2227 3353 2545 3410 expressam
2575 3337 2662 3394 sui
2694 3335 2878 3393 vultus
2910 3336 3207 3408 imaginem
3257 3337 3310 3390 in
3357 3335 3576 3392 duobus
3606 3337 3789 3392 numi-

530 3431 801 3486 smatibus
838 3446 902 3486 ex
937 3445 1072 3485 auro
1102 3441 1155 3486 et
1186 3441 1411 3502 argento
1443 3429 2092 3502 (honoriﬁcentissimam
2131 3431 2322 3500 gratiae
2347 3439 2402 3486 et
2432 3429 2823 3485 benevolentiae
2856 3428 3076 3499 pignus)
3104 3428 3171 3482 ad
3200 3439 3477 3484 auctorem
3510 3428 3681 3494 misit,
3708 3431 3798 3486 cui

524 3525 675 3581 hanc
702 3524 864 3579 simul
909 3525 1196 3595 epistolam
1234 3525 1578 3582 Sanctissimi
1615 3524 1790 3582 Patris
1835 3527 2058 3584 nomine
2103 3526 2322 3596 scripsit
2358 3525 2827 3581 eritinentissimus
2871 3523 3168 3580 cardinalis
3206 3522 3401 3580 Firrao
3445 3543 3461 3580 :
3500 3526 3801 3580 Admodum

528 3620 803 3673 reverende
848 3616 1028 3674 Pater.
1080 3618 1320 3674 Primum
1369 3618 1680 3690 Origeniani
1723 3620 1897 3691 operis
1929 3619 2171 3675 volumen
2198 3636 2231 3672 a
2264 3617 2594 3673 Paternitate
2622 3627 2715 3670 tua
2740 3618 2964 3671 nitidius
2999 3633 3063 3672 ac
3094 3617 3400 3687 diligentius
3430 3633 3588 3687 quant
3621 3627 3801 3683 antea,

516 3714 797 3786 «tmt'ltaqae
815 3713 1087 3784 perfusum
1100 3714 1421 3769 eruditionis
1451 3714 1568 3769 luce
1600 3715 1902 3784 posteritati
1934 3715 2191 3768 traditum
2208 3710 2310 3767 SS.
2346 3712 2503 3766 Pater
2531 3721 2622 3765 tuo
2646 3711 2855 3766 nomine
2882 3709 2984 3764 sibi
3016 3719 3449 3779 reprwsentatum
3482 3708 3607 3763 leta
3627 3713 3801 3778 fronte

528 3814 730 3880 accepit
779 3823 830 3868 et
879 3821 1091 3883 gratum
1134 3809 1357 3880 habuit;
1398 3821 1549 3867 ratus
1594 3813 1649 3866 in
1686 3812 1784 3868 hoc
1817 3810 2276 3882 ingeniosissinw,
2314 3808 2404 3862 sed
2457 3806 2702 3877 ambiguo
2744 3815 2962 3860 auctore
2999 3807 3429 3876 interpretando,
3463 3806 3722 3859 neminem
3752 3814 3800 3857 te

522 3903 691 3958 latere
721 3905 947 3960 voluisse
968 3906 1146 3973 illum,
1194 3906 1488 3978 ubicunque
1510 3910 1789 3974 erraverit,
1821 3923 1938 3973 suo,
1972 3923 2077 3961 non
2112 3906 2389 3960 catholica:
2419 3903 2691 3973 religionis
2723 3903 2919 3957 damno
2946 3917 3189 3966 errasse;
3227 3903 3362 3956 nihil
3401 3902 3559 3957 simul
3594 3901 3649 3954 in
3683 3900 3799 3969 ejus

523 3999 865 4053 enucleandis
904 4001 1173 4054 sententiis
1200 4002 1294 4054 tibi
1320 4002 1583 4055 excidisse
1604 4003 1746 4072 quod
1773 4001 2102 4055 sanctissimi
2140 3998 2376 4053 instituti
2410 3996 2567 4050 vestri
2601 3994 2879 4050 alumnum
2930 4011 3163 4066 veraeque
3191 3996 3319 4063 ﬁdei
3351 4004 3661 4048 sectatorem
3696 4010 3799 4047 non

507 4092 726 4144 deceat.
764 4089 1027 4156 Quocirca
1054 4093 1248 4146 donum
1277 4103 1424 4147 torum
1457 4094 1513 4147 in
1539 4092 1874 4164 amplissima
1903 4090 2352 4160 selectissimaque
2383 4086 2696 4142 bibliotheca
2743 4102 2842 4142 sua
2878 4087 3049 4141 locari
3096 4087 3282 4153 voluit,
3315 4087 3546 4158 obsequii
3587 4101 3711 4157 erga
3739 4101 3800 4141 se

515 4182 609 4237 ‘tui
667 4183 1078 4250 documentum,
1127 4201 1231 4256 quo
1275 4186 1552 4256 ponti/icio
1608 4185 1963 4242 benevolentia
1993 4224 2010 4249 ,
2040 4185 2089 4239 si
2141 4201 2203 4239 ea
2246 4183 2342 4238 tibi
2386 4183 2455 4236 sit
2506 4198 2672 4252 opus,
2709 4179 3005 4246 excitetur;
3043 4191 3093 4235 et
3126 4182 3353 4236 excitari
3376 4179 3672 4248 jucundum
3714 4180 3798 4235 illi

523 4275 745 4328 accidet.
778 4276 907 4331 litec
932 4294 1014 4331 me
1057 4278 1161 4330 tuis
1186 4277 1391 4331 litteris
1429 4280 1614 4332 addita
1645 4290 1870 4347 paterna
1897 4279 2251 4332 benedictione
2294 4277 2604 4346 respondere
2628 4274 2817 4344 jussit.
2860 4272 3029 4328 Velim
3056 4290 3172 4343 ego,
3209 4284 3265 4326 ut
3299 4290 3400 4343 quo
3436 4273 3563 4328 mihi
3594 4277 3699 4328 sint
3738 4276 3794 4329 in

514 4368 715 4421 ’honore
747 4369 837 4438 qui
861 4369 1023 4422 bonas
1058 4367 1240 4422 sedulo
1265 4368 1442 4421 studio
1467 4367 1678 4421 litteras
1701 4376 2085 4437 persequuntur
2114 4367 2323 4432 (horum
2363 4376 2537 4418 autem
2576 4381 2737 4419 unum
2770 4377 2820 4422 te
2846 4381 2962 4421 esse
2987 4364 3286 4436 gratulor),
3327 4376 3568 4434 expertus
3590 4365 3792 4423 discas.

514 4459 702 4519 dicina:
724 4478 799 4518 xu
829 4460 956 4517 Kal.
983 4459 1118 4517 Nov.
1152 4461 1308 4516 1753.
1338 4457 1600 4514 Paternit.
1632 4470 1740 4515 tua:
1760 4460 1832 4515 ad
1858 4458 2042 4529 ofﬁcia
2068 4468 2313 4527 paratus,
2344 4466 2446 4512 etc.
2612 4526 2618 4531 ν

586 4556 872 4614 Postrema
896 4558 1007 4614 duo
1031 4556 1283 4629 Origenis
1307 4555 1583 4611 volumina
1603 4553 1828 4625 jamjam
1856 4554 2078 4609 ineunte
2094 4567 2243 4608 anno
2268 4554 2405 4608 1756
2426 4565 2544 4610 erat
2575 4551 2740 4623 prazlo
2768 4551 3164 4607 commissurus
3197 4551 3257 4607 υ.
3285 4551 3517 4609 Carolus
3538 4550 3792 4622 Delarue,

511 4648 577 4700 ni
602 4646 665 4702 θ.
701 4646 967 4705 Vincentii
1000 4646 1266 4704 Thuillier
1291 4648 1514 4720 quicum
1548 4648 1619 4702 ab
1648 4646 1881 4701 solemni
1928 4653 2182 4700 votorum
2232 4647 2640 4714 nuncupatione
2674 4642 3008 4699 amicissime
3055 4660 3269 4714 semper
3296 4646 3525 4712 vixerat,
3570 4649 3789 4720 inopina

519 4752 696 4797 morte
714 4741 1060 4798 tuncifuisset
1079 4758 1108 4797 a
1126 4743 1410 4813 proposito
1435 4742 1748 4797 deterritus.
1772 4739 1948 4796 Amici
1972 4741 2116 4795 enim
2143 4740 2415 4796 desiderio
2441 4755 2700 4806 intercus,
2729 4749 2836 4794 tam
2866 4739 3222 4796 acerbissimo
3242 4744 3702 4815 contabuitluctu,
3732 4758 3795 4802 ut

522 4835 766 4891 thoracis
790 4835 1144 4892 distillatione
1178 4851 1318 4906 pene
1344 4836 1460 4906 ipse
1481 4833 1853 4897 exanimatus,
1874 4848 1938 4888 ea
1972 4833 2089 4904 lege
2120 4831 2293 4887 fatum
2319 4833 2575 4905 eﬂ‘ugisse
2601 4833 2899 4897 videretur,
2929 4842 2989 4887 ut
3014 4834 3186 4889 vitam
3208 4850 3331 4889 cum
3362 4837 3623 4907 languore
3668 4857 3792 4910 per-

519 4936 687 4998 petuo
712 4935 1094 4984 commutaret.
1140 4928 1294 4996 Quod
1336 4938 1519 4984 tamen
1550 4928 1891 4984 imminentis
1913 4927 2101 4983 obitus
2136 4927 2503 4999 pramuntium
2528 4927 2813 4997 judicatus,
2838 4936 3045 4999 quanto
3070 4930 3244 5000 magis
3280 4929 3510 5002 languor
3541 4935 3791 5002 ingrave-

518 5024 726 5091 scebat,
752 5033 905 5079 tanto
936 5024 1110 5096 magis
1133 5040 1195 5079 ea
1218 5039 1342 5095 quae
1360 5022 2026 5094 co‘neeperattfoveratque
2043 5022 2371 5078 Christiana:
2395 5022 2613 5093 pietatis
2642 5023 2874 5086 semina,
2906 5022 3194 5094 religiosus
3215 5025 3486 5095 adaugere
3514 5025 3788 5082 studebat.

518 5115 743 5173 interim
776 5127 958 5174 tamen
986 5120 1133 5190 quod
1165 5119 1366 5188 vigoris
1397 5117 1588 5174 deerat
1626 5119 1803 5174 animi
1843 5119 2101 5175 ﬁrmitate
2149 5119 2434 5190 suppleas,
2469 5120 2688 5173 tertium
2721 5116 3258 5190 Origenis'volumen
3290 5119 3431 5191 typis
3461 5136 3606 5175 anno
3651 5122 3790 5176 1757

516 5211 836 5265 mandatum
869 5208 983 5279 jam
1014 5226 1151 5281 pene
1177 5210 1245 5265 ad
1280 5210 1446 5266 ﬁnem
1487 5209 1835 5280 perduxerat,
1864 5224 1990 5265 cum
2021 5210 2209 5280 lingua
2240 5209 2424 5265 subito
2455 5209 2777 5276 immobilis,
2821 5210 3123 5281 dextraque
3163 5211 3411 5279 corporis
3456 5219 3609 5279 parte
3640 5214 3790 5267 omni

518 5319 684 5358 sensu
715 5315 976 5374 motuque
1001 5319 1217 5373 expers,
1253 5304 1440 5371 paucis
1465 5303 1662 5359 diebus
1689 5302 2001 5358 exstinctus
2029 5314 2131 5358 est.
2173 5301 2324 5358 Obiit
2357 5301 2586 5359 Lutetia:
2608 5300 2954 5358 Parisiorum
2988 5302 3041 5356 in
3071 5301 3407 5356 monasterio
3435 5299 3492 5354 S.
3527 5297 3794 5356 Germani

515 5412 552 5450 ι
580 5396 761 5454 Ιδιυιιιὶε
793 5398 933 5469 prid.
963 5394 1349 5451 Non.0ctobr.
1383 5408 1475 5450 an.
1504 5394 1665 5450 1759.
1704 5392 1856 5448 Vixit
1883 5409 2057 5450 annos
2084 5394 2176 5462 54,

1068 5412 1106 5450 ι.
1124 5394 1349 5449 Octobr.
1383 5408 1475 5450 an.
1504 5394 1665 5450 1759.
1704 5392 1856 5448 Vixit
1883 5409 2057 5450 annos
2084 5394 2176 5462 54,
2204 5410 2424 5454 menses
2454 5395 2511 5461 2,
2544 5395 2662 5451 dies
2690 5388 2739 5449 7.

586 5489 715 5542 Fuit
746 5490 807 5546 υ.
837 5490 1069 5546 Carolus
1093 5487 1319 5545 Delarue
1348 5486 1713 5547 amantissimi
1738 5487 2111 5559 elegantisque
2141 5489 2431 5557 sermonis,
2456 5500 2678 5558 apertus
2706 5499 2762 5543 et
2791 5486 3044 5556 simplex,
3072 5487 3210 5541 fidus
3231 5485 3461 5549 amicus,
3491 5484 3788 5542 familiares

520 5580 642 5651 plus
674 5583 904 5653 diligens
931 5597 1097 5652 quam
1122 5583 1330 5647 colens,
1362 5597 1578 5652 semper
1612 5581 1681 5634 ad
1714 5580 2117 5635 inserviendum
2158 5592 2401 5651 paratus.
2447 5579 2664 5637 Judicio
2710 5590 2765 5635 et
2793 5580 2997 5635 eximio
3025 5590 3076 5634 et
3109 5582 3220 5634 aeri
3260 5583 3550 5637 accedebat
3600 5588 3786 5652 vegeta

516 5674 717 5728 excelsi
758 5674 961 5741 ingenii
1000 5676 1106 5740 vis,
1156 5672 1391 5735 facilitas
1439 5672 1822 5742 splendorque.
1852 5668 2110 5726 Pluribus
2141 5685 2268 5731 ante
2308 5685 2539 5733 mortem
2566 5671 2726 5727 annis
2756 5671 3142 5741 gravissimum
3175 5672 3320 5726 aliud
3355 5688 3418 5729 ac
3449 5671 3676 5745 perutile
3708 5667 3784 5723 De

516 5766 927 5838 antiquitatibus
969 5767 1343 5825 ecclesiasticis
1369 5764 1573 5824 Gallice
1601 5766 2060 5842 conscribendam
2093 5781 2231 5846 opus
2276 5771 2574 5834 meditatus
2607 5765 2787 5823 iuerat
2816 5765 3063 5824 eruditus
3089 5768 3190 5833 vir,
3213 5767 3439 5839 jamque
3474 5782 3582 5821 non
3609 5779 3785 5838 pauca
