4236 6282
393 292 453 348 ει
1496 279 1919 338 FRAGMENTA
1961 278 2025 333 IN
2064 278 2066 330 ξ

1969 278 2025 331 IN
2064 272 2473 332 PROVERBIA.
3578 264 3642 319 ΞΞ

394 411 573 474 ϐολαῖς
608 408 636 461 ὁ
689 404 900 479 Ἰησοῦς
930 401 1104 472 λαλεῖ,
1147 403 1244 458 xa‘t
1285 404 1454 476 χωρὶς
1486 401 1803 474 παραϐολῆς
1825 400 1978 454 οὐδὲν
2007 403 2051 460 Α

2007 403 2051 460 Α
2078 406 2132 452 et
2158 395 2277 450 sine
2310 391 2569 464 parabola
2595 388 2731 445 nihil
2766 386 2846 443 eis
2876 385 3025 442 dicit.
3055 382 3209 452 Quod
3242 378 3538 439 etiamnum
3574 383 3650 445 fa-

398 502 571 564 αὑτοῖς
614 497 797 552 λαλεῖ⁸
845 496 875 551 ὃ
899 496 994 550 καὶ
1034 494 1197 567 μέχρι
1228 495 1330 566 τῆς
1363 493 1522 566 δεῦρο
1559 495 1732 548 ποιεῖ·
1781 494 1829 546 οἱ
1861 490 1970 566 γὰρ

398 592 532 663 ὄχλοι
552 590 610 642 οὐ
657 587 901 660 χωροῦσι
941 584 1264 658 παραϐολῶν
1296 584 1611 658 ἑρμηνείαν.
1644 584 1889 655 Πρόσχες
1912 582 1971 636 δὲ

398 683 482 736 καὶ
503 680 581 752 τῷ
605 716 623 743 ,
655 680 861 750 Ἀφείς
888 678 1030 745 τοὺς
1070 677 1296 748 ὄχλους
1319 674 1610 745 εἰσῆλθεν
1629 677 1717 741 εἰς
1739 673 1853 742 τὴν
1884 675 1969 728 οἰ-

392 771 529 825 κίαν
555 766 743 824 αὐτοῦ
761 806 779 833 ,
806 767 949 820 πάνυ
974 764 1208 829 συνετῶς
1231 760 1859 834 ἀναγεγραμμένῳιέπεὶ
1894 759 1969 829 μὴ

390 853 498 913 οἷόν
540 875 599 911 τε
627 853 697 929 ἦν
720 859 845 920 τοὺς
876 855 1064 927 ὄχλους
1084 853 1233 926 αὐτῷ
1281 852 1575 916 συνελθεῖν,
1610 849 1746 904 ἀλλὰ
1781 848 1971 918 μόνους

390 950 515 1013 τοὺς
560 947 918 1020 διαφέροντας
966 943 1116 1017 παρὰ
1163 944 1289 1008 τοὺς
1341 942 1553 1015 ὄχλους,
1600 940 1794 1002 οἵτινες
1830 934 1972 1008 ἦσαν

394 1039 637 1111 μαθηταὶ
661 1036 845 1103 αὐτοῦ,
884 1035 977 1091 καὶ
1003 1034 1288 1105 δυνάμενοι
1317 1030 1632 1103 παρρησίαν
1666 1029 1809 1099 ἔχειν
1836 1027 1973 1097 πρὸς

390 1130 452 1184 τὺ
477 1128 739 1183 εἰσελθεῖν
769 1129 850 1193 εἰς
874 1126 971 1199 τὴν
992 1126 1166 1180 οἰκίαν
1190 1122 1285 1177 τοῦ
1330 1122 1527 1194 Ἰησοῦ.
1576 1122 1742 1185 Ἐκεῖ,
1773 1120 1872 1190 οὐχ
1897 1118 1974 1181 ὡς

392 1222 441 1274 oi
492 1221 644 1284 ὄντες
685 1218 808 1286 ἐξω,
858 1216 993 1272 ἀλλὰ
1036 1216 1387 1288 χωρήσαντες
1433 1213 1494 1267 τὸ
1541 1212 1795 1281 γενέσθαι
1842 1210 1970 1274 ἔσω,

394 1309 780 1381 προσελθόντες
823 1306 901 1378 τῷ
946 1304 1272 1375 διδασκάλῳ,
1317 1303 1410 1356 τὸν
1457 1301 1566 1355 ἔσω
1609 1300 1734 1355 νοῦν
1762 1299 1975 1364 ἀξιοῦσι

393 1400 504 1454 τῶν
537 1397 859 1471 παραϐολῶν
896 1395 1107 1469 μαθεῖν.
1145 1396 1254 1448 Καὶ
1291 1394 1520 1466 ἐπείπερ
1552 1390 1838 1464 ἐχώρησαν
1870 1393 1971 1445 αὑ-

393 1492 469 1564 τῷ
497 1489 857 1561 ἀκολουθῆσαι
874 1488 1093 1542 εἰσιόντι
1113 1488 1193 1551 εἰς
1210 1486 1308 1558 τὴν
1328 1486 1526 1549 οἰκίαν,
1552 1485 1642 1539 διὰ
1662 1484 1819 1537 τοῦτο
1839 1485 1974 1538 ἁπο-

392 1583 600 1655 κριθείς
626 1583 761 1653 πρὸς
788 1582 885 1651 τὸ,
917 1578 1157 1648 Φράσον
1184 1578 1328 1647 ἡμῖν
1355 1576 1470 1645 τὴν
1493 1575 1864 1645 παραϐολὴν,
1895 1570 1972 1628 εῖ-

391 1693 493 1729 πεν
531 1673 568 1728 ἃ.
599 1668 771 1726 εἶπεν.
805 1668 884 1727 Οὐ
931 1671 1087 1742 μόνον
1128 1668 1186 1723 δὲ
1218 1668 1497 1739 ἐξέρχεται
1525 1667 1624 1738 τῆς
1659 1665 1835 1729 οἰκίας
1874 1665 1971 1719 αὐ-

2070 489 2169 544 eit.
2205 486 2339 542 Nam
2369 484 2545 539 turba:
2574 497 2684 537 non
2721 478 2943 551 capiunt
2974 476 3352 548 parabolarum
3386 475 3650 543 interpre-

2075 581 2360 636 tationem.
2384 575 2615 632 Attende
2635 583 2818 629 autem
2845 571 3024 628 ethoc
3048 587 3063 624 :
3094 568 3337 623 Dimissis
3365 568 3532 622 turbis
3566 581 3656 620 ιη-Δ

2075 686 2285 744 gressus
2331 678 2408 723 est
2456 667 2512 720 in
2559 666 2773 721 domum
2822 678 2997 728 suam,
3042 659 3185 731 quod
3219 659 3352 714 scite
3386 659 3644 728 scriptum

2071 772 2156 818 est
2198 779 2212 816 :
2254 776 2380 815 nam
2421 756 2597 813 turbae
2626 771 2732 810 non
2762 761 3012 835 poterant
3042 765 3166 808 cum
3195 751 3287 803 illo
3306 750 3527 812 intrare,
3551 749 3649 804 sed

2072 853 2148 909 illi
2195 863 2406 908 tantum
2440 851 2534 921 qui
2581 847 2756 904 turbis
2784 830 3208 917 'prazstantiores
3253 851 3426 906 erant,
3456 855 3647 920 nempe

2073 942 2333 1013 discipuli
2350 912 2493 1013 ejus,
2521 940 2725 1011 quibus
2744 912 2940 993 ﬁducia
2961 944 3016 990 et
3038 934 3260 989 libertas
3280 942 3399 987 erat
3413 912 3653 986 intrandi-

2074 1035 2130 1090 in
2162 1034 2390 1090 domum
2423 1031 2575 1088 Jcsu.
2599 1029 2701 1098 lbi,
2728 1044 2837 1084 non
2869 1036 3128 1096 tanquam
3157 1023 3192 1079 ii
3216 1024 3309 1094 qui
3345 1023 3479 1078 foris
3499 1033 3651 1086 sunt,

2075 1129 2171 1183 sed
2212 1136 2470 1196 tanquam
2502 1125 2594 1196 qui
2626 1110 2783 1178 intro,
2802 1136 2924 1178 esse
2949 1118 3197 1184 valeant,
3238 1116 3554 1183 accedentes
3580 1115 3647 1168 ad

2074 1228 2485 1290 praceptorem,
2513 1215 2822 1270 interiorem
2854 1209 3235 1282 parabolarum
3269 1221 3487 1261 sensum
3514 1206 3647 1259 cdo-

2073 1311 2186 1367 eeri
2214 1309 2515 1381 postulant.
2553 1306 2621 1361 Et
2644 1305 2901 1376 quoniam
2936 1304 3113 1373 ipsum
3146 1301 3198 1354 in
3229 1300 3452 1354 domum
3487 1294 3646 1351 suam

2075 1399 2368 1454 intrantem
2398 1396 2553 1466 sequi
2581 1394 2864 1460 valebant,
2904 1399 3192 1462 propterea
3217 1385 3552 1456 respondens
3578 1384 3647 1439 ad

2072 1492 2204 1548 illud
2242 1510 2255 1548 :
2293 1489 2539 1544 Edissere
2564 1486 2713 1542 nobis
2736 1481 3064 1555 parabolam,
3093 1480 3310 1535 dixitca
3341 1491 3462 1548 qua:
3488 1476 3642 1529 dixit.

2071 1584 2189 1640 Non
2203 1583 2378 1640 solum
2398 1590 2576 1637 autem
2591 1576 2864 1650 egreditur
2875 1590 2906 1629 e
2918 1574 3079 1629 domo
3094 1587 3190 1627 sua
3204 1569 3384 1635 Jesus,
3400 1576 3457 1622 ut
3471 1576 3650 1621 extra-

2074 1678 2191 1733 neis
2214 1684 2506 1732 extraneos
2527 1670 2702 1727 factus
2722 1669 2968 1738 loquatur
2988 1665 3289 1736 parabolas,
3313 1660 3469 1717 sedet
3486 1674 3646 1716 secus

390 1770 486 1824 τοῦ
529 1770 558 1821 ό
602 1765 832 1841 Ἰησοῦς,
883 1765 968 1821 ἵνα
1008 1766 1118 1828 τοῖς
1149 1762 1253 1828 ἔξω
1288 1762 1394 1830 ἐξω
1434 1761 1724 1832 γενόμενος
1766 1758 1972 1830 λαλήσῃ
2005 1742 2047 1796 Β

1971 1816 1972 1823 η
2005 1742 2047 1796 Β
2078 1782 2228 1824 mare
2253 1765 2520 1829 considet,
2544 1764 2778 1817 innuens
2803 1758 2991 1814 turbas
3016 1764 3070 1811 et
3094 1770 3190 1810 eos
3211 1752 3304 1825 qui
3331 1753 3464 1807 foris
3493 1759 3644 1812 sunt,

390 1863 492 1926 τὰς
514 1857 860 1931 παραϐολὰς,
905 1857 1041 1913 ἀλλὰ
1076 1855 1172 1910 καὶ
1209 1854 1360 1927 παρὰ
1386 1854 1487 1925 τὴν
1514 1852 1786 1906 θάλασσαν
1831 1846 1968 1903 καθ-

390 1949 996 2021 ἰζεται,αἰνισσόμενος,
1029 1949 1111 2002 ὅτι
1139 1950 1187 2002 οἱ
1218 1946 1366 2017 ὄχλοι
1400 1946 1494 1999 καὶ
1524 1947 1572 1998 οἱ
1617 1943 1721 2009 ἔξω
1743 1941 1851 1996 τῶν
1877 1941 1976 2012 τῆς

392 2040 670 2111 θαλάσσης
710 2040 991 2110 κυμάτων,
1027 2040 1124 2093 καὶ
1159 2037 1250 2092 τοῦ
1280 2035 1525 2107 ἁλμυροῦ
1555 2034 1744 2095 ὓδατος
1785 2032 1975 2102 αὐτῆς,

396 2131 501 2182 οὐκ
544 2130 649 2183 εἰσὶ
702 2128 938 2200 μακράν.
991 2127 1310 2199 Παρατήρει
1349 2125 1426 2190 δὲ,
1470 2125 1553 2177 ὅτι
1585 2123 1721 2194 πρὸς
1753 2120 1852 2192 μὲν
1889 2120 1981 2172 τὸν

397 2219 681 2284 ἐξελθόντα
701 2219 802 2290 τῆς
825 2217 1003 2280 οἰκίας
1029 2216 1124 2270 καὶ
1148 2214 1457 2285 καθήμενον
1485 2210 1636 2282 παρὰ
1672 2209 1769 2280 τὴν
1794 2207 1988 2262 θάλασ-

396 2325 497 2362 σαν
554 2308 762 2379 Ἰησοῦν
821 2306 1165 2377 συνήχθησαν
1229 2302 1374 2375 ὄχλοι
1418 2301 1636 2355 πολλοί·
1675 2300 1775 2353 οὐκ
1800 2296 1880 2351 ἔτι
1924 2295 1982 2349 δὲ

389 2399 540 2470 ὄχλοι
588 2398 790 2465 πολλοὶ,
837 2397 953 2451 ἀλλ’
1003 2399 1052 2451 οἰ
1108 2394 1208 2466 τὴν
1256 2394 1447 2464 στενὴν
1487 2392 1581 2447 καὶ
1615 2387 1981 2461 τεθλιμμένην

388 2491 669 2556 ὁδεύοντες
696 2491 903 2558 ὀλίγοι,
931 2489 1025 2543 καὶ
1052 2483 1398 2560 εὑρίσκοντες
1428 2484 1528 2556 τὴν
1561 2483 1871 2550 ἐπάγουσαν
1898 2479 1979 2543 εἰς

382 2582 488 2651 τὴν
527 2579 673 2650 ζωὴν
715 2579 831 2633 ὁδὸν
877 2578 1119 2651 μαθηταὶ
1158 2572 1495 2646 εἰσέρχονται
1536 2571 1671 2643 πρὸς
1708 2570 1869 2624 αὐτὸν
1898 2570 1978 2633 εἰς

382 2674 486 2740 τὴν
509 2672 711 2725 οἰκίαν.
743 2671 902 2740 Λόγῳ
929 2669 1110 2723 τοίνυν
1134 2667 1194 2720 τὸ
1234 2666 1440 2737 πρέπον
1469 2661 1809 2732 εὐαγγελικῷ
1839 2660 1978 2717 κατὰ

387 2759 623 2830 δύναμιν
660 2758 948 2825 ἐξετάζων,
981 2755 1077 2810 καλ¹
1102 2754 1182 2826 τῷ
1205 2754 1298 2808 τοῦ
1345 2752 1520 2826 Ἰησοῦ
1548 2750 1853 2823 βουλήματι
1875 2751 1976 2821 ἐμ-

388 2849 592 2913 ϐάντος
639 2851 718 2912 εἰς
750 2846 812 2900 τὺ
858 2845 1063 2911 πλοῖον,
1113 2850 1208 2899 καὶ
1243 2844 1495 2914 λέγοντος
1530 2843 1692 2897 παντὶ
1730 2841 1809 2913 τῷ
1836 2841 1978 2912 ὄχλῳ

388 2941 471 3012 τῷ
505 2939 661 3013 παρὰ
689 2939 779 2993 τὸν
805 2938 1052 3008 αἰγιαλὸν
1086 2940 1143 2992 ἐν
1178 2934 1536 3009 παραϐολαῖς,
1571 2933 1736 3004 φημὶ,
1768 2934 1977 3005 μήποτε

2075 1872 2108 1912 a
2155 1854 2408 1911 fluctibus
2453 1852 2622 1907 maris
2652 1858 2706 1905 et
2752 1848 2899 1902 illius
2948 1860 3087 1917 aqua
3118 1845 3261 1900 salsa
3298 1859 3405 1897 non
3457 1834 3649 1913 procul

2073 1947 2301 2003 distare.
2348 1943 2590 1999 Observa
2623 1949 2800 1994 autem
2836 1936 2901 1991 ad
2949 1935 3137 1990 Jesnm
3167 1934 3330 1987 domo
3363 1932 3646 2003 egredimu-

2080 2046 2188 2090 tem
2227 2043 2283 2089 et
2326 2033 2604 2088 sedentem
2636 2043 2793 2083 secus
2825 2039 2976 2079 mare
3005 2023 3266 2091 plurimas
3299 2021 3486 2073 turbas
3512 2035 3644 2073 eon-

2082 2123 2329 2178 ﬂuxisse.
2358 2118 2710 2188 Nequaquam
2740 2125 2921 2169 autem
2942 2112 3114 2165 turba:
3136 2110 3340 2172 multae,
3365 2107 3459 2161 sed
3491 2109 3650 2176 pauci

2083 2210 2337 2282 discipuli
2368 2209 2461 2280 qui
2511 2216 2714 2262 arctam
2763 2217 3124 2275 aspcramque
3164 2199 3306 2254 viam
3346 2199 3649 2262 ambulant,

2082 2313 2137 2361 et
2166 2302 2443 2373 reperiunt
2466 2298 2710 2355 semitam
2764 2311 2887 2366 qua:
2908 2292 3138 2348 dueitad
3168 2292 3351 2358 vitam,
3375 2290 3440 2343 ad
3468 2289 3651 2360 ipsum

2081 2394 2134 2449 in
2169 2395 2391 2450 domum
2429 2390 2550 2461 ejus
2592 2389 2817 2444 intrant.
2855 2384 3141 2454 lnquirens
3178 2382 3341 2453 igitur
3371 2396 3470 2451 pro
3502 2380 3660 2435 virili»

2078 2485 2345 2541 rationem
2387 2480 2798 2537 convenientem
2836 2476 3145 2546 evangelico
3175 2473 3414 2528 sermoni
3446 2487 3511 2527 ac
3553 2488 3649 2524 vo-

2076 2575 2273 2633 luntati
2317 2572 2444 2629 Jesn
2492 2573 2546 2627 in
2580 2584 2771 2625 navem
2821 2564 3197 2637 ingredientis,
3245 2562 3493 2636 ﬁatque
3528 2564 3650 2617 uni-

2075 2684 2248 2727 versa:
2291 2667 2461 2724 turbae
2501 2665 2657 2736 juxta
2709 2661 2863 2715 littus
2914 2658 2967 2712 in
3012 2655 3287 2727 parabolis
3336 2655 3646 2725 loquentis,

2077 2763 2220 2829 dico,
2266 2759 2492 2816 forsitan
2534 2755 2759 2813 verbum
2811 2751 2956 2823 quod
3003 2765 3166 2819 super
3207 2748 3382 2803 turbis
3429 2749 3651 2802 firmum

2079 2869 2188 2910 non
2222 2859 2329 2916 est,
2360 2864 2459 2905 nec
2488 2855 2618 2913 stat,
2646 2847 2740 2901 sed
2769 2844 2822 2897 in
2856 2841 3003 2896 unda
3041 2838 3208 2894 maris
3235 2847 3342 2904 cst,
3385 2838 3531 2906 loqui
3556 2853 3649 2891 vc-

2079 2955 2226 3002 ctum
2254 2925 2519 3011 ecquod,
2548 2943 2813 3008 quantum
2854 2931 2969 2987 fieri
3000 2937 3194 2999 potest,
3229 2926 3431 2982 lirtnari
3472 2936 3651 2997 potest

385 3035 417 3085 ὁ
442 3031 605 3101 λόγος
639 3032 752 3094 τοῖς
777 3029 955 3100 ὄχλοις
987 3029 1047 3082 οὐ
1090 3026 1366 3099 βεϐηκὼς,
1400 3026 1522 3079 οὐδὲ
1551 3023 1743 3088 ἑστὼς,
1773 3021 1886 3076 ἀλλ’
1919 3023 1977 3076 ἐν
2004 3060 2046 3118 c

2004 3060 2046 3118 ο
2081 3039 2135 3091 in
2163 3049 2303 3105 aqua
2329 3050 2342 3087 :
2375 3029 2521 3102 quod
2553 3025 2774 3098 quidem
2798 3030 3025 3078 vocatur
3047 3018 3345 3089 navigium.
3381 3014 3459 3071 Ne
3485 3017 3652 3071 miri.~

389 3123 549 3177 ὕδατι
583 3121 856 3191 θαλάσσης
887 3119 1192 3191 τυγχάνων,
1226 3116 1377 3170 λαλεῖ
1406 3116 1696 3187 ὀχούμενος
1737 3113 1829 3165 ἐπὶ
1854 3111 1969 3176 τοῦ,

386 3216 466 3280 ὡς
504 3209 619 3268 οἷόν
657 3230 717 3266 τε
757 3210 896 3277 ἐστὶ,
949 3209 1243 3282 δυναμένου
1287 3207 1579 3280 βεϐηκέναι
1612 3205 1704 3258 ἐπὶ
1747 3203 1967 3267 ὓδατος·

384 3307 529 3378 ὅπερ
565 3305 745 3358 πλοῖον
778 3304 1010 3375 εἴρηται.
1038 3303 1128 3374 Μὴ
1153 3301 1439 3371 θαυμάσῃς
1464 3299 1543 3363 δέ,
1577 3300 1626 3351 εἰ
1649 3296 1719 3350 τὰ
1747 3294 1973 3350 τοιαῦτα

388 3401 638 3472 νοήματα
668 3397 995 3470 ὡραιότερον
1026 3398 1347 3469 ἐνήνεκται,
1372 3396 1447 3459 ὡς
1491 3392 1557 3448 ἂν
1602 3393 1694 3447 τὸν
1734 3391 1837 3457 ἐξω
1881 3390 1974 3444 καὶ

388 3493 482 3548 τὸν
507 3491 664 3563 ὄχλον
701 3491 776 3562 μὴ
815 3490 1054 3562 νομίσαι,
1099 3489 1233 3560 μηδέ
1263 3487 1387 3541 νοῦν
1416 3504 1535 3541 τινα
1568 3481 1707 3540 εἶναι
1738 3502 1976 3555 κεκρυμ-

394 3583 560 3655 μένον
612 3583 706 3636 καὶ
754 3580 1008 3652 ἐχόμενον
1056 3579 1267 3649 πυκνῆς
1315 3578 1721 3650 γλαφυρότητος
1770 3574 1861 3629 τὸν
1903 3578 1970 3646 τῇ

390 3672 720 3744 εὐαγγελικῇ
774 3670 1011 3725 διαθέσει
1060 3668 1451 3738 ἀποκείμενονσ
1510 3667 1604 3720 καὶ
1633 3664 1740 3737 γὰρ
1776 3659 1845 3737 ἦν
1875 3664 1973 3735 τῆς

386 3763 781 3834 οἱκονομούσης
794 3760 1015 3834 χάριτος
1040 3758 1130 3813 τὸν
1148 3757 1243 3812 τοῦ
1264 3759 1399 3812 Θεοῦ
1425 3757 1605 3827 λόγον,
1637 3756 1813 3827 ἔργον.
1831 3754 1973 3824 Ἐγὼ

384 3856 447 3910 δὲ
483 3856 580 3909 ναὶ
620 3856 713 3920 τὸ,
747 3852 1189 3923 Προσελθόντες
1219 3854 1273 3906 oi
1299 3850 1554 3922 μαθηταί
1586 3845 1761 3903 εἷπον
1789 3846 1967 3913 αὐτῷ’

383 3947 498 4001 Διὰ
544 3945 603 3998 τί
660 3944 730 3997 ἐν
767 3943 1136 4013 παραϐολαῖς
1191 3942 1402 4008 λαλεῖς
1451 3940 1696 4006 αὐτοῖς;
1732 3939 1828 3992 καὶ
1875 3938 1971 4005 τὸ,

398 4033 609 4105 Ἀερεὶς
637 4035 777 4101 τοὺς
802 4034 1024 4103 ὄχλους
1050 4030 1239 4102 ἦλθεν
1263 4034 1351 4098 εἰς
1379 4031 1499 4099 τὴν
1523 4031 1721 4084 οἰκίαν
1752 4027 1966 4082 αὑτοῦ·

386 4127 492 4179 καί
522 4124 872 4195 προσῆλθον
893 4123 1055 4189 αὐτῷ
1086 4126 1142 4177 οἱ
1166 4121 1422 4192 μαθηταὶ
1454 4119 1640 4173 αὐτοῦ
1660 4117 1970 4187 λέγοντεςο

385 4215 637 4286 Φράσον
683 4215 822 4286 ἡμῖν
864 4215 979 4285 τὴν
1014 4212 1385 4283 παραϐολὴν,
1431 4209 1725 4283 βαθύτερον
1756 4209 1974 4265 ἀκούειν

388 4307 695 4379 πειρῶμαι.
727 4307 838 4359 Ἀεὶ
864 4305 973 4379 γὰρ
1001 4306 1051 4359 οἱ
1085 4303 1186 4377 μὲν
1208 4303 1377 4374 ὄχλοι,
1413 4302 1510 4356 ἐὰν
1531 4300 1769 4355 ἀκούωσι
1797 4316 1974 4373 παρα-

2076 3128 2153 3185 ris
2178 3133 2358 3181 autem
2384 3120 2528 3192 quod
2561 3114 2828 3188 ejusmodi
2870 3112 3154 3169 sententiae
3180 3108 3474 3165 sublimius
3508 3108 3648 3163 infe-

2074 3228 2290 3283 runtur,
2329 3229 2398 3270 ne
2421 3221 2713 3269 extraneas
2744 3215 2798 3263 et
2838 3204 2995 3260 turba
3026 3202 3318 3257 arbitretur
3352 3200 3455 3255 sub
3483 3215 3653 3254 cran-

2074 3309 2243 3380 gelica
2290 3303 2632 3376 expositione
2677 3297 2885 3353 nullum
2926 3310 3047 3351 esse
3097 3309 3318 3349 sensum
3353 3292 3648 3348 abscondi-

2075 3414 2189 3459 tum
2232 3409 2287 3456 et
2333 3397 2427 3468 qui
2475 3392 2743 3464 frequenti
2783 3388 3046 3445 varietate
3075 3386 3321 3443 delectet.
3358 3383 3473 3440 Hoc
3499 3384 3648 3440 enim

2073 3501 2192 3550 erat
2219 3489 2406 3561 gratiae
2436 3486 2532 3542 Dei
2560 3485 2785 3540 verbum
2814 3481 3184 3553 dispensantis
3222 3495 3381 3549 opus.
3416 3478 3528 3548 Ego
3549 3494 3649 3532 au-

2075 3594 2182 3640 tent
2228 3582 2392 3638 etiam
2434 3577 2565 3634 illud
2598 3595 2611 3632 :
2642 3574 2957 3630 Accedentes
2993 3571 3239 3642 discipuli
3274 3570 3519 3624 dixerunt
3546 3570 3593 3621 ei
3625 3585 3647 3621 :

2076 3674 2252 3742 Quare
2274 3674 2329 3726 iu
2364 3668 2632 3742 parabolis
2663 3666 2889 3738 loqueris
2917 3665 2992 3719 eis
3025 3664 3102 3718 ³ίῖ
3138 3671 3191 3718 et
3216 3661 3348 3715 illud
3385 3677 3400 3714 :
3441 3660 3643 3712 Dimis-

2073 3766 2147 3821 sis
2186 3762 2351 3818 lurbis
2389 3762 2525 3816 venit
2566 3761 2619 3814 in
2664 3757 2887 3812 domum
2926 3770 3099 3821 suam,
3135 3761 3182 3806 et
3218 3759 3546 3805 accesserunt
3575 3753 3645 3802 ad

2071 3872 2190 3911 eum
2222 3852 2472 3922 discipuli
2499 3851 2611 3921 ejus
2639 3850 2870 3903 dicentes
2905 3861 2925 3900 :
2964 3844 3209 3898 Edissere
3245 3841 3390 3896 nobis
3413 3842 3644 3911 parabo-

2073 3947 2183 4000 lsm
2220 3945 2284 4010 ⁸³,
2325 3940 2651 4014 profundius
2697 3936 2998 4007 intelligere
3038 3932 3297 3989 conabor.
3347 3930 3541 3988 Turba:
3571 3934 3638 3987 si-

2074 4036 2293 4107 quidem
2322 4073 2338 4098 ,
2403 4031 2622 4086 tametsi
2685 4029 2947 4084 continuo
2994 4025 3290 4081 audiebant
3339 4025 3645 4094 parabolas,

2075 4136 2359 4190 nunquam
2403 4129 2582 4173 tamen
2629 4115 2981 4169 advertebant
3015 4128 3109 4166 eas
3140 4113 3380 4182 indigere
3413 4113 3649 4181 explica-

2079 4213 2264 4277 tione;
2300 4207 2553 4278 discipuli
2579 4219 2707 4261 vero
2738 4204 2984 4259 videntes
3006 4217 3133 4258 eum
3166 4202 3360 4270 turbis,
3394 4218 3459 4258 eo
3501 4205 3647 4273 quod

2075 4304 2210 4360 foris
2241 4308 2441 4368 essent,
2474 4301 2526 4355 in
2549 4297 2822 4370 parabolis
2845 4296 3012 4367 loqui,
3034 4294 3218 4352 Iesum
3249 4295 3546 4365 quiturbas
3564 4296 3647 4351 di-

386 4399 557 4471 ϐολῆς
578 4440 593 4463 ,
628 4398 749 4453 οὐδέ
781 4398 1061 4467 ἐφιστᾶσιν
1094 4395 1229 4466 αὐτῇ
1272 4394 1500 4467 δεομένῃ
1538 4393 1850 4464 ἐξηγήσεως
1875 4408 1889 4423 ο
1918 4392 1967 4444 οἰ
2000 4406 2043 4461 ι)

2000 4406 2043 4461 ι)
2073 4397 2295 4452 miserat
2317 4403 2641 4464 sequuntur,
2671 4392 3013 4463 scientesque
3040 4404 3098 4445 se
3116 4387 3244 4443 alibi
3266 4389 3642 4458 parabolarum

383 4492 446 4544 δὲ
476 4474 715 4564 μαθηταὶ
739 4488 1090 4562 θεωροῦντες,
1112 4489 1196 4543 ὅτι
1218 4491 1275 4542 ἐν
1302 4486 1637 4559 παραϐολαῖς
1665 4488 1775 4549 τοῖς
1797 4485 1972 4555 ὄχλοις

386 4581 575 4647 λαλεῖ,
609 4581 699 4636 διὰ
725 4581 795 4636 τὸ
815 4577 954 4635 εἶναι
986 4582 1181 4645 αὐτοὺς
1208 4580 1332 4648 ἔξω,
1365 4579 1576 4650 ἀφιέντι
1621 4579 1747 4642 τοὺς
1780 4576 1969 4647 ὄχλους

387 4676 469 4747 τῷ
516 4676 691 4750 Ἰησοῦ
721 4676 964 4741 ἕπονται,
1002 4674 1096 4728 καὶ
1127 4673 1344 4738 ἰδόντες,
1380 4672 1461 4726 ὃτι
1489 4671 1590 4725 οὐκ
1620 4668 1852 4740 ἀλλαχοῦ
1873 4668 1967 4722 δύ-

389 4786 582 4822 νανται
631 4767 921 4839 μανθάνειν
963 4765 1031 4820 τά
1067 4764 1174 4819 τῶν
1218 4761 1542 4835 παραϐολῶν
1575 4761 1608 4832 ἥ
1638 4758 1968 4823 εἰσελθόντες

389 4861 474 4924 εἰς
508 4861 605 4931 τὴν
642 4858 820 4913 οἰκίαν
853 4856 945 4911 τοῦ
982 4856 1179 4929 Ἰησοῦ,
1217 4855 1311 4910 καὶ
1335 4852 1669 4925 εἰσέρχονται
1697 4851 1833 4925 πρὸς
1864 4851 1963 4905 αὐ-

389 4952 507 5019 τὸν,
544 4954 635 5007 καὶ
662 4951 1049 5024 προσελθόντες
1088 4949 1257 5022 αὐτῷ,
1283 4949 1447 5020 φασί·
1483 4945 1731 5017 Φράσον
1755 4944 1899 5015 ἡμῖν
1923 4944 2039 5014 τὴν
2072 4944 2443 5014 παραϐολὴν,
2482 4942 2611 5014 περ)⁴
2636 4937 2704 5015 ἧς
2747 4941 2935 5013 μαθεῖν
2978 4940 3276 5013 βούλονται.

392 5042 540 5110 αὕτη
574 5045 671 5115 μὲν
703 5042 1062 5116 ἡπαραϐολὴ.

478 5136 634 5207 Ἑξῆς
659 5137 714 5189 δέ
749 5139 895 5190 ἐστιν
922 5137 952 5189 ὁ
986 5134 1252 5199 σκοτεινὸς
1289 5134 1465 5204 λόγος.
1504 5134 1660 5187 Ἔστι
1700 5132 1880 5185 τοίνυν
1911 5132 1969 5185 ἐν

393 5226 518 5287 ταῖς
546 5225 785 5296 Γραφαῖς
831 5242 952 5279 τινα
992 5222 1243 5279 τοσοῦτον
1290 5223 1542 5293 ἐπίτηδες
1576 5221 1864 5286 σκοτεινῶς
1894 5223 1971 5275 εἰ-

399 5315 631 5385 ρημένα,
660 5316 801 5370 ὥστε
833 5316 967 5387 μηδὲ
990 5316 1053 5370 τὸ
1079 5315 1240 5386 τυχὸν
1269 5314 1518 5368 ἐκλαϐεῖν
1549 5313 1613 5368 ἄν
1640 5330 1761 5366 τινα
1796 5314 1856 5366 ἐν
1881 5312 1970 5365 αὐ-

396 5404 513 5465 τοῖς
561 5405 727 5478 χωρὶς
776 5405 976 5463 πολλῆς
1028 5403 1122 5457 καὶ
1158 5402 1397 5475 μεγάλης
1438 5402 1735 5467 ἐξετάσεως
1768 5418 1966 5470 συγκε-

399 5492 638 5567 χυμένης
667 5495 761 5549 καὶ
786 5493 928 5549 κατὰ
953 5494 1050 5566 τὴν
1073 5494 1294 5566 φράσιν,
1315 5493 1408 5548 καὶ
1434 5492 1573 5549 κατὰ
1602 5494 1660 5548 τὸ
1679 5491 1966 5564 διανόημα,

476 5662 524 5693 ⁸³
555 5661 743 5718 Matth.
781 5677 902 5732 xm,
930 5663 1012 5718 l0.
1094 5663 1133 5695 ¹³
1158 5661 1314 5733 lbid.,
1343 5663 1431 5720 56.

2078 4502 2301 4545 sensum
2340 4485 2646 4555 perdiscere
2676 4499 2783 4538 non
2825 4499 3005 4553 posse,
3041 4481 3145 4535 nisi
3176 4481 3229 4534 in
3260 4480 3479 4534 domum
3517 4479 3644 4536 Jesu

2075 4579 2508 4652 ingrederentur,
2563 4586 2619 4633 et
2667 4576 2738 4632 ad
2778 4576 2932 4630 illum
2980 4572 3382 4643 ingrediuntur,
3415 4581 3468 4625 et
3498 4588 3649 4628 acce—

2073 4667 2263 4723 dentes
2299 4666 2491 4721 dicunt
2516 4665 2567 4721 ei
2600 4683 2614 4722 :
2653 4664 2899 4719 Edissere
2940 4664 3087 4717 nobis
3116 4661 3423 4732 paruboiam
3444 4701 3458 4727 ,
3483 4677 3645 4731 quant

2071 4773 2269 4828 nempe
2312 4756 2521 4814 discere
2569 4756 2880 4827 cupiebant.
2927 4755 3104 4826 Atque
3145 4753 3523 4825 hujuscemodi
3566 4762 3650 4809 est

2071 4863 2138 4919 pa
2146 4850 2349 4905 rabola.
3336 4892 3338 4894 ,

3339 4937 3499 4993 Ἀλλὰ
3540 4956 3650 4995 τοι-

2143 5128 2402 5199 Sequitur
2413 5128 2683 5184 obscurus
2705 5142 2905 5183 sermo.
2928 5124 3068 5182 Sunt
3093 5126 3258 5197 igitur
3275 5126 3330 5180 in
3351 5125 3648 5195 Scripturis

2067 5217 2327 5274 nonnulla
2347 5215 2555 5287 qumita
2568 5216 2635 5271 de
2650 5216 2918 5272 industria
2941 5217 3174 5272 obscure
3191 5216 3335 5271 dicta
3353 5224 3567 5278 sunt,ut
3582 5231 3649 5270 ne

2067 5308 2212 5363 ullus
2224 5307 2442 5379 quidem
2474 5320 2671 5364 sensus
2691 5308 2746 5361 in
2761 5307 2827 5363 iis
2853 5307 3057 5377 percipi
3075 5305 3383 5378 possitsine
3409 5304 3579 5359 multa
3595 5314 3650 5359 et.

2067 5415 2261 5470 magna
2271 5397 2674 5470 disquisitione,
2690 5413 2814 5455 cum
2829 5399 3053 5455 dictioni
3083 5411 3278 5467 magna
3293 5392 3543 5451 confusio
3564 5394 3649 5449 in-

2067 5490 2137 5546 sit
2152 5498 2202 5545 et
2228 5488 2528 5546 secundum
2553 5489 2819 5558 pbrasim,
2848 5498 2904 5544 ct
2920 5486 3218 5545 secundum
3239 5498 3483 5553 sensum,
3499 5494 3553 5542 et
3569 5497 3652 5541 so-
