4236 6282
519 317 592 374 27
2002 316 2328 375 OBICEMS
3688 320 3762 371 ‘28

595 436 853 508 Torquem
898 456 1117 494 aureum
1165 442 1308 495 circa
1359 443 1553 497 collum
1600 453 1768 498 tuum.
1818 442 2089 511 Torqncm
2122 445 2165 499 Α
2264 478 2268 493 ι

2086 464 2089 493 ι
2122 445 2165 499 Α
2264 436 2484 493 Κλοιύν
2514 438 2779 507 χρύσεον
2801 437 2934 506 περὶ
2961 435 3052 502 σῷ
3088 436 3384 504 τραχήλῳ.
3414 436 3605 491 Khth
3628 440 3759 510 χρύ-

520 544 747 585 aureum
802 540 994 598 vocat,
1034 533 1344 589 divinorum
1400 535 1743 606 eloquiorum
1788 534 2088 591 circumfu-

521 637 643 677 sum
687 623 1053 693 splendorem,
1101 641 1169 682 ac
1209 627 1356 682 velut
1401 627 1610 683 circulo
1655 627 1864 683 micans
1905 628 2086 699 jubar.

518 714 732 769 Collum
760 726 939 771 autem
972 718 1211 786 appellat
1236 728 1498 776 mentem.

595 806 747 864 Vers.
785 809 872 863 12.
913 809 1182 863 Tollamus
1208 810 1322 880 ejus
1351 815 1659 867 memoriam
1689 816 1753 867 de
1783 824 1943 869 terra.
1970 812 2093 868 Haec

517 898 697 953 dicere
720 900 931 969 possint
950 901 1042 970 qui
1065 901 1389 957 etdixerunt
1416 922 1428 956 :
1457 903 1559 957 Hic
1585 913 1663 958 est
1691 911 1880 959 tuerer
1902 906 2087 971 venite,

519 991 819 1046 occidamus
844 1008 984 1058 eum,
1020 1002 1076 1046 ut
1108 994 1179 1046 sit
1210 1004 1393 1049 nostra
1431 996 1712 1051 hwreditas
1740 999 1806 1053 ”.

588 1165 744 1222 Vers.
785 1166 871 1222 14.
908 1165 1077 1220 Tuam
1110 1179 1289 1222 autent
1319 1179 1513 1225 sortem
1541 1172 1690 1225 mitte
1714 1173 1768 1225 in
1796 1174 1968 1229 nobis.
1998 1173 2087 1231 Illa

515 1256 702 1310 relicta
727 1257 1034 1327 disciplina,
1059 1269 1178 1314 esto
1201 1261 1509 1316 nobiscum.
1543 1262 1776 1318 Sabbata
1802 1266 2088 1323 nobiscum

516 1362 615 1417 age
667 1365 679 1401 :
726 1346 812 1403 fac
863 1351 1148 1406 nobiscum
1199 1369 1389 1424 azyma
1446 1364 1613 1425 atque
1664 1357 1905 1426 reliquos
1958 1359 2091 1431 legis

516 1437 676 1492 ritus.

588 1529 805 1598 7Vers.
828 1530 913 1585 18.
932 1529 1048 1601 Ipsi
1066 1534 1206 1586 enim
1233 1536 1324 1605 qui
1350 1535 1622 1591 homicidii
1640 1540 1923 1610 participes
1945 1550 2089 1597 sunt.

518 1619 661 1674 Deus
677 1621 895 1689 quidem
923 1622 1189 1677 bonorum
1219 1626 1439 1696 largitor
1463 1636 1546 1682 est
1566 1646 1580 1693 ;
1599 1645 1698 1684 nos
1714 1638 1894 1686 autem
1913 1641 2093 1687 aucto-

516 1727 606 1767 res
628 1713 919 1777 malorum,
934 1730 1128 1785 nempe
1146 1732 1533 1776 aerumnarum.
1560 1720 1749 1777 Dicere
1775 1723 1890 1779 haec
1911 1726 2091 1795 possis

2195 549 2317 586 σεον
2350 530 2496 600 λέγει
2528 530 2619 583 τὸν
2653 526 3070 601 περιαυγασμὸν
3102 528 3283 581 καὶτὸ
3328 526 3633 590 κυκλοειδὲς
3676 529 3765 581 σέ-

2193 622 2289 680 λας
2315 624 2421 676 τῶν
2456 622 2615 676 θείων
2660 621 2877 691 λογίων.
2922 619 3204 693 Τράχηλον
3234 620 3292 674 δὲ
3320 619 3468 689 λέγει
3499 620 3589 672 τὸν
3617 620 3759 675 νοῦν.

2266 804 2523 871 Ἅρωμεν
2546 800 2732 856 αὑτοῦ
2764 797 3140 869 τήνμνήμην
3170 799 3239 853 ἐκ
3264 796 3394 869 γῆς.
3439 799 3671 869 Φήσαιεν
3706 798 3763 850 δὲ

2189 894 2362 948 ταῦτα
2391 896 2484 949 καὶ
2508 897 2558 948 οἱ
2592 895 2836 958 εἰπόντες
2852 910 2866 925 ·
2896 889 3083 959 Οὗτός
3107 892 3278 946 ἐστιν
3299 895 3333 947 ὁ
3356 893 3726 961 κληρονόμος
3743 907 3759 922 ⁸

2190 985 2387 1049 δεῦτε,
2423 987 2867 1055 ἀποκτείνωμεν
2901 985 3108 1050 αὑτὸν,
3137 984 3237 1037 ἵνα
3261 981 3427 1052 ἡμῶν
3454 980 3694 1053 γένηται
3721 982 3753 1045 ἡ

2191 1078 2581 1146 κληρονομία.
3366 1076 3372 1080 ‘

2267 1170 2379 1225 Τὸν
2400 1169 2469 1223 δὲ
2492 1169 2608 1223 σὺν
2645 1166 2875 1236 κλῆρον
2892 1165 3052 1231 ,βάλε
3087 1165 3158 1218 ὲν
3185 1162 3346 1232 ἡμῖν.
3385 1163 3631 1234 Ἐκείνης
3662 1163 3764 1232 τῆς

2192 1262 2469 1325 πολιτείας
2524 1259 2785 1324 ἀποστὰς,
2838 1257 2996 1328 γενοῦ
3056 1256 3172 1327 μεθ’
3229 1255 3409 1326 ἡμῶν,
3469 1254 3762 1318 σαϐϐάτιζε

2194 1354 2311 1425 μεθ’
2348 1352 2528 1425 ἡμῶν,
2563 1351 2631 1406 τὰ
2662 1350 2844 1422 ἄζυμα
2875 1350 3016 1404 ποίει
3049 1348 3168 1421 μεθ’
3197 1346 3377 1418 ἡμῶν,
3412 1346 3509 1401 καὶ
3546 1346 3646 1410 τὰς
3669 1345 3763 1398 ἆλ-

2190 1444 2288 1509 λας
2318 1444 2410 1498 τοῦ
2440 1444 2604 1515 νόμου
2635 1443 3060 1515 παρατηρήσεις.

2260 1533 2441 1587 Αὐτοὶ
2471 1532 2580 1602 γὰρ
2612 1534 2666 1585 οἱ
2722 1532 2913 1601 φόνου
2959 1526 3333 1598 μετέχοντες.
3386 1525 3629 1595 Ἀγαθῶν
3666 1525 3769 1595 μὲν

2192 1623 2301 1694 γάρ
2328 1624 2474 1676 ἐστιν
2503 1624 2532 1675 ό
2558 1621 2689 1685 Θεὸς
2722 1621 2906 1691 δοτήρο
2938 1616 3126 1672 κακῶν
3151 1616 3209 1669 δὲ
3255 1617 3418 1686 ἡμεῖς
3454 1613 3637 1675 αἴτιοι,
3665 1612 3762 1681 δη-

2192 1713 2324 1785 λαδὴ
2372 1713 2714 1768 κακωτικῶν.
2742 1711 2913 1784 Φαίης
2967 1712 3012 1764 δ’
3041 1710 3106 1765 ἂν
3136 1709 3306 1763 ταῦτα
3358 1707 3454 1760 καὶ
3505 1704 3767 1775 περὶτῶν

516 1802 681 1858 etiam
705 1804 773 1859 de
801 1803 1022 1872 Judzcis,
1074 1807 1166 1876 qui
1197 1808 1418 1865 fuerunt
1475 1813 1767 1883 participes
1810 1790 2093 1886 sanguinis
2126 1790 2166 1845 Β

2091 1855 2093 1867 ,
2126 1790 2166 1845 Β
2197 1807 2574 1877 μετασχόντων
2629 1803 2859 1875 αἵματος
2894 1803 3180 1866 Ἰουδαίων,
3214 1799 3322 1855 τῶν
3363 1816 3424 1852 τε
3475 1795 3764 1868 προφητῶν

516 1910 642 1950 cum
675 1897 1086 1966 prophetarum,
1120 1909 1232 1953 tum
1265 1901 1437 1970 ipsius
1464 1903 1690 1958 Clu-isti.

589 1986 744 2042 Vers.
792 1988 875 2042 I9.
914 1987 1015 2042 Ha:
1056 1990 1154 2044 via:
1183 1999 1306 2045 sunt
1341 1993 1576 2047 omnium
1613 1997 2092 2050 eonsummantinm

515 2078 718 2147 iniqua.
753 2077 1169 2146 Consummare,
1206 2095 1312 2134 non
1342 2083 1664 2152 simpliciter
1689 2083 1868 2140 facere
1891 2095 1997 2151 est,
2032 2096 2092 2141 ut

515 2170 735 2239 quidem
759 2169 1037 2235 existimo,
1098 2171 1192 2225 sed
1227 2170 1453 2241 implere
1504 2190 1819 2230 mensuram
1873 2186 2088 2246 patrum

515 2273 766 2324 suorum,
799 2268 962 2328 atque
995 2260 1145 2313 omni
1193 2261 1449 2331 sanguini
1496 2264 1565 2318 ab
1612 2264 1744 2320 Abel
1787 2266 1860 2338 ad_
1885 2265 2092 2323 Zacha-

516 2351 653 2404 riam
688 2366 862 2422 usque
888 2352 953 2418 ⁸⁷,
985 2352 1256 2407 obnoxius
1285 2370 1428 2410 esse.

598 2440 747 2498 Vers.
778 2441 869 2498 20.
908 2440 1181 2512 Sapientia
1210 2444 1266 2498 in
1321 2446 1550 2501 exitibus
1592 2450 1823 2503 canitur.
1856 2448 2092 2506 Tacente

516 2535 736 2604 quidem
776 2551 897 2591 eam
931 2536 1199 2607 sapiente,
1223 2553 1330 2594 non
1360 2541 1597 2604 canitur,
1632 2550 1790 2595 nacta
1815 2556 1945 2597 vero
1971 2541 2092 2597 exi-

518 2634 655 2694 tum,
688 2627 923 2684 canitur.

586 2712 746 2769 Vers.
769 2714 862 2768 28.
899 2712 1022 2767 Erit
1072 2714 1211 2767 enim
1238 2730 1357 2768 cum
1388 2715 1699 2770 invocabitis
1740 2732 1840 2771 me.
1892 2715 1960 2772 Ut
1990 2715 2094 2771 Do-

515 2805 726 2859 minum
760 2804 906 2859 enim
949 2804 1271 2874 sapientiam
1305 2807 1626 2862 invocamus
1648 2807 1949 2863 Christum.
1985 2806 2091 2875 Qui

515 2910 649 2966 ergo
679 2895 897 2951 invocat
927 2894 1229 2965 Christum,
1264 2898 1310 2954 si
1351 2900 1503 2955 novit
1537 2900 1661 2970 quis
1688 2900 1780 2956 ille
1808 2901 1900 2967 sit,
1937 2901 2094 2961 invoe

516 2992 607 3040 cat
632 2986 980 3055 sapientiam,
1019 2987 1453 3061 intelligentiam,
1490 2992 1860 3061 prudentiam,
1891 2992 2093 3049 sancti-

2192 1896 2287 1949 καὶ
2315 1895 2481 1949 αὐτοῦ
2512 1894 2605 1948 τοῦ
2637 1892 2897 1967 Χριστοῦ.

2263 1983 2450 2043 Αὗται
2477 1989 2537 2040 at
2566 1986 2695 2040 ὁδοί
2722 1987 2840 2039 εισι
2870 1985 3114 2038 πάντων
3149 1982 3269 2037 τῶν
3304 1980 3766 2036 συντελούντων

2191 2078 2265 2131 τὰ
2293 2076 2505 2145 ἄνομα.
2536 2074 2812 2129 Συντελεϊν
2837 2073 2936 2142 οὐχ
2958 2071 3141 2135 ἁπλῶς
3168 2067 3325 2142 οἶμαί
3342 2086 3394 2122 τι
3419 2069 3611 2130 ποιεῖν,
3629 2063 3766 2118 ἀλλὰ

2192 2170 2479 2243 πληρῶσαι
2510 2170 2572 2222 τὸ
2604 2168 2800 2241 μέτρον
2850 2167 2960 2222 τῶν
2989 2165 3238 2238 πατέρων
3268 2163 3470 2226 αὐτῶν,
3506 2162 3601 2215 καὶ
3633 2161 3768 2214 ὑπο-

2192 2262 2403 2316 κεῖσθαι
2438 2261 2600 2317 παντὶ
2641 2261 2833 2332 αἵματι
2864 2257 2972 2313 ἀπὸ
3013 2258 3178 2311 Ἅϐελ
3207 2255 3384 2328 μέχρῖ
3400 2252 3694 2324 Ζαχαρίου.

2262 2443 2451 2511 Σοφία
2478 2443 2550 2495 ἐν
2575 2440 2808 2506 ἐξόδοις
2836 2437 3125 2507 ὑμνεῖται.
3157 2431 3494 2504 Σιωπωμένη
3532 2430 3629 2501 μὲν
3660 2425 3766 2482 ύπδ

2194 2531 2381 2602 σοφοῦ,
2414 2532 2513 2602 οὐχ
2549 2531 2817 2603 ὑμνεῖταισ
2855 2529 3036 2595 ἐξόδου
3067 2527 3126 2580 δὲ
3152 2524 3410 2596 τυχοῦσα,
3456 2523 3726 2593 ὑμνεῖται.

2268 2732 2475 2784 Ἔσται
2507 2727 2618 2799 γὰρ
2651 2727 2798 2781 ὅταν
2833 2724 3274 2792 ἐπικωέσησθέ
3294 2740 3388 2795 με.
3443 2722 3530 2786 Ὠς
3562 2721 3766 2791 Κύριον

2192 2824 2303 2898 γὰρ
2361 2819 2769 2893 ὲπικαλούμεθα
2815 2821 2916 2892 τὴν
2967 2819 3159 2888 σοφίαν
3189 2812 3353 2871 οὖσαν
3412 2815 3669 2886 Χριστόν.
3705 2814 3767 2867 Ὀ

2193 2915 2286 2973 οῦν
2317 2915 2744 2987 ἐπικαλούμενος
2783 2914 2875 2969 τὸν
2920 2912 3174 2984 Χριστὸν,
3220 2912 3267 2964 εἰ
3317 2910 3428 2964 νοεῖ
3460 2908 3544 2970 τίς
3581 2908 3763 2972 ἐστιν,

2193 3009 2534 3066 ἐπικαλεῖται
2565 3008 2777 3077 σοφίαν,
2813 3005 3049 3069 σύνεσιν,
3076 3003 3366 3073 ἁγιασμδν,
3396 2997 3765 3068 δικαιοσύνην,
3874 3046 3879 3051 .

516 3075 781 3142 muniam,
807 3075 1079 3146 justitiam
1112 3086 1167 3131 et
1194 3093 1411 3134 omnem
1439 3081 1691 3136 virtutem
1724 3099 1740 3138 :
1775 3095 2089 3152 quanquam
2117 3116 2160 3178 Ε

2117 3116 2160 3178 c
2196 3104 2289 3159 καὶ
2316 3104 2494 3155 πᾶσαν
2525 3075 2743 3172 ἀρετήν·
2776 3100 2825 3152 εἰ
2845 3101 2936 3152 καὶ
2968 3097 3041 3169 μὴ
3089 3096 3345 3168 χείλεσιν,
3397 3091 3532 3146 ἀλλὰ
3562 3089 3764 3160 πράξε-

517 3183 625 3221 non
654 3168 835 3235 labiis,
868 3170 962 3225 sed
1013 3170 1246 3228 actibus.
1278 3171 1435 3226 Absit
1462 3186 1590 3228 vero
1627 3181 1682 3227 ut
1717 3174 1853 3229 tales
1899 3174 2091 3230 cilicia-

517 3273 662 3327 mur,
696 3268 756 3315 ut
780 3261 1096 3318 invocemus
1127 3263 1368 3333 quidem,
1409 3263 1504 3319 sed
1533 3280 1643 3320 non
1674 3265 2053 3321 exaudiamur.

1167 3374 1320 3431 CAP.
1356 3374 1422 3431 ll.

589 3484 747 3543 Vers.
784 3487 839 3543 1.
889 3487 949 3544 Si
997 3488 1287 3561 suscipiens
1339 3490 1655 3544 sententiam
1707 3490 1809 3545 mei
1851 3492 2092 3546 mandati

518 3578 855 3633 absconderis
901 3596 1053 3650 penes
1108 3589 1175 3635 te.
1227 3581 1525 3638 Abscondit
1575 3590 1757 3637 autem
1792 3582 2089 3652 quispiam,

518 3670 648 3723 dum
685 3686 793 3726 non
822 3670 1003 3727 inanis
1036 3671 1222 3742 gloriae
1255 3687 1445 3739 causa,
1476 3673 1568 3728 sed
1597 3673 1948 3730 delitesceudi
1970 3683 2091 3730 stu-

516 3763 608 3818 dio
640 3762 784 3818 facit.

588 3852 745 3909 Vers.
775 3855 828 3910 5.
864 3854 1010 3910 Tunc
1053 3856 1312 3929 intelliges
1369 3857 1612 3911 timorem
1670 3854 1908 3910 Domini.
1962 3854 2093 3911 Vide

517 3952 725 4014 quanta
774 3945 903 4010 sint,
962 3956 1087 4016 post
1115 3963 1238 4017 qua:
1296 3948 1661 4019 intelligemus
1703 3947 1954 4002 timorem
1986 3947 2092 4000 Do-

519 4036 678 4090 mini.
709 4034 845 4091 Nam
878 4038 995 4108 ipse
1042 4055 1263 4110 quoque
1291 4041 1559 4097 obscurus
1592 4048 1696 4106 est,
1749 4047 1809 4093 ut
1842 4047 1991 4110 patet
2023 4053 2091 4094 ex

515 4124 966 4197 simplicioribus.
995 4125 1194 4186 Videas
1225 4132 1371 4186 enim
1403 4131 1672 4201 quosdam
1725 4131 1819 4201 qui
1866 4132 2093 4186 timeant

515 4217 807 4274 Dominum
840 4220 895 4274 in
930 4220 1131 4291 quibus
1159 4237 1269 4277 non
1304 4221 1512 4290 deceat,
1544 4230 1598 4278 et
1630 4236 1739 4278 non
1776 4221 2004 4278 timeant
2035 4223 2089 4278 in

511 4309 712 4377 quibus
741 4309 950 4363 deceat.

592 4396 745 4453 Vers.
773 4399 826 4452 5.
863 4396 933 4451 Et
991 4398 1354 4469 intelligentia:
1389 4399 1459 4453 da
1502 4417 1676 4454 vorem
1707 4411 1873 4455 tuam.
1903 4400 2088 4456 Unus-

2196 3213 2300 3251 σιν.
2351 3192 2511 3248 Ἀ).λὰ
2547 3192 2622 3266 μὴ
2642 3191 2872 3248 τοιοῦτοι
2921 3188 3231 3262 γενώμεθα,
3272 3186 3347 3249 ὡς
3395 3181 3765 3236 ἐπικαλεῖσθαι

2194 3289 2362 3359 ἡμᾶς,
2396 3285 2558 3341 αὐτὸν
2583 3286 2639 3338 δὲ
2673 3285 2748 3355 μὴ
2775 3282 3090 3338 ὑπακούειν.

2845 3397 3004 3449 ΚΕΦ.
3032 3396 3106 3449 B'.

2277 3511 2432 3576 Ἐὰν,
2459 3510 2785 3581 δεξάμενος
2799 3509 2990 3579 ῥῆσιν
3023 3507 3173 3578 ἐμῆς
3221 3506 3497 3573 ἐντολῆς,
3528 3506 3767 3574 κρύψῃς

2193 3602 2353 3671 παρὰ
2398 3600 2653 3668 σεαυτῷ.
2703 3599 2952 3670 Κρύπτει
2998 3599 3055 3651 δέ
3095 3615 3200 3662 τις,
3234 3596 3309 3668 μὴ
3350 3597 3442 3649 ἐπὶ
3492 3596 3764 3667 κενοδοξία

2193 3693 2398 3764 ταύτην
2429 3692 2622 3758 ποιῶν,
2647 3690 2783 3746 ἀλλὰ
2817 3688 3133 3754 σπουδάζων
3155 3687 3457 3741 λανθάνειν.

2268 3873 2406 3927 Τότε
2431 3869 2727 3936 συνήσεις
2751 3870 2939 3939 φόϐον
2979 3868 3221 3936 Κυρίου.
3255 3867 3397 3937 Ὅρα
3424 3865 3480 3919 δὲ
3513 3864 3630 3936 μεθ’
3664 3865 3766 3918 ὅσα

2194 3964 2498 4035 συνήσομεν
2535 3961 2698 4031 φόϐον
2756 3960 2982 4031 Κυρίουο
3020 3958 3231 4030 ἀσαφὴς
3274 3958 3384 4029 γὰρ
3431 3958 3526 4009 καὶ
3579 3953 3762 4035 αὐτὸς,

2191 4054 2266 4118 ὡς
2302 4052 2461 4124 δῆλον
2481 4053 2545 4104 ὲκ
2575 4052 2684 4107 τῶν
2714 4050 3116 4120 ἁπλουστέρωνο
3169 4049 3280 4100 ἐστι
3312 4050 3417 4119 γὰρ
3454 4046 3606 4110 τινὰς
3635 4045 3763 4099 ἰδεῖν

2190 4147 2292 4201 οὐκ
2317 4148 2375 4200 ὲν
2404 4139 2485 4211 οἷς
2527 4144 2609 4198 δεῖ
2641 4143 3007 4215 φοϐουμένους
3050 4141 3140 4196 τὸν
3191 4139 3413 4210 Κύριον,
3445 4140 3538 4192 καὶ
3592 4138 3649 4190 ἐν
3680 4130 3760 4199 οἷς

2190 4238 2296 4311 χρὴ
2330 4237 2405 4309 μὴ
2434 4237 2598 4307 φυὸου
2606 4236 2817 4306 μένους.

2264 4408 2372 4461 Καὶ
2406 4406 2482 4475 τῇ
2520 4405 2769 4460 συνέσει
2819 4403 2939 4470 δῷς
2990 4401 3200 4471 φωνήν
3232 4416 3370 4456 σου.
3406 4401 3672 4462 Ἕκαστος
3703 4398 3760 4451 δὲ

512 4487 750 4557 quisque
787 4502 975 4542 vocem
1025 4504 1183 4544 suam
1217 4489 1311 4542 dat
1337 4488 1498 4544 alicui
1529 4490 1630 4555 rei,
1655 4500 1783 4560 puta
1807 4491 1920 4556 irae,
1955 4493 2085 4547 dum
2120 4465 2164 4520 θ

2120 4465 2164 4520 D
2191 4498 2375 4553 δίδωσι
2573 4494 2765 4548 ἑαυτοῦ
2797 4465 3154 4564 φωνῖήνϋτινι,
3195 4493 3228 4563 ἢ
3258 4495 3323 4563 τῇ
3351 4492 3487 4563 ὀργῇ
3520 4491 3677 4560 τυχὸν
3702 4489 3762 4542 τὸ

510 4595 637 4648 qua:
670 4587 802 4634 sunt
851 4579 971 4650 ejus
1002 4578 1264 4650 loquitur,
1315 4590 1411 4636 aut
1442 4580 1699 4648 tristitiae,
1727 4591 1821 4636 aut
1845 4582 2086 4638 fornica-

511 4666 672 4723 tioni.
702 4668 806 4735 Qui
840 4678 1021 4725 autem
1054 4672 1246 4727 beatus
1273 4679 1378 4739 est,
1434 4688 1590 4727 suam
1650 4688 1868 4728 omnem
1898 4690 2086 4731 vocem

513 4759 708 4814 tribuit
762 4759 1016 4827 Domino,
1065 4770 1128 4816 ut
1158 4762 1422 4832 quidquid
1489 4764 1768 4833 loquatur,
1823 4766 2087 4836 sapientia

513 4848 608 4904 sit.
662 4847 1134 4915 Quemadmodum
1206 4861 1387 4906 autem
1457 4852 1549 4907 alii
1617 4854 1939 4924 pecuniam,
2009 4857 2090 4912 sic

512 4948 703 5011 quaere
757 4950 815 4997 tu
864 4943 1212 5013 sapientiam,
1236 4952 1297 4999 ut
1329 4944 1450 5015 ejus
1497 4947 1678 5003 studio
1715 4947 1863 5002 velut
1891 4964 2091 5006 avarus

507 5035 765 5089 cxsistas.

585 5145 741 5203 Vers.
794 5146 880 5202 l6.
916 5145 999 5201 Ne
1037 5156 1086 5201 te
1114 5148 1518 5218 comprehendat
1560 5149 1759 5203 malum
1784 5150 2083 5206 consilium.

508 5238 615 5306 Qui
647 5239 716 5294 ab
747 5238 991 5295 Ecclesia
1048 5239 1293 5295 extranei
1343 5252 1491 5307 sunt,
1527 5243 1634 5297 alia
1678 5243 1898 5313 quidem
1930 5244 2087 5299 initio

511 5330 859 5398 promittunt,
892 5328 998 5383 alia
1025 5344 1154 5385 vero
1208 5331 1311 5386 sub
1365 5330 1525 5385 linem
1558 5332 1902 5401 proﬁtentur.
1947 5331 2082 5387 Nam

513 5420 670 5474 initio
703 5421 924 5490 quidem
974 5421 1044 5476 ab
1093 5421 1362 5479 idolorum
1419 5423 1567 5480 cultu
1623 5434 1875 5489 avocant,
1927 5434 1982 5479 et
2015 5425 2081 5479 ad

507 5511 824 5567 Creatorem
854 5513 1135 5570 adducunt
1172 5533 1185 5569 :
1247 5514 1442 5571 deinde
1495 5531 1652 5572 secus
1682 5516 1896 5581 mutati,
1927 5513 2082 5571 Vete-

578 5712 623 5743 "
653 5712 839 5769 Matth.
873 5730 983 5780 xxi,
1011 5716 1110 5784 58;
1136 5716 1266 5774 an.
1298 5733 1391 5783 xx,
1428 5718 1514 5772 ii.

2191 4591 2363 4661 αὐτῆς
2389 4589 2779 4659 φθεγγόμενος,
2803 4588 2836 4659 ἢ
2867 4590 2932 4658 τῇ
2960 4585 3126 4659 λύπῃ,
3156 4586 3190 4657 ἦ
3238 4587 3303 4656 τῇ
3338 4584 3581 4656 πορνείᾳ.
3620 4584 3676 4636 ’0
3703 4582 3762 4635 δὲ

2194 4681 2464 4754 μακάριος
2490 4681 2617 4750 ὃλην
2645 4679 2743 4752 τὴν
2769 4678 2961 4733 ἑαυτοῦ
3007 4678 3189 4751 φωνὴν
3239 4678 3523 4749 ἀνατίθησι
3545 4676 3623 4746 τῷ
3650 4678 3762 4729 Κυ-

2192 4775 2314 4847 ρίῳ,
2348 4772 2432 4826 ἴνα
2456 4771 2492 4825 ἂ
2519 4773 2563 4824 δ’
2593 4771 2660 4824 ἂν
2685 4770 2841 4842 λαλῇ,
2870 4768 3029 4838 σοφία
3180 4771 3266 4834 Ὠς
3300 4769 3456 4833 ἄλλος
3496 4769 3552 4823 δὲ
3573 4769 3633 4822 τὺ
3661 4770 3761 4839 ἀρ-

2193 4863 2401 4935 γύριον,
2429 4862 2573 4916 οῦτω
2611 4861 2764 4932 ζήτει
2799 4863 2864 4914 σὺ
2898 4861 2996 4934 τὴν
3027 4861 3238 4933 σοφίαν,
3278 4863 3440 4917 οἱονεὶ
3495 4860 3759 4931 φιλάργυ-

2191 4974 2284 5027 ρος
2308 4957 2365 5011 ὲν
2386 4953 2561 5024 τούτῳ
2584 4954 2881 5023 γινόμενος.

2264 5153 2359 5221 Μή
2385 5169 2461 5207 σε
2487 5150 2790 5220 καταλάϐῃ
2814 5152 3019 5221 ,ϐουλὴ
3048 5151 3221 5219 κακή.
3269 5150 3333 5204 Οἱ
3373 5147 3640 5220 ἀλλότριοι
3662 5146 3759 5217 τῆς

2202 5242 2528 5314 Ἐκκλησίας
2567 5241 2703 5296 ἄλλα
2759 5241 2857 5314 μὲν
2909 5241 3331 5311 ἐπαγγέλλονται
3393 5242 3511 5293 κατ’
3559 5237 3756 5309 ἀρχὰς,

2189 5334 2325 5388 ἄλλα
2350 5334 2407 5388 δὲ
2437 5334 2579 5388 κατὰ
2603 5333 2750 5405 τέλη·
2770 5334 3028 5405 ὰφιστᾶσι
3056 5333 3156 5404 μὲν
3183 5332 3293 5405 γὰρ
3318 5328 3759 5400 εἰδωλολατρείας

2190 5426 2249 5493 ἐξ
2275 5426 2471 5499 ἀρχῆς,
2509 5428 2604 5480 καὶ
2634 5425 2966 5498 προσάγουσι
2997 5424 3074 5495 τῷ
3123 5422 3465 5496 Δημιουργῷ·
3512 5418 3630 5475 εἶτα
3663 5438 3758 5492 με-

2188 5514 2548 5588 τατιθέμενοι,
2614 5515 2714 5589 τὴν
2763 5514 3003 5569 Παλαιὰν
3048 5512 3296 5567 ἁθετοῦσι
3343 5513 3563 5586 Γραφὴν
3598 5512 3755 5568 ἐναν-

1617 5719 1660 5749 ’τ
1688 5716 1877 5773 Matth.
1922 5733 2080 5785 χχιιι,
2117 5718 2208 5786 5‘2,
2239 5718 2327 5774 55.
