4236 6282
455 387 526 444 29
1619 358 2041 422 FRAGMENTA

2076 355 2149 412 ΙΝ
2177 352 2455 412 PROVER
2464 350 2591 405 BlA.
3652 328 3722 387 50

457 502 724 569 τιοὺμενοι
767 497 839 568 τῇ
888 491 1222 565 στοιχειώδει
1248 488 1485 558 νεότητι.

462 564 865 665 πλησιαστικοξς
915 582 1258 646 διδασκάλοις
1290 650 1303 665 ιι
1324 580 1591 650 σύμφωνα
1630 564 1749 638 hic;
1801 574 1857 626 ὲν
1895 571 2039 641 ἀρχῇ

438 749 444 758 _
466 660 738 755 στοιχείοις
760 680 834 734 τὰ
866 676 1017 750 τέλη.
1298 660 1303 666 ’

432 793 444 830 l

432 838 439 850 ’
1114 851 1273 907 xeo.
1314 848 1389 903 Γο.

535 954 615 1008 Τὰ
664 949 734 1006 δὲ
755 947 999 1019 ῥήματά
1042 963 1161 1016 μου
1193 942 1440 1012 mpsim
1478 939 1562 1009 σὴ
1625 938 1855 1008 καρδία.
1888 933 2044 990 Μετὰ

460 1045 529 1100 τὰ
580 1038 960 1116 προστακτικὰ
1009 1037 1103 1092 καὶ
1161 1033 1576 1109 ἀπαγορευτικὰ
1604 1032 1699 1086 τοῦ
1754 1030 1920 1101 νόμον
1949 1025 2042 1080 τοῦ

460 1136 619 1201 Θεοῦ,
644 1134 714 1189 τὰ
742 1135 962 1205 ῥήματα
991 1131 1089 1202 τῆς
1117 1130 1309 1199 σοφίας
1361 1128 1456 1182 τοῦ
1519 1125 1655 1180 Θεοῦ
1712 1120 2045 1191 ἀπαγγέλλει

462 1229 562 1299 τὴν
597 1226 706 1279 τῶν
733 1225 902 1279 ὄντων
951 1223 1156 1294 γνῶσιν
1204 1218 1437 1290 ἀψευδῆ.
1487 1215 1744 1272 Τοιοῦτόν
1781 1217 1899 1267 ἔστι
1951 1209 2046 1265 καὶ

464 1317 548 1383 τὸ,
610 1318 709 1371 Ἐκ
760 1314 908 1370 Σιὼν
962 1313 1349 1378 ἐξελεύσεται
1399 1312 1433 1364 ὁ
1477 1310 1682 1378 νόμος,
1715 1305 1813 1359 καὶ
1865 1305 2047 1374 λόγος

466 1408 689 1475 Κυρίου
740 1404 810 1470 ἐξ
873 1401 1283 1474 Ἰερουσαλήμ.
1335 1402 1393 1457 '0
1434 1399 1544 1471 γὰρ
1570 1398 1752 1471 τηρῶν
1805 1397 1932 1461 τοὺς
1956 1396 2045 1451 νό-

469 1514 603 1568 μους
633 1495 964 1566 ἀναλήψεται
992 1495 1091 1566 τὴν
1138 1492 1349 1563 σοφίαν.
1383 1493 1671 1561 Eam/pare
1692 1490 1823 1563 γὰρ,
1857 1490 2042 1560 φησὶν,

463 1587 698 1654 ἑαυτοῖς
722 1587 1138 1655 δικαιοσύνην·
1164 1584 1503 1656 τρυγήσατε
1526 1586 1616 1651 είς
1637 1582 1847 1652 καιρὸν
1873 1579 2040 1649 ζωῆς.

463 1674 576 1730 Εἶθ’
607 1676 734 1748 ἑξῆς
764 1676 843 1748 τῷ
882 1674 1172 1748 πρακτικῷ
1211 1674 1549 1748 ἐπιφέρεται·
1584 1674 1885 1728 Φωτίσατε
1908 1671 2047 1726 ἐαυ-

464 1769 588 1836 τοῖς
615 1768 743 1839 φῶς
769 1769 1066 1839 γνώσεως.

537 1861 807 1929 Προνοοῦ
832 1861 990 1916 καλὰ
1025 1859 1284 1915 ἐνώπιον
1309 1858 1531 1928 Κυρίου
1559 1857 1657 1912 καὶ
1690 1857 2035 1927 ἀνθρώπων.

476 1951 602 2006 Ἐὰν
636 1953 695 2005 ὲν
728 1952 888 2023 σοφίᾳ
921 1954 1082 2024 ποιῇς
1111 1952 1174 2005 τὸ
1199 1951 1589 2024 πραττόμενον,
1624 1949 1739 2013 υἱὸς
1765 1948 1862 2020 ἔσῃ
1886 1947 2046 2013 Θεοῦ,

463 2041 542 2107 ὡς
567 2041 800 2115 εἴρηται·
828 2042 1033 2097 Πάντα
1066 2044 1137 2098 ἐν
1160 2044 1345 2113 σοφίᾳ
1373 2042 1688 2110 ἐποίησας.

546 2214 695 2287 Τίμα
728 2214 839 2270 τὸν
886 2216 1105 2285 Κύριον
1140 2215 1261 2271 ἀπό
1302 2213 1432 2269 σῶν
1457 2212 1702 2269 δικαίων
1730 2209 1952 2262 πόνων.
1980 2205 2056 2258 Τὸ

466 2308 571 2380 τῆς
594 2308 760 2379 τιμῆς
784 2306 954 2377 δνομα
987 2306 1232 2387 συνήθως
1281 2305 1378 2358 ἐπὶ
1413 2303 1612 2366 δόσεως
1635 2303 1668 2373 ὴ
1693 2299 1815 2353 θεία
1844 2297 2056 2368 λαμϐά-

1527 484 1688 554 Παρὰ
1723 481 1779 535 δὲ
1810 482 1923 542 τοῖς
1952 479 2046 531 ὲκ·-

2079 480 2120 536 Α
2153 473 2229 529 ris
2277 464 2609 525 Testamenti
2675 457 3012 527 Seripturam
3060 451 3301 517 abolent,
3347 456 3403 503 et
3462 447 3723 503 institutae

2141 559 2428 619 elementis
2468 549 2750 624 iuventuti
2795 545 3170 600 adversantur.
3207 539 3361 609 Apud
3387 537 3717 593 ecclesiasti-

2143 629 2245 711 οοδ⁸
2261 667 2391 705 vero
2446 646 2725 709 doctores,
2775 635 3063 695 elementis
3104 633 3283 707 primo
3332 631 3541 686 traditis
3595 629 3725 685 ﬁnis

2148 748 2554 800 consentaneus
2580 743 2687 789 est.

2790 817 2947 891 CAP.
2989 816 3085 871 tu.

2224 922 2380 979 Vers.
2422 920 2475 975 ι.
2521 915 2687 971 Verba
2720 923 2897 967 autem
2928 916 3043 963 mea
3076 914 3240 962 servet
3279 920 3370 958 cor
3406 910 3569 956 tuum.
3592 899 3724 955 Post

2145 1014 2350 1071 divina:
2378 988 2525 1081 legis
2549 1013 2814 1079 praecepta
2862 1017 2926 1056 ac
2979 997 3290 1060 interdicta,
3325 1008 3504 1049 veram
3541 1007 3722 1046 rerum

2146 1105 2438 1163 scientiam
2467 1101 2667 1157 divinae
2690 1095 2972 1168 sapientia:
2998 1090 3161 1146 verba
3190 1086 3537 1142 annnntiant.
3566 1082 3723 1150 Ejus-

2147 1198 2295 1256 modi
2324 1206 2411 1252 est
2432 1196 2600 1250 etiam
2638 1190 2768 1246 illud
2796 1207 2811 1244 :
2840 1187 2925 1241 Ea:
2947 1185 3077 1241 Sion
3113 1180 3273 1236 exibit
3303 1177 3409 1244 leas,
3439 1188 3487 1230 et
3518 1174 3729 1230 verbum

2146 1290 2363 1346 Domini
2411 1303 2478 1343 ea:
2511 1282 2809 1353 Jerusalem
2842 1280 2909 1335 ³⁸.
2955 1276 3059 1344 Qui
3113 1273 3258 1328 enim
3309 1277 3489 1326 servat
3529 1268 3725 1338 legem,

2148 1382 2471 1454 sapientiam
2499 1379 2763 1448 acquiret.
2814 1374 2872 1444 8
2918 1371 3188 1427 Sentinate
3217 1365 3385 1429 enim,
3410 1362 3608 1432 inquit,
3639 1377 3730 1414 eo-

2148 1476 2228 1529 bis
2246 1474 2543 1544 justitiam,
2583 1469 2759 1523 metite
2783 1467 2837 1520 in
2873 1473 3101 1533 tempore
3131 1461 3252 1514 vita:
3282 1459 3348 1510 ³⁸.
3377 1455 3579 1509 Deinde
3602 1461 3728 1523 post

2146 1569 2421 1623 actionem
2507 1555 2828 1633 adiungitur
2880 1576 2895 1613 :
2961 1554 3271 1610 llluminate
3339 1548 3482 1605 vobis
3550 1545 3725 1599 lumen

2144 1660 2402 1715 scientia.
3558 1652 3569 1659 ’

2076 1815 2122 1871 Β
2223 1837 2382 1895 Vers.
2407 1838 2462 1893 4.
2505 1835 2735 1891 Provide
2783 1833 2920 1888 bona
2972 1845 3151 1883 coram
3191 1826 3299 1881 Deo
3327 1836 3373 1879 et
3403 1824 3723 1879 hominibus.

2152 1929 2209 1985 Si
2236 1929 2384 2001 quod
2427 1927 2542 1999 agis
2596 1928 2652 1983 in
2688 1924 2953 1996 sapientia
3007 1919 3222 1987 feceris,
3269 1917 3379 1974 eris
3433 1916 3578 1970 tilius
3607 1913 3731 1977 Dei,

2146 2022 2613 2092 quemadmodum
2673 2012 2881 2075 (licium
2929 2025 3058 2074 est:
3114 2013 3307 2071 Omnia
3366 2012 3420 2066 in
3462 2009 3726 2081 sapientia

2240 2113 2324 2144 ἶ.ιὲ
2346 2112 2391 2144 ιο

2240 2113 2253 2125 .
2313 2112 2391 2144 ,³,

2155 2112 2484 2256 (“338..9.
2522 2199 2745 2253 Honora
2790 2196 3080 2251 Dominum
3108 2193 3173 2246 de
3201 2191 3367 2261 justis
3398 2191 3501 2245 tuis
3531 2189 3732 2244 labori-

2157 2294 2274 2348 bus.
2312 2291 2548 2347 Honoris
2579 2288 2903 2362 vocabulum
2950 2285 3131 2340 divina
3168 2283 3447 2352 Scriptura
3492 2283 3559 2336 de
3585 2281 3730 2336 dono

465 2371 796 2470 νειΓραςρίΓ
1097 2371 1228 2469 ¹γάρ,
1282 2397 1437 2467 φησὶ,
1488 2371 1665 2463 τίμα,
1711 2389 1818 2457 τὰς
1866 2389 2054 2454 ὄντως

2154 2384 2477 2454 plerumque
2507 2379 2727 2449 accipit.
2752 2376 2841 2430 Ait
2869 2375 3015 2430 enim
3044 2392 3058 2428 :
3119 2371 3320 2427 Viduas
3371 2372 3571 2424 honora
3611 2386 3728 2441 qua:

468 2461 680 2561 χήρας,
865 2461 980 2553 τοῦ,
1020 2461 1461 2552 Μεταδίδοῦξῖνα
1507 2461 1581 2556 pi)
1608 2481 1920 2552 ταπεινώσῃ
1951 2480 2051 2551 τὴν

2152 2492 2267 2530 vere
2289 2474 2461 2530 uidua:
2490 2471 2708 2537 sunt“;
2739 2484 2804 2525 ac
2833 2468 2880 2523 si
2909 2466 3080 2533 dicat,
3110 2465 3216 2520 illis
3240 2464 3538 2534 impartire.
3572 2461 3727 2517 Elec-

467 2582 673 2653 χήραν,
724 2578 1096 2652 ἐλεημοσύνην
1147 2576 1223 2650 μὴ
1268 2575 1458 2632 εἰπών.
1515 2576 1627 2629 Καὶ
1678 2577 1708 2628 ό
1756 2571 1948 2643 Σωτὴρ
1990 2568 2048 2623 δέ

468 2688 623 2744 φησυ
673 2674 724 2727 Γ
724 2671 1010 2741 lima-ﬁmi
1047 2672 1120 2725 ὲν
1156 2670 1237 2738 τῷ
1280 2672 1460 2741 νόμῳ·
1519 2668 1663 2737 Τίμα
1690 2664 1798 2719 τὸν
1821 2660 2048 2729 πατέρα

469 2779 587 2819 σου
613 2764 712 2819 καί
739 2764 852 2833 τὴν
881 2762 1114 2833 μητέρα
1150 2780 1287 2819 σου·
1322 2762 1416 2817 καὶ
1458 2759 1529 2815 τὰ
1590 2758 1739 2830 ἑξῆς.
1789 2755 1922 2812 Ἀπὸ
1957 2753 2046 2807 δι-

469 2856 656 2911 καίων
684 2856 741 2910 δὲ
771 2858 976 2910 πόνων
998 2851 1176 2921 εἶπεν,
1216 2856 1301 2909 ῐνα
1342 2854 1416 2927 μὴ
1450 2853 1511 2921 ἐξ
1535 2854 1792 2925 ἁρπαγῆς
1838 2854 1927 2930 εἴη
1954 2857 2049 2909 καὶ

468 2947 801 3013 πλεονεξίας.
832 2948 944 3001 Καὶ
995 2947 1183 3019 μηδεὶς
1227 2947 1456 3002 όκνείτω
1498 2946 1718 2999 διδόναι·
1750 2947 2047 3015 ἀπολογίαν

470 3037 576 3111 γὰρ
601 3039 702 3110 οὐχ
727 3038 839 3106 ἕξει
870 3041 1010 3112 μετὰ
1032 3041 1131 3112 τὴν
1160 3040 1219 3093 ὲν
1247 3037 1320 3109 τῷ
1352 3038 1491 3109 ἁγίῳ
1517 3037 1834 3109 Εὑαγγελίῳ
1870 3039 2046 3110 χήραν

2151 2580 2393 2637 mosyuze
2429 2574 2612 2619 autem
2648 2575 2780 2616 voce
2803 2556 3090 2619 abstinuit,
3122 2572 3190 2610 nc
3219 2556 3488 2610 videretur
3510 2554 3728 2609 viduam

2148 2659 2473 2728 deprimere.
2510 2654 2616 2710 Sed
2645 2662 2700 2709 et
2746 2650 2999 2707 Salvator
3063 2650 3185 2703 a‘it:
3239 2646 3508 2716 Scriptum
3560 2656 3633 2699 est
3675 2646 3730 2698 in

2150 2749 2303 2821 iege:
2353 2746 2570 2801 Honora
2618 2755 2825 2814 patrem
2862 2752 3011 2795 tuum
3056 2749 3104 2794 et
3137 2750 3363 2793 matrem
3406 2748 3553 2790 tuam
3577 2737 3644 2798 ³’,
3677 2745 3731 2790 et

2149 2856 2273 2912 quae
2293 2849 2619 2911 sequuntur.
2656 2837 2733 2892 De
2751 2836 2919 2906 justis
2942 2841 3121 2889 autem
3155 2829 3448 2896 laboribus,
3480 2828 3637 2895 dixit,
3662 2843 3730 2883 ne

2148 2933 2218 2990 de
2241 2932 2435 3004 rapina
2468 2930 2823 3000 intelligatur,
2874 2927 3052 2998 deque
3089 2921 3340 2979 avaritia.
3391 2922 3469 2976 Ac
3506 2936 3575 2975 ne
3603 2919 3729 2991 quis

2146 3035 2436 3082 cunctetur
2464 3024 2634 3079 dare:
2671 3037 2771 3077 nec
2808 3018 2953 3075 enim
2981 3016 3278 3087 quidquam
3313 3013 3380 3068 ad
3421 3012 3730 3067 excusatio-

467 3108 587 3184 ὅλον
612 3108 811 3202 ὲαῦτῆς
835 3108 1103 3202 βαλοῦσαν
1133 3132 1226 3185 τδν
1253 3108 1386 3202 βίον,
1420 3130 1514 3184 καὶ
1544 3108 1956 3196 δικαιωθείσανν,
1981 3133 2042 3185 οὐ

2076 3136 2116 3196 ε
2149 3133 2274 3173 nem
2307 3124 2575 3188 superest,
2607 3130 2732 3171 cum
2758 3113 2919 3169 vidua
2954 3110 3046 3165 illa
3086 3108 3398 3177 evangelica
3439 3108 3484 3139 ³³
3508 3122 3727 3162 omnem

470 3222 621 3294 παρὰ
646 3224 774 3287 τοὺς
801 3222 861 3288 ἐξ
881 3224 1160 3296 ἁρπαγῆς,
1194 3222 1331 3277 ἀλλὰ
1376 3221 1531 3293 παρὰ
1560 3221 1686 3286 τοὺς
1725 3224 1790 3275 ὲκ
1827 3238 2046 3293 περιου-

471 3316 592 3379 σίας
620 3312 900 3384 βαλόντας.
932 3315 1119 3369 Πάντα
1140 3316 1218 3380 se,
1258 3314 1402 3379 δόσις
1452 3313 1570 3368 ἐστὶ
1613 3313 1750 3385 πρὸς
1772 3312 1863 3367 τὸν
1892 3313 2044 3380 Θεὸν,

471 3404 829 3477 σωφροσύνης
860 3406 998 3478 ἔργα
1024 3408 1116 3460 καὶ
1147 3406 1257 3460 τῶν
1306 3405 1508 3459 λοιπῶν
1554 3401 1785 3476 ἀρετῶν.
1820 3406 1913 3457 Δεῖ
1939 3405 2045 3477 γὰρ

470 3500 562 3553 καὶ
589 3500 847 3571 ἀπαρχάς
878 3500 987 3553 άπὸ
1041 3500 1244 3563 παντὸς
1297 3498 1498 3552 διδόναι
1547 3499 1886 3569 γεννήματος
1927 3498 2048 3551 Ἐκ-

470 3589 669 3663 κλησίᾳ
694 3593 789 3645 καὶ
842 3590 1056 3661 πένησιο
1109 3591 1204 3644 καὶ
1250 3590 1358 3644 ἀπὸ
1402 3589 1571 3642 ὕπνου
1605 3589 1664 3644 δὲ
1694 3590 2048 3660 ἀνιστάμενον

469 3681 726 3752 ἀπαρχὴν
755 3680 936 3736 δοτέον
962 3680 1081 3752 Θεῷ
1104 3681 1203 3751 τὴν
1225 3681 1407 3753 εὐχήν·
1433 3681 1527 3734 καὶ
1551 3679 1662 3733 τῶν
1679 3679 1852 3749 λόγων
1877 3681 2050 3753 ἀπαρ-

468 3766 570 3839 χὴν
598 3768 797 3824 διδόναι
831 3771 1120 3841 προσήκει,
1147 3769 1414 3842 ψαλμούς.
1444 3768 1600 3824 Οῦτω
1631 3769 1739 3842 γάρ
1768 3786 1850 3823 σοι
1876 3769 2046 3841 ῥηθή-

470 3875 640 3914 σεται·
672 3860 781 3915 Καί
806 3862 1203 3932 εὐλογημέναι
1228 3866 1287 3917 al
1333 3862 1634 3931 ἀποθῆκίιι
1668 3876 1806 3926 σου,
1850 3863 1947 3917 καί
1975 3862 2049 3915 τὰ

466 3950 981 4023 ἐγκατάλειμματά
1007 3971 1142 4010 σουο
1178 3954 1324 4024 λέγει
1368 3954 1426 4008 δὲ
1451 3954 1521 4007 τὰ
1545 3954 1646 4025 τῆς
1676 3952 1873 4025 ψυχῆς.

554 4124 609 4178 '0
635 4125 780 4192 Θεὸς
807 4126 883 4196 τῇ
930 4127 1122 4197 σοφίᾳ
1163 4127 1521 4196 ἐθεμελίωσε
1569 4126 1706 4197 τῆν.
1752 4124 1913 4179 Ἀλλὰ
1954 4128 2050 4179 καὶ

469 4217 503 4285 ἡ
534 4217 680 4289 ψυχὴ
725 4220 757 4290 ἠ
805 4219 972 4291 πιστὴ
996 4260 1014 4288 ,
1034 4218 1107 4290 γῆ
1164 4216 1882 4281 ὲστιν,ὲκατονταπλασίονα
1915 4232 2051 4286 καρ-

470 4307 805 4379 ποφοροῦσα.
845 4309 996 4380 Αὕτη
1023 4309 1082 4362 δὲ
1136 4310 1202 4362 ὲκ
1232 4308 1333 4379 τῆς
1364 4306 1689 4379 πιότητος,ἦ
1723 4308 1839 4360 ἐστι
1867 4306 2048 4376 σοφία,

469 4400 608 4471 σοφὴ
637 4399 872 4468 γίνεται,
889 4400 1268 4472 θεμελιοῦντος
1299 4400 1471 4469 αὐτὴν
1503 4400 1589 4453 ἐπ’
1613 4399 1748 4470 αὐτῇ
1770 4397 1864 4452 τοῦ
1890 4397 2044 4452 Θεοῦ.

2149 3212 2355 3267 victum
2385 3226 2544 3266 suum
2576 3208 2806 3273 miserit,
2829 3219 3008 3273 eaque
3039 3203 3363 3259 liberalitate
3389 3201 3729 3271 fueritjusti-

2147 3304 2331 3368 licata,
2367 3318 2477 3358 non
2508 3316 2618 3371 pra:
2642 3299 2749 3355 illis
2779 3299 2872 3368 qui
2897 3313 2963 3353 ex
2995 3297 3206 3368 rapina,
3230 3295 3322 3351 sed
3344 3295 3528 3365 qui‘ex
3555 3296 3731 3349 abun-

2148 3396 2299 3452 danti
2361 3404 2415 3449 et
2435 3393 2713 3464 superfluo
2765 3392 3051 3445 miserant.
3108 3387 3504 3457 Temperantia:
3549 3398 3728 3441 autem

2149 3502 2213 3541 ac
2234 3486 2442 3555 reliqua
2478 3484 2739 3538 virtutum
2795 3496 2981 3550 opera,
3022 3481 3149 3535 data
3197 3489 3328 3535 sunt
3372 3478 3482 3533 Deo
3522 3479 3727 3533 debita.

2150 3575 2364 3632 Etenim
2392 3590 2462 3630 ex
2509 3573 2769 3629 omnibus
2801 3570 3052 3641 frugibus
3076 3570 3268 3627 danda:
3309 3578 3438 3626 sunt
3473 3570 3732 3639 primitizc

2149 3666 2411 3723 Ecclesiae
2428 3674 2485 3721 ct
2508 3664 2860 3735 pauperibus.
2893 3664 2998 3719 Sed
3041 3671 3097 3717 ct
3121 3662 3169 3717 is
3195 3662 3287 3732 qui
3329 3677 3358 3715 a
3391 3675 3585 3716 somno
3609 3675 3733 3716 sur-

2149 3758 2247 3830 git,
2273 3758 2434 3813 debet
2474 3757 2607 3812 dare
2644 3756 2752 3811 Deo
2794 3755 3083 3826 primitias,
3141 3769 3330 3824 preces
3372 3752 3642 3819 videlicet,
3678 3763 3734 3808 et

2149 3851 2441 3906 verborum
2472 3849 2744 3920 primitias
2773 3864 2871 3919 par
2892 3856 2977 3903 est
3004 3847 3123 3902 dari
3170 3847 3432 3916 psalmos.
3464 3843 3553 3899 Sic
3582 3845 3729 3911 enim

2150 3941 2396 3995 futurum
2435 3949 2494 3994 ut
2523 3939 2619 3993 tibi
2650 3938 2865 3993 dicatur
2911 3954 2927 3990 :
2962 3935 3031 3989 Et
3087 3936 3362 3989 benedicta
3404 3934 3593 3988 horrea
3638 3944 3732 3987 tua

2149 4041 2198 4086 et
2224 4030 2458 4099 reliquia:
2480 4039 2585 4082 tua:
2620 4028 2686 4095 ³⁵⁵,
2719 4027 2917 4082 animae
2939 4025 3168 4081 scilicet.

2225 4121 2384 4175 Vers.
2410 4119 2499 4173 l9.
2541 4119 2681 4173 Deus
2722 4121 2983 4182 sapientia
3011 4117 3253 4186 [undavit
3285 4126 3500 4170 terram.
3536 4114 3733 4170 Anima

2155 4224 2380 4280 quoque
2432 4207 2797 4269 lidelis,tcrra
2845 4217 2951 4271 est,
2988 4206 3274 4261 centesimi
3322 4206 3534 4260 fructus
3559 4207 3730 4261 ferax.

2155 4300 2283 4357 lla'c
2316 4316 2379 4355 cx
2408 4299 2759 4370 pinguedine,
2785 4298 2836 4353 id
2869 4306 2954 4353 est
3001 4296 3266 4367 sapientia
3295 4297 3515 4367 sapiens
3548 4297 3733 4352 reddi-

2154 4402 2263 4459 tur,
2300 4391 2409 4448 Deo
2433 4392 2604 4461 ipsam
2631 4406 2796 4460 super
2826 4406 2889 4446 ea
2916 4390 3196 4445 fundante.
3225 4387 3408 4443 Firma
3429 4388 3573 4444 enim
3604 4389 3733 4444 sede

477 4461 726 4563 Ἐδράξει
764 4461 875 4563 γὰρ
899 4461 1037 4563 αῦτῇ
1065 4492 1163 4563 τὴν
1196 4461 1506 4563 εἰσαγωγὴν
1538 4491 1638 4561 τῆς
1678 4461 2045 4556 διδασκαλίας,

2082 4461 2122 4518 D
2151 4501 2318 4555 super
2346 4499 2465 4539 eam
2509 4483 2650 4538 locat
2680 4482 2941 4538 doctrina:
2983 4483 3162 4553 prima
3196 4482 3520 4546 rudimenta,
3567 4481 3732 4536 robur

466 4580 631 4651 πῆξιν
655 4579 767 4634 ἀπὸ
811 4582 1004 4652 σοφίας
1050 4582 1388 4652 ποιούμενος,
1432 4583 1525 4636 καὶ
1557 4581 1646 4636 ἀεὶ
1705 4581 2047 4654 προκόπτου-

467 4687 567 4724 σαν
593 4670 826 4742 οὐρανὸν
854 4669 1246 4743 ἀπεργάζεται,
1272 4670 1659 4743 καθαρώτατον
1686 4671 1910 4742 κτίσμα,
1943 4673 2047 4739 ἀγ-

464 4762 635 4830 γέλων
667 4778 728 4816 τε
782 4763 879 4816 καὶ
924 4762 1126 4834 νοερῶν
1148 4764 1349 4819 οὐσιῶν
1409 4764 1742 4835 οἰκητήριον.
1796 4763 2049 4817 Λαεοῦσα

465 4852 716 4925 αἴσθησιν
779 4851 875 4907 τοῦ
939 4854 1122 4921 ὄντος,
1195 4856 1289 4911 καὶ
1359 4854 1697 4910 κατανοοῦσα
1759 4854 1860 4925 τὴν
1937 4855 2049 4911 τῶν

467 4941 808 5013 πραγμάτων
840 4943 1151 5016 ἀκρίϐειαν,
1207 4944 1435 5018 ἄρχεται
1493 4944 1719 5016 διαιρεῖν
1770 4943 1865 4997 καὶ
1916 4941 2046 4999 ἁνα-

470 5033 683 5105 τέμνειν
715 5033 876 5089 αὐτά.

1120 5127 1278 5181 ΚΕΦ.
1319 5126 1396 5181 E'.

533 5217 782 5287 Μακρὰν
814 5218 1077 5286 ποίησον
1133 5219 1234 5274 ἀπ’
1264 5216 1454 5288 αὐτῆς
1511 5218 1637 5288 σὴν
1691 5217 1854 5274 ὁδόν.
1896 5220 2044 5275 Ὀδόν

478 5325 595 5379 ρησι
625 5309 718 5364 τὸν
738 5309 831 5362 ἐπὶ
861 5309 958 5382 τὴν
1007 5310 1208 5382 ἀρετὴν
1254 5309 1507 5364 ὁδεύοντα
1570 5310 1706 5367 δοῦν·
1753 5313 1787 5384 ἦ
1815 5312 1911 5367 καὶ
1942 5311 2042 5386 τὴν

480 5396 663 5470 ἱρετὴν
696 5398 907 5453 κελεύει
939 5400 1039 5471 τῆς
1066 5399 1263 5464 κακίας
1281 5401 1532 5472 χωρίσαι.

1112 5493 1270 5548 ΚΕΦ.
1303 5495 1394 5563 ς’.

534 5581 706 5651 Γυνή
739 5582 808 5637 δὲ
839 5581 1075 5649 ἀνδρῶν
1101 5583 1295 5652 τιμίας
1319 5583 1526 5655 ψυχὰς
1573 5585 1830 5655 timebat.
1863 5587 1974 5642 Καὶ
2004 5589 2037 5661 ή

2146 4576 2344 4633 stabile
2371 4592 2402 4631 a
2453 4575 2716 4645 sapientia
2764 4584 3054 4645 pra'slans,
3087 4587 3407 4642 semperque
3443 4572 3729 4641 proﬁcien-

2149 4678 2255 4723 tem
2308 4668 2505 4723 caelum
2554 4668 2769 4722 tandem
2801 4667 2983 4731 edicit,
3041 4665 3454 4721 mundissimam
3485 4666 3725 4719 structu-

2147 4776 2284 4822 ram.
2324 4759 2754 4828 angelorumque
2778 4773 2843 4812 ac
2872 4758 3135 4813 mentium
3180 4757 3573 4812 habitaculum.
3618 4755 3730 4811 En-

2147 4851 2326 4921 tisque
2385 4850 2477 4904 illa
2534 4863 2758 4905 sensum
2811 4848 3121 4919 accipiens,
3182 4862 3381 4917 resque
3442 4847 3729 4918 diligenter

2151 4940 2531 5007 considerans,
2570 4957 2666 4995 eas
2714 4938 2953 4996 dividere
2985 4955 3051 4996 ac
3098 4939 3352 4994 minutim
3413 4953 3599 4994 secare
3645 4940 3732 4996 iu-

2149 5032 2300 5103 eipit.
2354 5059 2363 5064 -

2804 5119 2956 5178 CAP.
3005 5120 3071 5179 V.

2227 5214 2389 5274 Vers.
2419 5217 2475 5274 8.
2503 5216 2680 5288 Longe
2715 5216 2800 5288 fac
2842 5216 2907 5271 ab
2955 5234 3018 5273 ea
3046 5217 3189 5273 uiam
3241 5226 3409 5269 tuam.
3448 5213 3602 5269 Viam
3633 5231 3732 5288 ap-

2150 5308 2317 5378 pellat
2345 5306 2591 5363 animum
2617 5307 2685 5363 ad
2705 5305 2961 5364 virtutem
2996 5309 3099 5364 iter
3128 5304 3568 5362 contendentem.
3619 5307 3732 5363 Aut

2147 5403 2309 5457 etiam
2334 5401 2488 5473 jubet
2517 5411 2579 5456 ut
2602 5400 2854 5455 virtutem
2880 5416 2910 5455 a
2931 5392 3078 5457 vitiis
3109 5410 3447 5467 separemus.

2782 5491 2938 5550 CAP.
2996 5492 3087 5549 Vl.

2218 5586 2376 5645 Vcrs.
2410 5586 2503 5642 ‘26.
2550 5585 2745 5641 Muiier
2769 5595 2943 5641 autem
2976 5587 3208 5640 virorum
3233 5582 3490 5649 pretiosas
3520 5588 3736 5645 animos

535 5701 579 5733 ’⁸
609 5701 711 5779 lsa.
745 5704 887 5779 ti,_5.
966 5703 1011 5736 ”
1032 5701 1158 5756 Osc.
1181 5705 1345 5779 x,__12.
1427 5706 1470 5739 '°
1499 5705 1640 5763 Psal.
1662 5723 1778 5774 CIII,
1802 5708 1893 5764 24.
1974 5709 2012 5741 ³³

2076 5708 2244 5765 ηΤίω.
2266 5726 2318 5779 v,
2346 5710 2401 5766 '5.
2479 5709 2521 5741 "
2561 5707 2871 5777 Mattbatx,
2908 5708 2971 5773 9;
3001 5705 3136 5760 Luc.
3168 5713 3322 5764 xvut,
3351 5699 3439 5757 ‘20.
3526 5704 3571 5736 ³³
3600 5707 3742 5765 Luc.

471 5782 583 5834 ut.
612 5773 663 5829 2.
745 5773 787 5804 “
810 5772 963 5829 Deut.
999 5787 1192 5841 xxvnt,
