4236 6282
450 297 521 354 ss
1560 266 1991 342 FRAGMENTA
2019 265 2092 331 'IN
2131 271 2545 331 moveam.
3224 260 3233 263 '
3644 256 3716 322 δι

453 413 703 488 πομένοις
723 411 925 484 ἴχνεσιν
950 413 1037 464 ὲνί
1053 410 1122 482 τῇ
1156 409 1228 481 γῇ
1269 409 1336 481 τῇ
1357 404 1647 479 ψαμμώδει
1673 404 1781 459 τῶν
1806 403 2036 459 ὲπιϐάνι

2071 401 2110 460 Α
2138 411 2247 452 non
2292 403 2440 450 sunt.
2462 392 2606 448 Cum
2635 392 2780 446 enim
2830 389 3011 460 aquila
3047 387 3228 445 volatu
3282 402 3380 458 per
3408 401 3535 442 aera
3565 387 3712 443 nulla

454 525 565 563 των
601 505 791 576 αὐτῆς,
814 502 1082 558 ἀδύνατόν
1137 502 1254 554 ἐστι
1304 498 1583 571 νοηθῆναι·
1630 496 1774 551 οὕτω
1804 495 1899 550 καὶ
1941 495 2036 548 ἐπὶ

2138 489 2191 543 in
2220 502 2287 542 eo
2317 486 2590 554 relinquat
2622 483 2870 552 vestigia,
2898 481 3081 552 qualia
3112 480 3224 536 fere
3274 488 3405 536 sunt
3453 480 3711 535 inceden-

457 600 646 669 ὖφεως·
678 574 736 652 t.’
766 598 869 668 μὲν
907 595 1141 665 εύείκτῳ
1166 596 1240 666 γῇ
1263 590 1489 648 δυνατδν
1512 582 1752 646 νοέῖσθαι
1776 589 1949 653 ὀδοὺς,
1977 588 2035 640 ὲν

2134 581 2272 637 tium
2314 581 2542 634 interra
2568 591 2825 642 arenosa,
2891 575 3006 631 ﬁeri
3058 590 3166 628 non
3203 584 3379 645 potest
3409 584 3466 630 ut
3491 574 3617 644 quis
3646 587 3713 628 ea

456 689 511 744 δὲ
532 691 596 761 τῇ
629 688 808 759 πέτρᾳ
837 687 933 758 μή.

528 950 638 1007 Kal
686 944 925 1019 τρίϐους
968 947 1113 1015 νηὸς
1143 944 1666 1012 ποντοπορούσης.
1700 941 1931 1013 Μήποτε
1976 937 2038 991 δὲ

445 1044 590 1098 ναῦν
614 1044 673 1096 ὲν
698 1038 907 1099 τούτοις
925 1039 1147 1092 λεκτέον
1194 1036 1284 1091 τὸν
1348 1035 1557 1106 Ἰησοῦν
1582 1034 1679 1087 καὶ
1702 1033 1828 1095 τοὺς
1861 1031 2037 1103 μαθη-

456 1134 558 1196 τὰς
588 1128 776 1195 αὐτοῦ,
812 1129 941 1184 ποτὲ
964 1127 1021 1180 δὲ
1053 1126 1147 1181 καὶ
1193 1125 1391 1198 μόνους
1436 1123 1653 1186 αὐτούς·
1680 1123 1741 1174 οὐ
1774 1137 2039 1175 ποντοπο-

462 1225 684 1299 ροῦσαν·
708 1222 945 1287 Εὐθέως
988 1217 1099 1290 γὰρ
1138 1219 1378 1290 ἐγένετο
1431 1217 1500 1271 τὸ
1550 1216 1766 1271 πλοῖον
1801 1214 1901 1268 ἐπὶ
1928 1214 2044 1281 τὴν

463 1316 599 1389 γῆν,
650 1318 736 1382 εἰς
781 1313 861 1382 ῆν
903 1310 1164 1381 ὑπῆγον,
1211 1303 1334 1383 θείᾳ
1378 1304 1628 1379 δυνάμει.
1682 1304 1834 1369 Ναῦς
1858 1300 1915 1358 δὲ
1965 1303 2042 1376 μὴ

467 1410 707 1483 φέρουσα
736 1409 827 1463 τὸν
868 1404 1075 1478 Ἰησοῦν
1096 1402 1437 1474 ποντοπορεϊ,
1462 1402 1556 1455 καὶ
1608 1399 1765 1456 τοῦτο
1789 1398 1876 1453 διὰ
1901 1416 2039 1454 παν-

460 1504 573 1568 τὸς,
614 1502 721 1556 ὑπὸ
756 1501 865 1555 τῶν
903 1497 1163 1553 ἐναντίων
1200 1497 1652 1553 ἀκαταστατοῦσα
1691 1495 2038 1568 πνευμάτων.

456 1594 566 1648 Καὶ
589 1592 715 1646 ἐπεὶ
736 1588 832 1644 τοῦ
864 1589 977 1660 βίου
1007 1588 1078 1642 τά
1103 1587 1402 1659 πράγματα
1430 1588 1750 1661 ματαιότης,
1778 1599 2042 1643 ποντοπο-

2137 673 2421 741 intelligat.
2483 667 2747 723 Similiter
2790 668 2955 723 etiam
3006 667 3060 721 in
3113 675 3364 735 serpente
3402 684 3416 721 :
3458 667 3511 721 in
3563 665 3713 720 molli

2137 766 2361 837 quidem
2389 775 2532 822 terra
2563 762 2697 817 nihil
2740 770 2883 816 vetat
2928 759 3050 830 ejus
3091 758 3208 813 vias
3239 756 3500 828 intelligi;
3554 774 3716 815 secus

2138 868 2319 913 autem
2353 858 2406 912 in
2437 865 2610 927 petra.

2210 948 2367 1005 Vere.
2397 946 2482 1003 1⁷5.
2516 946 2622 1016 ιθ
2649 944 2719 999 Et
2736 944 2951 1000 semitas
2979 944 3129 998 navis
3154 943 3208 996 in
3237 943 3395 996 mari.
3432 938 3591 997 Forte
3612 940 3719 998 hoc

2142 1042 2263 1097 loco
2295 1041 2449 1096 navis
2478 1038 2704 1094 (licenda
2750 1045 2833 1090 est
2889 1033 3071 1100 Jesus,
3132 1044 3187 1089 et
3243 1033 3497 1104 discipuli
3558 1033 3718 1102 ejus;

2143 1133 2474 1203 quandoque
2500 1145 2630 1186 vero
2654 1128 2818 1184 etiam
2875 1126 2980 1197 ipsi
3017 1126 3151 1194 soli;
3184 1139 3292 1180 n0n
3339 1126 3393 1180 in
3426 1125 3564 1179 mari
3593 1143 3607 1178 :
3632 1125 3719 1179 di-

2141 1224 2267 1278 vina
2294 1225 2437 1279 enim
2479 1224 2680 1276 virtute
2733 1219 2880 1274 navis
2935 1218 3120 1274 statim
3172 1217 3226 1271 in
3272 1227 3415 1272 terra
3461 1216 3586 1286 fuit,
3647 1216 3719 1270 ad

2140 1332 2298 1386 quam
2324 1315 2471 1369 ibant
2501 1316 2568 1370 ³³.
2622 1311 2755 1380 Qua:
2782 1326 2911 1368 vero
2962 1310 3117 1367 navis
3146 1308 3334 1366 Jesum
3384 1324 3492 1363 non
3516 1318 3719 1381 portat,

2138 1408 2194 1463 in
2231 1408 2410 1463 medio
2443 1407 2578 1462 mari
2610 1405 2872 1461 continue
2900 1418 3145 1468 versans,
3177 1401 3582 1457 adversantium
3609 1401 3721 1471 spi-

2142 1503 2345 1556 rituum
2383 1501 2618 1570 procella
2640 1501 2895 1570 jactatur.
2931 1496 2997 1553 Et
3037 1497 3294 1568 quoniam
3336 1492 3499 1563 hujus
3533 1493 3719 1549 saeculi

2144 1607 2235 1647 res
2266 1593 2480 1649 vanitas
2510 1602 2660 1659 sunt,
2705 1606 2770 1647 ac
2831 1604 3047 1662 semper
3097 1588 3384 1652 ﬂuctuant,
3433 1602 3535 1644 nec
3568 1588 3722 1659 quis-

464 1683 702 1756 ρούντων
726 1682 835 1745 ἀεὶ,
858 1680 954 1734 καὶ
981 1677 1210 1750 μηδενὸς
1231 1676 1339 1732 τῶν
1375 1676 1473 1730 ἀνθ
1481 1674 1678 1748 ρώπων
1705 1673 2037 1744 προάγοντος

2073 1735 2113 1756 _
2141 1699 2306 1754 quam
2336 1685 2618 1739 hominum
2667 1685 2735 1740 ad
2787 1685 2955 1739 vitam
2984 1682 3242 1753 provehit
3285 1690 3568 1744 aeternam,
3600 1678 3719 1736 ﬁeri

461 1776 544 1839 είς
570 1772 715 1844 ζωὴν
739 1770 976 1835 αἰώνιον,
1004 1769 1066 1821 ού
1116 1767 1341 1822 δυνατὸν
1378 1765 1635 1837 νοηθῆναι
1680 1763 1777 1828 τὰς
1819 1762 2040 1836 τρίϐους

460 1863 664 1919 αὐτῶν.
695 1858 996 1933 Τοιγαροῦν
1022 1857 1130 1913 τῶν
1173 1858 1399 1925 ἐνδόξων
1428 1856 1527 1927 τῆς
1559 1857 1663 1926 γῆς
1711 1853 1972 1925 βασιλέων
2001 1852 2037 1925 ἢ

462 1953 561 2008 καὶ
587 1951 863 2025 ἀρχόντων
885 1949 1161 2022 ἀλλότριον
1207 1946 1515 2010 θεοσεϐείας
1557 1946 1717 2017 ἔργον
1760 1943 1914 1998 οὐδὲν
1940 1959 2042 1996 κα-

464 2044 781 2099 ταλείπεται
826 2041 965 2113 μετὰ
1003 2040 1279 2109 τελευτήν.
1336 2038 1603 2107 Ἐσϐἐσθη
1640 2036 1748 2105 γὰρ
1796 2033 1975 2087 αὐτῶν
2009 2034 2044 2102 ἡ

468 2135 621 2201 δόξα.
656 2134 772 2187 Οὐκ
818 2128 1267 2200 ἑπιγινώσκονται
1309 2129 1387 2192 δὲ,
1423 2126 1608 2199 φησὶν,
1640 2125 1762 2178 οὐδὲ
1787 2123 1913 2177 ὁδοί
1940 2123 2047 2176 ἀν-

464 2226 614 2295 δρὸς
637 2225 710 2279 ἐν
735 2224 993 2290 νεότητι,
1019 2219 1481 2290 ταῖςιὲπιθυμίαις
1526 2214 1927 2289 πεπυρωμένου
1962 2212 2051 2267 διὰ

465 2318 530 2372 τὸ
550 2317 784 2372 ἄστατον
810 2314 918 2367 τῶν
948 2312 1185 2384 τρόπων·
1211 2310 1422 2381 καὶτῆς
1445 2307 1821 2381 μοιχαλίδος,
1846 2303 2049 2377 ὁμοίως

460 2409 556 2463 διὰ
581 2409 642 2462 τὸ
663 2406 1037 2476 ἀναίσχυντον.
1069 2403 1139 2457 Ἣ
1162 2400 1320 2456 τοῦτό
1362 2403 1508 2455 ἐστιν
1534 2402 1567 2471 ἠ
1589 2399 1698 2452 τῶν
1719 2398 1890 2451 ἐθνῶν
1926 2396 2048 2449 Ἐκ-

466 2501 690 2574 κλησία,
755 2499 877 2570 ἣτις
934 2493 1071 2568 μετά
1114 2493 1177 2547 τὸ
1224 2491 1626 2548 ἀπολούσασθαι
1671 2488 1761 2544 διὰ
1805 2488 1899 2542 τοῦ
1946 2486 2044 2557 βα·-

466 2594 770 2664 πτίσματος
814 2590 967 2645 οὐδέν
1024 2606 1190 2661 φησιν
1232 2586 1433 2639 ἄτοπον
1481 2582 1845 2656 πεπραχέναι.
1887 2580 1947 2634 '0
1988 2579 2046 2634 δὲ

466 2686 673 2749 δίκαιος
696 2684 799 2738 οὐκ
850 2683 998 2738 ἔστιν
1043 2682 1103 2735 ὲν
1128 2680 1360 2751 νεότητι,
1411 2677 1554 2742 ἐπεὶ,
1607 2673 1936 2740 τελειωθεὶς
1974 2673 2047 2727 ἐν

468 2776 671 2846 ὀλίγῳ,
700 2774 1020 2844 ἐπλήρωσε
1051 2773 1311 2842 χρόνους
1354 2767 1643 2840 μακρούς.
1680 2764 1918 2837 Τοιαύτη
1953 2764 2048 2819 καὶ

468 2869 620 2922 πᾶσα
671 2867 809 2940 γυνὴ
856 2865 1124 2939 μοιχαλὶς,
1178 2864 1213 2936 ἢ
1262 2859 1671 2933 ἀλλατριώσασα
1708 2856 1907 2929 ἑαυτὴν
1949 2855 2046 2910 τοῦ

471 2960 725 3031 νυμφίου,
773 2958 868 3012 καὶ
924 2956 1073 3029 ψυχὴ
1119 2951 1493 3009 καταλιποῦσα
1559 2950 1656 3005 τὸν
1688 2972 1689 2975 η
1717 2949 1907 3023 ἄνδρα,
1953 2950 2048 3007 καὶ

464 3051 645 3105 ὀπίσω
668 3051 775 3105 τῶν
796 3046 1040 3122 ἐραστῶν
1061 3044 1423 3118 πορευομένη.

543 3146 653 3200 Καὶ
686 3142 1069 3212 ἐπιστρατεύει
1119 3139 1221 3208 ἀφ’
1244 3137 1385 3204 ἐνὸς
1431 3137 1843 3206 κελεύσματος
1870 3133 2045 3190 εὐτά-

2144 1791 2254 1831 non
2283 1783 2463 1845 potest
2498 1785 2557 1831 nt
2581 1776 2790 1831 semitae
2816 1789 3008 1830 eorum
3041 1773 3433 1844 intelligantur.
3485 1771 3720 1842 lnclyto—

2141 1882 2264 1921 rum
2300 1866 2485 1937 itaque
2515 1882 2703 1938 regum
2735 1876 2893 1922 terra:
2933 1880 3028 1921 seu
3055 1865 3220 1920 etiam
3253 1863 3559 1934 principum
3590 1861 3718 1917 nul-

2140 1956 2255 2010 lum
2285 1970 2316 2009 a
2347 1953 2442 2010 Dei
2484 1955 2686 2025 pietate
2718 1956 2958 2010 alienum
3014 1969 3153 2023 opus
3199 1962 3323 2022 post
3369 1962 3600 2008 mortem
3629 1967 3720 2008 re—

2145 2044 2435 2111 linquitur.
2493 2042 2776 2100 Exstincta
2808 2044 2955 2098 enim
3001 2052 3085 2097 est
3128 2042 3301 2112 gloria
3358 2058 3572 2098 eorum.
3601 2040 3723 2097 Non

2151 2142 2565 2202 cognoscuntur
2596 2144 2748 2196 vero,
2778 2131 2975 2201 inquit,
3007 2131 3104 2186 viae
3124 2132 3224 2185 viri
3251 2132 3307 2186 in
3336 2132 3723 2198 adolescentia;

2149 2225 2254 2280 viri
2291 2224 2548 2280 nimirum
2579 2223 2864 2279 libidinum
2901 2223 3120 2279 ﬂamma
3148 2226 3449 2293 aestuantis,
3476 2241 3586 2296 pra:
3608 2240 3728 2282 mo-

2149 2331 2270 2370 rum
2313 2315 2500 2386 utique
2533 2314 2925 2380 instabilitate;
2959 2314 3268 2386 pariterque
3299 2316 3536 2371 mulieris
3562 2315 3723 2370 adul-

2148 2415 2293 2470 terae,
2324 2420 2436 2475 pra:
2462 2404 2872 2460 invenecundia.
2908 2405 3004 2461 Vel
3054 2404 3294 2462 Ecclesia
3331 2407 3570 2481 gentium
3614 2415 3721 2471 est,

2146 2514 2269 2568 quae
2296 2497 2466 2556 seruet
2495 2496 2752 2567 baptismi
2805 2496 3132 2552 lustratione
3165 2497 3373 2564 abluta,
3401 2499 3477 2553 ait
3501 2498 3636 2552 nihil
3663 2513 3723 2553 se

2149 2600 2306 2661 turpe
2333 2589 2699 2646 commisisse.
2746 2584 2940 2643 Justus
2971 2596 3154 2641 autem
3217 2603 3324 2643 non
3371 2599 3457 2644 est
3506 2590 3560 2645 in
3589 2590 3725 2644 ado-

2146 2683 2432 2750 lescentia,
2456 2685 2729 2755 siquidem
2760 2684 2814 2737 in
2874 2679 3016 2733 brevi
3057 2688 3450 2734 consummatus
3500 2683 3727 2753 explevit

2148 2790 2381 2846 tempora
2412 2778 2582 2834 multa
2615 2779 2682 2835 “.
2718 2779 3013 2853 Ejusmodi
3031 2788 3116 2837 est
3144 2779 3325 2836 omnis
3355 2776 3550 2832 mulier
3570 2776 3728 2831 adqu

2148 2881 2283 2938 tera,
2344 2884 2468 2941 qua
2512 2885 2572 2926 se
2630 2887 2661 2926 a
2721 2887 2926 2942 sponso
2976 2872 3246 2943 abjunxit,
3303 2879 3466 2940 atque
3514 2867 3725 2933 anima,

2148 2979 2272 3035 qua:
2302 2964 2422 3019 viro
2468 2963 2660 3019 relicto
2689 2964 2932 3019 ambulat
2956 2972 3081 3035 post
3126 2972 3397 3019 amatores
3426 2976 3581 3017 suos.

2071 3080 2115 3140 ο
2219 3119 2377 3177 Vers.
2420 3119 2512 3175 27.
2570 3117 2952 3190 Egrediturque
3004 3134 3097 3189 per
3127 3127 3329 3171 turmas
3383 3117 3454 3170 ad
3494 3113 3724 3187 primam

470 3255 642 3304 κτως.
686 3236 775 3300 Ὠς
812 3204 1076 3297 εὔτακτος
1105 3204 1405 3287 ἐπαινεῖται
1443 3229 1538 3283 καὶ
1583 3229 1618 3299 ή
1642 3204 1911 3300 ἀκρὶς,τῷ
1951 3225 2037 3280 τοῦ

2137 3212 2438 3284 jussionem
2471 3211 2783 3278 composite.
2835 3207 3008 3262 Etiam
3045 3208 3257 3262 locusta
3300 3204 3551 3260 laudatur
3580 3204 3727 3274 quod

468 3328 606 3384 Θεοῦ
632 3328 792 3397 λόγου
816 3324 1111 3396 πειθομένη
1147 3322 1494 3394 κελεύσματι.
1530 3318 1763 3392 Τοιαύτη
1793 3318 1877 3383 τίς
1901 3320 2048 3372 ὲστιν

473 3423 510 3493 ἠ
547 3415 973 3490 Ἐκκλησία,διὰ
1013 3415 1075 3468 τδ
1112 3414 1249 3486 πρὸς
1298 3411 1409 3466 τῶν
1444 3408 1747 3482 ἀνθρώπων
1771 3424 2048 3482 καταφρο-

472 3492 714 3570 νεῖσθαι,
737 3508 919 3581 ἀκρίδι
950 3507 1026 3571 ὥς
1059 3508 1199 3578 πρὸς
1222 3505 1283 3558 τὸ
1315 3492 1422 3573 ζῇν
1445 3504 1539 3557 ἐπὶ
1581 3503 1687 3574 γῆς
1710 3500 2050 3575 παραϐαλλο-

474 3603 646 3677 μένη·
681 3602 771 3657 διὰ
818 3603 876 3656 δὲ
920 3600 980 3654 τὸ
1039 3597 1176 3670 μετά
1231 3597 1407 3669 Ἰησοῦ
1451 3593 1785 3664 συνάγεσθαι
1829 3594 1925 3647 καὶ
1974 3592 2050 3666 μὴ

470 3694 813 3770 σκορπίζειν,
842 3692 956 3748 ἀλλ’
980 3689 1260 3746 ἐνδύεσθαι
1288 3689 1389 3760 τὴν
1435 3687 1735 3741 πανοπλίαν
1766 3685 1864 3740 τοῦ
1888 3684 2045 3750 Θεοῦ,

472 3791 562 3845 ἵνα
591 3789 815 3858 ἀντιστῇ
843 3785 981 3859 πρὸς
1029 3785 1127 3847 τὰς
1182 3780 1464 3853 μεθοδείας
1519 3779 1614 3833 τοῦ
1646 3778 1914 3842 διαϐόλου,
1955 3777 2048 3845 ἀφ’

474 3880 593 3943 ἐνὸς
637 3875 1001 3946 κελεύσματος
1045 3871 1322 3933 εὒτάκτως
1366 3866 1881 3941 στρατοπεδεύουσα·
1934 3861 2050 3917 ἐστι

468 3972 531 4026 δὲ
576 3968 928 4029 ἀϐασίλευτος
969 3964 1075 4018 ὑπὸ
1121 3960 1216 4017 τοῦ
1269 3959 1489 4033 Φαραὼ,
1537 3958 1652 4014 ἀλλ’
1678 3956 1777 4029 οὐχ
1819 3955 1924 4010 ὑπὸ
1957 3954 2049 4009 τοῦ

473 4059 639 4125 Θεοῦ,
684 4059 779 4113 καὶ
827 4056 934 4111 τῶν
999 4052 1315 4123 Αἰγυπτίων
1360 4053 1410 4104 oi.
1458 4051 1611 4103 πόνοι
1665 4046 2052 4118 παραδίδονται

475 4153 671 4226 ταύτῃ.
710 4152 866 4215 Ἴσως
893 4149 949 4202 δὲ
979 4147 1069 4203 διὰ
1094 4146 1168 4218 μὴ
1199 4140 1579 4215 βασιλεύεσθαι
1627 4139 1774 4210 ἡμᾶς
1811 4136 1916 4208 πρὸ
1957 4137 2055 4206 τῆς

474 4243 713 4319 Χριστοῦ
765 4241 1058 4315 βασιλείας,
1104 4234 1458 4293 ἀϐασίλευτον
1508 4232 1542 4304 ἠ
1585 4229 1767 4303 ἀκρίς.
1827 4228 1902 4282 Οὐ
1946 4226 2057 4319 γάρ

472 4318 691 4411 ἔχουσιν
716 4334 1039 4408 ἡγούμενον,
1085 4328 1336 4400 καθάπερ
1386 4327 1443 4379 αἱ
1477 4323 1751 4397 μέλισσαι,
1795 4319 1909 4375 ἀλλ’
1932 4318 2057 4373 ἐκά-

2148 3302 2475 3374 composita,
2503 3301 2764 3372 verbique
2796 3300 2885 3355 Dei
2907 3299 3144 3368 jussioni
3182 3306 3386 3370 pareat.
3417 3293 3728 3353 Istiusmodi

2148 3406 2233 3451 est
2259 3394 2523 3460 Ecclesia,
2555 3409 2597 3464 p‘
2619 3401 2838 3462 opterea
2867 3392 3013 3461 quod
3047 3390 3417 3446 contemnitur
3447 3390 3518 3444 ab
3549 3388 3731 3444 homi-

2148 3489 2332 3555 nibus,
2359 3489 2605 3551 locustae,
2658 3484 2805 3558 quod
2844 3494 3050 3555 Spectat
3075 3484 3143 3539 ad
3171 3494 3392 3551 terram,
3426 3497 3592 3553 super
3617 3492 3727 3537 ter-

2151 3596 2265 3635 ram
2300 3588 2651 3651 comparata;
2678 3579 2820 3650 quod
2860 3593 2990 3634 vero
3028 3592 3154 3633 eum
3209 3572 3339 3630 Jesu
3368 3582 3731 3643 congregetur

2148 3681 2203 3728 et
2253 3688 2360 3728 non
2412 3672 2778 3743 dispergatur,
2810 3671 2904 3728 sed
2938 3668 3031 3724 llei
3065 3675 3401 3723 armaturam
3429 3663 3640 3729 induat,
3670 3671 3732 3719 ut

2151 3765 2373 3821 resistat
2404 3764 2672 3822 adversus
2719 3764 2952 3821 astutias
2980 3760 3206 3825 diaboli,
3255 3758 3320 3813 ad
3347 3756 3579 3827 primam
3611 3755 3731 3827 jus-

2154 3857 2366 3911 sionem
2397 3857 2679 3928 egreditur
2737 3851 3047 3925 composito
3104 3849 3340 3919 agmine.
3397 3845 3528 3916 Regi
3583 3846 3730 3902 enim

2152 3964 2259 4002 non
2286 3957 2460 4018 paret,
2482 3963 2677 4017 nempe
2722 3942 3016 4007 Pharaoni,
3056 3942 3151 3999 Sed
3203 3939 3297 3997 Dei
3339 3939 3568 4013 imperio
3600 3940 3734 3994 sub-

2151 4041 2295 4109 jecta
2349 4047 2454 4103 est,
2506 4040 2666 4106 eique
2716 4037 3009 4091 traduntur
3064 4034 3443 4105 Egyptiornm
3494 4034 3730 4087 labores.

2156 4129 2318 4182 Forte
2337 4142 2486 4193 vero,
2508 4126 2654 4195 quod
2692 4132 2819 4177 ante
2872 4122 3079 4177 ChriSti
3114 4138 3355 4191 regnum
3407 4114 3586 4190 regth
3624 4137 3731 4174 non

2159 4219 2475 4283 habuimus,
2505 4218 2713 4272 locusta
2742 4232 2920 4289 regem
2955 4234 3064 4274 non
3100 4216 3281 4271 habet.
3309 4211 3427 4267 Non
3449 4213 3595 4267 enim
3634 4213 3736 4267 du-

2158 4325 2276 4365 cem
2312 4310 2531 4378 habent,
2564 4310 3026 4379 quemadmodum
3059 4322 3210 4380 apes,
3245 4307 3338 4362 sed
3391 4319 3735 4374 unaquaeque

477 4396 581 4504 6:11
605 4396 838 4502 ἡγεῖται.
858 4396 1041 4480 Ὀὗτοί
1070 4424 1208 4477 εἰσιν
1245 4396 1646 4492 οίγπροαιρέσει
1674 4411 2032 4483 κουφιζόμενο

2087 4434 2133 4492 D
2158 4401 2333 4472 praeit.
2389 4398 2453 4455 Hi
2496 4411 2627 4457 sunt
2654 4400 2748 4469 qui
2800 4400 3078 4455 voluntate
3113 4413 3144 4452 a
3190 4396 3419 4450 terrenis
3460 4396 3733 4460 levantur,

474 4523 583 4579 τῶν
636 4521 863 4593 γηΐνων,
909 4514 1249 4586 τεταγμένην
1300 4508 1573 4573 ὁδεύοντες
1624 4507 1790 4578 ζωήν.
1843 4504 1914 4557 Ἢ
1958 4503 2056 4567 καὶ

477 4617 715 4690 ἀκρίδες,
749 4616 886 4676 ὅσοι,
918 4613 986 4682 τῇ
1034 4609 1217 4680 νοήσει
1266 4605 1576 4677 βουλόμενοι
1631 4597 1911 4662 πέτεσθαι,
1936 4596 2059 4651 ἀδυ-

476 4689 761 4770 νατοῦντες
780 4704 962 4772 ὀλίγον
983 4701 1085 4772 τῆς
1121 4699 1222 4770 γῆς
1250 4696 1660 4768 ἀνατρέχουσιν.
1694 4692 1758 4745 Et
1809 4689 1866 4743 δὲ
1911 4704 2054 4761 πρα-

478 4799 663 4854 κτικὸν
689 4792 1064 4869 μεταλάϐοιεν,
1088 4793 1167 4856 εἰς
1210 4789 1268 4845 ἓν
1292 4790 1480 4859 τάγμα
1503 4781 1806 4858 πρακτικὸν
1830 4778 2058 4851 ὲναχθή-

480 4908 664 4946 σονται
671 4930 684 4943 .

547 4982 657 5038 Καὶ
684 4979 899 5052 τράγος
934 4975 1269 5046 ἡγούμενος
1298 4969 1597 5027 αἰπολίου.
1647 4965 1844 5052 Τρίτος
1870 4965 1899 5017 ό
1922 4961 2055 5036 τρά-

476 5089 574 5143 γος
633 5070 776 5127 κατά
804 5051 807 5052 ν
834 5070 1028 5142 μόνους
1082 5065 1208 5127 τοὺς
1256 5063 1311 5116 0'
1364 5062 1696 5132 ἡγούμενος
1725 5051 2051 5143 ἀιτολίου,

478 5137 656 5235 αὔξων
676 5177 735 5217 τε
761 5137 850 5214 καί
878 5155 1164 5228 πληθύνων
1187 5150 1318 5206 αὐτὸ
1339 5149 1435 5202 καὶ
1486 5144 1577 5200 ἐπὶ
1605 5144 1704 5235 τὰς
1732 5143 1789 5235 εν
1834 5137 2056 5235 ὑψηλοῖς

481 5232 651 5324 iam
700 5249 931 5321 ὁδηγῶν.
979 5244 1217 5316 οὐδεμία
1268 5241 1378 5313 γὰρ
1451 5237 1621 5308 ἀγέλη
1678 5234 1830 5300 ζώων
1881 5231 2058 5324 οὓτως

483 5322 751 5396 ἐπιϐαίνει
776 5338 884 5394 τῶν
907 5336 1146 5409 ὑψηλῶν.
1167 5329 1419 5393 Τοιοῦτος
1449 5331 1478 5383 ὁ
1497 5325 1796 5399 ἡγούμενος
1820 5322 2055 5396 Χριστοῦ

482 5439 606 5500 τοὺς
631 5438 690 5490 ὲν
734 5433 812 5506 τῷ
864 5432 1093 5503 αἰπολίῳ
1147 5428 1282 5500 πρὸς
1329 5424 1461 5495 ὕψος
1494 5421 1731 5490 ἀνάγων.
1800 5418 2059 5480 Ἀλλωςό

484 5530 682 5601 τράγος
708 5528 869 5583 τυποῖ
905 5524 997 5579 τὸν
1026 5521 1282 5594 Χριστὸν,
1328 5516 1470 5588 ὑπὲρ
1512 5512 1789 5587 ἁμαρτίας
1819 5525 2059 5601 προσφε-

488 5600 733 5691 ρόμενος.
760 5617 947 5688 Τούτῳ
978 5616 1036 5669 ὲν
1059 5613 1182 5683 ὕψει
1207 5613 1319 5666 ὄντι
1346 5611 1539 5664 ἕπεται
1574 5607 1722 5661 πᾶσα
1748 5602 1856 5657 τῶν
1879 5600 2061 5653 θεοσε-

489 5712 599 5766 ϐὠιο
626 5712 661 5782 ἡ
693 5708 919 5781 πληθύς.

559 5801 603 5833 ³⁵
637 5797 794 5856 toan.
820 5812 896 5863 vi,
938 5795 1028 5849 2t.
1103 5794 1148 5826 ³⁸
1182 5792 1311 5863 Sap.
1345 5806 1416 5862 tv,
1443 5791 1531 5849 t5.

2159 4495 2435 4562 vitamque
2462 4492 2770 4548 ordinatam
2827 4491 3105 4547 incedunt.
3161 4487 3257 4543 Vel
3297 4489 3461 4542 etiam
3508 4487 3732 4541 locustze

2158 4594 2306 4648 sunt,
2332 4584 2425 4654 qui
2464 4600 2589 4640 cum
2624 4585 2795 4639 velint
2841 4583 3078 4653 cogitatu
3132 4579 3330 4634 mentis
3377 4578 3584 4640 volare,
3632 4590 3733 4631 nec

2158 4693 2254 4750 per
2284 4678 2427 4732 vires
2451 4678 2532 4732 eis
2586 4676 2769 4741 liceat,
2820 4672 3102 4744 paululum
3153 4686 3186 4727 a
3241 4681 3381 4726 terra
3423 4669 3729 4740 eriguntur.

2158 4767 2223 4823 lii
2252 4769 2296 4825 si
2323 4768 2590 4823 actionem
2622 4765 2910 4832 coluerint,
2946 4766 2999 4821 in
3031 4780 3199 4819 unum
3227 4762 3523 4818 colentium
3560 4762 3733 4814 aetio-

2158 4877 2279 4916 nem
2305 4876 2496 4931 agmen
2529 4861 2951 4929 cooptahuntur.

2230 4949 2387 5007 Veis.
2419 4950 2509 5005 5|.
2543 4950 2740 5006 deus
2774 4951 2899 5004 item
2934 4947 3100 5018 gregis
3136 4962 3416 5018 caprarum
3455 4946 3585 5000 dux.
3608 4944 3736 4999 Ter-

2174 5043 2282 5097 tius
2323 5042 2510 5096 hatdns
2541 5043 2698 5111 juxta
2741 5040 2888 5095 solos
2914 5034 3055 5093 LXX
3092 5039 3417 5108 lnterpretes
3449 5037 3616 5106 gregis
3645 5051 3736 5088 ca-

2157 5150 2374 5204 prarum
2405 5134 2536 5200 dux,
2565 5135 2743 5203 ipsum
2769 5145 2998 5202 augens,
3040 5146 3104 5186 ac
3152 5131 3321 5185 multa
3353 5129 3507 5200 prole
3539 5127 3732 5182 focum-

2158 5229 2318 5294 dans,
2349 5236 2513 5296 atque
2536 5224 2603 5280 ad
2656 5238 2858 5294 pascua
2888 5223 2944 5278 in
2972 5222 3263 5278 sublimius
3282 5219 3509 5274 ducens.
3540 5214 3735 5272 Nullus

2159 5319 2305 5375 enim
2333 5317 2649 5387 animalium
2681 5330 2812 5384 grex
2852 5313 2932 5373 sic
2968 5315 3075 5369 alta
3105 5312 3447 5370 conscendit.
3473 5309 3622 5367 Talis
3651 5321 3737 5367 est

2159 5412 2252 5483 qui
2298 5408 2503 5465 Christi
2552 5407 2699 5477 gregi
2762 5410 3086 5478 praepositus
3114 5416 3232 5470 est;
3256 5419 3353 5460 eos
3379 5403 3525 5456 enim
3553 5403 3647 5474 qui
3678 5404 3733 5458 in

2160 5517 2320 5574 grege
2346 5511 2494 5565 sunt,
2510 5499 2576 5554 ad
2606 5499 2712 5552 alta
2736 5500 3003 5567 provehit.
3030 5498 3203 5553 Aliter
3229 5494 3415 5550 luedus
3437 5492 3607 5563 ﬁgura
3649 5502 3735 5548 est

2160 5592 2388 5660 Christi,
2423 5593 2553 5649 dum
2573 5606 2670 5660 pro
2702 5600 2925 5663 peccato
2960 5587 3201 5643 oll‘ertur.
3238 5584 3394 5640 “Illic
3425 5583 3477 5636 in
3511 5584 3732 5637 sublimi

2162 5684 2514 5740 exsistuntem
2536 5696 2726 5739 onmes
2756 5681 2848 5756 qui
2876 5679 3130 5751 pietatem
3165 5678 3371 5741 colunt,
3406 5681 3733 5741 sequuntur.
