4236 6282
411 263 494 323 '37
1870 288 2151 347 norum
2186 290 2233 348 ι.
3618 296 3690 354 εἰς

1601 659 2508 819 ORIGENIS

938 952 1097 1079 IN
1193 949 2009 1085 CANTICUM
2122 954 3164 1090 CANTICORUM

1473 1215 2083 1330 HOMILIA
2202 1218 2641 1330 PRIMA

961 1450 1734 1544 INTERPRETE
1813 1453 2109 1550 DIVO
2183 1456 2931 1551 HIERONYMO
3004 1444 3117 1552 (³).

2002 1679 2078 1694 υ-

479 1793 587 1866 12
617 1796 909 1864 Quomodo
936 1798 1228 1856 didicimus
1256 1816 1348 1872 per
1373 1801 1559 1861 Mosen
1587 1806 1837 1878 quaedam
1869 1823 1993 1864 esse
2023 1813 2066 1870 Α
2096 1806 2357 1876 fortitudo
2384 1825 2519 1875 mea,
2537 1819 2586 1863 et
2612 1809 2875 1879 refugium
2901 1828 3091 1887 meum,
3115 1823 3163 1868 et
3179 1814 3433 1871 liberator
3447 1833 3592 1871 meus
3609 1815 3678 1873 δ’.

400 1902 517 1943 non
547 1891 722 1945 solum
755 1902 965 1959 sancta,
995 1894 1089 1949 sed
1116 1902 1173 1951 et
1195 1892 1397 1952 Sancta
1426 1908 1739 1955 sanctorum
1759 1942 1775 1967 ,
1808 1910 1864 1956 et
1883 1902 1989 1957 alia
2096 1897 2526 1955 Perveniendum
2554 1900 2649 1955 tibi
2671 1911 2758 1956 cst
2780 1903 2847 1957 ad
2883 1902 3101 1970 Isaiam,
3123 1914 3184 1960 ut
3206 1922 3330 1962 cum
3361 1908 3454 1963 illo
3479 1908 3675 1965 dicas:

400 1996 519 2035 non
541 1988 752 2038 tantum
770 1982 1031 2052 Sabbata,
1049 1986 1144 2042 Sed
1161 1995 1216 2043 et
1237 1986 1473 2044 Sabbata
1487 1990 1843 2047 sabbatorum
1868 2010 1885 2057 ς
1913 1994 1993 2050 sic
2093 1989 2334 2044 Cantabo
2370 1992 2635 2044 canticum
2667 1992 2859 2046 dilecto
2904 1995 2979 2064 (ιι)
3007 1997 3170 2051 vincte
3198 2014 3323 2052 mea:
3349 1999 3416 2052 δ’.
3458 1997 3527 2054 Et
3551 2014 3679 2055 cum

398 2089 560 2128 nunc
608 2076 871 2132 docemur
912 2080 1188 2136 scribente
1231 2082 1530 2139 Salomone
1572 2100 1694 2141 esse
1742 2087 1994 2156 quadam
2098 2081 2353 2134 universa
2383 2082 2691 2145 transieris,
2722 2084 2789 2135 ad
2825 2085 3018 2140 altiora
3043 2089 3372 2154 conscende,
3409 2098 3471 2144 ut
3498 2091 3680 2158 possis

398 2178 521 2218 non
572 2166 749 2223 solum
799 2171 1048 2237 cantica,
1109 2173 1206 2229 sed
1251 2183 1306 2228 et
1355 2173 1581 2232 Cantica
1629 2178 1995 2236 canticorum.
2097 2169 2280 2225 animi!
2312 2171 2510 2226 (1000”!
2538 2186 2662 2225 cum
2694 2187 2928 2242 ερουεοι
2955 2175 3139 2231 ethoc
3168 2192 3361 2234 canere
3393 2178 3682 2236 Canlicum

403 2258 614 2317 Beatus
638 2263 857 2331 quidem
889 2264 936 2321 is
963 2265 1058 2335 qui
1090 2266 1394 2337 ingreditur
1422 2281 1634 2335 saneta,
1666 2270 1760 2325 sed
1784 2270 1998 2325 beatior
2096 2263 2459 2318 εθηιίυονιιιηο
2503 2263 2607 2318 Sed
2635 2274 2767 2334 quot
2792 2281 2856 2319 ex
2886 2269 3135 2336 personis
3161 2279 3393 2338 constet,
3438 2272 3683 2329 incertus

396 2353 494 2423 qui
532 2353 839 2424 ingreditur
866 2354 1065 2412 Sancta
1108 2367 1450 2414 sanctorum,
1488 2359 1685 2416 Beatus
1729 2362 1821 2431 qui
1864 2364 1995 2417 sal).
2096 2370 2242 2409 sum.
2281 2354 2579 2411 Orantihus
2608 2365 2787 2412 autem
2814 2357 2990 2421 vobis,
3018 2366 3072 2413 et
3107 2360 3377 2417 revelante
3423 2362 3677 2431 Domino,

402 2447 525 2502 Irata
560 2446 895 2515 sabbatizat,
923 2448 1017 2504 sed
1053 2449 1267 2505 beatior
1295 2449 1390 2520 qui
1430 2450 1738 2505 sabbatizat
1791 2453 1992 2507 sabba-
2092 2454 2332 2514 quatuor
2364 2444 2496 2498 mihi
2531 2445 2583 2499 in
2616 2446 2702 2502 his
2734 2447 2923 2501 videor
2975 2448 3249 2507 invenisse
3278 2467 3562 2522 personas,
3592 2454 3678 2508 vi-

402 2548 584 2592 torutn
618 2537 879 2596 Sabbata.
913 2539 1115 2595 Beatus
1145 2540 1398 2596 similiter
1425 2549 1480 2595 et
1518 2541 1565 2596 is
1593 2542 1689 2612 qui
1735 2543 1989 2615 intelligit

2093 2549 2211 2588 rum
2240 2544 2292 2588 et
2319 2549 2614 2603 sponsam,
2649 2552 2773 2590 cum
2805 2553 3007 2607 sponsa
3048 2541 3504 2609 adolescentulas,
3550 2561 3676 2601 cum

410 2628 624 2682 cantica
668 2640 725 2686 et
753 2632 903 2687 canit
929 2647 993 2687 ea
1025 2649 1039 2687 :
1076 2646 1239 2686 nemo
1268 2631 1469 2701 quippe
1501 2633 1608 2688 nisi
1640 2633 1696 2688 in
1731 2635 1990 2690 solemni-

2090 2640 2296 2695 sponso
2328 2625 2597 2680 sodalium
2646 2642 2857 2699 greges.
2910 2629 3029 2686 Alia
3072 2631 3332 2688 dicuntur
3380 2650 3409 2689 a
3453 2651 3676 2706 sponsa,

407 2724 607 2779 tatibus
656 2724 808 2780 canit
845 2743 858 2778 :
896 2724 991 2780 sed
1053 2726 1228 2780 multo
1282 2725 1492 2779 beatior
1551 2724 1641 2781 ille
1690 2726 1784 2795 qui
1837 2727 1990 2782 canit

400 2812 629 2871 Cantica
661 2814 1022 2871 canticorum.
1068 2815 1135 2869 Et
1180 2816 1324 2871 sicut
1367 2816 1414 2871 is
1443 2816 1538 2887 qui
1583 2816 1888 2888 ingreditur
1929 2818 1983 2875 in

402 2902 608 2960 Sancta
635 2944 650 2970 ,
687 2905 935 2976 pluribus
965 2906 1148 2962 adhuc
1187 2905 1427 2977 indiget,
1464 2916 1522 2960 ut
1554 2908 1729 2963 valeat
1759 2909 1987 2965 introire

2088 2717 2196 2772 alia
2238 2733 2270 2772 a
2311 2732 2551 2787 sponso,
2591 2721 2854 2775 nonnulla
2895 2737 2924 2775 a
2960 2721 3305 2793 juvenculis,
3358 2728 3607 2797 quaedam
3646 2745 3678 2786 a

2088 2808 2370 2864 sodalibus
2433 2810 2644 2880 sponsi.
2706 2810 3023 2883 Congruum
3092 2817 3294 2887 quippe
3348 2827 3431 2873 est
3501 2828 3562 2874 ut
3618 2820 3675 2877 in

2089 2901 2293 2967 nuptiis
2317 2902 2847 2959 adolescentularum
2870 2905 2943 2961 sit
2969 2908 3258 2964 multitudo
3288 2926 3414 2966 cum
3441 2927 3670 2984 sponsa,

406 2998 460 3052 in
502 2996 702 3053 sancta
751 3006 1110 3066 sanctorum;
1157 3008 1212 3053 er
1258 3001 1352 3069 qui
1396 2998 1694 3055 sabbatum
1745 3002 1988 3058 celem-ar,
2083 2991 2346 3063 juvenum
2384 2996 2541 3050 turba
2572 3011 2697 3050 cum
2747 3013 2970 3066 sponso.
3022 2997 3151 3058 Haec
3176 3003 3360 3058 omnia
3394 3004 3504 3060 noli
3537 3004 3672 3062 foris

398 3091 549 3160 quod
582 3106 615 3145 ξι
646 3091 879 3147 Domino
912 3091 1115 3162 populo
1155 3093 1514 3149 constitutum
1543 3101 1656 3160 est,
1685 3094 1857 3149 multa
1886 3097 1985 3150 ad-
2016 3160 2053 3169 _
2088 3101 2353 3157 quancre,
2389 3088 2501 3143 noli
2529 3097 2685 3144 extra
2711 3105 2807 3145 eos
2841 3092 2935 3161 qui
2966 3093 3353 3163 prmdicatione
3390 3095 3669 3169 Evangelii

405 3182 509 3239 huc
552 3184 865 3240 necessaria
914 3160 1078 3240 imber
1100 3224 1116 3251 ,
1168 3194 1228 3240 ιιι
1261 3196 1385 3256 agar
1436 3184 1675 3241 sabbata
1723 3187 1981 3244 sabbato-
2014 3160 2057 3227 Β
2088 3179 2280 3233 salvati
2313 3188 2462 3236 sunt.
2487 3179 2768 3237 Christum
2800 3160 3062 3254 sponsum
3088 3160 3669 3258 intellige,Ecclesiam

400 3290 559 3342 rum;
605 3277 796 3332 eodem
862 3278 1029 3333 modo
1077 3276 1294 3339 difﬁcile
1340 3280 1610 3349 reperitur
1658 3281 1751 3350 qui
1798 3280 1983 3336 omnia

394 3382 520 3438 quae
568 3367 623 3422 in
673 3366 975 3437 Scripturis
1023 3370 1373 3424 continentur
1402 3371 1616 3426 cantica
1650 3386 1980 3443 peragrans,

399 3459 577 3515 valeat
631 3460 931 3540 ascendere
975 3461 1044 3516 ad
1089 3460 1310 3518 Cantica
1361 3465 1726 3519 canticorum.
1783 3465 1980 3536 Egredi

402 3561 613 3622 oportet
641 3568 709 3609 ex
742 3552 983 3625 Egypto
1004 3594 1017 3620 ,
1060 3563 1114 3609 et
1145 3569 1429 3626 egressum
1463 3556 1532 3611 de
1573 3568 1717 3611 terra
1762 3557 1981 3629 Aigypti

392 3644 732 3713 pertransire
765 3660 917 3699 mare
948 3644 1229 3710 Rubrum,
1264 3654 1325 3701 ut
1368 3647 1549 3717 possis
1579 3649 1818 3718 primum
1849 3664 1983 3705 can-

392 3736 565 3792 ticum
603 3751 822 3801 canere,
852 3736 1043 3794 dicens
1076 3753 1089 3789 :
1127 3736 1414 3793 Cantemus
1448 3738 1707 3806 Domino,
1755 3740 2002 3812 gloriose

392 3829 531 3883 enim
557 3828 932 3900 magniﬁcatus
979 3829 1136 3885 est".
1166 3829 1318 3887 Licet
1342 3838 1527 3886 autem
1561 3833 1798 3902 primum
1826 3834 1981 3891 dixe-

386 3922 469 3977 ris
504 3922 815 3988 canticum,
867 3922 1049 3979 adhuc
1095 3923 1255 3995 longe
1296 3940 1356 3979 es
1391 3940 1422 3979 a
1457 3923 1687 3981 Cantico
1736 3929 1980 3984 cantico-

390 4030 543 4070 rum.
575 4012 900 4069 Perambula
932 4023 1137 4073 terram
1172 4015 1375 4071 deserti
1422 4016 1774 4084 spiritaliter,
1803 4021 1981 4073 donec
2036 4082 2037 4085 η

392 4108 587 4165 venias
618 4109 685 4163 ad
718 4116 936 4177 puteum
971 4121 1141 4179 quem
1171 4106 1431 4162 foderunt
1461 4121 1616 4175 reges
1637 4146 1651 4170 ,
1684 4117 1745 4161 ut
1789 4107 1863 4161 ibi
1896 4123 1982 4162 se-

388 4198 638 4254 cundum
671 4198 945 4255 canticum
978 4212 1172 4254 cauas.
1216 4194 1470 4251 Posthaac
1515 4195 1638 4250 veni
1685 4194 1752 4249 ad
1809 4194 1982 4251 vicina

390 4300 598 4349 sancta:
631 4301 806 4359 terrae,
841 4300 902 4347 ut
928 4306 1095 4362 super
1121 4289 1381 4346 Jordanis
1426 4289 1600 4359 ripam
1650 4288 1984 4345 constitutus

387 4388 580 4436 cautes
613 4382 890 4436 canticum
925 4379 1085 4445 Mosi,
1114 4379 1303 4435 dicens
1337 4394 1352 4433 :
1388 4378 1648 4443 Attende,
1676 4378 1902 4445 caelum,
1929 4388 1979 4435 et

389 4470 608 4542 loquar,
641 4482 691 4526 et
727 4472 918 4525 audiat
952 4480 1094 4525 terra
1145 4468 1303 4524 verba
1345 4470 1454 4525 oris
1500 4471 1601 4524 mei
1615 4470 1680 4525 ³⁹.
1733 4468 1975 4525 Rursum
2006 4503 2052 4564 ο

396 4564 563 4621 habes
608 4562 983 4620 necessarium
1029 4572 1088 4618 ut
1134 4562 1337 4618 milites
1358 4602 1374 4626 ,
1405 4571 1460 4619 et
1494 4572 1694 4617 terram
1725 4571 1976 4620 sanctam

396 4658 712 4713 haereditate
739 4656 1050 4728 possideas,
1079 4666 1135 4712 et
1163 4658 1283 4728 apis
1313 4656 1413 4712 tibi
1443 4657 1749 4726 prophetct,
1773 4664 1828 4712 et
1859 4657 1979 4726 apis

396 4760 450 4805 te
487 4750 695 4819 iudicet
725 4769 738 4805 :
773 4748 1023 4805 Debbora
1048 4748 1250 4820 quippe
1282 4748 1401 4817 apis
1447 4747 1877 4818 interpretatur:
1918 4755 1980 4802 ut

395 4846 573 4914 possis
597 4850 656 4898 et
682 4843 816 4899 illud
849 4856 1094 4907 carmen,
1119 4839 1267 4911 quod
1301 4839 1356 4893 in
1386 4839 1528 4895 libro
1560 4838 1814 4895 iudicum
1841 4854 1980 4895 con-

397 4938 685 5002 tinetur“,
716 4936 950 4993 edicere.
976 4935 1055 4991 Ad
1082 4934 1395 5006 Regnorum
1423 4934 1681 5005 deinceps
1714 4933 1975 4989 volumen

396 5033 702 5088 ascendens
728 5030 852 5087 veni
884 5029 949 5085 ad
975 5029 1246 5084 canticum
1278 5026 1501 5098 quando
1531 5025 1701 5082 David
1736 5024 1876 5097 fugit
1905 5025 1977 5080 de

396 5126 654 5181 manibus
690 5124 937 5179 omnium
969 5122 1317 5178 inimicorum
1352 5135 1578 5176 suorum
1604 5127 1662 5175 et
1696 5120 1765 5176 de
1803 5133 1977 5175 manu

397 5216 562 5284 Saul,
615 5227 673 5273 et
722 5217 907 5273 dixit:
938 5216 1197 5271 Dominus
1241 5214 1637 5284 firmamentum
1666 5228 1874 5279 meum,
1921 5219 1974 5265 et

2087 3285 2347 3340 sponsam
2396 3271 2517 3327 sine
2564 3276 2776 3343 macula
2826 3288 2881 3331 et
2918 3292 3088 3347 ruga,
3131 3277 3200 3332 de
3246 3294 3354 3347 qua
3404 3281 3673 3352 scriptum

2085 3371 2171 3416 est
2203 3376 2217 3413 :
2260 3359 2327 3417 Ut
2354 3362 2618 3418 exhiberet
2654 3366 2756 3419 sibi
2782 3367 3072 3437 gloriosam
3116 3367 3415 3426 Ecclesium
3443 3390 3546 3428 non
3573 3374 3673 3430 Ita-

2085 3453 2287 3509 beutem
2313 3456 2579 3510 maculant
2597 3497 2613 3522 ,
2646 3474 2812 3528 neque
2843 3476 3027 3530 rugam
3044 3503 3061 3528 ,
3089 3471 3182 3516 aut
3216 3463 3419 3535 aliquid
3446 3482 3628 3521 eorum
3651 3507 3668 3532 ,

2084 3548 2174 3619 sed
2215 3558 2273 3603 ut
2303 3550 2371 3602 sit
2416 3558 2605 3604 sancta
2654 3562 2703 3604 et
2756 3552 3186 3609 immaculata“.
3234 3556 3343 3613 Eos
3392 3574 3523 3613 vero
3575 3561 3671 3628 qui

2085 3656 2212 3696 cum
2244 3641 2356 3696 sint
2383 3642 2593 3710 ﬁdeles,
2626 3660 2733 3699 non
2761 3652 2890 3705 sunt
2920 3654 3101 3701 tamen
3132 3647 3443 3704 istiusmodi
3479 3651 3669 3719 quales

2082 3750 2267 3791 sermo
2310 3734 2572 3805 praefatus
2612 3748 2732 3805 est,
2780 3740 2872 3793 sed
2913 3739 3070 3807 juxta
3119 3740 3342 3795 modum
3375 3743 3670 3810 quemdam

2083 3825 2264 3897 adepti
2311 3827 2566 3883 videntur
2607 3829 2871 3893 salutem,
2920 3830 3293 3886 animadverte
3327 3833 3666 3891 credentium

2083 3921 2297 3977 animas
2325 3931 2377 3977 et
2405 3922 2846 3977 adolescentulus
2867 3936 2990 3977 esse
3020 3938 3144 3977 cum
3178 3940 3403 3995 sponsa.
3430 3926 3667 3997 Angelos

2081 4029 2243 4077 vero,
2271 4023 2326 4069 et
2359 4028 2456 4070 eos
2486 4013 2582 4083 qui
2628 4000 2995 4082 pervenerunt
3026 4015 3080 4071 in
3114 4017 3284 4073 virum
3320 4018 3622 4088 perfectum
3650 4061 3667 4085 ,

2085 4107 2325 4175 intelligo
2351 4107 2498 4160 viros
2521 4121 2648 4160 cum
2679 4123 2903 4175 sponso.
2943 4108 3074 4163 lude
3106 4111 3270 4180 igitur
3309 4113 3449 4175 mihi
3478 4114 3669 4175 Valen-

2086 4207 2176 4250 tur
2208 4204 2447 4266 quatuor
2485 4195 2735 4262 ordines,
2776 4212 2945 4251 unum
2976 4205 3031 4252 et
3067 4215 3266 4266 uuam,
3298 4202 3437 4256 duos
3468 4204 3670 4261 choros

2085 4287 2228 4344 inter
2268 4303 2328 4343 se
2367 4287 2751 4355 concinentes,
2800 4303 3057 4359 sponsam
3093 4307 3289 4349 canere
3316 4308 3440 4351 cum
3475 4295 3669 4365 juven-

2085 4382 2243 4450 culis,
2278 4396 2542 4453 sponsum
2579 4397 2776 4453 canere
2807 4398 2932 4439 cum
2966 4384 3151 4441 sociis.
3193 4383 3255 4441 Et
3293 4400 3418 4443 cum
3451 4388 3557 4445 hoc
3581 4388 3666 4444 in-

2083 4476 2376 4542 tellexeris,
2408 4474 2538 4531 audi
2572 4475 2859 4531 Canticum
2888 4479 3253 4545 canticorum,
3276 4487 3330 4534 et
3358 4479 3557 4536 festina
3588 4482 3666 4537 in-

2088 4566 2331 4637 telligere
2364 4565 2493 4621 illud
2516 4574 2570 4622 et
2602 4582 2726 4626 cum
2758 4582 2960 4636 sponsa
2993 4567 3178 4624 dicere
3209 4584 3272 4623 ea
3308 4585 3430 4640 quae
3460 4587 3662 4641 sponsa

2080 4658 2214 4714 dicit
2241 4698 2257 4724 ,
2299 4666 2357 4713 ut
2386 4657 2579 4715 audias
2605 4675 2729 4730 quae
2769 4658 2980 4715 audivit
3022 4669 3077 4716 et
3117 4676 3339 4731 sponsa.
3387 4662 3444 4720 Si
3475 4675 3658 4722 autem

2082 4765 2193 4806 non
2231 4750 2472 4820 potueris
2502 4751 2684 4807 dicere
2723 4767 2848 4809 cum
2885 4767 3087 4822 sponsa
3128 4770 3251 4825 qua:
3284 4755 3440 4823 dixit,
3470 4767 3529 4813 ut
3557 4773 3658 4814 au-

2079 4842 2201 4896 dias
2237 4856 2298 4895 ea
2332 4858 2455 4913 qua:
2497 4842 2642 4897 dicta
2689 4851 2820 4898 sunt
2871 4859 3118 4913 sponsae,
3166 4845 3364 4903 festina
3406 4850 3490 4905 vel
3534 4866 3662 4906 cum

2081 4933 2271 5004 sponsi
2308 4934 2592 4990 sodalibus
2634 4933 2772 4990 ﬁeri.
2819 4933 2992 4991 Porro
3026 4937 3071 5003 si
3101 4948 3157 4994 et
3185 4938 3292 4995 illis
3320 4940 3547 4998 inferior
3578 4958 3660 5007 es,

2082 5038 2205 5083 esto
2235 5042 2360 5083 cum
2404 5027 2864 5095 adolescentulis,
2909 5044 3034 5098 quae
3094 5030 3150 5084 in
3196 5047 3412 5101 sponsae
3449 5034 3667 5091 deliciis

2083 5104 2513 5174 commorantur.
2555 5113 2651 5173 lite
2683 5117 2885 5187 quippe
2928 5117 2982 5173 in
3017 5118 3121 5175 hoc
3154 5119 3319 5188 libro,
3353 5120 3534 5176 fabula
3565 5138 3664 5193 pa-

2084 5211 2238 5278 riter,
2269 5219 2326 5267 et
2349 5209 2703 5283 epithalamio
2730 5219 2863 5266 sunt
2890 5225 3138 5281 personae
3170 5229 3184 5268 :
3216 5230 3283 5268 ex
3308 5227 3420 5283 quo
3446 5223 3501 5268 et
3536 5230 3665 5284 gen-

463 5374 510 5408 ³⁸
547 5374 723 5431 Exod.
756 5390 848 5442 xv,
886 5375 935 5429 1.
1012 5374 1057 5407 ³⁸
1096 5373 1257 5429 Deut.
1287 5388 1462 5438 χχχιι,
1498 5372 1552 5427 1.
1627 5372 1673 5404 ’⁵ο
1700 5371 1880 5429 Judic.
1918 5387 1971 5427 ν.

2116 5368 2160 5425 ιι
2188 5369 2323 5442 Reg.
2356 5385 2494 5435 xm,
2524 5369 2579 5425 ‘2.
2660 5369 2706 5402 ι’
2730 5367 2837 5426 Isa.
2874 5385 2927 5436 v,
2955 5369 3007 5425 1.
3083 5370 3130 5403 ⁸⁸
3165 5369 3366 5442 Ephes.
3390 5385 3442 5436 v,
3463 5370 3556 5428 27.

462 5515 549 5587 (ὃ)
580 5516 806 5572 Collatre
833 5524 963 5587 sunt
1005 5514 1086 5570 ha:
1134 5514 1371 5570 homiliaa
1396 5530 1522 5587 cum
1568 5529 1702 5569 mss.
1738 5514 1760 5567 I
1796 5513 1964 5568 abba-

394 5584 483 5644 tiaé
524 5584 588 5643 Β.
625 5587 770 5642 Petri
802 5589 868 5642 de
908 5585 1213 5641 Selincurte
1237 5587 1446 5655 ordinis
1474 5584 1965 5655 Prwmonstraten-

397 5659 494 5724 sis,
532 5659 554 5711 1
588 5657 837 5713 ecclesiae.
865 5656 1193 5712 cathedralis
1244 5656 1649 5725 Laudunensis,
1683 5655 1709 5708 1
1747 5654 1967 5723 Maioris

400 5727 738 5794 llonasterii,
774 5729 799 5781 1
838 5727 1150 5785 monasterii
1182 5725 1486 5786 Beccensis.

2106 5500 2111 5505 ’
2145 5511 2221 5584 (ιι)
2263 5510 2362 5584 Sic
2381 5510 2544 5565 habet
2577 5510 2746 5584 codex
2772 5507 3239 5584 Selincurtiauus.
3274 5503 3666 5584 Laudunensis

2074 5574 2289 5639 vero'et
2320 5581 2701 5650 Turonensis,
2753 5581 3034 5636 dilectum.
3066 5574 3235 5648 _Lihri
3290 5583 3453 5630 antea
3505 5582 3659 5651 editi,

2076 5654 2302 5709 ditectw.
