4236 6282
557 284 630 377 πῖ)
1642 305 2034 376 enicasso:
2062 317 2430 408 CASTit‘Jial
2468 316 2743 384 CANTIG.
3752 321 3819 379 to

560 416 684 469 tiles
707 410 812 468 sibi
837 410 1253 478 epithalamium
1272 411 1638 478 vindicarunt,
1658 425 1707 469 et
1739 416 1897 471 istius
1927 417 2144 486 generis
2171 420 2218 477 Α
2250 418 2413 472 modo
2426 429 2526 505 εει
2549 422 2771 492 quidam
2808 420 3048 484 carnalis
3076 430 3254 499 cibus,
3278 439 3334 487 et
3362 432 3504 490 alius
3534 433 3828 505 Spirltalis;

558 521 780 562 carmen
813 518 1157 577 assumptum
1187 515 1270 561 est
1295 512 1394 575 (5).
1419 500 1842 576 Epithalamium
1866 509 2136 578 siquidem

556 597 847 654 Canticum
897 600 1257 654 canticorum.
1312 590 1817 668 Primum-sponsa
1876 610 2031 665 orat,
2084 610 2140 655 et

558 693 741 746 statim
774 692 827 746 in
856 691 1049 746 mediis
1078 690 1330 760 precibus
1360 691 1602 747 auditur.
1634 689 1793 746 Videt
1815 701 2139 763 pricsentetn

559 800 845 853 sponsum,
873 782 1018 837 videt
1057 781 1500 839 adolescentulas
1521 799 1623 839 suo
1653 785 1937 841 comitatui
1965 800 2139 855 copu-

560 876 715 928 latas.
766 873 967 927 Deinde
1011 873 1299 941 respoznlet
1326 872 1374 927 ei
1407 889 1682 943 sponsus:
1714 883 1769 929 ct
1798 885 1922 945 post
1948 876 2138 947 sponsi

556 968 769 1036 oloq-sia
792 1005 809 1029 ,
843 967 975 1019 dum
1008 965 1096 1018 ille
1142 980 1241 1035 pro
1272 964 1391 1033 ejus
1415 966 1623 1033 patitur
1665 966 1872 1030 salute,
1909 982 2139 1038 respon-

555 1061 683 1112 dent
730 1060 977 1123 sodales,
1029 1059 1205 1112 donec
1251 1066 1491 1131 sponsus
1516 1059 1591 1114 sit
1623 1059 1676 1114 in
1708 1061 1956 1116 rccnbitu
1977 1102 1994 1128 ,
2028 1070 2079 1117 et
2104 1072 2135 1117 tt

555 1153 811 1219 passione
840 1158 1169 1220 consurgat,
1192 1166 1251 1204 se
1276 1151 1525 1219 quzedam
1560 1165 1777 1226 sponsae
1809 1164 2137 1212 ornamenta

554 1244 819 1298 facturos.

622 1338 678 1391 2.
722 1336 920 1393 Verum
964 1336 1075 1406 iam
1112 1336 1229 1406 ipsa
1258 1336 1420 1392 verba
1453 1338 1701 1406 ponenda
1734 1342 1896 1406 sunt,
1930 1339 1984 1394 in
2015 1341 2139 1411 gui-

552 1429 657 1485 bus
688 1447 838 1500 prius
869 1447 970 1484 vos
1005 1446 1221 1500 sponsae
1251 1430 1595 1500 deprecantis
1627 1431 1868 1485 auditur.
1905 1430 2061 1502 (Cap.
2099 1448 2136 1499 t,

2243 516 2293 563 et
2330 484 2654 569 alia’carnis
2694 516 2867 584 potio,
2916 519 3023 575 alia
3061 484 3322 580 spiritds-
3366 524 3449 576 sic
3485 484 3580 578 estl
3608 484 3827 580 auidani

2241 613 2397 653 amor
2427 602 2610 657 carnis
2640 618 2671 657 a
2697 601 2895 662 Satana
2921 609 3167 676 veniens,
3197 611 3338 666 alitis
3366 626 3522 666 atrior
3543 628 3767 682 spiritus
3796 632 3830 669 ι

2242 689 2354 779 Deo
2372 695 2656 779 exordium
2700 697 2907 756 habens
2927 740 2942 765 ,
2984 711 3037 757 et
3059 719 3218 758 nemo
3239 713 3417 774 potest
3441 705 3652 761 duobus
3676 721 3831 762 amo-

2244 769 2397 838 ribus
2424 772 2716 854 possideri.
2768 789 2826 845 Si
2862 793 3045 848 carnis
3087 803 3305 849 amator
3337 810 3419 862 es,
3448 812 3691 851 amorem
3725 798 3833 868 spi—

2244 877 2382 933 ritus
2410 885 2518 934 nea
2545 882 2718 951 capis.
2752 881 2808 938 Si
2834 885 3017 940 omnia
3043 887 3346 957 corporalia
3370 888 3688 958 despexisti,
3718 904 3828 945 non

2243 969 2368 1025 dico
2399 985 2618 1027 carnem
2650 983 2746 1051 aut
2785 976 3131 1048 sanguinem,
3160 979 3253 1037 sed
3297 992 3585 1050 argentum
3619 989 3673 1036 et
3700 996 3829 1051 pos-

2243 1060 2536 1126 sessiones,
2558 1062 2654 1118 sed
2679 1048 2853 1133 ipsam
2885 1074 3089 1121 terram
3134 1048 3425 1139 ipsumque
3452 1070 3676 1137 caelum,
3701 1048 3826 1127 haec

2242 1151 2443 1220 quippe
2485 1155 2934 1225 pertransibunt;
2974 1159 3019 1213 si
3060 1159 3161 1214 ista
3196 1146 3379 1215 omnia
3426 1162 3824 1233 contempsisti,

2238 1250 2295 1297 et
2331 1243 2397 1299 ad
2431 1245 2636 1300 nullum
2666 1246 2860 1302 horum
2911 1250 3092 1304 anima
3119 1260 3211 1305 tua
3245 1252 3480 1323 obligata
3514 1262 3618 1321 est,
3651 1266 3828 1325 neque

2239 1340 2514 1405 quoquam
2548 1337 2804 1396 vitiorum
2843 1357 3032 1397 amore
3071 1343 3357 1411 retineris,
3397 1358 3551 1416 potes
3581 1361 3823 1402 amorem

2239 1442 2433 1496 capere
2485 1429 2810 1499 spiritalem.
2863 1431 2940 1488 lta
2990 1433 3159 1489 locuti
3215 1451 3409 1491 sumus
3458 1437 3588 1506 quia
3646 1437 3828 1493 evenit

552 1516 2011 1594 vers.1:)130sculeturmeoscuioorissat.Qu0rum
2036 1522 2142 1579 iste
2236 1520 2480 1598 occasio,
2526 1529 2589 1576 tit
2635 1522 2704 1578 de
2748 1537 2937 1579 amore
2982 1526 3213 1596 spiritali
3261 1527 3447 1598 aliqua
3493 1527 3824 1584 diceremus.

552 1627 635 1673 est
673 1634 869 1672 sensus
898 1635 911 1671 :
938 1616 1238 1686 Quousque
1282 1630 1522 1685 sponsus
1562 1630 1718 1669 meus
1748 1616 1916 1669 mittit
1948 1617 2138 1673 oscula

552 1725 648 1778 per
673 1709 900 1773 Musem,
931 1711 1095 1762 mittit
1120 1711 1308 1763 oscula
1335 1724 1432 1778 per
1459 1707 1792 1777 prophetas?
1814 1706 1934 1763 Jam
1966 1709 2138 1779 ipsius

2241 1596 2473 1680 Expedit
2513 1622 2695 1668 autem
2743 1614 2902 1669 nobis
2935 1604 3248 1672 Salomonis
3291 1596 3568 1673 custodire
3618 1628 3827 1688 praece-

2241 1715 2428 1773 ptum,
2472 1713 2527 1759 et
2569 1706 2744 1776 magis
2788 1706 2936 1762 illius
2969 1711 3061 1777 qui
3106 1724 3200 1777 per
3239 1709 3586 1764 Salomonem
3638 1713 3826 1781 loque-

551 1776 714 1872 cupio
754 1816 848 1855 ora
880 1802 1224 1871 contingere,
1268 1776 1384 1869 ipse
1416 1776 1618 1866 vrniat,
1662 1801 1779 1865 ipse
1822 1776 2134 1857 descendat.
2169 1776 2211 1830 Β
2243 1796 2421 1861 llam",
2467 1793 2535 1849 de
2565 1795 2832 1865 saplcmia
2870 1797 2945 1851 ila
2985 1776 3172 1854 ilicells
3197 1819 3209 1853 τ
3237 1802 3371 1854 Ama
3415 1800 3588 1867 illam:
3622 1811 3671 1855 ετ
3707 1817 3822 1854 3e"

550 1893 683 1946 Orat
711 1890 876 1962 igitur
898 1893 1082 1961 sponsi
1110 1888 1347 1955 Patrem,
1375 1900 1429 1944 et
1458 1890 1590 1944 dicit
1619 1890 1688 1944 ad
1720 1906 1844 1945 eum
1872 1906 1885 1942 :
1911 1886 2139 1946 Oscule-
2240 1885 2380 1940 nubit
2428 1896 2511 1950 te;
2557 1888 2829 1941 circumda
2877 1888 3061 1955 illam,
3095 1898 3146 1944 et
3185 1879 3442 1946 exaltabit
3489 1897 3574 1956 te:
3621 1893 3823 1946 honora

552 1993 641 2037 tur
661 1995 740 2038 me
763 1983 941 2038 osculo
968 1984 1075 2036 oris
1104 1983 1208 2035 sui.
1246 1981 1310 2036 Et
1343 1985 1470 2051 quia
1507 1982 1629 2037 talis
1661 1991 1744 2036 est
1779 1990 1840 2037 ut
1865 1983 2141 2053 complea-
2240 1978 2416 2040 illam.
2466 1989 2524 2032 αι
2568 1987 2618 2032 le
2667 1979 3020 2048 amplectatur
3044 1980 3112 2034 “.
3147 1979 3241 2037 Est
3285 1985 3507 2052 Quidam
3561 1984 3823 2054 spiritalis

551 2086 640 2130 tur
690 2090 858 2145 super
894 2089 1012 2127 eam
1062 2072 1437 2144 propheticum
1485 2073 1616 2126 illtul
1661 2073 1713 2127 in
1758 2090 1867 2142 quo
1903 2076 2132 2130 dicitur:

545 2167 734 2221 Adhuc
790 2176 839 2219 te
877 2166 1118 2234 loquente
1172 2163 1346 2217 dicam
1377 2178 1396 2216 :
1440 2163 1572 2218 Ecce
1599 2165 1825 2229 adsum;
1875 2181 2133 2236 sponsam

477 2240 485 2249 ’
547 2255 733 2324 sponsi
769 2253 928 2309 Pater
957 2254 1200 2320 exaudit,
1231 2253 1400 2306 mittit
1447 2250 1645 2307 Filium
1692 2266 1876 2309 suum.
1930 2254 2134 2314 Videns

547 2346 635 2400 illa
680 2361 805 2401 eum
851 2347 1010 2415 cujus
1047 2345 1443 2415 deprecabatur
1487 2344 1802 2411 adVentum,
1840 2361 2001 2402 orare
2038 2348 2134 2402 dea-

547 2439 706 2507 stitit,
760 2449 814 2494 et
859 2440 931 2500 ad
985 2453 1107 2494 eum
1160 2440 1410 2496 cominus
1460 2441 1722 2510 loquitur.
1768 2437 1948 2511 (Vers.
1980 2441 2130 2511 1-2.)

550 2532 817 2598 Quoniam
855 2532 991 2587 bona
1031 2532 1193 2586 ubera
1230 2543 1323 2585 tua
1358 2547 1517 2602 super
1548 2534 1750 2596 vinum,
1783 2541 1832 2586 et
1871 2533 2005 2588 odor
2034 2546 2133 2587 un-

546 2634 857 2696 guentorum
897 2632 1107 2678 tuorum
1147 2638 1303 2693 super
1341 2625 1521 2678 omnia
1555 2632 1824 2678 aromata.
1877 2623 2132 2694 Sponsus

550 2715 716 2786 igitur
760 2713 1016 2768 Christus
1066 2714 1271 2789 missus
1329 2730 1359 2767 a
1404 2712 1565 2768 Patre
1616 2714 1767 2768 venit
1818 2724 2017 2770 unctus
2063 2715 2132 2771 ad

546 2818 842 2874 sponsam,
882 2813 935 2858 et
977 2804 1179 2859 dicitur
1222 2804 1288 2859 ad
1328 2819 1452 2859 eum
1489 2820 1502 2857 :
1555 2802 1804 2858 Dilexisti
1843 2805 2129 2872 iustitiam,

543 2906 591 2951 et
618 2896 780 2950 odisti
817 2894 1171 2966 iniquitatem,
1207 2903 1482 2964 propterea
1526 2895 1679 2948 unxit
1730 2905 1779 2949 te
1804 2893 1964 2960 Deus,
1989 2895 2130 2951 Deus

546 3000 668 3044 tuus
705 2987 820 3042 oleo
863 2986 1234 3042 exsultationis
1278 2998 1389 3056 pra:
1434 2986 1785 3057 participibus
1840 2988 1945 3042 tuis
1970 2987 2036 3043 ιδ.
2070 2987 2128 3043 Si

543 3094 633 3138 me
676 3081 912 3152 tetigerit
966 3093 1222 3149 sponsus,
1271 3086 1330 3133 et
1370 3092 1473 3148 ego
1509 3079 1638 3133 honi
1683 3080 1869 3135 odoris
1912 3094 2029 3147 ero,
2076 3090 2199 3167 etc

541 3190 643 3245 ego
669 3174 832 3229 liniar
859 3170 1171 3243 unguentis,
1199 3179 1255 3226 et
1284 3170 1351 3226 ad
1381 3185 1469 3226 me
1493 3187 1667 3242 usque
1693 3172 1814 3243 ejus
1840 3184 2119 3244 unguenta

540 3250 878 3338 pervenient,
913 3272 971 3320 ut
1000 3264 1205 3335 possim
1238 3280 1363 3320 cum
1387 3263 1648 3333 Apostolo
1673 3263 1854 3320 dicere
1879 3283 1895 3320 :
1921 3264 2121 3321 Christi

540 3359 704 3414 bonus
738 3359 870 3412 odor
893 3373 1076 3413 sumus
1118 3357 1171 3410 in
1210 3356 1353 3409 omni
1386 3355 1501 3410 loco
1537 3355 1604 3410 ⁸⁸.
1637 3354 1749 3412 Nos
1781 3366 1964 3412 autem
1994 3372 2121 3413 cum

541 3452 656 3506 haec
672 3449 1003 3515 audivimus,
1018 3447 1197 3503 adhuc
1213 3447 1451 3518 peccatis
1475 3447 1732 3518 vitiisque
1755 3446 2031 3517 latemus,
2054 3449 2122 3505 de

539 3542 741 3611 quibus
759 3541 1017 3611 propheta
1032 3540 1302 3610 paenitens
1321 3539 1591 3611 loquitur:
1611 3539 1935 3596 Putruernut
1950 3552 1998 3596 et
2012 3559 2124 3597 cor-

540 3643 712 3702 rupta:
730 3645 852 3687 sunt
879 3630 1151 3686 cicatrices
1170 3645 1298 3685 mea:
1325 3647 1357 3684 a
1392 3630 1530 3701 [acie
1556 3631 1879 3700 insipientia:
1907 3648 2036 3687 mete
2052 3632 2118 3687 “.

540 3724 832 3780 Peccatum
865 3723 1050 3778 odoris
1078 3730 1159 3778 est
1186 3721 1380 3793 putidi,
1416 3721 1588 3778 virtus
1623 3724 1796 3792 spirat
1823 3734 2121 3794 unguenta,

539 3831 776 3885 quorum
813 3824 970 3888 typos
1001 3815 1241 3887 reperies
1285 3814 1338 3868 iu
1372 3813 1580 3869 Exodo.
1628 3813 1874 3871 Invenies
1903 3832 2123 3887 quoque

541 3907 614 3961 ibi
668 3916 915 3971 stacten,
964 3905 1201 3978 onycha,
1253 3905 1572 3977 galbanum,
1609 3914 1664 3961 et
1706 3906 1937 3979 reliqua.
1995 3906 2121 3964 iia-e

538 3998 758 4069 quidem
802 3999 869 4052 ad
898 3998 1182 4063 incensum
1211 4013 1225 4050 :
1258 3996 1455 4065 deinde
1488 3997 1555 4053 ad
1587 4012 1726 4068 opus
1771 4000 2121 4071 unguentarii

537 4089 691 4145 varia
743 4098 1041 4145 sumuntur
1083 4098 1389 4161 unguenta,
1455 4089 1508 4145 in
1548 4092 1751 4161 quibus
1793 4099 1879 4147 est
1916 4091 2122 4149 nardus

536 4193 593 4238 et
621 4192 812 4239 stacte.
884 4180 950 4238 Et
990 4180 1134 4238 Deus
1159 4183 1251 4254 qui
1283 4181 1412 4239 fecit
1443 4184 1640 4240 emtum
1681 4194 1735 4241 et
1778 4196 2000 4265 terram,
2038 4186 2121 4240 lo-

537 4276 726 4346 quitur
753 4275 819 4330 ad
850 4274 1060 4338 Mosen,
1092 4275 1281 4332 dicens
1320 4294 1334 4331 :
1375 4275 1487 4348 Ego
1541 4278 1753 4348 implevi
1799 4296 1886 4334 eos
1925 4280 2120 4349 spiritu

538 4369 815 4436 sapientia:
852 4375 902 4419 et
944 4366 1264 4430 intellectus,
1304 4377 1360 4419 ut
1406 4367 1609 4434 faciant
1650 4384 1808 4438 opera
1844 4372 1978 4424 artis
2020 4387 2120 4423 un-

2239 2070 2543 2139 ampleXus,
2574 2079 2738 2141 atque
2785 2074 2995 2126 utinam
3048 2073 3330 2145 contingat
3358 2085 3418 2130 ut
3447 2088 3626 2131 meam
3657 2085 3826 2147 spon-

2237 2174 2353 2216 sam
2395 2162 2602 2218 arctius
2629 2163 2709 2234 (6)
2754 2164 2943 2234 sponsi
2990 2165 3277 2236 amplexus
3322 2166 3588 2235 includat,
3623 2178 3684 2224 ut
3722 2183 3823 2240 ego

2234 2268 2455 2324 quoque
2507 2255 2713 2324 possim
2761 2255 2943 2311 dicere
2989 2257 3137 2327 quod
3187 2258 3242 2312 in
3288 2259 3478 2314 eodem
3516 2260 3657 2315 libro
3686 2261 3824 2315 scri-

2234 2355 2386 2415 ptum
2429 2355 2513 2401 est
2552 2365 2565 2400 :
2607 2345 2840 2402 Sinistra
2886 2349 3002 2417 ejus
3043 2349 3138 2403 sub
3180 2351 3352 2421 capita
3376 2366 3510 2417 meo,
3539 2362 3589 2406 et
3632 2351 3824 2408 dextra

2234 2438 2384 2491 illius
2420 2437 2814 2508 amplexabitur
2841 2456 2922 2494 me
2943 2442 3013 2503 ⁵⁸,

2304 2529 2358 2583 ‘5.
2405 2529 2687 2583 Osculetur
2722 2545 2805 2582 me
2840 2541 2971 2600 ergo
3006 2529 3187 2585 osculo
3223 2530 3334 2585 oris
3370 2532 3483 2588 sui.
3526 2530 3696 2588 Moris
3735 2542 3823 2589 est

2236 2615 2645 2689 Scripturarum
2698 2620 3079 2690 imperativum
3136 2623 3361 2678 modum
3423 2639 3521 2694 pro
3579 2626 3822 2696 Optativo

2232 2724 2460 2780 ponere,
2493 2718 2552 2765 ut
2585 2709 2659 2763 ibi
2688 2708 2894 2764 :Pater
2922 2720 3101 2765 noster
3127 2712 3222 2783 qui
3250 2730 3305 2767 es
3337 2713 3391 2767 in
3423 2714 3591 2782 caelis,
3619 2716 3823 2770 sancti-

2232 2801 2425 2871 βοείην
2471 2815 2660 2856 nomen
2693 2812 2842 2856 tuum
2874 2802 2948 2866 ⁵⁸,
2983 2817 3107 2872 pro,
3153 2804 3373 2861 Utinam
3412 2807 3819 2876 sanctiticetur;

2232 2900 2287 2949 et
2315 2906 2462 2947 nunc
2496 2892 2550 2946 in
2581 2893 2837 2962 praesenti
2866 2911 2880 2947 :
2912 2892 3202 2949 Osculetur
3245 2911 3328 2949 me
3359 2895 3539 2949 osculo
3576 2898 3696 2952 oris.
3710 2897 3818 2964 sui,

2230 2998 2333 3054 pro
2356 2997 2423 3039 eo
2445 2984 2593 3055 quod
2624 2991 2732 3050 est,
2764 2981 2988 3038 Utinam
3019 2984 3324 3042 osculetur.
3369 2983 3571 3042 Deinde
3597 2986 3820 3057 conspi-

2231 3077 2307 3132 cit
2339 3091 2624 3147 sponsum.
2658 3074 2818 3131 Venit
2841 3075 3117 3132 delibutus
3158 3077 3454 3147 unguentis
3486 3094 3501 3131 :
3537 3092 3639 3132 nec
3662 3076 3823 3132 aliter

2231 3168 2299 3224 ad
2331 3183 2592 3239 sponsam
2639 3175 2854 3239 poterat
2885 3168 3090 3235 venire,
3127 3183 3231 3224 nec
3254 3169 3484 3226 decebat
3506 3170 3667 3225 aliter
3694 3167 3805 3225 Pa-

2231 3269 2368 3315 trem
2395 3260 2462 3315 ad
2487 3259 2710 3330 nuptias
2737 3259 2936 3314 Filium
2964 3259 3260 3317 destinare.
3288 3260 3469 3318 Variis
3501 3277 3629 3318 eum
3663 3263 3822 3319 unxit

2230 3354 2525 3425 unguentis
2554 3393 2570 3419 ,
2636 3351 2768 3409 fecit
2812 3352 2965 3408 illum
3009 3352 3312 3410 Christum.
3375 3353 3537 3410 Venit
3588 3355 3820 3411 diversis

2231 3446 2497 3501 odoribus
2529 3447 2766 3515 spirans,
2799 3455 2853 3501 et
2881 3444 3054 3506 audit,
3082 3447 3210 3516 quia
3242 3446 3380 3502 bona
3410 3447 3574 3503 ubera
3605 3458 3698 3502 tua
3724 3464 3820 3501 su-

2234 3554 2328 3608 per
2348 3539 2551 3593 viuum.
2591 3536 2845 3607 Congrue
2870 3552 3053 3594 sermo
3081 3537 3300 3595 divinus
3332 3555 3496 3594 unam
3536 3540 3815 3595 enuntiem-

2230 3645 2339 3701 que
2381 3644 2495 3684 rem
2527 3644 2628 3701 pro
2666 3629 2913 3685 iocorum
2961 3630 3225 3700 qualitate
3262 3632 3498 3687 diversis
3533 3631 3816 3690 vocabulis

2230 3731 2530 3794 nuncupat.
2581 3720 2813 3788 Quando
2855 3722 3033 3777 hostia
3069 3722 3299 3777 oil‘ertur
3330 3723 3385 3778 iu
3436 3724 3571 3796 lege,
3617 3733 3673 3779 et
3700 3725 3820 3782 vult

2231 3814 2565 3868 intellectum
2622 3813 2951 3878 ostendere,
3014 3814 3389 3885 pectusculum
3451 3814 3815 3887 separationis

2231 3905 2427 3960 affatur
2446 3903 2547 3974 (7).
2580 3902 2811 3969 Quando
2839 3917 2967 3958 vero
2995 3905 3263 3959 recumbit
3291 3906 3489 3977 aliquis
3514 3923 3639 3962 cum
3660 3905 3812 3973 Jesu,

2230 4006 2286 4053 et
2325 4011 2588 4052 sensuum
2624 3994 2745 4065 ejus
2784 3996 3173 4051 communione
3211 3998 3528 4068 perfruitur,
3573 4014 3682 4055 non
3715 4012 3812 4068 pe-

2230 4088 2536 4145 ctusculum
2597 4097 2657 4142 ut
2708 4102 2910 4157 supra,
2972 4086 3069 4143 sed
3125 4098 3316 4159 peetus
3366 4090 3666 4162 alloquitur
3708 4089 3809 4160 (8).

2228 4179 2400 4237 Porro
2439 4196 2564 4237 eum
2606 4192 2809 4252 sponsa
2853 4178 3102 4250 loquitur
3128 4179 3196 4234 ad
3233 4196 3518 4252 sponsum,
3547 4182 3677 4251 quia
3710 4196 3815 4236 nu-

2229 4275 2394 4346 ptiale
2439 4289 2667 4330 carmen
2717 4271 3015 4335 inducitur,
3067 4286 3176 4325 non
3219 4272 3617 4340 pectusculnm,
3659 4280 3718 4325 ut
3754 4271 3809 4325 in

2230 4366 2543 4434 sacrillcio;
2573 4380 2684 4419 non
2712 4373 2923 4435 pectus,
2959 4372 3020 4419 ut
3050 4363 3107 4418 in
3135 4360 3344 4418 Joanne
3376 4362 3681 4432 discipulo;
3713 4363 3810 4418 sed

539 4457 831 4527 gueuturia:
854 4455 898 4486 "
927 4473 940 4508 :
972 4463 1027 4509 et
1059 4455 1454 4525 unguentarios.
1477 4455 1619 4524 Deus
1645 4457 1822 4512 docet.
1856 4458 1985 4516 Haec
2012 4461 2116 4517 nisi
2149 4466 2200 4526 1)
2228 4469 2289 4514 ut
2332 4461 2503 4514 ubera
2544 4457 2824 4521 nominat,
2863 4456 3052 4512 dicens
3089 4472 3105 4510 :
3153 4453 3295 4520 Quia
3330 4453 3466 4509 bona
3510 4455 3671 4508 ubera
3713 4461 3809 4508 tua

539 4546 857 4616 spiritaliter
907 4543 1300 4616 intelligantur,
1346 4557 1529 4600 nonne
1574 4545 1770 4601 fabulae
1815 4550 1977 4604 sunt?
2011 4548 2115 4604 nisi

538 4637 744 4706 aliquid
788 4637 1022 4691 habeant
1064 4636 1283 4700 secreti,
1329 4649 1511 4690 nonne
1549 4636 1770 4706 indigna
1815 4649 1944 4693 sunt
1971 4639 2121 4695 Deo?

540 4727 775 4783 Necesse
805 4738 888 4783 est
933 4729 1099 4797 igitur
1132 4744 1256 4783 eum
1300 4727 1395 4799 qui
1439 4729 1629 4784 audire
1654 4728 1968 4800 Scripturas
2007 4735 2118 4803 spi-

542 4823 810 4879 ritualiter
835 4823 1004 4886 novit,
1045 4832 1139 4877 aut
1164 4824 1256 4893 qui
1294 4831 1442 4879 certe
1473 4840 1579 4878 non
1619 4825 1791 4889 novit,
1823 4835 1877 4881 et
1902 4827 2119 4882 deside»

542 4927 627 4971 rat
666 4931 855 4983 nosse,
903 4917 1052 4971 omni
1091 4918 1276 4971 labore
1318 4917 1669 4983 contendere,
1714 4930 1773 4972 ut
1817 4934 1924 4973 non
1962 4920 2117 4989 juxta

540 5021 761 5061 carnem
803 5017 858 5060 et
888 5007 1209 5077 sanguinem
1252 5020 1624 5073 conversetur,
1670 5025 1780 5080 quo
1822 5012 1997 5080 possit
2028 5012 2115 5065 di-

541 5110 681 5168 gnus
729 5096 844 5152 ﬁeri
900 5097 1224 5161 spiritalium
1271 5106 1647 5165 secretorum,
1698 5112 1754 5156 et
1801 5111 1862 5173 ut
1910 5102 2116 5172 aliquid

542 5190 833 5245 audentius
876 5188 1075 5255 dicam,
1116 5190 1347 5260 spiritali
1390 5192 1646 5261 cupidine
1680 5199 1760 5248 vel
1815 5209 2002 5250 amore
2036 5209 2122 5251 ac-

540 5282 830 5349 cendatur;
867 5281 1135 5352 siquidem
1172 5291 1256 5338 est
1287 5290 1344 5338 et
1364 5284 1623 5354 spiritalis
1653 5300 1827 5339 amur.
1884 5285 1952 5340 Et
1978 5304 2121 5359 quo-

614 5376 661 5446 δὲ
684 5372 828 5446 Psai.
860 5391 1011 5446 μιν,
1040 5374 1095 5431 8.
1170 5375 1215 5409 "
1239 5372 1282 5430 ll
1304 5374 1433 5433 Cor.
1461 5394 1521 5446 ιι,
1545 5377 1633 5432 15.

541 5459 605 5511 ιι,
630 5445 683 5500 6.
757 5444 806 5478 "
824 5445 1011 5502 Matth.
1046 5458 1118 5514 vi,
1149 5447 1203 5504 9.

612 5539 691 5612 (5)
738 5538 918 5595 Codex
960 5539 1260 5612 rBeccensis
1307 5559 1320 5595 :
1372 5539 1503 5596 Ilico
1567 5541 1757 5612 quippe
1797 5542 2111 5612 [abutantur

542 5606 744 5679 pariter
779 5619 843 5680 et
887 5610 1287 5680 epithalamium
1324 5626 1480 5664 suum
1520 5606 1823 5680 pe'rsoaant'.
1882 5614 1965 5668 Ex
2013 5619 2110 5670 hoc

542 5677 720 5751 gentes
744 5677 845 5731 sibi
865 5679 1259 5748 epithalamium
1281 5677 1635 5746 vindicarunt,
1652 5693 1701 5735 et
1729 5683 1886 5738 istius
1910 5688 2110 5755 generis

544 5757 933 5803 sacramentum
957 5762 1282 5817 assumptum
1307 5761 1405 5804 est.

618 5818 695 5891 (6)
735 5817 890 5887 Μέθη
922 5822 1141 5874 arctius.
1174 5820 1328 5894 Lihh.
1359 5820 1514 5892 edit.,
1548 5820 1730 5877 altior.
1815 5860 1822 5867 .

1741 5378 1787 5411 ⁸⁸
1809 5378 1955 5437 Psal.
1987 5400 2197 5454 xxml,
2232 5384 2286 5439 6.
2364 5381 2408 5413 ‘7
2440 5379 2611 5435 Exod.
2642 5393 2792 5447 sui,
2825 5378 2880 5434 3.

2223 4570 2382 4623 super
2407 4552 2607 4606 vinum.
2651 4548 3008 4606 Communiea
3055 4556 3115 4604 ut
3152 4562 3353 4618 sponsa
3397 4563 3520 4603 cum
3554 4547 3800 4603 sensibus

2225 4647 2436 4716 sponsi,
2491 4652 2547 4700 et
2605 4644 2752 4700 scias
2805 4643 2931 4714 quia
2984 4641 3257 4697 inebriant
3313 4650 3478 4712 atque
3530 4640 3810 4696 laetiﬁeaut

2225 4737 2532 4793 istiusmodi
2565 4735 2858 4805 cogitatus.
2897 4732 3184 4800 Quomodo
3210 4741 3391 4789 autem
3421 4736 3564 4790 calix
3589 4732 3803 4789 Domini

2226 4828 2508 4883 inebrians
2560 4840 2725 4896 quam
2789 4824 3032 4894 optimus
3084 4833 3190 4887 est,
3255 4825 3337 4881 sic
3388 4825 3552 4881 ubera
3617 4824 3803 4896 sponsi

2227 4920 2375 4975 omni
2407 4917 2631 4974 meliora
2656 4923 2786 4972 sunt
2812 4916 2963 4970 vino.
3001 4913 3147 4981 Quia
3174 4914 3311 4972 bona
3340 4916 3504 4972 ubera
3529 4926 3623 4970 tua
3648 4931 3808 4985 super

2228 5015 2430 5069 vinum.
2473 5010 2529 5065 In
2575 5009 2771 5065 mediis
2799 5008 3052 5080 precibus
3085 5011 3152 5066 ad
3185 5024 3448 5081 sponsum
3477 5012 3639 5066 verba
3675 5006 3807 5065 cn'n-

2231 5106 2435 5162 vertit:
2467 5103 2536 5158 Et
2570 5103 2702 5157 odor
2743 5110 3129 5172 unguenton
3171 5112 3383 5157 tuorum
3429 5118 3587 5171 super
3625 5103 3804 5155 omnia

2230 5205 2495 5254 aromata.
2517 5192 2635 5249 Non
2673 5206 2804 5259 uno,
2833 5192 2927 5247 sed
2966 5193 3226 5249 omnibus
3258 5207 3497 5262 sponsus
3526 5208 3569 5245 Vt
3588 5190 3672 5247 nit
3703 5206 3805 5245 un-

2231 5300 2354 5347 ctus
2385 5285 2677 5359 unguentis
2714 5284 2814 5355 (9).
2865 5282 2923 5339 Si
2955 5294 3136 5341 autent
3171 5293 3229 5340 et
3261 5284 3330 5339 ad
3358 5298 3533 5338 meam
3563 5284 3801 5336 animam

2976 5377 3022 5409 ι’
3040 5375 3201 5432 Prov.
3237 5392 3314 5444 tv,
3341 5372 3396 5439 7,
3425 5374 3479 5431 8.
3574 5376 3618 5409 "9
3640 5375 3798 5433 Cant.

2290 5544 2367 5615 (7)
2409 5541 2853 5615 Selincurtianus
2881 5550 2936 5596 et
2964 5535 3274 5615 Beccensis,
3311 5541 3553 5610 o/fertttr.

2295 5609 2374 5685 (8')
2417 5613 2579 5685 iidem
2608 5628 2768 5685 mss"
2802 5609 3088 5685 eloquitur.

2292 5680 2371 5754 (9)
2408 5682 2589 5754 Codex
2624 5680 2913 5737 Beccensis
2938 5695 2952 5732 :
2977 5696 3097 5754 _non
3137 5696 3270 5748 uno,
3301 5683 3393 5737 sed
3431 5682 3670 5737 omnibus
3701 5695 3794 5734 nos

2221 5750 2412 5811 unctus
2442 5753 2549 5807 vult
2579 5754 2703 5823 ungi
2730 5750 3039 5822 unguentis.
