4236 6282
582 406 658 461 13
1644 405 1965 466 ORIGENIS
2002 407 2071 463 IN
2107 407 2463 467 CANTICUM
2503 411 2775 467 CANTIC.
3777 430 3837 474 ts

590 521 976 590 praestolamur
1010 523 1322 588 adventum,
1359 523 1494 578 laeta:
1527 524 1822 580 concinunt
1853 543 1864 577 :
1901 522 2160 577 E.rsnlta-
2189 524 2234 580 Δ
2263 523 2402 578 hanc
2423 535 2665 580 nostram
2697 523 3092 594 Ethiopissam
3123 527 3554 598 transmigravlt.
3586 529 3802 588 Mnrmu
3823 566 3836 573 -

587 613 757 668 bimus
801 623 850 668 et
887 614 1190 669 lwtabimnr
1236 615 1292 668 in
1321 623 1388 669 te.
1447 614 1552 669 Pro
1583 630 1798 685 sponsa:
1829 617 2155 686 perfectione

586 703 857 758 lzetantur.
883 702 998 758 Non
1024 713 1108 760 est
1136 705 1412 760 aemulatio
1439 705 1492 760 in
1520 707 1830 775 virtutibus.
1858 709 2028 763 Amor
2055 709 2157 764 iste

585 795 846 860 mundus,
883 808 1038 849 amor
1081 794 1182 850 iste
1214 795 1333 851 sine
1357 797 1492 851 vitio
1523 805 1626 853 est.
1669 797 2071 855 Exsultabimus
2103 812 2150 855 et

583 884 880 939 ltetabimur
921 885 979 938 in
1027 895 1096 943 te.
1161 885 1454 957 Diligemus
1506 888 1667 942 ubera
1717 900 1830 944 tua.
1885 890 1978 945 Illa
2031 908 2154 962 quae

581 973 754 1043 major
788 982 892 1040 est,
934 973 1050 1044 jam
1100 984 1320 1030 tuorum
1373 977 1598 1032 uberum
1647 979 1785 1035 lacte
1826 980 2148 1050 perfruitur,

576 1073 631 1119 et
660 1063 902 1135 loquitur
926 1065 1245 1122 exsultans:
1273 1065 1425 1121 Bona
1449 1067 1608 1122 ubera
1639 1077 1732 1123 tua
1761 1087 1916 1140 super
1945 1073 2146 1126 uinum.

576 1155 697 1212 Istae
724 1172 852 1213 vero
879 1172 1004 1228 quae
1041 1158 1459 1214 exsultationem
1495 1169 1550 1214 et
1589 1161 1830 1217 lzetitiam
1869 1164 2146 1232 deferunt,

571 1249 993 1308 adolescentulze
1039 1252 1243 1323 quippe
1288 1260 1451 1316 sunt,
1517 1252 1768 1308 deferunt
1799 1255 2144 1321 charitatem,

569 1354 624 1400 et
658 1344 849 1402 dicunt
879 1361 894 1399 :
928 1345 1329 1400 Exsultabimus
1361 1353 1413 1401 et
1446 1345 1748 1402 la’tabimur
1791 1349 1847 1401 in
1896 1359 1963 1404 te.
2004 1349 2145 1404 Dili-

572 1453 749 1504 gemus
779 1436 940 1492 ubera
969 1445 1061 1490 tua
1085 1453 1240 1507 super
1266 1437 1462 1492 vinum.
1519 1435 1836 1509 Diligcmus,
1868 1439 2142 1510 inquiunt,

571 1541 681 1580 non
735 1523 1037 1599 diligimus.
1100 1527 1304 1583 Deinde
1357 1528 1658 1599 loquuntur
1721 1531 1788 1585 ad
1842 1547 2139 1602 sponsam:

569 1617 821 1688 .Equitas
866 1619 1056 1674 dilexit
1101 1629 1169 1674 te.
1223 1619 1470 1676 Laudant
1501 1636 1781 1691 sponsam,
1816 1639 2015 1680 nomen
2065 1625 2142 1680 illi

564 1710 840 1779 aequitatis
870 1726 901 1765 a
928 1711 1161 1782 propriis
1187 1711 1475 1770 virtutibus
1502 1714 1862 1785 imponentes.
1887 1715 2140 1788 ιΕᾳιιὶιαε

560 1797 754 1854 dilexit
783 1808 854 1854 te.

2265 623 2346 667 ret
2392 615 2575 668 Aaron
2629 615 2990 669 sacerdotium
3037 614 3382 685 Judaeorum,
3434 632 3735 676 murmuret
3782 634 3836 676 et

2264 701 2431 756 Maria
2479 719 2751 775 synagoga
2798 719 3019 771 eorum;
3064 704 3277 778 Moyses
3307 708 3373 763 de
3404 712 3837 767 murmuratione

2264 809 2371 849 non
2405 804 2581 859 curat,
2612 805 2758 849 amat
2778 794 3175 866 [Ethiopissam
3203 815 3384 863 suam,
3408 801 3475 854 de
3496 818 3602 871 qua
3627 812 3681 856 et
3703 803 3832 857 alibi

2261 884 2461 940 dicitur
2490 900 2583 953 per
2610 885 2930 954 prophetam
2963 902 2978 938 :
3009 886 3088 938 Ab
3121 889 3368 942 extremis
3395 889 3671 957 [luminum
3700 894 3832 961 affe-

2263 980 2372 1024 rent
2406 972 2607 1026 hostias
2630 973 2696 1026 δ’.
2725 972 2791 1027 Ει
2818 988 3036 1029 rursum
3065 993 3079 1029 :
3103 974 3385 1047 Ait/Iiopia
3415 982 3690 1048 praeveniet
3715 999 3833 1036 ma-

2258 1077 2356 1114 nus
2384 1061 2497 1131 ejus
2526 1062 2630 1117 Deo
2658 1063 2724 1118 ".
2752 1062 2986 1120 Pulchre
3013 1069 3308 1137 praeveniet
3321 1085 3344 1139 _;
3371 1071 3645 1139 quomodo
3682 1074 3825 1127 enim

2257 1154 2311 1207 in
2353 1154 2646 1225 Evangelio
2677 1156 2876 1211 mulier
2905 1157 2994 1212 illa
3026 1173 3149 1229 quae
3181 1161 3447 1230 sanguine
3485 1161 3701 1227 ﬂuebat,
3736 1178 3829 1217 ar-

2258 1245 2610 1318 chisynagogi
2640 1247 2807 1302 tiliam
2831 1249 3114 1305 curatione
3140 1253 3491 1320 praevenit“,
3519 1254 3598 1308 sic
3620 1251 3830 1308 Ethio-

2255 1335 2342 1405 pia
2371 1335 2539 1392 Israel
2563 1345 2861 1406 aegrotante
2895 1348 3085 1394 sanata
3120 1349 3222 1394 est.
3258 1337 3484 1393 Illorum
3519 1342 3708 1396 delicto
3738 1359 3826 1397 sa-

2251 1428 2334 1482 lus
2373 1429 2615 1498 gentibus
2667 1428 2810 1497 facta
2848 1440 2924 1484 est
2961 1431 3029 1483 ad
3065 1431 3421 1486 teritulandum
3449 1448 3534 1486 eos
3559 1433 3624 1486 "5.
3651 1433 3824 1503 Nigra

2251 1535 2370 1572 sum
2395 1531 2444 1574 et
2468 1521 2723 1588 speciosa,
2751 1520 2882 1590 ﬁlia:
2908 1521 3262 1578 Hierusalem.
3291 1523 3356 1578 Et
3379 1534 3458 1588 tu,
3486 1527 3820 1582 ecclesiasti.

2250 1626 2310 1666 ea
2340 1612 2543 1676 anima,
2578 1613 2645 1667 ad
2675 1612 2816 1669 tilias
2845 1613 3183 1670 Hierusalem
3208 1627 3466 1673 converte
3489 1634 3817 1685 sermonem,

2247 1712 2302 1758 et
2330 1703 2573 1760 diczMe
2620 1705 2742 1776 plus
2792 1715 2940 1761 amat
2989 1723 3244 1778 sponsus,
3297 1725 3384 1766 me
3429 1710 3602 1782 magis
3647 1711 3823 1780 diligit

2246 1812 2410 1867 quam
2455 1812 2572 1864 vos,
2617 1813 2743 1868 quae
2787 1799 2971 1854 amitae
3003 1800 3124 1855 tiliae
3152 1800 3514 1857 Hierusalem.
3545 1801 3656 1859 Vos
3686 1802 3820 1858 loris

637 1887 693 1946 6,
732 1888 970 1947 nul-sum
1012 1894 1078 1948 ad
1113 1893 1548 1951 adolescentulas
1594 1911 1798 1966 sponsa
1847 1899 2140 1968 responde;
2170 1881 2213 1937 B
2243 1887 2424 1954 statis,
2449 1897 2502 1944 et
2524 1903 2782 1959 sponsam
2810 1891 3122 1946 cubiculum
3155 1892 3347 1946 videtis
3381 1893 3695 1948 intrantem.
3725 1893 3819 1948 Ne-

567 1983 736 2050 (vers.
753 1981 808 2047 5,
845 1982 899 2054 6)
927 2001 943 2038 :
972 1983 1143 2055 Nigra
1175 2003 1309 2053 sum,
1337 1997 1387 2042 et
1425 1988 1680 2056 speciosa,
1713 1989 1842 2058 ﬁlia:
1877 1989 2138 2045 Hierusa-

561 2070 686 2138 lem,
715 2080 774 2125 ut
805 2073 1146 2128 tabernacula
1172 2075 1365 2143 Cedar,
1405 2085 1462 2129 ut
1490 2077 1651 2145 pelles
1676 2076 1995 2134 Salomonis.
2032 2080 2136 2152 15

565 2160 648 2217 Ne
663 2163 978 2220 intueamini
1006 2183 1104 2232 me,
1143 2168 1267 2238 quia
1299 2185 1392 2239 ego
1419 2185 1536 2223 sum
1558 2170 1856 2241 denigrata,
1884 2176 2135 2244 quoniam

559 2256 794 2326 despexit
821 2273 902 2312 me
939 2257 1040 2313 sol.
1071 2256 1330 2330 Speciosa
1355 2261 1573 2330 quidem
1603 2271 1708 2330 est,
1751 2273 1807 2320 et
1836 2281 2132 2336 possumus

562 2344 804 2400 invenire
848 2348 1126 2418 quomodo
1173 2350 1421 2420 speciosa
1455 2351 1527 2407 sit
1561 2368 1804 2423 sponsa;
1835 2358 2134 2426 quaerimus

558 2451 740 2494 autem
773 2441 1052 2510 quomodo
1083 2442 1238 2514 nigra
1267 2454 1321 2498 et
1357 2444 1478 2499 sine
1506 2447 1742 2502 candore
1776 2448 1850 2504 sit
1883 2449 2128 2518 pulchra.

559 2530 942 2590 Ptenitentiam
979 2535 1091 2608 egit
1113 2551 1144 2591 a
1170 2539 1440 2608 peccatis,
1473 2541 1707 2610 speciem
1737 2541 1786 2596 ei
1815 2542 2008 2614 largita
2048 2553 2133 2599 est

555 2625 860 2693 conversio,
883 2635 937 2682 et
960 2627 1084 2683 ideo
1105 2630 1350 2698 speciosa
1385 2640 1658 2688 cantatur.
1683 2631 1824 2699 Quia
1847 2648 1974 2688 vero
2005 2649 2132 2690 nec-

553 2716 684 2771 dum
733 2719 980 2773 omnium
1028 2729 1374 2790 peccatorum
1419 2722 1581 2779 sorde
1616 2731 1865 2796 purgata,
1898 2725 2131 2780 necdum

553 2807 665 2862 lota
695 2817 778 2865 est
808 2808 864 2864 in
892 2809 1088 2879 salute,
1134 2813 1288 2883 nigra
1328 2813 1547 2880 dicitur,
1579 2817 1674 2871 sed
1713 2816 1767 2871 in
1801 2824 1921 2871 atro
1946 2818 2132 2873 colore

555 2914 664 2955 non
700 2913 1002 2972 permanet.
1044 2901 1234 2974 Itaque
1273 2906 1506 2961 candida
1551 2907 1772 2976 quando
1813 2908 1880 2963 ad
1917 2908 2128 2980 majora

552 2991 854 3061 consurgit,
889 3001 943 3048 et
967 3008 1091 3048 cum
1132 2995 1201 3050 ab
1230 2997 1530 3052 humilibus
1553 2997 1752 3069 incipit
1767 2999 1836 3054 ad
1862 2998 1973 3055 alta
2002 3015 2129 3057 conn

549 3085 834 3150 scendere,
857 3084 1164 3158 diciturque
1186 3087 1255 3142 de
1278 3103 1341 3143 ea
1367 3106 1382 3142 :
1418 3089 1549 3154 Qua:
1577 3100 1652 3146 est
1684 3092 1790 3146 ista
1814 3110 1933 3164 quin
1953 3111 2129 3150 ascen—

549 3173 630 3273 dit
666 3175 918 3273 dealbata
939 3177 1006 3232 ".
1048 3178 1115 3233 Et
1156 3193 1268 3250 quo
1291 3179 1652 3273 manifestius
1681 3181 1784 3238 hoc
1806 3185 2125 3256 mysterium
2154 3215 2196 3273 ο

549 3265 910 3333 describatur,
940 3284 1048 3324 non
1073 3271 1170 3336 ait,
1203 3281 1262 3325 ut
1288 3271 1342 3325 in
1375 3271 1648 3343 plerisque
1676 3275 1974 3344 codicibus,
2001 3279 2130 3350 legi-

549 3368 672 3413 tur:
693 3357 888 3414 lnnixa
919 3376 1075 3430 super
1101 3361 1408 3431 fratruelem
1435 3381 1611 3432 suum,
1645 3366 1695 3420 id
1717 3377 1819 3435 est,
1842 3369 2127 3443 ἐπιστηρι-

548 3447 748 3522 ζομένη
777 3451 869 3505 ἰπὶ
890 3451 982 3506 τὸν
1010 3451 1320 3524 ἀδελφιδοῦν
1335 3455 1523 3526 αὐτῆς,
1558 3457 1649 3513 sed
1670 3458 2126 3535 ὲπιστηριζομένη

547 3541 640 3595 ἐπὶ
667 3559 728 3596 το
753 3543 951 3616 υτῆθος
977 3543 1163 3610 αὑτοῦ,
1195 3546 1248 3601 id
1275 3557 1378 3614 est,
1409 3563 1565 3616 super
1584 3559 1762 3617 pectus
1792 3551 1905 3620 ejus
1933 3569 2128 3606 recum-

547 3634 692 3698 bens,
723 3633 1202 3706 signiﬁcanterque
1231 3637 1299 3692 de
1331 3638 1514 3693 anima
1545 3655 1758 3709 sponsae
1785 3651 1840 3696 et
1871 3658 2126 3698 sermone

546 3724 762 3790 dicitur,
799 3740 965 3797 super
1003 3736 1192 3798 pectus
1219 3727 1366 3784 Illius
1394 3731 1739 3796 recumbens,
1771 3733 1900 3803 quia
1924 3734 2125 3804 princi-

546 3816 665 3886 pale
694 3817 768 3872 ibi
797 3819 980 3874 cordis
1010 3830 1095 3875 est
1121 3820 1316 3876 nostri.
1345 3818 1500 3877 Unde
1539 3838 1569 3877 a
1614 3825 1928 3882 carnalibus
1969 3841 2123 3882 rece-

543 3907 732 3964 dentes
755 3909 1022 3980 spiritalia
1050 3912 1251 3968 sentire
1278 3913 1562 3982 debemus,
1585 3923 1640 3972 et
1667 3917 1964 3988 intelligere
1988 3919 2125 3975 mul-

543 4009 601 4053 to
635 3999 830 4056 melius
857 4017 980 4058 esse
1013 4003 1092 4059 sic
1122 4019 1329 4072 amare,
1383 4023 1549 4077 quam
1599 4023 1786 4064 amare
1829 4010 2117 4068 desistere.

541 4090 804 4147 Ascendit
851 4092 1018 4162 igitur
1066 4097 1391 4153 recumbens
1423 4113 1590 4168 super
1621 4109 1807 4168 pectus
1843 4098 2119 4158 fratruelis

538 4178 625 4235 sui
653 4197 668 4235 :
703 4190 758 4236 et
785 4196 907 4252 quae
935 4198 1082 4238 nunc
1107 4183 1162 4238 in
1186 4187 1411 4242 exordio
1441 4189 1639 4244 cantici
1671 4190 1823 4260 nigra
1870 4192 2114 4261 ponitur,

540 4272 596 4327 in
619 4273 954 4344 epithalamii
982 4274 1088 4330 line
1110 4276 1176 4330 de
1202 4288 1266 4332 ea
1298 4288 1547 4334 cantatur
1571 4298 1584 4334 :
1613 4280 1744 4345 Qua:
1772 4292 1848 4336 est
1873 4283 1978 4338 ista
1998 4301 2116 4355 qua

538 4366 774 4420 ascendit
809 4366 1058 4419 dealbata
1081 4367 1158 4420 ὀἳ
1180 4366 1548 4426 Intelleximus
1575 4376 1852 4441 quomodo
1885 4385 1940 4430 et
1962 4379 2114 4447 nigra

537 4467 592 4514 et
626 4457 868 4514 formosa
908 4459 981 4513 sit
1023 4473 1244 4530 sponsa.
1295 4459 1354 4514 Si
1381 4469 1562 4516 autem
1607 4472 1662 4516 et
1697 4473 1752 4518 tu
1794 4479 1902 4520 non
1937 4469 2115 4537 egeris

2242 1994 2332 2034 mo
2357 1980 2567 2036 dubitet
2587 1980 2797 2052 nigram
2823 1991 3070 2037 vocatam
3093 1997 3215 2039 esse
3241 1982 3560 2039 formosam.
3589 1983 3692 2052 Qui
3716 1999 3818 2038 nos

2240 2085 2452 2138 sumus,
2484 2080 2546 2126 ut
2575 2073 3192 2143 cognoscamus-Deum,
3245 2084 3306 2130 ut
3345 2075 3572 2132 Cantica
3618 2077 3816 2131 cantici

2237 2164 2618 2233 praedicemus,
2647 2173 2707 2220 ut
2732 2166 2800 2220 ab
2821 2165 3114 2236 [Ethiopite
3139 2166 3362 2234 linibus,
3389 2177 3446 2221 ut
3475 2167 3542 2222 ab
3566 2177 3813 2222 extremo

2238 2264 2398 2311 terra:
2424 2257 2733 2312 venerimus
2754 2257 3076 2326 sapientiam
3107 2259 3219 2314 veri
3253 2260 3442 2314 audire
3471 2259 3818 2314 Salomonis?

2236 2345 2303 2402 Et
2343 2348 2565 2418 quando
2608 2348 2908 2406 Salvatoris
2951 2365 3056 2405 vox
3101 2350 3400 2405 intonantis
3429 2353 3813 2406 auditurzltc-

2234 2439 2359 2510 gina
2398 2441 2584 2495 Austri
2622 2443 2786 2494 veniet
2828 2442 2882 2494 in
2916 2441 3209 2508 judicium,
3237 2451 3288 2494 et
3325 2434 3688 2497 condemnabit
3719 2444 3812 2497 lto-

2234 2527 2400 2582 mines
2431 2529 2786 2598 generationis
2813 2527 2992 2596 hujus,
3039 2530 3165 2598 quia
3201 2531 3336 2584 venit
3367 2547 3401 2584 a
3427 2530 3621 2600 ﬁnibus
3656 2541 3810 2586 terra

2235 2615 2422 2672 audire
2456 2618 2773 2680 sapientiam
2799 2617 3123 2687 Salomonis,
3153 2629 3202 2674 et
3232 2637 3347 2675 ecce
3381 2621 3498 2689 plus
3530 2639 3688 2692 quam
3711 2623 3808 2678 Sa-

2233 2709 2411 2764 lomon
2452 2709 2536 2764 nic
2555 2707 2603 2742 “
2635 2727 2650 2766 :
2685 2711 2812 2765 audi
2857 2711 3088 2782 mystica
3134 2727 3258 2783 quae
3298 2712 3572 2769 dicantur.
3605 2713 3807 2785 Regina

2231 2800 2421 2857 Austri
2453 2801 2602 2858 venit
2629 2817 2662 2857 a
2692 2803 2893 2858 llnibus
2923 2811 3082 2859 terra:
3100 2803 3366 2872 Ecclesia,
3394 2814 3449 2860 ct
3480 2806 3809 2861 condemnat

2233 2897 2486 2952 homines
2518 2896 2889 2967 generationis
2914 2896 3103 2967 hujus,
3135 2897 3187 2951 id
3221 2905 3304 2952 est
3328 2895 3545 2952 Judzeos
3575 2897 3726 2952 carni
3754 2907 3808 2953 et

2231 2987 2485 3059 sanguini
2531 2989 2765 3046 deditos.
2806 2987 2968 3044 Venit
2998 3003 3030 3043 a
3062 2987 3264 3044 ﬁnibus
3303 2997 3461 3043 terrae
3498 2988 3688 3044 audire
3716 3004 3807 3044 sa-

2231 3080 2492 3150 pientiam
2529 3080 2861 3147 Salomonis,
2916 3096 3026 3136 non
3060 3080 3210 3137 illius
3241 3081 3335 3152 qui
3367 3080 3422 3135 in
3457 3079 3806 3136 Testamento

2232 3169 2413 3228 Veteri
2435 3173 2782 3243 praedicatur,
2813 3173 2907 3228 sed
2934 3173 3099 3244 hujus
3120 3173 3214 3244 qui
3243 3173 3298 3226 in
3325 3172 3622 3249 Evangelio
3649 3172 3806 3229 Salo-

2231 3281 2394 3322 mone
2423 3269 2601 3338 major
2624 3279 2728 3324 est.
2771 3266 2944 3338 Nigra
2965 3284 3082 3322 sum
3104 3278 3154 3321 et
3175 3269 3433 3342 speciosa,
3458 3267 3589 3344 [ilice
3615 3266 3808 3321 llieru-

2229 3360 2416 3426 salem,
2461 3361 2615 3430 nigra
2658 3360 2794 3414 velut
2842 3359 3186 3414 tabernacula
3238 3358 3433 3425 Cedar,
3472 3361 3706 3429 speciosa
3746 3369 3804 3413 ut

2227 3450 2386 3518 pelles
2414 3449 2737 3506 Salomonis.
2777 3451 2895 3521 Ipsa
2930 3465 3151 3520 quoque
3180 3451 3402 3506 nomina
3435 3465 3560 3506 cum
3589 3463 3805 3520 sponsa:

2229 3544 2424 3597 decore
2450 3543 2803 3598 conveniunt.
2833 3541 3003 3596 Aiunt
3022 3541 3232 3596 Hebraei
3258 3539 3432 3596 Cedar
3458 3542 3803 3612 interpretari

2228 3635 2502 3693 tenebras.
2529 3633 2692 3706 Nigra
2735 3650 2857 3690 sum
2887 3649 3018 3705 ergo
3044 3642 3104 3688 ut
3141 3633 3490 3689 tabernacula
3523 3634 3716 3702 Cedar,
3744 3645 3806 3692 ut

2227 3727 2548 3796 Ethiopes;
2597 3727 2844 3796 speciosa
2898 3736 2958 3780 ut
3002 3725 3170 3796 pelles
3211 3723 3524 3782 Salomonis
3563 3741 3702 3797 quas
3736 3743 3804 3783 co

2227 3828 2469 3888 tempore
2489 3818 2546 3873 in
2568 3819 2904 3874 tabernaculi
2927 3826 3254 3873 ornamento
3274 3819 3601 3887 composuit,
3627 3834 3805 3888 quan-

2225 3911 2296 3967 do
2329 3910 2589 3981 templum
2621 3925 2840 3966 summo
2863 3910 3047 3968 studio
3075 3920 3128 3966 et
3158 3910 3344 3966 labore
3375 3910 3673 3967 fabricatus
3695 3921 3797 3968 est.

2225 4001 2388 4060 Dives
2428 4003 2629 4074 quippe
2673 4001 2954 4070 Salomon,
2989 4013 3042 4059 et
3078 4004 3133 4058 in
3165 4004 3315 4058 onmi
3354 4004 3618 4074 sapientia
3653 4004 3800 4059 illius

2223 4111 2385 4151 nemo
2423 4092 2698 4165 prméessit
2735 4097 2907 4150 illum.
2944 4095 3118 4166 Nigra
3147 4113 3266 4150 sum
3304 4105 3352 4150 et
3391 4097 3648 4165 speciosa,
3671 4096 3802 4165 ﬁlia:

2221 4188 2583 4254 Hierusalem,
2617 4200 2673 4245 ut
2703 4189 3044 4244 tabernacula
3077 4188 3270 4255 Cedar,
3292 4198 3348 4241 ut
3370 4188 3529 4256 pelles
3554 4188 3800 4244 Salomo-

2220 4284 2326 4338 nis.
2365 4281 2450 4338 Ne
2479 4281 2798 4338 ittlneamini
2829 4298 2930 4348 me,
2957 4281 3081 4349 quia
3103 4296 3194 4349 ego
3221 4296 3338 4332 sum
3365 4279 3660 4348 denigrata.
3697 4279 3798 4334 Sa-

2220 4372 2422 4427 tisfecit
2453 4371 2521 4426 de
2555 4371 2772 4440 nigrore
2803 4384 2924 4432 suo,
2952 4377 3006 4422 et
3034 4383 3129 4438 per
3169 4367 3544 4438 ptenitentiam
3573 4372 3641 4422 ad
3679 4383 3795 4421 me-

2222 4461 2361 4515 liora
2395 4473 2660 4514 conversa
2692 4460 2982 4513 annuntiat
3011 4473 3070 4514 se
3118 4457 3330 4513 ﬁliabus
3373 4457 3540 4512 Israel
3583 4457 3793 4530 nigram

539 4553 937 4623 penitentiam,
983 4568 1116 4608 cave
1159 4566 1226 4607 ne
1261 4553 1443 4617 anima
1491 4563 1582 4609 tua
1623 4555 1776 4626 nigra
1817 4557 2032 4612 dicatur
2060 4568 2113 4614 ct
2147 4553 2191 4608 D

2147 4553 2191 4608 D
2219 4553 2438 4623 quidem
2474 4566 2618 4618 esse,
2661 4548 2757 4606 sed
2793 4551 3099 4622 pulchram,
3129 4551 3428 4606 secundum
3459 4550 3604 4619 quod
3634 4565 3796 4620 supe-

539 4645 735 4715 turpis,
769 4653 826 4701 et
859 4646 1061 4715 duplici
1091 4644 1334 4702 Iteditate
1379 4645 1615 4716 turperis
1653 4665 1664 4699 :
1694 4647 1846 4717 nigra
1896 4659 2114 4719 propter

537 4745 758 4804 peccata
785 4737 1080 4806 praeterita,
1131 4737 1306 4808 turpis
1349 4745 1569 4807 propter
1602 4737 1706 4792 hoc
1739 4740 1868 4808 quia
1909 4740 1986 4820 in“
2005 4741 2114 4796 eis-

535 4827 659 4882 dem
693 4828 839 4884 vitiis
877 4843 1212 4898 perseveras.
1251 4827 1308 4882 Si
1354 4844 1480 4884 vero
1508 4831 1880 4899 paenitentiam
1911 4832 2111 4902 egeris,

539 4921 689 4991 nigra
721 4922 826 4976 erit
866 4921 1050 4977 anima
1093 4932 1183 4978 tua
1225 4933 1444 4993 propter
1473 4924 1697 4994 antiqua
1731 4925 1950 4990 delicta,
1979 4941 2110 4996 pro—

537 5021 655 5082 pter
683 5013 1054 5084 pcenitentiam
1085 5031 1214 5070 vero
1243 5015 1459 5070 habebit
1481 5015 1707 5086 aliquid,
1731 5026 1788 5072 ut
1811 5017 1885 5072 ita
1908 5017 2108 5085 dicam,

536 5105 832 5178 :Ethiopici
857 5107 1093 5164 decoris.
1127 5107 1194 5163 Et
1228 5109 1354 5178 quia
1391 5110 1559 5166 semel
1597 5109 1904 5180 [Ethiopem
1932 5112 2111 5165 nomi-

535 5201 679 5262 navi,
709 5202 832 5255 volo
872 5208 1062 5255 testem
1101 5201 1437 5270 Scripturam
1467 5216 1632 5272 super
1669 5203 1814 5256 hunc
1843 5203 2111 5258 advocare

534 5307 863 5347 sermonem.
888 5291 1066 5346 Aaron
1091 5301 1144 5346 et
1177 5291 1342 5347 Maria
1375 5301 1716 5346 murmurant
1747 5292 1873 5361 quia
1895 5291 2108 5357 Moyses

533 5383 928 5456 .‘Ethiopissam
987 5384 1152 5438 habet
1213 5398 1437 5438 uxorem
1473 5386 1537 5436 δι.
1602 5386 1664 5438 Et
1689 5402 1834 5440 nunc
1891 5386 2104 5458 Moyses

533 5475 922 5546 .Ethiopissam
965 5475 1117 5530 ducit
1159 5489 1382 5528 uxorem
1415 5494 1428 5528 :
1470 5476 1739 5545 siquidem
1772 5479 1854 5532 lex
1887 5479 2006 5548 ejus
2035 5483 2102 5536 ad

1132 5635 1177 5666 ‘°
1209 5633 1367 5688 Cant.
1401 5646 1519 5689 vin.
1653 5633 1695 5662 ⁶¹
1728 5631 1888 5685 Num.
1923 5649 2018 5697 xit,
2049 5634 2098 5686 1.

602 5635 646 5666 ⁸⁸
668 5635 830 5688 Cant.
866 5650 985 5700 VIII,
1025 5638 1075 5690 5.
1132 5635 1177 5666 ‘°
1209 5635 1367 5688 Cant.
1401 5646 1519 5689 vni.
1653 5635 1695 5662 ⁶¹
1728 5635 1888 5685 Num.
1923 5649 2018 5697 xit,
2049 5635 2069 5686 1

602 5705 755 5759 llom.
786 5721 858 5759 xI.
895 5707 977 5758 Il.
1058 5708 1102 5737 ⁸⁵
1135 5705 1322 5759 Matth.
1351 5717 1447 5759 xu.
1478 5703 1566 5756 41.
1646 5703 1686 5733 ⁸⁷
1723 5703 1879 5759 Rom.
1909 5721 1983 5759 λι.
2018 5706 2078 5759 11

1867 5744 1879 5756 I
1909 5744 1983 5769 0",

531 5707 574 5736 "‘
599 5705 755 5759 Ilom.
786 5721 858 5768 ιι,
895 5707 977 5758 Il.
1058 5708 1102 5737 ⁸⁵
1135 5705 1322 5759 Matth.
1351 5717 1447 5767 xu,
1478 5703 1566 5756 41.

599 5845 712 5921 (l2)
751 5843 907 5913 Mss.,
938 5845 1139 5914 excepi.
1165 5843 1320 5906 Libb.
1349 5841 1505 5907 cdit.,
1537 5842 1732 5915 gccepi.
1783 5829 1789 5834 ’

2218 4646 2334 4700 rius
2358 4643 2737 4714 exposuimus,
2769 4651 2823 4698 et
2847 4644 2978 4698 dicit
3004 4662 3018 4697 :
3047 4641 3129 4697 Ne
3167 4642 3482 4696 intueamini
3528 4659 3630 4706 me,
3669 4644 3795 4713 quia

2214 4751 2306 4805 ego
2336 4750 2454 4788 sum
2486 4733 2787 4802 denigrata.
2834 4731 2934 4797 Ne,
2978 4733 3174 4802 inquit,
3210 4729 3558 4786 admiremini
3592 4731 3795 4786 coloris

2215 4844 2338 4884 esse
2374 4841 2461 4883 me
2488 4827 2632 4892 tetri,
2668 4825 2749 4880 sol
2783 4825 3028 4894 despexit
3061 4840 3167 4879 me.
3203 4823 3372 4879 Pleno
3404 4824 3607 4894 quippe
3642 4823 3794 4877 radio

2216 4921 2270 4974 in
2305 4935 2392 4974 me
2422 4917 2648 4973 luminis
2679 4919 2764 4973 sui
2793 4915 2972 4986 fulgor
3009 4915 3207 4980 illuxit,
3249 4924 3307 4970 ut
3333 4914 3452 4985 ejus
3478 4914 3581 4967 sim
3609 4914 3792 4968 calore

2216 5010 2447 5068 fuscata.
2485 5008 2675 5077 Neque
2709 5007 2854 5062 enim
2889 5015 2949 5061 ut
2989 5005 3271 5075 decuerat,
3309 5015 3367 5060 ut
3395 5005 3526 5060 solis
3555 5002 3792 5072 dignitas

2214 5103 2518 5173 expetebat,
2561 5099 2708 5154 illius
2747 5099 2800 5152 in
2830 5114 2916 5154 me
2956 5099 3142 5154 lumen
3185 5097 3371 5166 excepi
3398 5094 3510 5165 (l2)
3541 5113 3554 5149 :
3581 5093 3790 5148 Delicta

2211 5211 2400 5249 eorum
2420 5193 2567 5247 salus
2597 5192 2836 5262 gentibus
2867 5191 3011 5260 facta
3044 5200 3121 5245 est
3145 5191 3224 5255 ‘7;
3259 5198 3314 5243 et
3337 5200 3533 5242 rursus
3567 5205 3581 5240 :
3610 5185 3792 5240 Incre-

2212 5287 2436 5340 dulitate
2478 5287 2707 5355 gentium
2761 5285 2981 5338 scientia
3031 5281 3218 5336 Israel.
3275 5279 3452 5335 Habes
3496 5289 3790 5348 utrumque

2215 5381 2352 5450 apud
2385 5379 2641 5450 Apostolu
2651 5395 2724 5431 III.

2286 5475 2337 5530 7.
2381 5473 2536 5526 ἵετε.
2571 5470 2623 5524 6.
2663 5470 2794 5522 Filii
2830 5469 3016 5522 rnutris
3056 5482 3181 5520 mea:
3207 5473 3568 5536 pugnaverunt
3598 5465 3786 5517 adser-

2177 5635 2220 5666 θ’
2242 5631 2384 5688 Psal.
2421 5646 2592 5694 Lxxu,
2631 5629 2715 5682 l0.
2771 5627 2814 5658 ⁸³
2843 5625 2984 5680 Psal.
3012 5638 3202 5686 ωινιιι,
3230 5623 3318 5678 51.
3374 5623 3416 5654 ⁸³
3447 5620 3638 5676 Matth.
3668 5633 3718 5674 Ix
3739 5658 3754 5674 .
