4236 6282
1549 349 1552 352 '
1838 331 2122 388 llOMlLIA
2161 332 2200 388 Ι.
3536 340 3605 391 46

392 349 459 407 45
1549 349 1552 352 ’
1838 349 2122 388 IIUMILIA
2161 349 2200 388 I.
3536 349 3599 391 tm

394 477 505 517 sum
546 473 639 513 tne.
678 454 1148 512 Considerandum
1188 451 1468 523 quomodo
1509 465 1705 520 sponsa
1757 447 1937 502 dicat:
1972 448 2016 503 A
2039 443 2111 499 Et
2133 446 2260 517 quia
2292 448 2522 504 aliorum
2577 451 2841 507 erubesco
2892 461 3163 522 aspectus,
3200 452 3392 508 faciem
3421 467 3599 508 meam

408 550 521 605 Filii
564 550 750 603 matris
796 563 936 607 metu.
982 553 1342 616 pugnaverunt
1392 543 1664 599 adversum
1721 558 1835 606 me;
1886 552 1943 596 et

399 643 591 709 quando
615 642 882 696 adversus
910 655 1031 694 eam
1057 636 1286 692 fratrum
1313 652 1493 707 pugna
1516 637 1773 693 surrexit.
1807 635 1943 690 Vide

393 734 603 792 Paulum
644 730 909 786 Ecclesiae
945 737 1369 799 persecutorem,
1410 736 1465 782 et
1501 727 1767 797 intelliges
1798 740 1939 796 quo-

390 824 539 882 modo
560 823 708 879 filius
738 823 929 878 matris
968 821 1090 891 ejus
1121 819 1445 891 pugnaverit
1480 820 1770 874 adversum
1794 834 1936 873 eam.

383 915 762 972 Persecusz
790 911 1043 966 Ecclesiae
1074 918 1300 980 egerunt
1331 909 1732 979 paenitentiam,
1760 918 1814 964 et
1843 910 1942 964 ad-

385 1005 607 1059 versarii
631 1003 754 1074 ejus
776 1017 990 1057 rursum
1019 1001 1086 1056 ad
1115 1001 1324 1056 sororis
1347 1002 1501 1070 signa
1529 1002 1775 1057 conversi
1804 1016 1942 1071 prse-

382 1094 697 1150 dieaveruut
726 1095 882 1149 fidem
913 1109 1076 1164 quam
1107 1103 1234 1148 ante
1265 1092 1639 1149 destruebant.
1674 1094 1788 1147 Huc
1817 1109 1943 1163 pro-

386 1186 598 1254 phetico
631 1186 820 1256 spiritu
852 1201 1054 1256 sponsa
1096 1200 1240 1241 nunc
1272 1193 1523 1248 cantans,
1557 1186 1670 1240 ait:
1705 1185 1942 1240 Dimica-

374 1288 561 1333 uerunt
607 1279 662 1332 in
712 1294 809 1342 nte,
856 1287 1141 1347 posuerunt
1195 1293 1278 1332 me
1328 1277 1597 1331 custodem
1647 1279 1703 1331 in
1753 1279 1938 1335 vineis.

393 1366 605 1423 Vineam
652 1385 822 1422 meam
873 1384 978 1423 non
1026 1368 1308 1423 custodiri.
1359 1368 1474 1439 Ego
1527 1367 1789 1440 Ecclesia,
1841 1385 1943 1440 ego

383 1472 594 1528 sponsa,
623 1473 726 1529 ego
773 1459 894 1515 sine
933 1458 1168 1524 macula,
1210 1459 1569 1530 plurimarum
1599 1473 1786 1518 custos
1817 1478 1938 1518 sum

378 1547 548 1617 posita
580 1550 863 1605 vinearum
888 1565 921 1603 a
953 1549 1079 1604 filiis
1107 1551 1299 1607 matris
1325 1566 1481 1616 mete,
1518 1552 1612 1622 qui
1637 1561 1826 1609 contra
1852 1568 1941 1608 me

377 1638 666 1708 aliquando
705 1649 1103 1711 pugnaverant.
1146 1641 1266 1707 Qua
1299 1642 1669 1699 sollicitudine
1696 1660 1941 1715 curaque

2041 544 2203 605 atque
2252 553 2346 591 ora
2409 555 2533 594 mox
2594 550 2881 612 contegere
2934 543 3151 612 incipio.
3217 543 3348 599 Sum
3402 547 3604 615 quippe

2038 642 2239 697 sponsa
2296 628 2572 696 formosa,
2627 640 2681 686 et
2734 634 2858 689 aliis
2913 636 3112 690 nudam
3177 636 3365 691 faciem
3424 651 3603 694 meam

2038 733 2149 772 non
2176 722 2426 786 ostendo,
2455 722 2558 778 nisi
2588 723 2683 778 tibi
2716 725 2817 780 soli
2838 741 3003 796 quem
3018 726 3345 796 jampridem
3374 729 3604 786 deoscu-

2040 808 2148 863 lata
2180 826 2322 864 sum.
2368 811 2638 867 Annuntia
2668 814 2797 868 mihi
2828 832 2981 885 quem
3009 818 3196 872 dilexit
3242 821 3423 874 enimn
3466 839 3602 881 mea.

2041 901 2131 954 ubi
2160 904 2355 970 pascis,
2380 904 2468 958 ubi
2493 905 2651 960 cubas
2683 908 2738 961 in
2760 909 2994 971 meridie.
3029 911 3300 979 nequando
3323 912 3451 981 ﬁant
3472 916 3606 969 sicut

2040 1004 2285 1061 cooperta
2316 1012 2470 1064 super
2500 1013 2678 1068 greges
2709 999 2970 1054 sodalium
2997 1009 3228 1057 tuorum.
3260 1001 3331 1058 Ut
3363 1004 3470 1059 ista
3498 1021 3607 1061 non

2043 1082 2239 1150 patiar,
2277 1093 2335 1138 ut
2359 1100 2462 1140 non
2499 1088 2622 1143 tiam
2647 1098 2922 1160 cooperta,
2955 1101 3016 1146 ut
3038 1105 3135 1147 ora
3165 1107 3273 1147 non
3300 1102 3606 1166 contegam,

2039 1183 2098 1228 et
2138 1175 2206 1229 ad
2252 1175 2389 1230 alios
2427 1192 2601 1247 usque
2638 1181 2979 1249 perveniens,
3012 1182 3266 1254 incipiam
3295 1183 3523 1242 forsitan
3555 1197 3609 1242 et

2041 1279 2137 1319 eos
2178 1280 2363 1320 amare
2391 1282 2529 1337 quos
2558 1271 2777 1338 nescio;
2820 1272 3024 1329 idcirco
3056 1277 3319 1331 aunuutia
3351 1278 3484 1334 mihi
3512 1279 3604 1334 ubi

2042 1365 2095 1412 te
2124 1372 2364 1427 quaeram
2405 1368 2461 1415 et
2513 1362 2782 1418 inveniann
2811 1365 2867 1420 in
2901 1366 3144 1434 meridie,
3194 1384 3260 1424 ne
3307 1369 3448 1426 forte
3479 1370 3603 1427 (iam

2038 1448 2196 1517 quasi
2226 1459 2480 1519 cooperta
2507 1467 2671 1522 super
2695 1469 2884 1525 greges
2908 1456 3174 1512 sodalium
3206 1468 3449 1515 tuorum.

2110 1539 2164 1594 9.
2201 1538 2446 1597 Posthazc
2484 1544 2647 1598 verba
2698 1560 2935 1615 sponsus
2978 1550 3028 1604 ei
3076 1553 3511 1609 communicatur
3551 1563 3608 1611 et

2039 1628 2212 1685 dicit:
2243 1631 2351 1687 Aut
2384 1647 2657 1703 cognosce
2699 1638 3037 1708 temetipsam
3080 1643 3336 1711 quoniam
3376 1646 3522 1715 regis
3545 1662 3604 1702 es

373 1728 639 1796 districta,
657 1732 787 1784 dum
815 1731 997 1801 plures
1024 1732 1272 1788 custodio
1291 1734 1500 1802 vineas,
1526 1734 1736 1790 vineam
1760 1751 1939 1792 meam
1970 1774 2014 1832 Β
2040 1741 2046 1774 ¹

1929 1754 1939 1792 ,
1970 1774 2014 1832 Β
2040 1734 2265 1791 sponsa,
2296 1732 2350 1777 et
2383 1722 2641 1788 formosa,
2679 1738 2732 1780 et
2761 1743 2792 1780 a
2829 1744 2917 1784 me
2954 1730 3093 1786 facta
3122 1732 3395 1804 formosa;
3428 1739 3602 1811 siqui-

373 1834 482 1876 non
514 1823 747 1878 servavi.
784 1823 1025 1893 lntellige
1058 1824 1162 1879 hoc
1191 1825 1260 1880 de
1288 1826 1477 1892 Paulo,
1499 1836 1553 1882 et
1572 1828 1679 1882 alio
1698 1843 1941 1899 quocun-

370 1924 480 1978 que
501 1921 838 1980 sanctorum,
861 1915 956 1984 qui
977 1930 1075 1984 pro
1094 1916 1338 1971 omnium
1357 1917 1430 1972 sit
1448 1918 1625 1973 salute
1637 1919 1937 1987 sollicitus;

369 2007 424 2053 et
457 2001 668 2055 videbis
705 2003 983 2071 quomodo
1021 2002 1238 2057 vineam
1271 2018 1425 2057 suam
1458 2018 1568 2057 non
1603 2004 1939 2068 custodiens,

2040 1810 2163 1875 dem
2204 1827 2308 1884 ego
2355 1816 2486 1872 mihi
2533 1817 2754 1876 exhibui
2796 1820 3089 1891 gloriosam
3133 1823 3450 1895 Ecelcsiam,
3493 1810 3603 1889 non

2041 1903 2327 1961 habentem
2351 1910 2642 1977 maculam,
2665 1928 2840 1982 neque
2863 1930 3052 1991 rugam
3077 1919 3141 1971 δ’.
3167 1919 3271 1976 Aut
3292 1923 3452 1988 scito,
3479 1924 3604 1992 quia

2040 1993 2089 2047 si
2118 2002 2171 2048 te
2190 2010 2299 2049 non
2325 2001 2665 2067 cognoveris,
2688 2010 2745 2055 et
2769 2013 2916 2057 tuam
2941 2006 3130 2061 scieris
3151 2008 3489 2076 dignitatem,
3512 2028 3608 2079 pa-

369 2090 613 2143 anowm
648 2090 828 2143 vinem
868 2091 1175 2157 custodiat;
1218 2092 1494 2159 quomodo
1523 2091 1688 2145 etiam
1720 2101 1781 2146 ιη
1806 2092 1944 2147 auos
2046 2079 2197 2135 tieris
2253 2082 2369 2136 haec
2420 2099 2545 2153 qua:
2595 2099 2917 2157 sequuntur.
2965 2093 3225 2159 Quzenam
3282 2099 3386 2153 ista
3443 2103 3611 2157 sunt?

368 2179 705 2246 lucrifaciat,
730 2182 834 2253 ιθ
852 2180 968 2251 ipse
989 2181 1043 2235 in
1065 2181 1394 2251 quibusdam
1421 2182 1619 2237 damna
1638 2182 1941 2238 sustineat:

366 2274 577 2329 etenim
610 2290 735 2329 cum
774 2275 940 2330 fuerit
967 2275 1106 2330 liber
1138 2291 1204 2331 es
1250 2276 1525 2340 omnibus,
1560 2277 1797 2346 seipsum
1828 2291 1945 2332 ser-

367 2379 497 2419 vum
530 2363 676 2430 fecit,
713 2373 774 2419 ut
804 2379 996 2421 omnes
1030 2365 1411 2421 luerifaceret:
1449 2366 1649 2421 Factus
1684 2382 1824 2432 sum,
1860 2369 1942 2421 in-

366 2454 507 2524 quit,
541 2455 784 2524 inﬁrmus
822 2455 1073 2526 inﬁrmis,
1098 2454 1307 2512 Judeis
1335 2456 1578 2523 Judcus,
1618 2459 1701 2512 Itis
1728 2460 1820 2529 qui
1843 2458 1937 2513 sub

365 2544 476 2617 lege
513 2556 690 2611 erant,
733 2548 886 2617 quasi
926 2548 1022 2604 sub
1055 2548 1164 2620 lege
1184 2549 1251 2615 ⁸⁸,
1288 2551 1891 2623 et,ca:tera;-dicatque
1921 2571 1935 2607 :

378 2636 599 2694 Vineam
622 2656 791 2694 aream
819 2654 922 2694 non
945 2640 1224 2695 custodiri.
1249 2640 1453 2697 Deinde
1481 2643 1752 2714 conspicit
1778 2658 1939 2714 spon~

366 2746 510 2799 sum,
546 2731 643 2803 qui
678 2739 1002 2801 conspectus
1027 2731 1291 2788 abscedit.
1316 2730 1384 2787 Et
1410 2731 1726 2805 frequenter
1752 2735 1935 2791 hocin

368 2830 479 2877 toto
507 2821 759 2877 carmine
786 2820 941 2889 facit,
997 2822 1154 2892 quod
1186 2821 1295 2878 nisi
1337 2822 1466 2893 quis
1512 2823 1628 2894 ipse
1675 2826 1934 2894 patiatur,

368 2924 473 2965 non
497 2917 683 2980 potest
718 2908 1038 2980 intelligere.
1064 2909 1238 2981 Saepe,
1273 2909 1420 2966 Deus
1444 2913 1599 2968 testis
1630 2924 1734 2979 εει,
1765 2928 1935 2985 spon-

367 3014 487 3055 smu
512 3001 653 3056 mihi
678 2999 973 3057 adventare
988 3000 1272 3071 conspexi,
1294 3009 1350 3057 et
1366 3016 1581 3058 mecum
1601 3018 1723 3060 esse
1741 3019 1938 3076 quam.

2048 2166 2226 2237 (Vers.
2249 2168 2326 2236 8.)
2351 2168 2412 2225 Si
2436 2188 2540 2226 nou
2568 2178 2862 2244 cognoveris
2879 2183 3220 2249 temetipsum,
3253 2202 3283 2238 ο
3311 2186 3531 2254 pulchra
3554 2189 3608 2242 in

2045 2260 2376 2328 mulieribus,
2407 2265 2648 2335 egredere
2680 2276 2734 2321 tu
2763 2269 2817 2323 in
2848 2273 3080 2340 uestigiis
3108 2290 3339 2344 gregum,
3377 2288 3426 2332 et
3452 2296 3607 2349 pasce

2044 2365 2152 2405 non
2179 2367 2368 2423 greges
2411 2356 2618 2424 ovium,
2658 2373 2765 2413 non
2812 2376 3096 2432 agnorum,
3130 2367 3222 2420 sed
3254 2368 3431 2423 [nudos
3464 2382 3600 2428 tuos.

2040 2441 2256 2497 Statuet
2285 2444 2484 2516 quippe
2515 2462 2645 2503 oves
2679 2464 2708 2505 a
2738 2451 2963 2519 dextris,
2993 2464 3046 2510 et
3072 2472 3103 2511 a
3129 2457 3365 2514 sinistris
3396 2460 3602 2519 haedos.

2039 2531 2102 2588 Si
2132 2551 2235 2589 non
2272 2541 2573 2607 cognoveris
2604 2545 2946 2612 temetipsum,
2977 2564 3009 2601 ο
3039 2548 3259 2616 pulchra
3290 2551 3347 2606 in
3374 2552 3605 2609 mulieri-

2039 2625 2207 2693 ribus,
2233 2630 2475 2698 egredere
2503 2633 2643 2686 tu‘in
2668 2635 2897 2704 vestigiis
2920 2654 3154 2708 gregum,
3183 2650 3233 2694 et
3256 2658 3412 2709 pasce
3428 2644 3605 2702 Iliados

2039 2725 2157 2772 tuos
2208 2725 2265 2772 in
2310 2720 2660 2778 tabernaculis
2700 2735 2990 2794 pastorum.
3026 2727 3084 2783 In
3114 2732 3377 2802 vestigiis,
3407 2735 3602 2807 inquit,

2036 2817 2316 2879 pastorum
2352 2813 2648 2869 novissima
2687 2816 2802 2882 lies,
2848 2832 2955 2873 non
2986 2818 3126 2875 inter
3152 2834 3304 2888 oves,
3337 2824 3431 2880 sed
3464 2825 3603 2883 inter

2040 2899 2227 2956 haedos
2261 2910 2405 2970 tuos,
2446 2919 2576 2961 cum
2608 2907 2809 2976 quibus
2841 2908 3091 2968 habitans
3126 2928 3234 2969 non
3262 2917 3466 2985 puteris
3492 2935 3603 2976 me-

2037 3008 2189 3061 cum,
2221 2994 2274 3051 id
2304 3006 2388 3052 est
2416 3011 2538 3053 cum
2570 2998 2714 3055 bono
2748 3009 2968 3071 pastore
2998 3018 3138 3061 esse.

369 3091 701 3160 plurimum;
734 3104 846 3161 quo
874 3090 1059 3147 suum
1088 3091 1391 3161 maenae,
1425 3093 1669 3152 invenire
1704 3111 1814 3152 ηοη
1836 3110 1936 3168 ρο-
1963 3099 2007 3159 ο
2110 3085 2199 3141 l0.
2238 3084 2393 3143 Vera.
2424 3087 2492 3144 9..
2515 3087 2787 3159 Equitatui
2807 3107 2919 3148 meo
2940 3094 2999 3148 in
3027 3095 3269 3153 curribus
3302 3096 3597 3158 Pharaonis

370 3183 445 3237 tui
486 3181 641 3251 quod
683 3182 1016 3251 quaerebam.
1066 3180 1278 3241 Rursus
1323 3184 1490 3255 igitur
1532 3186 1785 3245 desidero
1814 3189 1935 3260 ejus

368 3275 687 3338 adventum,
720 3281 775 3329 et
800 3287 1195 3345 nonnunquam
1236 3274 1434 3330 iterum
1471 3278 1651 3346 venit;
1704 3287 1762 3334 et
1809 3294 1934 3336 cum

369 3366 707 3436 apparuerit,
744 3364 991 3436 meisque
1018 3365 1272 3422 manibus
1296 3363 1461 3422 fuerit
1480 3370 1933 3441 comprehensus,

370 3472 591 3513 rursum
629 3456 888 3523 elabitur,
918 3465 977 3513 et
1011 3472 1136 3515 cum
1176 3457 1341 3516 fuerit
1365 3462 1606 3531 elapsus,
1647 3477 1866 3521 rursum
1901 3479 1934 3521 ι

370 3564 456 3604 me
478 3548 800 3621 inquiritur,
826 3558 882 3605 et
906 3549 1012 3606 hoc
1031 3549 1225 3608 crebro
1243 3550 1397 3617 facit,
1421 3553 1600 3610 donec
1626 3554 1780 3610 illum
1809 3569 1936 3612 vere

369 3649 610 3709 teneam,
659 3648 716 3698 et
745 3640 1036 3699 ascendam
1064 3641 1252 3698 innixa
1275 3641 1388 3714 (t5)
1429 3660 1595 3716 super
1620 3645 1934 3703 fratruelem

435 3824 490 3880 8.
536 3822 690 3882 Vero.
719 3824 773 3880 7.
814 3825 1089 3880 Anmtia
1137 3826 1266 3881 mihi
1313 3842 1463 3898 quem
1509 3828 1701 3884 dilexit
1752 3831 1934 3886 snitu

368 3931 503 3980 mea,
548 3917 641 3972 ubi
673 3917 868 3987 pascis,
910 3916 1000 3972 ubi
1046 3917 1209 3973 cubas
1235 3919 1293 3973 in
1331 3921 1568 3975 meridie.
1597 3920 1717 3977 Non
1747 3936 1934 3993 quaero

366 4006 474 4064 alia
523 4016 789 4078 tempora,
840 4009 1058 4080 quando
1106 4024 1354 4079 vespere,
1401 4012 1622 4080 quando
1669 4013 1933 4080 diluculo,

366 4097 592 4169 quando
624 4098 679 4154 in
721 4099 851 4155 solis
889 4099 1075 4171 pascis
1117 4099 1406 4164 accubitu;
1436 4100 1569 4155 illud
1602 4110 1816 4170 tempus
1846 4105 1935 4158 in-

370 4190 552 4260 quiro,
591 4190 810 4261 quando
851 4190 1075 4246 ﬂorente
1123 4189 1231 4254 die,
1277 4190 1498 4260 quando
1539 4191 1699 4261 plena
1727 4191 1849 4248 luee
1879 4193 1935 4248 in

373 4280 673 4352 majestatis
718 4290 824 4337 tua:
867 4281 1158 4350 splendore
1204 4281 1462 4337 versaris.
1504 4281 1779 4336 Amantia
1806 4283 1936 4337 milii

369 4387 519 4441 quem
548 4372 733 4427 dilexit
784 4373 964 4426 anima
1012 4388 1148 4439 mea,
1180 4372 1271 4426 ubi
1319 4373 1513 4441 pascis,
1556 4373 1649 4428 ubi
1688 4374 1848 4430 cubas
1876 4377 1932 4431 in

2038 3176 2334 3233 assisnilaui
2355 3186 2424 3244 te,
2442 3180 2616 3235 antica
2645 3197 2780 3238 mea.
2798 3181 2859 3239 Si
2882 3184 2964 3242 vis
2986 3186 3307 3257 intelligere,
3326 3205 3361 3246 o
3377 3206 3602 3262 spuma,

2036 3268 2314 3337 quomodo
2355 3269 2496 3326 scire
2538 3280 2593 3326 to
2622 3271 2845 3339 debeas,
2887 3289 3153 3346 cognosce
3176 3280 3264 3336 cui
3296 3290 3351 3338 te
3382 3298 3602 3356 compa-

2037 3360 2293 3426 raverim,
2343 3370 2399 3417 et
2432 3371 2561 3419 tunc
2596 3364 2801 3422 videbis
2829 3366 2987 3425 talem
3025 3377 3077 3425 te
3103 3384 3225 3427 esse
3252 3388 3374 3444 quae
3394 3375 3600 3438 turbari

2039 3466 2147 3508 non
2185 3452 2406 3519 debeas,
2453 3470 2581 3510 cum
2622 3465 2768 3512 tuam
2816 3460 3052 3528 speciem
3090 3466 3440 3533 cognoveris.
3461 3466 3602 3535 Quid

2032 3551 2121 3599 est
2158 3542 2322 3615 igitur
2351 3561 2366 3599 :
2401 3543 2675 3615 Equitatui
2702 3563 2815 3602 meo
2841 3550 2899 3603 in
2926 3552 3170 3609 curribus
3197 3553 3494 3611 Pharaonis
3515 3574 3603 3614 asc

2036 3634 2267 3690 similan
2318 3637 2411 3691 te?
2454 3636 2581 3691 Scio
2628 3640 2865 3709 equitem
2915 3656 3180 3712 sponsum
3217 3646 3475 3717 propheta
3515 3649 3601 3704 di-

2032 3734 2193 3781 cente
2221 3743 2236 3781 :
2270 3725 2337 3781 Et
2366 3728 2623 3798 equitatio
2647 3730 2760 3800 ejus
2792 3732 2939 3787 salus
2961 3735 3028 3789 ⁷⁸.
3061 3735 3371 3792 Assitnilata
3394 3754 3455 3794 es
3473 3755 3602 3812 ergo

2030 3816 2301 3887 equitatui
2331 3834 2453 3874 meo
2476 3819 2531 3874 in
2555 3822 2809 3877 curribus
2836 3822 3162 3880 Pharaonis.
3193 3825 3466 3893 Quantum
3497 3831 3602 3888 dif-

2036 3906 2141 3963 fert
2171 3911 2451 3980 equitatus
2488 3927 2643 3969 mcus
2671 3914 2766 3983 qui
2805 3928 2931 3970 sum
2963 3914 3245 3986 Dominus,
3266 3930 3322 3976 et
3347 3922 3601 3996 demergo

2036 3997 2091 4053 in
2120 3997 2375 4056 ﬂuctibus
2396 4000 2757 4070 Pharaonem,
2782 4014 2836 4060 et
2856 4005 3111 4063 cristatos
3138 4011 3218 4065 vel
3243 4013 3464 4084 aurigas
3487 4016 3537 4086 (ι
3550 4018 3601 4089 t)

2035 4089 2158 4158 ejus
2192 4100 2248 4144 et
2291 4105 2612 4145 ascensores
2642 4093 2766 4161 ejus
2810 4104 2864 4148 et
2901 4110 3074 4164 equos
3118 4107 3173 4152 et
3193 4116 3388 4159 currus
3422 4105 3541 4173 ejus
3580 4126 3598 4165 :

2034 4188 2329 4268 quantum,
2372 4177 2620 4248 inquam,
2669 4180 2847 4238 (ἥσει-ι
2873 4183 3147 4254 equitatus
3172 4201 3328 4247 meus
3353 4192 3422 4249 ab
3441 4197 3599 4268 equis

2038 4266 2359 4332 Pharaonis,
2410 4274 2560 4322 tanto
2604 4269 2796 4326 melior
2832 4286 2896 4329 es
2938 4273 3195 4333 omnibus
3240 4277 3451 4340 filiabus
3492 4266 3591 4354 itu,

2034 4374 2267 4430 sponsa,
2299 4366 2356 4415 tu
2388 4358 2753 4419 ecclesiastica
2790 4365 2994 4430 anima,
3027 4368 3284 4426 omnibus
3312 4377 3600 4433 animabus

372 4464 603 4518 meridie.
652 4463 947 4534 Diligenter
991 4465 1221 4519 observa
1267 4464 1358 4519 ubi
1401 4465 1678 4521 meridiem
1712 4468 1926 4537 legeris.
1965 4450 2045 4508 D‘

1924 4513 1926 4522 ,
1965 4450 2012 4508 1)
2034 4468 2159 4522 quae
2202 4466 2312 4507 non
2358 4457 2491 4508 sunt
2526 4454 2927 4513 ecclesiasticae.
2961 4455 3130 4528 Igitur
3155 4459 3202 4517 si
3231 4461 3597 4524 ecclesiastica

373 4556 525 4627 Apud
568 4554 770 4626 ιοκρι,
819 4554 1045 4609 meridie
1087 4553 1284 4609 τηιτθε
1321 4554 1607 4624 prandium
1634 4558 1929 4615 εειοδτθηι,
1972 4612 1975 4613 ν
2020 4542 2196 4597 anima
2237 4557 2316 4609 es,
2357 4545 2609 4603 omnibus
2639 4551 2927 4605 animabus
2966 4564 3025 4604 es
3060 4551 3292 4605 melior:
3325 4551 3370 4605 si
3402 4566 3511 4607 non
3540 4568 3602 4610 es
3634 4619 3641 4630 ι

374 4648 558 4718 Auge“
598 4648 825 4703 meridie
876 4646 1101 4701 Abram;
1154 4646 1532 4716 ευεοίρίυηιυι-
1578 4648 1835 4720 hospitio,
1877 4661 1933 4707 ει
2020 4634 2228 4713 melior,
2261 4642 2372 4691 non
2413 4653 2475 4693 es
2508 4642 2893 4697 ecclesiastica.
2929 4641 3206 4712 Equitatui
3237 4660 3351 4699 meo
3378 4645 3435 4698 in
3472 4664 3599 4701 cur-

373 4750 561 4794 czetera
605 4738 937 4796 istiusmodi.
978 4736 1185 4807 Quaere,
1207 4746 1261 4793 et
1302 4739 1547 4796 invenies
1589 4740 1928 4812 Seripturam
2018 4743 2046 4778 τ

2018 4727 2161 4780 rit-us
2193 4727 2493 4786 Pharaonis
2512 4735 2810 4788 assimilavi
2840 4744 2915 4798 te,
2946 4737 3188 4804 proxima
3222 4753 3360 4791 mea.
3394 4738 3601 4796 Deinde

373 4829 607 4886 divinam
654 4847 765 4887 non
815 4830 1016 4886 frustra
1066 4846 1160 4886 seu
1211 4830 1437 4886 fortuitu
1484 4847 1932 4905 unumquemque
2019 4819 2474 4890 pulchritudinem
2538 4840 2748 4895 sponsae
2800 4827 3025 4897 spiritali
3076 4844 3259 4884 amore
3321 4830 3596 4887 describit.

376 4935 636 4992 usurpare
666 4935 996 4978 sermonem.
1025 4919 1158 4986 Quis
1186 4930 1345 4989 putas
1377 4930 1461 4978 est
1486 4922 1741 4991 dignuse
1770 4924 1930 4978 uoltis
2020 4911 2203 4981 (Vers.
2245 4914 2371 4985 10.)
2422 4915 2578 4971 Geme
2632 4926 2735 4972 tua:
2784 4928 2840 4971 ut
2888 4920 3125 4974 tui-turis.
3188 4921 3403 4976 Faciem
3454 4923 3599 4979 illius

376 5019 432 5063 ut
463 5014 525 5069 ad
558 5013 839 5068 meridiem
884 5027 1056 5083 usque
1098 5012 1396 5082 perveniat,
1431 5024 1484 5068 et
1512 5015 1685 5069 videat
1710 5016 1802 5069 ubi
1833 5031 1929 5085 pa-

377 5113 508 5170 seat,
539 5105 656 5160 nbit
680 5105 845 5160 cubet
867 5103 1132 5173 sponsus?
1159 5104 1424 5158 Annuntia
1459 5105 1587 5158 mihi
1613 5122 1765 5175 quem
1794 5109 1929 5162 dile—

374 5196 455 5246 πίε
482 5197 660 5251 anima
692 5213 829 5262 mea,
875 5197 966 5249 ubi
1016 5196 1212 5265 pascis,
1259 5195 1348 5249 ubi
1385 5197 1545 5250 cubas
1591 5198 1646 5250 in
1690 5200 1928 5254 meridie.

377 5283 489 5339 l‘iisi
510 5288 655 5344 enim
693 5296 750 5341 tu
787 5285 919 5339 mihi
948 5285 1379 5348 annuntiaveris,
1405 5285 1603 5354 incipio
1624 5289 1929 5343 errabunda

375 5376 581 5446 jactari,
608 5377 812 5433 etdum
837 5384 888 5429 te
912 5389 1117 5444 qurere,
1143 5375 1198 5428 in
1216 5375 1448 5429 aliorum
1472 5391 1661 5447 greges
1684 5378 1928 5436 incurro.

450 5499 490 5529 ω
510 5495 525 5548 ι
545 5496 672 5550 εον,
701 5509 779 5559 ιχ,
801 5491 893 5558 20,
919 5491 1122 5559 21,22.
1165 5491 1210 5526 εο
1230 5488 1364 5563 Eph.
1390 5492 1549 5557 v.27.
1592 5494 1640 5527 το
1661 5494 1825 5549 Abac.
1848 5512 1926 5561 ιιι,
1952 5504 2002 5558 8.

449 5613 557 5679 (l5)
595 5612 750 5683 Mss"
779 5607 1167 5683 innixauLihb.
1192 5608 1347 5683 edit.,
1382 5610 1635 5683 innixus._

454 5684 559 5748 (li)
609 5680 698 5735 Vel
718 5680 953 5755 aurigas.
984 5679 1261 5734 Omittitur
1289 5681 1344 5735 in
1382 5680 1509 5735 libb.
1555 5678 1737 5741 cditis,
1778 5679 1932 5732 resti-

384 5762 545 5808 llilllll‘
571 5768 601 5809 0
629 5765 744 5807 mss

2034 5000 2240 5066 laudat,
2257 5008 2311 5055 et
2323 5013 2582 5071 genarum
2600 5000 2801 5056 rubore
2818 5005 3164 5059 succenditur
3187 5006 3318 5076 (l5).
3343 5004 3594 5066 Pulchri-

2035 5094 2167 5147 tudo
2200 5095 2398 5164 quippe
2433 5093 2721 5148 mulierum
2751 5094 2805 5149 in
2834 5095 2987 5165 genis
3018 5096 3217 5152 dicitur
3247 5113 3369 5153 esse
3402 5114 3593 5168 quam-

2036 5186 2290 5256 plurima.
2321 5186 2398 5240 lta
2428 5194 2484 5241 et
2505 5199 2604 5240 nos
2629 5185 3084 5255 pulchritudinem
3115 5188 3312 5242 anima:
3341 5188 3593 5261 intelliga-

2038 5294 2163 5334 mus
2197 5279 2249 5333 in
2280 5279 2449 5350 genis.
2494 5276 2658 5332 Labia
2691 5290 2820 5330 vero
2849 5275 2987 5344 ejus,
3016 5285 3072 5331 et
3114 5278 3351 5348 linguam
3400 5278 3593 5336 intelli-

2038 5375 2272 5446 gentiam
2318 5370 2693 5442 praulicemus.
2743 5366 2955 5423 Collum
2984 5375 3130 5422 tuum
3172 5382 3229 5422 ut
3273 5369 3485 5425 mom’lc.
3530 5368 3594 5429 Ut

2111 5606 2224 5673 (l5)
2264 5601 2445 5656 Codex
2490 5592 2796 5662 Bccccnsis,
2851 5592 3199 5649 succenditur.
3243 5590 3400 5652 Libb.
3444 5592 3575 5650 edit.

2041 5674 2395 5746 profunditur.
