4236 6282
519 5709 522 5714 ·
593 5710 735 5756 λχγι,
777 5698 829 5749 9.

609 415 682 468 '37
1661 418 1982 474 ORIGENIS
2015 417 2081 475 IN
2120 419 2473 477 CANTICUM
2511 427 2772 478 manu.
3781 430 3850 485 ιε

613 541 994 587 ornamentum
1028 531 1172 601 quod
1201 531 1335 585 solet
1367 530 1635 602 virginum
1665 534 1806 588 collo
1835 536 2092 604 pendere,
2127 546 2181 590 et
2211 542 2250 597 A
2285 537 2518 590 recubitu
2547 553 2643 590 suo
2671 547 2788 600 est;
2817 535 2892 590 ait
2943 536 3108 606 (vers.
3146 537 3229 609 ιε)
3261 556 3275 595 :
3312 537 3527 594 Nardus
3554 557 3668 595 mea
3706 544 3849 598 dedit

611 633 960 693 nuncupatur
983 622 1263 692 ὁρμίσκος,
1305 620 1379 675 ita
1425 623 1542 676 sine
1580 623 1684 678 hoc
1714 624 1909 678 decore
1941 634 1994 679 et
2025 635 2176 680 tuum

613 715 792 783 ipsum
823 713 1013 767 collum
1044 719 1125 764 est
1157 719 1556 765 ornamentum.
1587 711 1837 767 Posthzec
1861 713 1919 766 fit
1947 729 2177 783 sponsus

613 807 667 859 in
707 803 970 858 recubitu.
1003 799 1286 870 Requievit
1325 811 1383 857 ut
1408 803 1512 866 leo,
1544 812 1603 857 ut
1630 804 1844 859 catulus
1879 805 2053 860 leonis
2081 805 2178 860 ob-

611 895 884 958 dormivit,
917 901 975 946 ut
995 893 1248 963 deinceps
1272 896 1444 964 possit
1472 896 1662 950 audire
1690 915 1702 951 :
1737 894 1868 960 Quis
1898 898 2176 951 suscitabit

607 984 830 1039 eum“?
878 983 1000 1048 Quo
1048 984 1261 1038 interim
1315 985 1619 1039 dormiente
1665 997 1924 1055 apparent
1965 1002 2177 1056 sponsa:

609 1076 795 1144 sponsi
827 1075 1038 1130 sodales
1071 1076 1268 1145 angeli,
1311 1086 1367 1130 et
1403 1076 1490 1131 his
1515 1091 1634 1131 eam
1667 1078 2012 1132 sermonibus
2043 1093 2175 1133 eon-

604 1167 874 1221 solantur.
905 1165 1014 1220 Nos
1049 1167 1143 1220 tibi
1179 1182 1342 1222 aurea
1366 1177 1684 1221 ornamenta
1710 1167 1889 1223 facere
1911 1185 2017 1224 non
2048 1185 2174 1239 pos-

597 1274 838 1313 sumus:
867 1273 974 1312 non
1021 1257 1166 1311 enim
1219 1267 1326 1312 tam
1372 1259 1568 1314 divites
1605 1274 1796 1315 sumus
1839 1268 1900 1313 ut
1941 1274 2173 1329 sponsus

595 1359 756 1413 tuus,
789 1349 881 1418 qui
916 1363 1136 1402 aureum
1173 1349 1269 1402 tibi
1297 1350 1498 1404 monile
1531 1350 1812 1419 largiatur.
1842 1348 1952 1405 Nos
1980 1351 2172 1405 simili-

607 1443 850 1496 tudinem
879 1443 997 1496 auri
1033 1441 1312 1506 faciemus,
1343 1457 1452 1496 non
1486 1441 1748 1496 habemus
1777 1457 1991 1496 aurum.
2025 1441 2088 1495 Et
2116 1442 2171 1496 in

609 1535 710 1587 hoc
735 1549 954 1604 quoque
984 1534 1273 1588 ltetandum
1307 1543 1410 1599 est,
1452 1534 1498 1587 si
1540 1533 1924 1588 similitudines
1951 1538 2090 1599 auri,
2123 1534 2170 1588 si

605 1625 858 1695 stigmata
895 1625 1156 1680 faciamus
1196 1626 1421 1695 argenti.
1454 1625 1630 1693 (Vers.
1657 1624 1769 1695 ll.)
1787 1624 2169 1679 Similitudines

606 1719 725 1770 auri
760 1717 1010 1786 faciemus
1042 1718 1158 1782 tibi,
1199 1733 1318 1770 cum
1356 1717 1690 1786 stigmatibus
1727 1718 1946 1787 argenti,
1979 1731 2168 1772 verum

606 1825 711 1861 non
749 1809 893 1863 omni
923 1817 1182 1878 tempore,
1218 1809 1313 1864 sed
1345 1810 1517 1864 donec
1555 1824 1789 1878 sponsus
1830 1818 1955 1863 tuus
1982 1819 2171 1879 surgat

2284 631 2495 682 adorent
2527 646 2701 684 suum.
2739 629 3054 683 Fasciculus
3085 640 3248 700 gutta:
3276 632 3551 700 fratruelis
3577 649 3721 687 meus
3747 634 3848 687 mi-

2283 720 2360 785 hi,
2400 721 2453 772 in
2481 720 2649 773 medio
2679 721 2895 773 uberum
2924 737 3154 774 ineorum
3187 722 3565 776 demorabitur.
3609 723 3850 789 Quomo-

2283 809 2354 862 do
2394 810 2557 878 igitur
2591 810 2896 878 aptabimus
2931 811 2978 865 ei
3025 812 3076 865 id
3121 813 3264 880 quod
3299 814 3574 882 praecessit
3623 833 3635 867 ε
3677 813 3847 866 Donec

2284 914 2377 951 rea:
2408 899 2464 950 in
2496 899 2732 950 recubitu
2777 915 2871 952 suo
2898 911 2995 961 cst,
3041 899 3088 954 id
3129 900 3271 969 quod
3301 901 3545 970 sequitur
3575 921 3587 954 :
3627 900 3844 954 Nardus

2282 1003 2396 1040 mea
2425 987 2568 1040 dedit
2611 987 2823 1040 odorem
2855 1005 3028 1040 suum.
3092 987 3358 1058 Loquitur
3401 989 3844 1060 Evangelium",

2279 1079 2408 1148 quia
2434 1079 2578 1133 venit
2606 1079 2798 1133 mulier
2831 1079 3037 1134 habens
3065 1080 3398 1136 alabastrum
3430 1083 3689 1152 unguenti
3717 1100 3845 1138 nar-

2274 1167 2333 1222 di
2362 1169 2537 1238 pistici
2570 1170 2814 1239 pretiosi,
2847 1185 2954 1224 non
2978 1171 3066 1224 illa
3095 1173 3364 1240 peccatrix
3383 1213 3398 1239 ,
3421 1173 3513 1227 sed
3543 1187 3752 1236 sancta,
3775 1175 3842 1228 de
3885 1240 3887 1242 η

2277 1275 2385 1329 qua
2424 1275 2570 1314 nunc
2611 1260 2745 1313 mihi
2786 1276 2965 1316 sermo
2990 1271 3091 1318 est.
3156 1261 3283 1317 Scio
3316 1263 3512 1334 quippe
3544 1264 3740 1318 Lucam
3775 1266 3841 1320 de

2277 1351 2598 1420 peccatricc,
2625 1349 2938 1406 Mattlueum
2985 1369 3114 1408 vero
3141 1363 3194 1408 et
3225 1355 3489 1408 Joannem
3515 1365 3569 1409 et
3601 1355 3838 1411 Marcum

2276 1455 2385 1493 non
2417 1441 2483 1494 de
2507 1441 2808 1510 peccatrice
2835 1442 2932 1496 illa
2956 1443 3179 1497 dixisse.
3245 1442 3399 1498 Venit
3422 1459 3551 1512 ergo
3585 1462 3689 1500 non
3723 1461 3838 1514 pec-

2275 1535 2469 1598 catrix,
2499 1534 2590 1588 sed
2628 1543 2835 1596 sancta,
2861 1533 3018 1604 cujus
3047 1548 3244 1587 nomen
3269 1549 3484 1602 quoque
3501 1533 3738 1589 Joannes
3762 1536 3843 1588 in-

2275 1623 2465 1678 seruit.
2533 1622 2704 1678 Maria
2738 1624 2939 1693 quippe
2972 1632 3090 1679 erat
3124 1624 3331 1678 habens
3365 1624 3695 1679 alabastrum
3738 1641 3840 1680 un—

2275 1716 2458 1784 guenti
2489 1716 2648 1770 nardi
2681 1717 2862 1785 pistici
2889 1716 3149 1785 pretiosi,
3187 1725 3240 1769 et
3266 1715 3455 1769 cﬂudit
3485 1731 3648 1784 super
3680 1725 3842 1784 caput

2273 1804 2425 1860 Jesu.
2463 1805 2668 1860 Deinde
2695 1822 2858 1876 super
2886 1806 2990 1860 hoc
3011 1806 3419 1875 indignantibus
3451 1822 3556 1860 non
3585 1808 3838 1862 omnibus

603 1912 632 1949 a
667 1898 875 1950 cubitu.
906 1897 1042 1951 Cum
1066 1898 1211 1952 enim
1236 1898 1326 1952 ille
1343 1898 1660 1966 surrexerit,
1693 1899 1807 1967 ipse
1832 1898 1928 1953 tibi
1953 1913 2168 1964 aurum,
2201 1883 2248 1944 Β
2276 1897 2579 1965 discipulis,
2615 1897 2707 1952 sed
2741 1896 2880 1952 Juda
2912 1897 3029 1952 solo
3051 1897 3264 1950 dicente
3295 1913 3310 1951 :
3343 1895 3518 1950 Potuit
3548 1898 3838 1951 vertundari

603 1991 718 2059 ipse
750 1989 910 2046 faciet
933 2001 1239 2062 argentum,
1265 1992 1381 2062 ipse
1408 2000 1557 2046 tuam
1583 1999 1816 2045 mentem
1841 2005 2171 2061 sensumque

601 2087 897 2152 dccorabit,
926 2096 979 2141 et
1009 2088 1119 2143 eris
1151 2103 1278 2143 vere
1305 2088 1457 2142 dives
1483 2087 1538 2140 in
1565 2086 1750 2156 sponsi
1781 2086 1945 2140 domo
1971 2102 2168 2157 sponsa

603 2177 838 2233 formosa
865 2179 997 2249 (lli),
1040 2181 1124 2235 cui
1163 2187 1246 2236 est
1282 2179 1452 2250 gloria
1490 2179 1544 2232 in
1582 2177 1777 2233 saecula
1820 2179 2163 2233 saeculorum.

603 2269 793 2323 Amen-

1147 2377 1248 2446 ιτ
1279 2373 1559 2430 ιιοιιιιιιι
1589 2376 1652 2429 ιι.

604 2485 681 2539 Ab
720 2504 778 2558 eo
817 2487 930 2541 loco
975 2491 1026 2541 in
1062 2504 1163 2558 quo
1187 2487 1441 2558 scriptum
1473 2497 1548 2541 est
1579 2504 1595 2540 :
1626 2484 1841 2558 Nardus
1869 2501 1986 2540 mea
2021 2487 2166 2540 dedit

672 2557 891 2611 odorem
940 2573 1137 2622 suum;
1174 2573 1335 2626 usque
1375 2557 1443 2609 ad
1468 2573 1585 2610 eum
1615 2557 1787 2610 locum
1827 2559 1879 2610 in
1914 2573 2015 2626 quo
2043 2559 2118 2609 ait
2147 2573 2164 2608 :

670 2627 809 2692 Quia
844 2642 946 2681 vox
998 2637 1089 2682 tua
1130 2627 1348 2688 suavis,
1391 2635 1445 2679 et
1487 2626 1660 2680 forma
1704 2635 1795 2680 tua
1840 2628 2070 2691 decora,
2116 2635 2164 2679 et

671 2707 884 2750 cwtera.

669 2809 872 2863 Omnes
920 2809 1116 2863 animae
1163 2808 1428 2864 motiones
1483 2799 1861 2863 universitatis
1915 2809 2165 2863 conditor

603 2899 747 2955 Deus
775 2900 978 2954 creavit
1005 2900 1070 2954 ad
1096 2899 1296 2954 bonum
1323 2916 1338 2952 :
1371 2898 1462 2953 sed
1490 2913 1589 2968 pro
1619 2913 1721 2953 usu
1755 2908 1942 2953 nostro
1977 2897 2034 2952 fit
2063 2913 2164 2952 sae-

603 3006 670 3058 pe
701 3001 760 3045 ut
793 3006 882 3045 res
907 3006 1027 3060 quae
1061 2990 1218 3044 bona:
1249 2997 1378 3046 sunt
1415 3004 1510 3059 per
1541 2999 1790 3044 naturam
1811 3028 1827 3052 ,
1861 2989 1993 3044 dum
2025 2989 2164 3043 male

606 3085 689 3138 his
723 3083 1031 3148 abutimur,
1069 3097 1169 3137 nos
1214 3083 1280 3137 ad
1327 3090 1545 3152 peccata
1571 3065 1857 3136 deducant.
1916 3078 2068 3135 Unus
2097 3080 2165 3136 de

601 3173 796 3227 animae
841 3174 1078 3227 motibus
1130 3185 1286 3225 amor
1332 3180 1446 3236 est,
1499 3184 1609 3240 quo
1658 3170 1794 3225 bene
1842 3170 2047 3224 utimur
2097 3169 2162 3224 ad

600 3263 932 3327 amandum,
984 3264 1032 3318 si
1082 3263 1400 3332 sapientiam
1449 3277 1694 3317 amemus
1743 3270 1798 3315 et
1861 3261 2158 3316 veritatem.

599 3354 828 3419 Quando
860 3369 989 3409 vero
1022 3369 1177 3408 amor
1199 3362 1384 3407 noster
1410 3354 1465 3407 in
1492 3353 1677 3422 pejora
1698 3353 1988 3416 corruerit,
2013 3367 2165 3406 arua-

603 3459 724 3498 mus
748 3459 965 3498 carnem
999 3454 1052 3498 et
1095 3443 1436 3514 sanguinem.
1493 3441 1573 3497 Tu
1605 3443 1767 3513 igitur
1792 3450 1852 3498 ut
1879 3443 2160 3512 spiritalis,

599 3533 726 3587 audi
769 3534 1084 3601 spiritaliter
1131 3534 1395 3588 amatoria
1428 3534 1589 3588 verba
1625 3534 1871 3599 cantari,
1917 3542 1971 3588 et
2015 3534 2165 3589 disce

601 3633 806 3678 motum
849 3623 1043 3677 animm
1073 3632 1178 3678 tua:
1198 3665 1213 3690 ,
1247 3634 1302 3680 et
1330 3625 1594 3679 naturalis
1621 3624 1823 3678 amoris
1853 3623 2161 3680 incendium

601 3715 665 3770 ad
703 3716 928 3769 meliora
962 3714 1278 3782 transferre,
1303 3716 1604 3771 secundum
1631 3715 1762 3769 illud
1789 3732 1802 3770 :
1832 3717 1966 3768 Ama
1989 3715 2161 3782 illam,

597 3813 644 3857 ct
672 3804 891 3858 servabit
929 3815 995 3870 te,
1025 3805 1296 3858 circumda
1325 3804 1499 3869 illam,
1530 3813 1581 3858 et
1601 3803 1859 3857 exaltabit
1885 3814 1932 3858 te
1961 3805 2028 3859 ⁷⁸.
2072 3803 2162 3858 Vi-

601 3894 668 3954 ri,
693 3892 898 3963 diligite
926 3909 1115 3948 uxores
1141 3902 1362 3960 vestras,
1401 3893 1478 3947 ait
1500 3891 1793 3962 Apostolus
1821 3893 1887 3957 ⁷³,
1924 3893 2018 3948 sed
2053 3909 2162 3947 non

599 3979 748 4030 stetit
780 3979 832 4030 in
864 3993 929 4032 eo
957 3980 1102 4047 quod
1136 3980 1348 4035 dixerat
1375 3997 1388 4034 :
1435 3979 1582 4046 Viri,
1627 3979 1837 4050 diligite
1866 3997 2053 4036 uxores
2082 3998 2165 4036 re-

599 4077 777 4126 stras:
825 4083 1014 4122 verum
1057 4069 1238 4124 sciens
1283 4085 1406 4125 esse
1446 4071 1790 4126 dilectionem
1832 4071 2073 4127 virorum
2106 4075 2162 4127 in

598 4160 830 4230 propriis
853 4175 1072 4231 quoque
1101 4160 1365 4218 uxoribus
1407 4162 1781 4227 inhonestam,
1833 4163 2010 4218 sciens
2041 4178 2162 4219 esse

598 4255 893 4322 placentem
929 4253 1076 4320 Deo,
1121 4254 1308 4310 docuit
1353 4257 1628 4325 quomodo
1673 4257 1776 4312 viri
1807 4274 2002 4314 uxores
2031 4273 2160 4313 suas

598 4359 781 4396 amare
807 4344 1085 4404 deberent,
1123 4342 1362 4397 inferens
1407 4363 1421 4397 :
1471 4345 1604 4407 Viri,
1631 4345 1837 4414 diligite
1861 4364 2047 4400 uxores
2076 4365 2162 4400 ve-

598 4443 756 4496 stras,
786 4433 921 4484 sicut
970 4441 1020 4484 et
1062 4430 1306 4484 Christus
1349 4430 1664 4486 Ecclesiam.
1723 4433 1790 4487 Et
1817 4435 1920 4490 hoc
1942 4436 2158 4504 quidem

2272 1989 2366 2042 hoc
2401 1990 2638 2042 trecentis
2666 1988 2900 2042 denariis
2925 1999 2972 2042 et
2997 1988 3117 2040 dari
3141 1987 3456 2056 pauperibus
3485 1989 3563 2054 ⁷ος
3610 2004 3836 2058 respon-

2271 2079 2353 2134 dit
2383 2080 2634 2150 Magister
2655 2089 2820 2149 atque
2843 2080 3092 2133 Salvator
3122 2097 3136 2133 :
3175 2077 3388 2148 Semper
3414 2097 3661 2149 pauperes
3689 2083 3839 2134 liabe-

2271 2170 2394 2224 bitis
2425 2171 2710 2238 vobiscum,
2739 2187 2816 2224 me
2848 2179 3021 2224 autent
3047 2187 3147 2224 non
3173 2188 3373 2242 semper
3399 2175 3465 2230 ⁷⁷.
3508 2173 3835 2229 Prwveniens

2267 2263 2456 2331 quippe
2497 2263 2606 2316 lurc
2637 2263 2691 2315 in
2729 2263 2869 2315 diem
2899 2262 3182 2332 sepultura:
3211 2280 3338 2320 mea:
3367 2266 3510 2334 fecit.
3557 2266 3682 2321 Ideo
3721 2270 3836 2320 ubi-

2270 2368 2468 2422 cunque
2495 2354 2836 2421 prtedicatum
2865 2353 3024 2422 fuerit
3059 2354 3402 2425 Evangelium
3430 2358 3593 2421 istud,
3624 2360 3829 2412 dicetur

2267 2453 2314 2496 et
2345 2444 2483 2512 quod
2508 2444 2628 2512 fecit
2649 2445 2759 2498 haec
2784 2445 2837 2497 in
2863 2447 3169 2498 memoriam
3193 2448 3304 2514 ejus
3333 2447 3395 2500 ⁷⁸.
3432 2446 3487 2499 In
3514 2447 3680 2516 figura
3705 2464 3833 2517 ergo

2269 2531 2430 2585 istius
2478 2546 2600 2598 quae
2633 2545 2779 2585 ntmc
2808 2532 3049 2601 loquitur
3083 2541 3096 2588 :'
3133 2532 3350 2586 Nardus
3378 2551 3491 2588 mea
3531 2537 3673 2589 dedit
3705 2539 3833 2592 odo~

2269 2636 2375 2674 rem
2399 2637 2588 2685 suum,
2637 2621 2723 2674 illa
2759 2637 2922 2692 super
2949 2634 3111 2692 caput
3139 2623 3357 2679 Domini
3401 2625 3536 2682 fudit
3590 2644 3835 2699 unguen-

2270 2721 2382 2766 tum
2416 2731 2428 2766 :
2465 2723 2517 2767 ct
2543 2721 2598 2768 tu
2625 2728 2843 2783 quoque
2889 2729 3109 2771 assume
3144 2715 3398 2784 nardum,
3451 2728 3507 2772 ut
3547 2729 3830 2788 postquam

2268 2811 2431 2871 caput
2457 2802 2587 2859 Jesu
2619 2805 2772 2858 suavi
2801 2805 2970 2860 odore
3016 2804 3342 2874 perfuderis,
3375 2809 3553 2877 possis
3577 2809 3834 2864 audacter

2267 2895 2418 2948 ell‘ari
2453 2913 2466 2948 :
2507 2893 2722 2948 Nardus
2771 2911 2884 2948 mea
2921 2895 3064 2949 dedit
3104 2896 3315 2950 odorem
3347 2914 3521 2961 suum,
3571 2908 3624 2951 ct
3651 2915 3680 2952 a
3704 2899 3830 2954 Jcs‘u

2269 2989 2604 3056 reciprocum
2634 2989 2822 3042 audire
2850 3002 3179 3054 sermonem,
3211 2990 3337 3058 quia
3368 2991 3658 3060 ubicunque
3688 3010 3827 3061 pra:-

2263 3078 2504 3131 dicatum
2535 3079 2693 3148 fuerit
2719 3079 2815 3132 hoc
2840 3077 3187 3148 Evangelium
3213 3081 3267 3132 iu
3297 3090 3405 3134 toto
3432 3083 3646 3146 mundo,
3692 3085 3832 3137 dice-

2269 3179 2354 3221 tur
2379 3178 2428 3223 et
2450 3171 2588 3239 quod
2619 3170 2741 3238 fecit
2770 3170 2877 3224 haec
2902 3171 2954 3223 in
2985 3173 3291 3225 memoriam
3319 3173 3454 3240 ejus.
3506 3172 3584 3226 Tn
3618 3191 3832 3244 quoque

2268 3260 2462 3326 facito,
2509 3262 2564 3314 in
2615 3262 2882 3318 universis
2917 3263 3166 3332 gentibus
3219 3265 3529 3334 praedicam.
3601 3266 3830 3334 Quando

2265 3361 2447 3406 autem
2477 3353 2580 3406 hoc
2611 3352 2813 3408 facies?
2871 3352 2928 3408 Si
2952 3353 3128 3408 factus
3153 3354 3317 3411 fueris
3343 3364 3402 3408 ut
3431 3357 3744 3427 Apostolus,
3780 3368 3832 3413 et

2266 3443 2470 3498 dixeris
2499 3461 2511 3496 :
2543 3443 2742 3498 Christi
2785 3445 2948 3498 bonus
2994 3446 3123 3498 odor
3153 3464 3332 3501 sumus
3378 3450 3432 3502 iu
3469 3453 3609 3503 omni
3635 3451 3748 3504 loco
3778 3454 3828 3505 in

2265 3533 2347 3586 Itis
2373 3535 2463 3602 qui
2485 3533 2780 3600 salvantur,
2811 3543 2860 3587 et
2888 3535 2943 3588 iu
2970 3535 3053 3589 Itis
3083 3537 3173 3605 qui
3199 3547 3413 3605 pereunt
3443 3540 3486 3570 ⁷⁸
3509 3556 3522 3603 ;
3549 3541 3684 3594 bona
3711 3558 3832 3611 ope-

2267 3639 2328 3679 ra
2359 3634 2449 3679 tua
2481 3625 2684 3680 nardus
2711 3636 2856 3680 sunt.
2896 3625 2952 3681 Si
2982 3642 3113 3682 vero
3140 3630 3469 3697 peccaveris,
3504 3644 3722 3700 peccata
3755 3644 3832 3688 te-

2268 3723 2352 3770 tro
2381 3714 2549 3769 odore
2578 3715 2933 3785 redolebunt;
2954 3717 3085 3773 dicit
3111 3719 3311 3788 quippe
3337 3721 3603 3788 pumileas
3629 3742 3642 3778 :
3675 3723 3830 3778 Com-

2263 3817 2577 3878 putruerunt
2619 3819 2668 3863 et
2710 3820 2970 3880 corrupta:
3013 3822 3136 3866 sunt
3178 3815 3450 3869 cicatrices
3488 3833 3615 3872 mea:
3640 3837 3672 3873 a
3697 3822 3832 3888 facie

2263 3905 2585 3974 insipientia:
2616 3922 2743 3960 mete
2770 3907 2836 3958 ⁸ο.
2904 3905 3021 3961 Non
3062 3909 3128 3963 de
3171 3910 3344 3965 nardo
3377 3914 3710 3980 propositum
3749 3923 3832 3968 cst

2262 4010 2410 4050 nunc
2451 3993 2676 4065 Spiritui
2731 4005 2920 4052 sancto
2965 3999 3182 4065 dicere,
3233 4015 3408 4070 neque
3438 4004 3504 4056 de
3542 4003 3646 4056 hoc
3683 4004 3829 4071 quod

2262 4085 2437 4141 oculis
2483 4085 2758 4142 intuemur
2789 4087 3116 4158 evangelista
3149 4089 3336 4143 scribit
3387 4099 3662 4162 unguento
3687 4133 3703 4157 ,
3734 4094 3828 4147 sed

2261 4180 2328 4234 de
2375 4179 2547 4236 nardo
2599 4181 2850 4251 spiritali,
2904 4181 2972 4238 de
3024 4181 3197 4236 nardo
3247 4197 3370 4252 qua:
3411 4183 3560 4239 dedit
3606 4184 3830 4240 odorem

2261 4287 2444 4327 suum.

2329 4364 2382 4415 5.
2421 4362 2605 4432 (Vers.
2636 4363 2752 4428 15.)
2814 4361 3126 4414 Fasciculus
3163 4371 3390 4425 stactes,
3433 4365 3484 4418 id
3517 4376 3602 4420 est
3643 4378 3827 4436 guttas,

2259 4451 2378 4506 sive
2409 4452 2586 4518 stilla,
2621 4452 2896 4518 fratruelis
2933 4469 3076 4506 meus
3103 4453 3250 4508 milii.
3293 4453 3507 4509 Guttam
3546 4463 3828 4529 unguenti,

597 4524 650 4617 ill
687 4522 951 4591 Ρνοαξιηίυ
977 4535 1165 4576 eorum
1197 4535 1320 4589 (Ιυαδ
1350 4531 1535 4592 9051⁸³
1570 4523 1883 4578 disserenda
1917 4536 2044 4580 sum
2071 4525 2156 4578 δί’
2190 4558 2232 4612 D
2263 4541 2489 4608 casiam,
2524 4541 2840 4610 galbanum,
2866 4542 2920 4595 in
2947 4541 3134 4597 Exodo
3164 4543 3394 4613 legimus
3425 4522 3692 4617 pratceplo
3722 4522 3828 4603 Do;

594 4629 794 4669 XlllltlS.

663 4705 719 4758 2.
758 4704 896 4770 Quia
930 4707 1086 4761 amici
1141 4707 1325 4776 sponsi
1372 4706 1500 4760 dum
1547 4720 1637 4760 rex
1687 4707 1741 4760 in
1777 4706 2020 4762 recubitu
2057 4721 2158 4761 suo

590 4805 676 4851 est
703 4796 1048 4865 (requiescens
1089 4799 1233 4852 enim
1281 4799 1527 4852 dormivit
1557 4807 1613 4851 ut
1639 4798 1738 4865 leo,
1787 4807 1836 4852 et
1867 4808 1923 4852 ut
1949 4797 2156 4853 catulus

591 4889 756 4943 leonis
785 4890 864 4959 ⁷⁸)
886 4929 900 4953 ,
947 4905 1161 4958 sponsae
1207 4891 1570 4958 promiserant
1613 4891 1784 4945 donec
1812 4890 1900 4945 ille
1923 4905 2156 4946 consur-

591 4991 741 5052 geret
767 4995 825 5035 se
857 4980 1238 5036 similitudines
1266 4982 1386 5036 auri
1417 4991 1470 5035 et
1499 4983 1706 5051 argenti
1743 4997 1862 5036 esse
1892 4980 2152 5048 facturos,

592 5089 698 5128 non
725 5073 985 5128 habentes
1027 5089 1220 5128 aurum
1270 5083 1330 5128 ut
1372 5089 1627 5144 sponsus,
1672 5083 1726 5128 ct
1753 5074 2152 5144 quodammodo

590 5167 712 5220 aliis
739 5166 918 5220 verbis
951 5166 1137 5234 sponsi
1173 5167 1356 5235 passio
1397 5167 1683 5236 pne-dicata
1713 5177 1793 5222 est
1824 5185 1838 5221 :
1872 5183 1978 5221 non
2013 5169 2151 5221 irra-

591 5255 915 5310 tionabiliter
945 5256 1010 5308 ad
1041 5256 1154 5310 haec
1176 5271 1375 5324 sponsa
1396 5257 1706 5327 respondet,
1725 5269 1778 5312 et
1805 5259 1918 5327 ipsa
1942 5260 2156 5330 dispen-

589 5348 849 5401 sationem
881 5346 1170 5415 quamdam
1203 5349 1475 5416 passionis
1509 5350 1809 5418 intelligens
1833 5350 1974 5404 adid
2005 5353 2148 5420 quod

589 5440 829 5493 audierat
855 5436 996 5507 (cap.
1029 5453 1068 5504 ι,
1092 5454 1231 5494 vers.
1270 5439 1356 5504 £0,
1409 5441 1497 5507 11)
1532 5459 1544 5494 :
1587 5438 1974 5495 Similitudines
2031 5445 2150 5496 auri

589 5529 842 5598 faciemus
875 5531 972 5585 tibi
999 5547 1115 5584 cum
1147 5533 1482 5603 stigmatibus
1507 5535 1730 5604 argenti,
1774 5536 1936 5589 donec
1974 5552 2064 5590 rea:
2093 5538 2146 5590 iu

2262 4629 2391 4684 mini
2429 4633 2484 4685 in
2527 4631 2857 4702 thymiama,
2893 4632 2946 4687 id
2990 4642 3074 4688 est
3117 4634 3167 4687 in
3215 4637 3546 4692 sacerdotale
3589 4640 3827 4695 chrisma

2258 4718 2563 4775 confectum
2594 4721 2658 4772 ⁸⁸.
2712 4719 2770 4774 Si
2801 4737 2930 4794 ergo
2965 4723 3165 4778 videris
3192 4725 3524 4782 Salvatorcm
3551 4747 3727 4786 meum
3759 4734 3827 4787 ad

2259 4819 2474 4866 terrena
2503 4821 2598 4866 aut
2626 4812 2856 4868 humilia
2887 4814 3320 4883 descendentem,
3359 4820 3564 4876 videbis
3591 4837 3825 4891 quomo—

2259 4902 2330 4957 do
2359 4903 2560 4957 virtute
2593 4918 2788 4972 magna
2818 4913 2872 4960 et
2902 4906 3188 4974 majestate
3217 4909 3398 4963 divina
3431 4912 3496 4965 ad
3528 4927 3626 4965 nos
3654 4913 3827 4966 modi~

2260 5007 2322 5047 ca
2361 4994 2609 5062 quaedam
2655 4994 2797 5048 stilla
2839 4994 3146 5051 deﬂuxerit.
3208 4997 3279 5054 De
3303 5001 3404 5054 hac
3431 5002 3572 5056 stilla
3615 5012 3668 5056 et
3698 5018 3824 5070 pro-

2260 5085 2420 5153 pheta
2460 5085 2674 5151 cecinit,
2703 5085 2891 5141 dicens
2938 5106 2950 5140 :
3008 5087 3072 5141 Et
3099 5090 3200 5143 erit
3231 5091 3293 5144 de
3330 5091 3478 5144 stilla
3505 5092 3685 5160 populi
3709 5093 3824 5161 ejus

2259 5176 2654 5244 congregandus
2703 5166 3108 5248 congregabitur
3134 5179 3297 5233 Jacob
3327 5181 3390 5235 ⁸³.
3451 5179 3516 5234 Ει
3550 5184 3710 5238 sicuti
3739 5201 3824 5238 se-

2256 5268 2494 5321 cundum
2523 5267 2686 5322 alium
2712 5283 2932 5325 sensum
2969 5272 3108 5341 lapis
3133 5281 3247 5326 erat
3285 5273 3548 5340 praecisus
3580 5289 3612 5328 e
3643 5286 3823 5331 monte

2257 5356 2374 5410 sine
2411 5358 2662 5413 manibus
2703 5363 2876 5417 nostri
2907 5364 2960 5416 in
2989 5377 3154 5417 carne
3185 5360 3482 5418 Salvatoris
3509 5363 3772 5422 adventus
3807 5385 3819 5419 :

2259 5463 2432 5516 neque
2470 5450 2614 5504 enim
2647 5459 2790 5507 totus
2827 5468 2986 5507 mons
3017 5451 3120 5506 fuit
3147 5454 3240 5522 qui
3275 5455 3552 5510 descendit
3597 5458 3664 5511 ad
3712 5468 3821 5514 ter-

2257 5557 2385 5606 ras,
2435 5557 2536 5596 ncc
2579 5554 2792 5612 poterat
2818 5546 3059 5598 humana
3111 5543 3377 5620 fragilitas
3423 5547 3590 5602 totius
3621 5551 3822 5605 montis

657 5625 698 5656 ⁷⁸
732 5625 866 5702 G‘en.
894 5643 1042 5702 xerit,
1065 5627 1122 5702 tl.
1157 5627 1412 5702 7f_Pr(_>v.
1441 5644 1513 5702 Iv,
1542 5629 1595 5702 δ.
1653 5629 1700 5661 ⁷³
1737 5629 1948 5684 Coloss.
1987 5649 2065 5696 ιιι,
2089 5634 2140 5688 9.
2204 5635 2250 5665 7"
2281 5634 2442 5690 Num.
2473 5653 2619 5702 xxrv,
2657 5639 2709 5693 9.
2765 5640 2810 5670 ⁷⁵
2844 5638 3004 5693 Joan.
3038 5619 3351 5702 multiatur.
3387 5658 3533 5697 xxvi.
3567 5643 3613 5675 '°
3633 5643 3818 5698 Matth.

925 5698 966 5726 "
1013 5699 1133 5750 ibid.
1174 5699 1261 5763 12,
1295 5698 1379 5752 1⁸5.
1465 5699 1508 5729 ⁷⁸
1545 5698 1710 5753 Marc.

587 5767 628 5795 δ’
659 5764 818 5820 ιιιυιι.
857 5781 914 5829 ιι,
964 5767 1050 5832 ιι,
1086 5768 1164 5820 12.

657 5858 770 5928 (lli)
815 5855 1090 5915 Formosa.
1133 5859 1309 5914 Codex
1347 5859 1700 5929 Turonensis,
1730 5850 1981 5934 pcrjrrta,

1792 5716 1907 5766 xtv,
1947 5703 2000 5768 8,
2042 5704 2094 5760 9.
2170 5706 2214 5736 7°
2257 5703 2297 5757 ll
2335 5706 2462 5763 (lor.
2488 5723 2547 5774 ιι,
2583 5709 2669 5762 15.

2747 5710 2790 5739 ⁸ο
2832 5709 2974 5764 l‘sal.
3013 5725 3242 5777 xxxviii,
3273 5711 3327 5766 5.
3404 5714 3445 5745 ⁸¹
3489 5713 3656 5768 Exod.
3695 5729 3819 5769 xxv.
