4236 6282
415 273 482 327 19
1830 278 2114 336 HOMlLlA
2152 278 2217 335 11.
3594 283 3663 339 50

414 395 847 466 magnitudinem
878 414 1109 471 capere:
1140 403 1237 459 sed
1265 402 1402 473 lapis
1425 417 1489 458 ex
1522 409 1729 469 monte,
1757 403 1896 473 lapis
1921 401 1999 457 of-
2026 408 2073 464 Α
2100 402 2412 473 regionibus
2435 404 2622 459 botrus
2644 403 2748 459 iste
2770 403 2844 458 sit
2863 416 3095 473 sponsae.
3114 400 3191 455 .Iu
3209 403 3370 457 vincis
3394 402 3662 473 Enqaddt,

415 481 699 553 feusionis,
717 497 770 542 et
800 497 950 558 petua
966 491 1207 546 scandali
1231 491 1512 547 descendit
1534 491 1588 546 in
1616 491 1878 546 mundum
1904 492 1985 559 ⁸³;

422 577 505 631 sic
530 579 831 634 secundum
875 581 1044 636 alium
1077 583 1406 639 intellectum
1452 583 1595 639 stilla
1621 592 1986 652 nuncupatur.

419 667 711 736 Oportebat
737 672 942 742 quippe
971 683 1029 728 ut
1049 674 1178 744 quia
1209 690 1386 730 omnes
1405 686 1581 746 gentes
1607 676 1663 729 in
1689 675 1894 730 stillam
1921 673 1991 728 si-

415 759 539 813 tula:
565 770 831 831 reputatae
853 776 978 817 sunt
1002 764 1069 831 ⁸⁵,
1101 765 1149 820 is
1175 764 1270 835 qui
1302 782 1400 834 pro
1428 766 1675 820 omnium
1707 766 1882 821 salute
1909 764 1990 818 fa-

408 856 532 904 ctus
573 858 662 905 est
691 852 879 905 omnia
904 893 919 918 ,
950 854 1113 909 etiam
1146 855 1292 910 stilla
1324 856 1476 911 ﬁeret
1520 857 1588 911 ad
1617 866 1712 912 cas
1752 856 1991 911 liberan-

405 936 525 992 das.
584 938 735 1005 Quid
764 942 909 997 enim
944 959 1042 1014 pro
1066 953 1255 1001 nostra
1287 946 1464 1002 salute
1506 961 1615 1001 non
1667 945 1843 1002 factus
1865 948 1990 1002 est?

403 1027 516 1085 Nos
544 1030 780 1098 inanes,
826 1042 881 1088 et
904 1036 992 1090 ille
1019 1036 1319 1092 cxinanivit
1358 1039 1711 1109 semetipsum
1757 1037 1988 1094 formam

335 1170 339 1173 .
401 1121 549 1173 servi
577 1122 878 1191 accipiens.
908 1122 1016 1181 Nos
1040 1127 1274 1196 populus
1297 1127 1501 1183 stultus
1523 1136 1580 1182 et
1604 1141 1714 1182 non
1746 1128 1987 1197 sapiens,

397 1221 456 1264 ct
486 1211 584 1268 ille
617 1211 796 1269 factus
839 1226 924 1271 est
967 1218 1198 1275 stultitia
1226 1219 1654 1290 praedicationis,
1691 1228 1752 1274 ut
1777 1219 1985 1275 fatuum

400 1301 500 1357 Dei
529 1304 834 1374 sapientius
864 1307 1014 1365 lieret
1046 1311 1383 1367 hominibus.
1417 1309 1532 1368 Nos
1563 1310 1791 1375 intirmi,
1828 1310 1984 1366 inlir-

398 1407 555 1448 mum
579 1394 675 1451 Dei
707 1395 904 1455 fortius
938 1400 1254 1459 hominibus
1282 1402 1486 1459 factum
1509 1412 1613 1459 est.
1656 1402 1795 1469 Quia
1822 1403 1988 1472 igitur

398 1484 672 1541 universae
718 1496 893 1558 gentes
935 1499 992 1544 ut
1016 1492 1168 1547 stilla
1209 1493 1422 1559 situlte,
1467 1501 1517 1548 et
1563 1504 1621 1549 ut
1667 1504 1986 1549 momentum

391 1580 620 1629 staterte
650 1587 911 1645 reputatae
953 1588 1074 1634 sunt
1107 1581 1153 1613 ⁸⁸
1181 1598 1195 1647 ;
1236 1582 1442 1638 idcirco
1490 1581 1667 1638 factus
1698 1591 1781 1638 est
1816 1583 1981 1647 stilla,

393 1670 455 1716 ut
479 1675 584 1732 per
610 1680 737 1721 eum
769 1684 800 1721 a
827 1669 1169 1727 vestimentis
1195 1672 1400 1728 nostris
1428 1673 1565 1728 odor
1600 1674 1756 1727 stillae
1787 1688 1984 1743 proce+

391 1753 558 1808 deret
590 1772 608 1810 :
636 1756 796 1826 juxta
819 1758 948 1815 illud
994 1779 1008 1816 :
1045 1761 1289 1832 Myrr/ta,
1319 1771 1371 1817 et
1392 1763 1566 1830 stilla,
1594 1773 1645 1819 et
1668 1736 1814 1819 casia
1840 1782 1873 1818 a
1897 1781 1980 1819 ve-
2013 1736 2056 1792 Β

387 1843 662 1902 st‘imeutis
711 1850 856 1917 tuis,
895 1868 928 1905 a
962 1853 1205 1908 domibus
1251 1853 1635 1924 elepltautinis;
1680 1872 1745 1910 ero
1791 1856 1979 1926 quibus

386 1932 803 2005 lazti/icareruut
847 1951 897 1996 te
936 1943 1065 2011 ﬁliai
1108 1960 1289 2014 regum
1325 1945 1379 2000 in
1403 1945 1596 2001 honore
1617 1955 1711 2000 tuo
1736 1948 1820 2014 3‘;
1859 1962 1982 2018 qua

386 2022 450 2081 in
488 2043 617 2083 xuv
648 2032 859 2099 psalmo
904 2034 1164 2089 dicuntur
1209 2035 1279 2090 ad
1320 2050 1604 2105 sponsam.
1662 2036 1981 2091 Fasciculus

391 2114 575 2169 stilla
604 2117 875 2184 fratruelis
901 2137 1043 2176 meus
1077 2124 1233 2176 mihi.
1269 2123 1696 2182 Consideremus
1717 2126 1848 2196 quid
1880 2126 1987 2182 sibi

392 2202 686 2264 fratruelis
706 2212 925 2268 nomine
949 2214 1058 2284 18
1072 2213 1477 2282 velitEcclesia,
1499 2232 1620 2287 quae
1632 2217 1722 2271 hic
1743 2217 1987 2287 loquitur

385 2297 460 2352 de
494 2298 782 2358 fratruele.
840 2303 951 2361 Nos
979 2322 1176 2363 sumus
1224 2324 1291 2364 ex
1322 2310 1576 2381 gentibus
1620 2310 1934 2381 congregati
1966 2329 1981 2365 :

389 2388 659 2445 Salvator
691 2402 879 2457 noster
924 2398 1135 2453 sororis
1160 2399 1281 2469 ejus
1313 2409 1399 2455 cst
1425 2400 1589 2466 illius,
1621 2400 1673 2454 id
1713 2408 1821 2467 est,
1850 2418 1981 2472 syn-

391 2495 623 2551 agogas;
660 2483 771 2540 duo
797 2487 997 2557 quippe
1025 2503 1248 2546 sorores
1276 2498 1434 2556 sunt,
1476 2489 1721 2546 Ecclesia
1752 2499 1805 2546 et
1837 2491 1984 2562 Syn-

389 2585 595 2644 agOga.
639 2574 889 2633 Salvator
928 2594 1078 2650 ergo,
1118 2591 1179 2638 ut
1205 2582 1480 2647 diximus,
1512 2582 1657 2640 ﬁlius
1685 2600 1976 2657 synagoga:

389 2663 644 2729 sororis,
676 2667 761 2720 vir
793 2666 1079 2736 Ecclesiae,
1114 2686 1352 2740 sponsus
1378 2670 1633 2729 Ecclesiae
1653 2711 1671 2739 ,
1701 2674 1978 2731 fratruelis

388 2764 475 2810 est
514 2770 737 2825 sponsa:
777 2776 913 2816 suae.
953 2760 1272 2817 Fasciculus
1310 2765 1470 2820 stilla:
1509 2765 1785 2836 fratruelis
1832 2783 1976 2823 meus

392 2851 522 2904 mihi
577 2867 599 2907 :
643 2854 697 2907 in
754 2857 924 2910 medio
980 2859 1202 2913 uberum
1257 2877 1491 2915 meorum
1542 2864 1977 2922 commorabitur.

2092 493 2240 561 quod
2287 494 2678 564 interpretatur
2745 494 2939 549 oculus
2985 492 3320 548 tentationis.
3377 495 3436 547 In
3488 493 3663 547 vineis

2097 585 2262 655 igitur
2285 584 2429 639 oculi
2458 582 2777 638 tentationis
2802 584 2996 638 botrus
3031 581 3178 652 cypri
3206 581 3482 649 fratruelis
3506 597 3662 639 meus

2094 677 2251 732 mihi.
2294 675 2632 731 Tentationis
2663 675 2857 731 oculus
2889 675 2941 729 in
2969 674 3220 745 praesenti
3248 684 3329 728 est
3352 691 3365 728 :
3391 673 3658 744 siquidem

2091 770 2147 823 in
2173 769 2471 824 tcutatione
2496 783 2777 822 moramur
2801 767 2856 819 in
2886 766 2990 821 hoc
3014 765 3237 832 mundo,
3268 773 3323 818 et
3348 767 3562 819 tentatio
3581 775 3661 820 est

2091 863 2201 916 vita
2231 862 2463 915 humana
2490 874 2647 929 super
2681 867 2876 912 terram
2905 858 2970 911 ⁸⁸.
3025 856 3164 911 Dum
3191 857 3245 910 in
3271 855 3374 910 hac
3396 856 3513 912 luce
3539 873 3660 913 ver-
3752 872 3759 880 '

2092 968 2315 1018 samur,
2363 952 2418 1006 in
2463 951 2639 1006 vineis
2666 965 2858 1005 sumus
2884 947 3150 1018 Engaddi.
3191 947 3249 1002 Si
3274 955 3456 1002 autem
3483 964 3657 1004 meru-

2091 1044 2302 1100 erimus
2368 1052 2556 1113 postea
2629 1040 3054 1111 transplantari,
3100 1055 3130 1093 a
3175 1049 3365 1095 nostro
3425 1041 3656 1107 agricola

2092 1136 2510 1192 transferemur.
2561 1134 2670 1191 Nec
2701 1134 2918 1190 dubites
2957 1133 3088 1203 quin
3116 1133 3297 1202 possis
3321 1132 3389 1187 de
3418 1132 3658 1203 Engaddt

2090 1229 2264 1284 vincis
2297 1229 2365 1283 ad
2408 1232 2530 1283 loca
2573 1226 2802 1282 meliora
2838 1224 3140 1281 transferri.
3200 1224 3451 1295 Agricola
3476 1234 3661 1280 noster

2088 1323 2155 1377 ad
2191 1320 2622 1376 transferendam
2666 1319 2879 1374 vineam
2918 1317 3109 1372 crebra
3157 1316 3507 1372 meditatione
3542 1318 3657 1387 jam

2087 1414 2294 1469 calluit.
2344 1411 2563 1466 Vineam
2601 1411 2746 1466 enim
2776 1426 2841 1464 ea:
2864 1410 3092 1481 [Egypto
3127 1408 3473 1474 transtulisti,
3498 1410 3659 1478 ejeci-

2084 1505 2158 1558 sti
2181 1512 2378 1574 gentes,
2421 1512 2470 1557 et
2492 1499 2748 1571 plantusti
2787 1515 2924 1554 eam.
2974 1497 3194 1565 Operuit
3229 1505 3429 1551 utentes
3471 1496 3658 1551 umbra

2082 1594 2220 1664 ejus,
2258 1606 2309 1649 et
2350 1593 2568 1647 arbusta
2606 1592 2721 1661 ejus
2769 1589 2950 1644 cedrus
2973 1586 3162 1641 Libani
3181 1587 3250 1641 “.
3285 1585 3354 1641 Et
3388 1587 3503 1641 haec
3535 1585 3656 1655 qui-

2083 1688 2206 1742 dem
2225 1700 2349 1755 quae
2374 1683 2751 1756 exposuimus,
2784 1681 2966 1736 locuta
2999 1679 3073 1734 sit
3102 1693 3303 1749 sponsa
3335 1677 3404 1733 de
3429 1691 3654 1747 sponso,

2081 1776 2393 1847 significans
2425 1787 2667 1830 amorem
2695 1786 2853 1827 suum
2879 1777 2935 1824 et
2962 1768 3146 1838 sponsi
3173 1765 3438 1821 venientis
3461 1764 3656 1834 hospi-

2083 1868 2217 1923 tium
2243 1906 2260 1932 ,
2325 1863 2602 1936 quomodo
2646 1863 2702 1917 in
2750 1861 2930 1916 medio
2981 1858 3206 1913 uberum
3245 1867 3300 1912 ct
3342 1856 3428 1912 sui
3473 1854 3659 1910 cordis

2081 1972 2282 2013 arcano
2306 1970 2545 2026 sponsus
2570 1952 2789 2007 veniens
2826 1957 3213 2005 commoretur.

2150 2044 2207 2097 1.
2248 2041 2462 2097 Rursus
2508 2039 2699 2109 sponsi
2726 2037 2796 2091 ad
2816 2052 2938 2091 eam
2968 2050 3151 2090 sermo
3180 2033 3451 2102 dirigitur,
3482 2040 3537 2086 et
3565 2031 3648 2086 di-

2085 2134 2160 2188 cit
2186 2135 2358 2200 (vers.
2401 2130 2490 2201 14)
2535 2146 2552 2182 :
2602 2128 2737 2181 Ecce
2780 2125 3015 2195 speciosa
3055 2124 3300 2192 proxima
3347 2139 3494 2186 mea,
3544 2135 3658 2175 ecce

2085 2225 2354 2294 speciosa,
2384 2220 2524 2275 oculi
2551 2220 2628 2273 tui
2651 2215 2929 2272 columbte.
2990 2214 3085 2269 illa
3120 2215 3201 2269 sic
3226 2213 3359 2268 dicit
3388 2213 3456 2267 ad
3489 2227 3657 2282 spon«

2085 2331 2208 2371 sum
2245 2332 2264 2368 :
2298 2312 2432 2368 Ecce
2456 2312 2718 2382 speciosus
2750 2307 3021 2380 fratruelis
3047 2322 3226 2371 meus;
3260 2319 3367 2360 non
3392 2303 3656 2375 adjungit,

2082 2419 2136 2465 ct
2158 2407 2445 2478 prosimus
2472 2419 2648 2459 meus.
2707 2400 2808 2457 llic
2837 2409 3017 2455 autem
3052 2397 3273 2469 quando
3315 2398 3557 2467 loquitur
3584 2395 3652 2450 ad

2080 2517 2201 2559 eam
2246 2519 2260 2554 :
2296 2498 2431 2552 Ecce
2474 2496 2748 2566 speciosa,
2794 2492 3047 2563 adjungit
3091 2501 3180 2557 et,
3230 2490 3473 2559 proxima
3518 2505 3652 2545 mea.

2079 2595 2262 2663 Quare
2308 2598 2489 2645 autem
2523 2588 2614 2642 illa
2645 2600 2756 2641 non
2779 2585 2914 2640 dicit
2946 2602 2958 2637 :
2988 2584 3126 2638 Ecce
3155 2582 3437 2652 speciosus
3473 2580 3657 2650 proxi-

2079 2699 2202 2739 mus
2234 2679 2392 2747 mihi,
2446 2678 2540 2734 sed
2578 2685 2808 2740 tantum,
2847 2689 2963 2728 ecce
2988 2673 3256 2742 speciosus
3283 2672 3310 2724 ?
3354 2670 3534 2736 Quare
3569 2669 3655 2724 ille

2079 2790 2188 2831 non
2218 2773 2419 2837 solum,
2447 2768 2697 2839 speciosa
2722 2781 2805 2833 es,
2845 2764 3001 2829 dicit,
3036 2762 3156 2830 sed,
3187 2762 3421 2832 speciosa
3444 2777 3499 2815 es
3527 2776 3655 2830 pro-
3702 2774 3715 2789 η

2077 2869 2227 2922 trima
2254 2864 2411 2920 mea?
2439 2860 2653 2932 Sponsa
2686 2858 2735 2913 si
2762 2858 2921 2928 longe
2944 2854 3108 2911 fuerit
3136 2869 3169 2909 a
3195 2868 3416 2924 sponso,
3445 2868 3549 2907 non
3572 2862 3653 2907 cst

389 2941 529 3008 Quis
580 2944 655 2999 ita
693 2946 883 3024 beatus
937 2958 997 3003 ut
1045 2950 1243 3006 habeat
1293 2952 1559 3022 hospitem
1606 2954 1660 3008 in
1689 2954 1977 3026 principali
2081 2958 2363 3030 speciosa;
2397 2964 2528 3012 tunc
2552 2952 2779 3024 pulchra
2807 2951 2902 3016 tit,
2933 2949 3158 3020 quando
3188 2946 3281 3003 Dei
3320 2949 3487 3003 verbo
3519 2960 3654 3001 con-

390 3035 691 3141 cordis'Lin
718 3039 897 3094 medio
924 3040 1177 3108 uberum,
1211 3042 1265 3096 in
1291 3051 1509 3112 pectore
1539 3059 1640 3099 suo
1664 3059 1973 3101 sermonem
2002 3081 2045 3141 ο
2073 3051 2342 3123 jungitur.
2384 3047 2452 3102 Et
2487 3046 2859 3102 merito-nunc
2883 3042 3111 3098 docetur
3136 3056 3166 3095 a
3194 3054 3418 3111 sponso,
3446 3051 3507 3094 ut
3530 3057 3652 3112 pro-

391 3124 487 3181 Dei
508 3127 535 3180 ?
577 3125 709 3184 Tale
738 3139 824 3184 est
851 3131 1051 3201 quippe
1085 3133 1231 3202 quod
1259 3135 1478 3190 canitur
1514 3152 1529 3191 :
1563 3133 1631 3189 In
1654 3137 1825 3191 medio
1854 3138 1975 3193 ube-
2004 3124 2045 3141 ν
2079 3142 2225 3197 xima
2253 3143 2345 3208 sit,
2368 3148 2424 3195 et
2452 3153 2483 3193 a
2514 3153 2616 3195 suo
2642 3137 2812 3192 latere
2836 3149 2942 3191 non
2970 3132 3204 3188 recedat.
3261 3131 3393 3187 Ecce
3417 3134 3652 3204 speciosa

390 3226 509 3265 rum
546 3229 780 3268 meorum
811 3222 1242 3276 commorabitur.
1307 3221 1367 3277 Si
1405 3240 1507 3278 non
1541 3224 1737 3293 fuerint
1783 3227 1973 3295 fracta:

392 3318 645 3359 inammw
675 3314 779 3361 tua:
822 3324 842 3362 :
877 3310 930 3364 in
956 3311 1135 3377 medio
1166 3327 1356 3367 earum
1383 3314 1651 3370 habitabit
1679 3328 1861 3372 sermo
1887 3319 1972 3373 di-

390 3395 579 3450 vinus.
620 3395 857 3454 Decebat
886 3400 940 3453 in
968 3403 1212 3458 carmine
1242 3405 1467 3475 nuptiali
1498 3422 1766 3464 mammas
1790 3410 1971 3478 potius

393 3487 685 3559 appellari,
716 3503 883 3559 quam
912 3502 1122 3563 pectus.
1186 3494 1255 3550 Et
1282 3499 1629 3568 perspicuum
1659 3512 1743 3556 est
1772 3516 1872 3557 cur
1899 3504 1970 3559 ad

391 3582 794 3651 expositionem
820 3585 945 3654 ejus
973 3586 1068 3657 qui
1093 3587 1227 3644 dicit
1253 3605 1267 3644 :
1301 3587 1367 3643 In
1404 3590 1576 3645 medio
1605 3594 1820 3647 uberum
1869 3611 1972 3650 me-

392 3693 549 3733 orum
577 3683 995 3737 commorabitur
1020 3700 1039 3738 :
1075 3686 1146 3741 sit
1175 3698 1545 3759 assumptum,
1568 3691 1616 3744 si
1644 3706 1747 3746 non
1774 3693 1969 3762 fuerint

394 3769 588 3839 fracta
616 3788 862 3829 mamma
891 3782 1017 3843 tute,
1048 3776 1117 3832 de
1144 3776 1449 3835 Ezechiele.
1494 3780 1548 3835 In
1574 3797 1640 3838 eo
1669 3784 1868 3855 quippe
1890 3785 1969 3840 lo-

392 3876 459 3917 co
487 3864 579 3918 ubi
626 3862 964 3922 Hierusalem
990 3867 1271 3926 Dominica
1312 3873 1608 3943 corripitur
1640 3890 1792 3941 voce,
1826 3876 1967 3932 inter

394 3962 592 4009 caetera
614 3955 817 4011 dicitur
840 3956 907 4012 ad
930 3973 1048 4013 eam
1075 3977 1091 4014 :
1115 3959 1183 4014 In
1204 3962 1436 4033 Aiggpto
1459 3964 1648 4034 fractte
1663 3977 1784 4021 sunt
1809 3983 1970 4021 mam-

397 4062 499 4102 ma:
548 4055 654 4101 tua
683 4048 750 4100 ⁸⁷.
791 4051 1076 4107 Gestarum
1108 4053 1277 4108 ubera
1318 4056 1430 4127 (17)
1460 4072 1568 4112 non
1596 4056 1920 4129 franguntur
1952 4078 1965 4112 :

397 4137 493 4191 sed
519 4139 865 4195 meretricum
891 4142 1062 4197 ubera
1086 4142 1228 4198 laxis
1251 4144 1483 4213 pellibus
1509 4147 1825 4216 irrigantur.
1862 4147 1971 4202 Pu-

397 4226 645 4283 dicarum
673 4239 853 4286 erecta
884 4236 1017 4287 sunt
1057 4231 1227 4287 ubera
1245 4272 1261 4299 ,
1291 4241 1348 4289 et
1378 4235 1631 4305 virginali
1660 4237 1861 4294 robore
1881 4246 1971 4295 tu-

400 4318 624 4375 mentia.
682 4320 1003 4392 Suscipiunt
1044 4338 1356 4381 sermonem
1398 4327 1609 4397 sponsi,
1642 4337 1699 4385 et
1726 4329 1920 4387 dicunt
1951 4351 1967 4388 :

2077 3234 2322 3305 proxima
2365 3247 2516 3296 mea,
2559 3244 2674 3285 ecce
2714 3227 2972 3297 speciosa.
3024 3222 3224 3294 Incipis
3267 3224 3485 3293 quidem
3530 3240 3653 3281 esse

2079 3323 2327 3396 speciosa
2360 3338 2428 3378 ex
2474 3335 2542 3377 eo
2600 3317 2746 3390 quod
2790 3316 3039 3387 proxima
3065 3314 3201 3369 mihi
3225 3329 3327 3369 es:
3361 3322 3647 3384 postquam

2076 3422 2257 3470 autem
2284 3411 2520 3482 cmperis
2550 3424 2672 3466 esse
2690 3406 2963 3479 speciosa,
2984 3406 3146 3460 etiam
3171 3404 3292 3462 sine
3320 3405 3649 3460 additamen-

2077 3516 2133 3562 to
2178 3506 2475 3576 proximae,
2524 3499 2775 3555 absolute
2816 3513 2876 3553 cs
2928 3494 3194 3566 speciosa.
3254 3491 3386 3548 Ecce
3412 3495 3649 3563 speciosa

2075 3597 2320 3667 proxima
2347 3608 2484 3658 mea,
2510 3607 2628 3646 ecce
2652 3589 2907 3661 speciosa.
2944 3585 3234 3641 Videamus
3259 3592 3313 3638 et
3340 3584 3501 3638 aliam
3532 3584 3651 3637 lau-

2074 3687 2198 3743 dem
2231 3683 2512 3756 speciosae,
2550 3690 2609 3736 ut
2661 3687 2717 3735 et
2760 3693 2862 3734 nos
2889 3676 3210 3732 temulemur
3243 3672 3506 3743 speciosae
3535 3671 3649 3743 (18)

2076 3776 2214 3831 ﬁeri.
2277 3773 2433 3830 Oculi
2460 3772 2539 3827 tui
2579 3769 2854 3825 columbis.
2916 3765 3022 3832 Qui
3047 3765 3236 3819 viderit
3279 3761 3550 3816 mulierem
3579 3763 3649 3816 ad

2075 3867 2546 3940 concupiscendum
2573 3881 2723 3929 eam,
2743 3863 2864 3930 jam
2894 3857 3183 3913 inminutus
3206 3863 3283 3910 est
3310 3869 3427 3907 eam
3454 3854 3505 3908 in
3529 3868 3649 3907 cor-

2075 3963 2139 4017 de
2170 3977 2265 4016 suo
2287 3960 2356 4013 ὀ.
2393 3956 2600 4013 Oculos
2630 3968 2740 4009 non
2774 3950 2938 4004 habet
2963 3945 3249 4001 columbae.
3291 3941 3349 3997 Si
3371 3944 3495 4012 quis
3522 3957 3652 3998 vero

2076 4053 2268 4107 oculos
2299 4048 2570 4106 columbae
2602 4059 2710 4099 non
2760 4040 2948 4106 habet,
2982 4036 3203 4093 domum
3234 4034 3420 4091 fratris
3447 4035 3532 4090 sui
3568 4033 3652 4088 in-

2066 4141 2320 4211 greditur
2351 4137 2563 4198 infelix,
2594 4150 2703 4187 non
2739 4145 2967 4186 servans
3004 4129 3138 4183 illud
3168 4128 3313 4198 quod
3342 4128 3395 4180 in
3420 4126 3652 4180 Prover—

2078 4231 2187 4286 biis
2217 4239 2304 4285 est
2330 4232 2658 4298 praeceptum
2696 4240 2711 4277 :
2750 4220 2816 4276 In
2846 4220 3060 4274 domum
3086 4219 3272 4288 fratris
3298 4218 3375 4271 tui
3399 4234 3462 4272 ne
3487 4218 3650 4271 intres

2078 4319 2268 4391 infelia:
2289 4318 2355 4372 οι.
2397 4316 2505 4370 Pro
2532 4329 2601 4370 eo
2626 4312 2772 4384 quod
2803 4309 3157 4382 Septuaginta
3176 4348 3192 4376 ,
3224 4306 3449 4379 infelix,
3476 4306 3650 4364 inter-

402 4405 464 4461 ιιι
509 4410 683 4463 audio
725 4410 940 4467 uberum
991 4430 1227 4469 meorum
1271 4418 1709 4476 commorabitur.
1774 4421 1968 4477 Botrus
2001 4429 2044 4486 ι)
2078 4412 2272 4485 pretati
2297 4418 2462 4475 sunt,
2497 4406 2691 4478 Aquila
2717 4404 3002 4461 Hebraeatn
3027 4400 3338 4471 exprimens
3366 4398 3649 4456 veritatem

399 4502 540 4569 cypri
567 4501 846 4571 fratruelis
878 4520 1021 4560 meus
1054 4507 1205 4561 mihi.
1246 4508 1467 4564 Initium
1498 4518 1584 4567 est
1606 4514 1877 4571 sermonis
1910 4515 1967 4570 in

402 4592 679 4662 germine:
708 4602 765 4649 et
789 4594 1004 4650 initium
1032 4597 1204 4668 cypri,
1230 4597 1286 4652 id
1311 4607 1423 4666 est,
1452 4599 1741 4658 ﬂoritionis
1768 4602 1822 4657 in
1847 4618 1970 4660 ver-

403 4681 486 4748 bo,
521 4685 669 4739 unde
697 4686 777 4741 ait
819 4705 832 4740 :
861 4685 1060 4742 Botrus
1107 4691 1276 4758 cypri,
1316 4689 1369 4745 id
1399 4700 1502 4756 est,
1538 4690 1829 4750 floritionis
1854 4694 1970 4765 fra-

404 4775 582 4830 truelis
608 4791 756 4831 meus
788 4777 939 4831 mihi.
998 4776 1117 4833 Non
1149 4779 1405 4841 omnibus
1443 4790 1529 4837 est
1573 4783 1767 4839 botrus
1795 4786 1967 4857 cypri,

399 4865 492 4921 Sed
513 4866 600 4922 his
620 4868 716 4937 qui
737 4866 860 4937 ejus
880 4867 1013 4923 ﬂore
1032 4868 1181 4940 digni
1205 4879 1352 4926 sunt.
1379 4869 1515 4928 Aliis
1542 4889 1648 4929 uva
1671 4876 1823 4931 varia
1848 4884 1965 4933 est:

406 4957 528 5013 huic
554 4958 660 5014 soli
685 4974 810 5030 quae
841 4960 997 5031 nigra
1016 4970 1101 5016 est
1122 4969 1179 5016 et
1208 4959 1450 5020 formosa
1466 5005 1482 5028 ,
1516 4965 1572 5019 in
1599 4964 1753 5021 ﬂoris
1775 4967 1970 5025 decore

404 5062 460 5104 se
483 5049 709 5118 praebet.
765 5049 967 5106 Botrus
996 5053 1144 5122 cypri
1167 5053 1442 5122 fratruelis
1471 5071 1614 5110 meus
1641 5058 1791 5112 mihi.
1848 5057 1967 5115 Non

400 5140 718 5212 simpliciter
754 5143 834 5198 ait
871 5162 886 5198 :
926 5143 1123 5199 Botrus
1171 5149 1315 5216 cypri
1355 5148 1625 5216 fratruelis
1654 5165 1831 5216 meus;
1874 5153 1971 5208 sed

402 5244 524 5286 cum
571 5233 968 5300 additamento,
1016 5236 1185 5302 milii;
1230 5248 1290 5292 ut
1331 5240 1553 5296 doceret
1576 5257 1685 5297 non
1713 5245 1970 5303 omnibus

405 5335 525 5376 eum
552 5339 677 5380 esse
704 5325 922 5381 botrum
946 5328 1116 5398 cypri.
1160 5324 1455 5388 Videamus
1478 5341 1661 5388 autem
1686 5334 1739 5389 in
1770 5337 1971 5407 quibus

472 5456 519 5532 ’ξ
558 5457 693 5532 Dan.
721 5473 783 5523 ll,
822 5459 912 5532 55.
936 5529 946 5532 _
970 5457 1051 5532 ﬂ“
1085 5459 1297 5532 isai.rt.,
1330 5461 1415 5517 15.
1523 5465 1569 5496 ⁸⁸
1608 5463 1733 5521 lsai.
1765 5482 1853 5532 xc,
1887 5470 1972 5524 l5.

409 5521 452 5558 ⁸⁸
487 5524 628 5582 Psal.
655 5521 823 5597 uxr,
846 5530 901 5594 8,
928 5529 1013 5585 10.
1088 5531 1137 5562 ⁹⁰
1171 5521 1363 5589 Matth.
1398 5548 1452 5600 v,
1485 5532 1580 5589 28.

483 5661 593 5735 (17)
637 5662 829 5720 Ubera.
852 5664 1032 5723 Codex
1064 5664 1426 5738 Turonensis,
1470 5684 1733 5726 mammae.

1677 5537 1719 5568 ενι
1762 5536 1925 5595 Prov.
1967 5553 2151 5605 χχιιι,
2185 5535 2273 5591 10.

2073 4507 2335 4577 ἀγρηικός
2364 4501 2565 4575 posuit.
2605 4500 2709 4568 Qui
2741 4507 2924 4555 autem
2950 4495 3113 4552 habet
3135 4495 3324 4551 oculos
3356 4493 3647 4562 columbae,

2073 4600 2221 4655 videt
2249 4606 2420 4662 recta,
2464 4605 2522 4651 'et
2560 4590 2993 4650 misericordiam
3027 4595 3389 4659 promeretur.
3442 4582 3648 4639 Vidcns

2074 4691 2274 4763 quippe
2330 4695 2477 4743 recta
2529 4681 2964 4740 misericordiam
3010 4686 3395 4747 consequetur.
3453 4674 3647 4739 Porro,

2075 4782 2201 4854 quis
2241 4779 2390 4835 videt
2433 4787 2583 4833 recta
2620 4775 2725 4830 nisi
2757 4772 2851 4844 qui
2894 4778 3048 4827 casto
3086 4778 3379 4839 conspectu
3410 4775 3466 4822 et
3494 4767 3650 4837 puris

2077 4874 2321 4928 intuetur
2343 4870 2561 4928 oculis?
2597 4866 2721 4923 Noli
2750 4863 2917 4936 igitur
2941 4860 3077 4917 mihi
3101 4860 3169 4915 de
3196 4859 3281 4915 his
3303 4868 3512 4914 tantum
3534 4873 3652 4914 car-

2077 4966 2162 5023 nis
2188 4964 2363 5021 oculis
2390 4961 2695 5032 intelligere
2734 4972 2857 5028 qua:
2888 4955 3031 5011 dicta
3061 4962 3211 5019 sunt,
3235 4953 3364 5010 licet
3390 4961 3445 5009 ct
3471 4952 3539 5008 de
3562 4953 3648 5007 his

2076 5056 2413 5112 intellexisse
2434 5069 2543 5109 non
2575 5051 2765 5107 inutile
2794 5049 2866 5106 sit
2893 5067 2906 5103 :
2939 5049 3034 5104 sed
3061 5048 3373 5120 ingrediens
3413 5047 3481 5101 ad
3511 5046 3650 5101 intc—

2077 5149 2223 5205 riora
2270 5147 2453 5204 cordis
2499 5145 2574 5200 tui
2595 5185 2611 5213 ,
2638 5153 2693 5199 et
2718 5144 2854 5200 alios
2877 5143 3069 5200 oculos
3096 5151 3278 5197 mente
3300 5139 3648 5210 perquirens,

2075 5242 2169 5312 qui
2195 5249 2248 5295 et
2271 5256 2300 5293 τι
2329 5238 2421 5294 Dei
2450 5236 2707 5293 mandato
2735 5233 3134 5301 illuminantur,
3156 5233 3469 5287 mandatum
3499 5231 3652 5301 quip-

2077 5349 2143 5403 pe
2174 5330 2276 5386 Dei
2306 5328 2617 5384 illuminans
2648 5326 2828 5381 oculos
2858 5326 2935 5393 θ’,
2983 5325 3114 5381 illud
3147 5327 3354 5381 enitere
3373 5363 3387 5390 ,
3438 5321 3649 5386 labora,

2076 5468 2120 5499 ⁸⁸
2158 5465 2305 5520 Psal.
2339 5479 2484 5529 xciv,
2509 5461 2561 5516 9.
2638 5462 2681 5493 ⁸⁷
2720 5461 2916 5518 Ezech.
2954 5463 3169 5529 xxm,3.
3248 5461 3294 5493 ⁸⁸
3321 5454 3424 5515 Job
3471 5477 3569 5529 vn,
3596 5463 3650 5516 1.

2367 5537 2412 5567 ³³
2451 5531 2598 5587 Psal.
2627 5547 2743 5601 xu,
2770 5532 2826 5587 8.

2162 5671 2275 5744 (l8)
2317 5671 2475 5739 Mss.,
2503 5673 2777 5740 speciosa;
2812 5670 2944 5727 libb.
2975 5668 3128 5737 editi,
3160 5687 3382 5740 sponsa’.
