4236 6282
535 323 596 377 {ii
1618 324 1939 381 ORIGENIS
1975 325 2040 379 IN
2077 323 2431 381 CANTICUM
2465 325 2738 379 CANTIC.
3718 324 3795 378 5‘!-

539 443 832 508 eont'ende,
875 453 935 498 ut
975 455 1160 499 sancte
1208 446 1476 516 intelligas
1523 448 1773 503 universa
1819 464 1940 518 qua:
1972 449 2116 502 dicta
2151 455 2194 508 Α
2225 450 2315 518 qui
2346 451 2400 504 in
2428 450 2565 503 valle
2594 464 2764 513 eram,
2799 447 3076 501 descendit
3103 447 3155 499 in
3181 446 3397 510 vallem,
3424 453 3480 498 et
3507 443 3558 496 in
3596 445 3791 500 vallem

539 543 692 600 sunt,
741 544 796 593 et
843 537 1038 590 similis
1084 537 1298 605 spiritui
1327 539 1377 592 ei
1411 539 1504 607 qui
1534 538 1588 592 in
1622 539 1801 607 specie
1837 541 2112 594 descendit

539 627 829 692 columbae,
863 627 1052 682 audias
1079 627 1204 695 quia
1237 627 1383 682 oculi
1415 629 1490 682 tui
1513 629 1800 684 columbas.
1837 631 1894 684 Si
1921 631 2114 686 intelli-

541 719 625 787 gis
655 719 824 790 legem
853 718 1228 786 spiritualiter,
1260 719 1404 773 oculi
1433 721 1512 774 tui
1543 721 1810 775 columba:
1842 731 1991 776 sunt.
2054 722 2117 776 Si

543 807 800 878 intelligis
817 807 1167 877 Evangeiium
1193 815 1253 862 ut
1277 824 1336 864 se
1365 811 1480 864 vult
1506 811 1730 882 intelligi
1759 811 2110 883 Evangelium

540 907 595 952 et
629 898 933 968 praedicari,
961 898 1115 953 vides
1147 896 1334 953 Jesum
1364 916 1584 956 omnem
1609 903 1924 972 languorem
1947 911 2002 956 et
2025 903 2112 955 in-

544 987 850 1040 firmitatem
901 1002 1011 1040 non
1056 988 1232 1043 solum
1269 1004 1334 1043 eo
1376 999 1618 1061 tempore
1668 1007 1778 1061 quo
1825 993 2115 1047 carnaliter

543 1077 678 1132 facta
713 1087 881 1142 sunt,
923 1077 1094 1136 fuisse
1120 1079 1482 1146 medicatum,
1513 1081 1604 1136 sed
1645 1082 1913 1151 hodieque
1941 1083 2112 1136 medi-

536 1179 774 1236 cantem,
804 1181 858 1226 ct
879 1188 983 1226 non
1020 1183 1234 1230 tantum
1264 1184 1396 1230 tunc
1425 1174 1492 1228 ad
1528 1175 1776 1231 homines
1801 1176 2115 1232 descendis-

537 1280 629 1326 se,
679 1264 777 1319 sed
821 1266 1092 1336 hodieque
1123 1269 1488 1333 descendere,
1515 1276 1718 1322 etesse
1767 1275 2110 1336 praesentem.

541 1351 676 1406 Ecce
701 1353 878 1418 enim,
925 1354 1136 1424 inquit,
1172 1356 1438 1410 vobiscum
1483 1371 1600 1408 sum
1643 1357 1882 1408 omnibus
1930 1355 2112 1408 diebus

539 1458 702 1510 usque
726 1443 796 1495 ad
821 1446 1331 1499 consummationem
1361 1445 1543 1501 stcculi
1565 1445 1632 1498 ³³.

611 1528 765 1584 Oculi
811 1533 893 1585 tui
931 1532 1188 1589 columba:
1218 1544 1363 1590 sunt.
1426 1534 1560 1588 Ecce
1591 1535 1828 1603 speciosa
1866 1535 2113 1604 proxima

538 1637 680 1687 mea,
726 1639 840 1677 ecce
886 1626 1147 1694 speciosa,
1194 1627 1336 1681 oculi
1358 1628 1436 1680 tui
1480 1627 1754 1682 columbat.
1819 1626 1928 1682 llas
1954 1627 2021 1681 de
2053 1641 2114 1681 se

537 1730 740 1784 sponsa
785 1717 1015 1773 audiens
1061 1718 1252 1773 laudes
1300 1733 1504 1788 sponso
1541 1718 1711 1772 vicem
1757 1717 1814 1772 in
1856 1717 2111 1772 laudibus

536 1781 768 1886 tribuit,
826 1822 939 1863 non
990 1823 1100 1878 quo
1151 1809 1200 1862 ei
1245 1781 1392 1878 quod
1449 1823 1559 1862 non
1609 1807 1772 1863 habet
1816 1823 1918 1862 suo
1977 1823 2114 1876 prte-
2146 1781 2188 1837 Β

536 1899 700 1954 conio
771 1898 1070 1970 largiatur,
1146 1899 1239 1955 sed
1301 1899 1608 1968 intelligens
1675 1899 1924 1953 decorem
1994 1898 2116 1966 ejus

537 1997 701 2058 atque
749 1990 1096 2059 eonSpiciens
1143 1989 1222 2044 ait
1274 1986 1454 2059 (vers.
1500 1987 1602 2060 15)
1651 2007 1667 2044 :
1718 1987 1850 2044 Ecce
1893 2005 2113 2058 sponsus

540 2081 651 2151 19
671 2081 945 2150 fratruelis
977 2097 1122 2135 meus
1158 2082 1398 2152 equidem
1434 2081 1684 2150 pulcher,
1735 2083 1900 2136 lectus
1940 2091 2116 2137 noster

535 2173 832 2226 umbrosus.
851 2170 1050 2237 Quaero
1073 2172 1275 2228 lectum
1305 2173 1360 2227 in
1391 2187 1501 2244 quo
1518 2188 1755 2243 sponsus
1770 2188 1894 2229 cum
1914 2189 2115 2243 sponsa

536 2261 876 2332 requiescat;
911 2270 970 2316 et
993 2302 1008 2326 ,
1049 2262 1103 2317 ni
1154 2261 1344 2328 fallor,
1394 2278 1595 2332 corpus
1634 2263 1935 2318 humanum
1979 2272 2063 2318 est
2098 2279 2113 2316 :

537 2354 812 2423 siquidem
864 2353 953 2408 ille
1013 2353 1068 2407 in
1122 2354 1412 2425 Evangelio
1462 2354 1791 2425 paralytieus
1835 2355 1928 2422 qui
1966 2355 2116 2422 jace-

538 2443 630 2498 bat
667 2445 726 2499 in
751 2445 912 2511 lecto,
959 2452 1016 2499 et
1045 2444 1197 2500 abire
1223 2444 1277 2498 in
1300 2444 1523 2500 domum
1553 2459 1710 2500 suam
1741 2444 1958 2500 sublato
1989 2456 2116 2512 gra-

538 2538 670 2591 bato
705 2550 835 2592 voce
869 2537 1061 2606 jussus
1103 2545 1186 2592 est
1231 2535 1551 2600 Salvatoris,
1605 2544 1898 2604 antequam
1953 2548 2117 2588 sana-

541 2636 728 2696 rctur,
783 2645 948 2700 super
990 2628 1169 2684 debile
1209 2628 1582 2682 membrorum
1633 2639 1858 2680 suorum
1916 2639 2118 2693 corpus

532 2720 772 2788 iacebat,
799 2720 944 2790 quod
980 2727 1171 2788 postea
1199 2717 1295 2772 Dei
1327 2717 1529 2771 virtute
1557 2715 1848 2771 solidatum
1880 2724 1979 2772 est.
2026 2715 2117 2770 Sic

536 2828 640 2883 ego
679 2812 920 2882 intelligo
972 2827 986 2866 :
1041 2807 1188 2863 Tolle
1227 2808 1508 2879 grabatum
1556 2817 1724 2874 tuum,
1785 2819 1835 2863 et
1884 2808 2012 2863 vade
2061 2809 2117 2862 in

536 2906 754 2958 domum
780 2912 926 2956 tuam
957 2901 1028 2956 “.
1075 2900 1261 2971 Neque
1293 2901 1439 2956 enim
1481 2902 1544 2955 ad
1587 2902 1691 2956 hoc
1721 2900 1891 2957 Filius
1923 2900 2015 2956 Dei
2049 2901 2117 2956 de

539 2992 854 3048 emiestibus
886 2993 953 3046 ad
985 3000 1198 3046 terrena
1243 2990 1631 3054 descenderat,
1683 3000 1741 3044 ut
1787 2991 1853 3046 de
1905 2990 2117 3046 lectulis

540 3084 876 3154 imperaret,
936 3092 991 3138 et
1035 3092 1448 3153 consurgentem
1491 3083 1560 3136 ab
1608 3084 1965 3154 aagrotatione
2012 3097 2110 3137 sua

541 3178 659 3232 sine
698 3176 897 3231 lectulo
948 3189 1058 3229 non
1097 3183 1372 3245 pateretur
1405 3175 1701 3230 ascendere
1754 3194 1767 3229 :
1810 3174 1990 3241 Tolle,
2033 3175 2117 3228 in-

539 3269 758 3339 quiens,
788 3267 1068 3340 grabatum
1106 3277 1277 3333 tuum,
1302 3276 1349 3320 et
1372 3266 1499 3321 vade
1539 3268 1592 3321 in
1620 3266 1833 3320 domum
1859 3277 2024 3321 tuam.
2056 3267 2120 3320 Et

543 3372 600 3417 tu
637 3362 801 3432 igitur
825 3377 856 3416 a
889 3360 1172 3416 Salvatore
1207 3369 1431 3415 sanatus
1465 3360 1592 3415 tolle
1625 3360 1907 3431 grabatum
1941 3367 2116 3422 tuum,

540 3463 599 3508 et
629 3453 761 3508 vade
794 3453 848 3508 in
871 3453 1094 3507 domum
1129 3462 1301 3517 tuam,
1331 3460 1395 3507 ut
1421 3467 1549 3506 cum
1576 3452 1645 3506 ad
1685 3460 1736 3505 te
1775 3451 1922 3504 velut
1953 3465 2120 3518 spon-

542 3564 662 3603 sam
690 3547 900 3602 venerit
924 3560 1180 3615 sponsus,
1217 3553 1271 3599 ct
1304 3545 1356 3598 in
1386 3560 1454 3598 co
1485 3553 1661 3598 tecum
1699 3543 1860 3597 fuerit
1889 3541 2120 3596 reclina-

542 3648 651 3703 tus,
679 3637 831 3693 dicas
867 3655 881 3692 :
925 3635 1062 3689 Ecce
1094 3651 1313 3704 sponsus
1353 3633 1628 3702 fratruelis
1662 3648 1806 3686 meus
1827 3671 1843 3695 ,
1883 3631 2121 3701 equidem

540 3729 788 3801 pulcher,
843 3727 1127 3782 acclinatio
1160 3735 1340 3778 nostra
1368 3723 1635 3777 umbrosa.
1672 3721 1812 3777 Ecce
1840 3722 2123 3790 speciosus

546 3821 821 3877 fratruelis
847 3836 1023 3883 meus,
1053 3819 1166 3887 ipse
1197 3825 1250 3870 et
1276 3815 1559 3885 speciosus
1588 3824 1694 3880 est,
1727 3821 1784 3868 et
1805 3813 2120 3868 umbrosus.

545 3915 651 3968 Per
688 3915 828 3967 diem
867 3911 1068 3983 quippe
1108 3908 1188 3964 sol
1221 3925 1324 3961 non
1372 3917 1482 3961 uret
1539 3915 1624 3973 te,
1667 3921 1832 3976 neque
1867 3904 1996 3958 luna
2033 3919 2124 3972 per

545 4016 746 4060 noctem
784 4005 853 4059 ⁸⁸.

618 4098 670 4152 5.
711 4094 868 4151 Vers.
911 4093 998 4150 16.
1043 4093 1234 4147 Trabes
1265 4092 1544 4144 domorum
1592 4098 1896 4143 nostrarum
1941 4087 2123 4151 cedri,

546 4188 914 4247 multitudinis
945 4187 1104 4242 verba
1155 4192 1304 4240 sunt.
1343 4183 1606 4238 Videntur
1637 4193 1819 4238 autem
1857 4182 1989 4238 mihi
2023 4182 2122 4241 viri

545 4287 661 4340 haec
689 4283 869 4338 dicere
909 4281 1002 4350 qui
1039 4295 1164 4334 cum
1201 4293 1405 4347 sponso
1432 4289 1579 4342 sunt,
1628 4277 1695 4331 de
1739 4276 1940 4345 quibus
1969 4289 2126 4344 supe-

546 4379 662 4431 rius
706 4388 888 4428 sermo
934 4369 1195 4438 praefatus
1223 4377 1328 4420 est.
1371 4366 1577 4420 Domus
1609 4367 1846 4420 cedrinis
1878 4366 2125 4420 trabibus

2221 541 2444 595 veniens
2491 541 2548 593 fit
2600 539 2806 599 lilium:
2846 553 2946 607 pro
2976 538 3119 607 ligno
3147 537 3266 590 vitae
3313 537 3455 606 quod
3488 537 3790 605 plantatmn

2218 641 2303 685 est
2339 632 2391 684 in
2452 631 2702 700 paradiso
2749 629 2883 694 Dei,
2933 629 3099 683 totius
3145 628 3352 696 campi,
3401 627 3453 681 id
3491 639 3575 681 est
3621 629 3794 684 totius

2217 723 2428 788 mundi,
2457 731 2512 777 et
2538 722 2804 778 universa:
2833 731 2990 776 terra:
3013 720 3114 774 flos
3135 718 3310 774 factus
3336 729 3438 774 est.
3467 719 3607 786 Quid
3640 723 3791 777 enim

2219 815 2299 869 sic
2330 823 2508 884 potest
2557 829 2677 869 esse
2711 813 2811 868 llos
2857 813 3066 878 mundi,
3117 821 3175 865 ut
3201 811 3523 865 vocabulum
3554 811 3796 867 Christi?

2219 903 2564 976 Unguentum
2612 906 2842 961 effusum
2895 921 3093 960 nomen
3151 905 3291 974 ejus.
3338 905 3506 962 Aliter
3553 905 3792 974 idipsum

2217 998 2460 1053 dicitur:
2506 997 2616 1068 Ego
2661 999 2759 1065 ﬂos
2791 998 2982 1066 campi,
3027 1006 3076 1051 et
3117 996 3290 1050 lilium
3332 997 3649 1050 convallium
3674 1037 3689 1062 ,
3737 1007 3797 1050 et

2218 1090 2332 1144 haec
2365 1089 2583 1157 quidem
2611 1089 2678 1143 de
2699 1088 3010 1157 semetipso.
3045 1087 3248 1141 Deinde
3271 1101 3527 1156 sponsam
3561 1087 3795 1140 laudans

2216 1178 2292 1232 ait
2326 1197 2340 1232 :
2375 1176 2538 1246 (vers.
2569 1177 2630 1248 2)
2665 1174 2731 1230 Ut
2767 1177 2940 1229 lilium
2966 1177 3019 1227 in
3048 1174 3215 1228 medio
3243 1176 3537 1244 spinarum,
3565 1175 3641 1228 sic
3669 1191 3795 1242 pro-

2214 1271 2364 1324 xima
2396 1287 2510 1324 mea
2535 1269 2586 1322 in
2617 1269 2782 1321 medio
2810 1267 3064 1336 ﬁliarum.
3092 1264 3245 1319 Sicut
3275 1266 3446 1318 lilium
3480 1281 3585 1318 non
3616 1273 3798 1334 potest

2215 1362 2386 1431 spinis
2415 1359 2743 1429 comparari,
2779 1360 2918 1413 in'er
2959 1373 3098 1428 quas
3143 1372 3355 1426 semper
3385 1357 3654 1416 exoritur,
3696 1371 3795 1410 eo-

2215 1453 2338 1508 dem
2372 1452 2535 1506 modo
2568 1450 2813 1517 proxima
2863 1464 2982 1503 mea
3020 1463 3184 1518 super
3230 1462 3420 1502 omnes
3453 1446 3592 1500 filias
3620 1447 3794 1504 lilium

2214 1551 2299 1598 est
2339 1543 2393 1596 in
2423 1541 2604 1595 medio
2629 1541 2932 1610 spinarum.
2967 1538 3074 1594 Ista
3117 1539 3347 1593 audiens
3387 1551 3586 1606 sponsa
3619 1537 3795 1590 vicem

2215 1633 2390 1688 reddit
2442 1647 2664 1702 sponso,
2711 1640 2765 1686 et
2806 1632 3048 1686 sentiens
3081 1629 3226 1684 illius
3258 1629 3421 1683 etiam
3471 1627 3795 1681 suavitatem

2218 1725 2272 1778 in
2309 1739 2496 1778 vocem
2527 1721 2801 1777 laudantis
2848 1721 3104 1792 erumpit.
3143 1719 3556 1790 Unguentorum
3595 1717 3799 1788 quippe

2219 1816 2356 1871 odor
2383 1815 2511 1870 licet
2539 1814 2779 1869 suaviter
2809 1813 2996 1883 spiret,
3025 1821 3080 1866 et
3123 1827 3347 1866 sensum
3381 1811 3549 1865 odore
3579 1809 3796 1863 demul-

2216 1916 2356 1972 ceat,
2391 1920 2501 1960 non
2525 1914 2704 1960 tamen
2737 1901 3008 1972 ejusmodi
3032 1911 3135 1968 est,
3166 1909 3227 1956 ut
3252 1916 3418 1956 suave
3441 1899 3512 1954 sit
3537 1899 3603 1953 ad
3637 1898 3799 1952 eden-

2215 1999 2368 2054 dum.
2422 1996 2519 2052 Est
2551 2004 2730 2051 autem
2763 1993 2910 2048 aliud
2949 1993 3093 2063 quod
3139 1990 3330 2060 optimi
3365 1989 3578 2059 saporis
3631 1988 3703 2042 sit
3741 1995 3800 2042 et

2215 2088 2422 2152 odoris,
2455 2087 2508 2141 id
2537 2094 2640 2153 est,
2675 2094 2734 2140 ut
2769 2085 2958 2139 fauces
2991 2082 3218 2137 dulcore
3241 2080 3491 2146 delectet,
3535 2088 3592 2133 et
3633 2079 3798 2149 spiri-

2216 2186 2331 2233 tum
2361 2177 2597 2232 mulceat
2636 2175 2866 2230 odoratu
2901 2192 2914 2228 :
2947 2173 3055 2227 tale
3105 2179 3188 2227 est
3238 2169 3466 2235 malum,
3501 2178 3555 2224 et
3605 2170 3794 2225 istius-

2217 2268 2364 2324 modi
2384 2275 2468 2324 est
2495 2276 2724 2334 naturae,
2754 2275 2818 2321 ut
2848 2274 3079 2334 utraque
3104 2265 3160 2318 in
3183 2279 3242 2319 se
3269 2263 3564 2333 possideat.
3590 2262 3798 2318 Idcirco

2216 2362 2407 2418 volens
2436 2375 2546 2414 non
2583 2359 2756 2414 solum
2789 2357 3219 2413 benevolentiam
3248 2356 3520 2411 sermonis
3544 2395 3559 2420 ,
3604 2355 3698 2410 sed
3741 2365 3798 2410 et

2217 2453 2494 2508 dulcorem
2533 2451 2655 2520 ejus
2693 2465 2893 2519 sponsa
2940 2448 3195 2513 laudare,
3233 2447 3309 2501 ait
3357 2465 3371 2502 :
3413 2448 3577 2518 (vers.
3622 2447 3676 2516 5)
3725 2446 3796 2500 Ut

2218 2545 2416 2599 malum
2450 2545 2503 2595 in
2538 2542 2697 2611 lignis
2729 2540 2875 2594 silva:
2895 2581 2911 2606 ,
2957 2541 3031 2593 ita
3061 2539 3335 2608 fratruelis
3367 2555 3508 2592 meus
3543 2539 3596 2592 in
3625 2539 3796 2591 medio

2217 2636 2472 2705 ﬁliorum.
2513 2631 2709 2687 Omnia
2739 2631 2903 2700 ligna,
2936 2645 3130 2684 omnes
3155 2630 3380 2684 arbores
3403 2628 3519 2699 (20)
3547 2629 3615 2682 ad
3645 2644 3796 2682 com-

2219 2725 2551 2797 parationem
2577 2721 2847 2778 sermonis
2885 2720 2979 2776 Dei
3007 2721 3158 2776 silvae
3184 2720 3450 2776 inferaces
3475 2719 3782 2774 CXiSlilllall-

2220 2827 2327 2884 tur,
2378 2817 2444 2870 ad
2485 2815 2764 2871 Christum
2795 2815 2969 2869 saltus
3000 2822 3085 2868 est
3124 2828 3286 2868 omne
3311 2813 3454 2882 quod
3483 2812 3708 2874 dixeris,
3739 2818 3796 2866 et

2220 2908 2560 2963 infructuosa
2591 2917 2721 2962 sunt
2747 2906 2950 2962 omnia.
2986 2905 3118 2971 Quae
3145 2905 3290 2959 enim
3327 2912 3556 2973 possunt
3584 2902 3692 2958 diei
3728 2905 3798 2956 ad

2219 3017 2344 3056 cum
2385 3009 2698 3070 comparata
2744 2996 3060 3052 fructifera?
3106 2995 3281 3050 Etiam
3313 2996 3456 3065 ligna
3488 3009 3610 3064 quae
3648 2994 3804 3047 vide-

2141 3115 2186 3173 ο
2221 3094 2418 3148 bantur
2449 3092 2716 3146 fruetilnts
2739 3091 3035 3156 incurvari,
3065 3090 3129 3143 ad
3159 3088 3502 3144 collationem
3533 3087 3805 3140 adventus

2219 3188 2340 3254 ejus
2391 3184 2727 3238 infructuosa
2779 3188 3080 3236 monstrata
3129 3188 3277 3234 sunt.
3329 3178 3452 3232 Ideo
3505 3186 3563 3230 ut
3597 3176 3805 3229 malum

2218 3277 2276 3328 in
2342 3275 2500 3344 lignis
2561 3274 2749 3337 silvw,
2813 3273 2890 3325 ita
2949 3270 3218 3341 fratruelis
3289 3287 3432 3324 meus
3506 3269 3562 3323 in
3628 3268 3806 3322 medio

2222 3365 2476 3434 ﬁliorum.
2551 3362 2618 3416 In
2688 3363 2876 3415 umbra
2955 3363 3069 3430 ejus
3136 3360 3406 3428 concupiui
3452 3400 3466 3425 ,
3546 3367 3596 3411 ct
3663 3355 3793 3410 sedi.

2223 3457 2394 3523 Quam
2429 3457 2652 3526 pulchre
2685 3469 2795 3509 non
2827 3457 2905 3509 ait
2949 3455 3004 3508 in
3050 3455 3238 3508 umbra
3271 3453 3416 3507 illius
3445 3449 3794 3519 concupisco,

2223 3549 2352 3613 sed,
2395 3549 2450 3601 in
2485 3547 2673 3600 umbra
2714 3546 2827 3614 ejus
2881 3545 3184 3613 concupiui;
3215 3551 3270 3597 et
3311 3558 3418 3596 non
3463 3541 3658 3604 sedeo,
3702 3541 3794 3594 sed

2224 3643 2358 3696 sedi.
2403 3639 2680 3709 Siquidem
2729 3637 2784 3692 in
2813 3636 3078 3706 principio
3111 3649 3218 3689 non
3250 3647 3542 3704 possumus
3573 3646 3699 3685 cum
3730 3645 3798 3686 eo

2225 3733 2504 3802 proprium
2541 3729 2790 3785 conferre
2817 3741 3146 3792 sermonem,
3180 3741 3368 3780 verum
3412 3725 3468 3778 in
3508 3723 3794 3794 principio.

2225 3832 2284 3878 ut
2319 3823 2391 3877 ita
2419 3822 2619 3885 dicam,
2652 3819 2886 3888 quadam
2917 3818 3218 3887 majestatis
3265 3816 3410 3871 illius
3443 3816 3634 3869 umbra
3677 3830 3798 3882 per-

2225 3913 2480 3978 l'ruimur,
2509 3911 2652 3965 unde
2672 3919 2726 3964 et
2755 3909 2808 3964 in
2840 3907 3118 3978 prophetis
3160 3908 3393 3978 legitur:
3438 3905 3670 3976 Spiritus
3709 3906 3797 3974 fa.

2226 4007 2323 4060 cici
2358 4013 2552 4057 nostra:
2576 4002 2816 4058 Christus
2849 4001 3124 4064 Dominus,
3153 4002 3238 4054 cui
3268 4001 3502 4054 diximus
3537 4015 3556 4052 :
3595 3997 3656 4050 In
3681 4015 3798 4052 um-

2227 4095 2322 4149 bra
2353 4094 2465 4164 ejus
2484 4094 2708 4147 vivemus
2737 4094 2790 4146 in
2811 4091 3051 4162 gentibus
3076 4091 3144 4159 ⁹⁸;
3175 4100 3249 4155 et,
3280 4091 3348 4144 ab
3377 4089 3564 4144 umbra
3591 4087 3658 4142 ad
3688 4103 3800 4141 utn-

2228 4189 2380 4243 bram
2430 4187 2591 4241 aliam
2656 4185 3132 4256 transmigramus.
3182 4181 3492 4237 Sedentibus
3541 4179 3684 4234 enim
3744 4178 3799 4232 in

2228 4280 2432 4350 regione
2456 4287 2502 4330 et
2528 4276 2713 4330 umbra
2737 4276 2943 4338 mortis,
2975 4272 3067 4324 lux
3094 4280 3213 4324 orta
3238 4279 3315 4323 est
3339 4269 3412 4320 eis
3436 4270 3501 4320 ν’.
3533 4267 3598 4319 Et
3622 4276 3802 4320 trans-

2227 4385 2420 4423 eamus
2447 4368 2516 4420 ab
2547 4365 2740 4418 umbra
2769 4362 2958 4415 mortis
3005 4361 3072 4412 ad
3111 4358 3360 4411 umbram
3391 4357 3532 4410 vitae.
3577 4355 3802 4424 Semper

550 4470 769 4521 intexta:
791 4471 941 4525 sunt,
973 4469 1028 4516 et
1049 4458 1323 4531 cypressis
1343 4457 1814 4527 contignatae(l9).
1844 4457 2124 4525 Siquidem
2160 4456 2200 4508 D
2233 4455 2539 4512 istiusmodi
2589 4462 2718 4508 sunt
2761 4451 3057 4521 profectus,
3091 4457 3150 4502 ut
3177 4448 3232 4500 in
3261 4447 3488 4502 exordio
3533 4446 3804 4503 desideret

547 4571 648 4626 pro
673 4556 814 4627 stibe
846 4549 1092 4607 ascendit
1125 4559 1437 4616 cypressus,
1471 4554 1525 4598 et
1546 4558 1644 4612 pro
1664 4545 1850 4597 coniza
1884 4543 2132 4598 ascendit

551 4658 780 4720 myrtus.
828 4643 1132 4714 Requirens
1182 4637 1346 4710 igitur
1391 4636 1551 4706 cujus
1599 4643 1808 4690 naturze
1853 4636 1956 4691 ista
2001 4644 2132 4691 sunt

550 4745 717 4810 ligna.
740 4748 793 4793 et
823 4736 1046 4792 cedrum
1076 4727 1486 4802 imputribilem,
1517 4735 1572 4782 et
1599 4742 1913 4798 cypressum
1945 4727 2132 4786 odoris

549 4827 740 4900 optimi
789 4824 1221 4895 deprehendens,
1256 4821 1444 4875 labora
1505 4826 1561 4873 et
1599 4829 1657 4872 tu
1692 4818 1768 4871 ita
1806 4819 2128 4887 contignare

549 4927 776 4978 domum
805 4930 976 4982 tuam,
1017 4926 1078 4970 ut
1107 4917 1174 4970 de
1203 4922 1256 4968 te
1285 4927 1505 4982 quoque
1538 4910 1712 4982 possit
1737 4909 1844 4964 diei
1881 4929 1894 4961 :
1932 4909 2125 4964 Trabes

549 5019 803 5071 domuum
837 5017 1140 5064 nostrarum
1177 5004 1354 5068 cedri,
1391 5012 1440 5056 et
1481 5001 1892 5072 contignationes
1934 5012 2130 5055 nostris

550 5107 801 5180 cypressi.

621 5201 673 5254 6.
711 5197 842 5253 Post
884 5195 996 5249 hac
1036 5203 1272 5261 sponsus
1300 5188 1543 5256 loquitur
1578 5187 1720 5258 (cap.
1756 5201 1817 5254 ιι,
1853 5203 1995 5242 vers.
2032 5188 2081 5254 Ι)
2113 5205 2130 5243 ;

557 5293 666 5365 ligo
699 5294 798 5363 ﬂos
842 5289 1037 5357 campi,
1085 5294 1137 5338 et
1179 5281 1354 5335 lilium
1399 5281 1735 5335 convallium.
1781 5280 2007 5351 Propter
2046 5296 2132 5334 me

2227 4546 2498 4616 quispiam
2527 4543 2716 4599 saltem
2760 4541 2814 4595 in
2844 4539 3104 4594 virtutum
3130 4537 3322 4591 umbra
3341 4535 3659 4590 consistere.
3688 4533 3802 4605 Ego

2227 4647 2358 4709 puto
2389 4637 2509 4690 ideo
2535 4643 2590 4689 et
2622 4632 2960 4688 nativitatem
2988 4629 3114 4684 Jesu
3143 4629 3213 4683 ab
3247 4629 3436 4682 umbra
3461 4627 3712 4697 coepisse,
3749 4637 3805 4682 et

2227 4745 2334 4784 non
2371 4729 2424 4781 in
2457 4725 2671 4789 umbra,
2727 4725 2819 4779 sed
2867 4725 2921 4777 in
2955 4722 3178 4776 veritate
3222 4721 3430 4776 finitam
3466 4739 3479 4775 :
3526 4718 3758 4788 Spiritus
3784 4759 3802 4785 ,

2227 4820 2447 4888 inquit,
2496 4827 2712 4870 sanctus
2759 4816 2922 4868 veniet
2978 4815 3032 4866 in
3088 4822 3174 4876 te,
3215 4820 3265 4865 et
3323 4817 3490 4868 virtus
3537 4811 3803 4866 Altissimi

2231 4908 2562 4964 obumbrubit
2612 4908 2708 4961 tibi
2772 4907 2835 4960 ³⁸.
2898 4905 3162 4961 Nativitas
3214 4905 3418 4962 Christi
3483 4904 3552 4959 ab
3613 4905 3804 4958 umbra

2234 5004 2467 5072 sumpsit
2513 5001 2799 5057 exordium
2837 5018 2850 5053 :
2881 5015 2990 5054 non
3019 5001 3196 5055 solum
3233 5008 3413 5055 autem
3451 4999 3504 5051 in
3536 4996 3704 5051 Maria
3736 4996 3806 5050 ab

2236 5095 2428 5149 umbra
2473 5093 2596 5162 ejus
2641 5091 2898 5147 nativitas
2939 5092 3122 5162 erepit,
3149 5092 3243 5148 sed
3273 5091 3410 5145 etin
3441 5097 3491 5144 te
3532 5088 3579 5142 si
3607 5087 3806 5157 dignus

2232 5186 2406 5242 fueris
2436 5188 2682 5240 nascitur
2711 5199 2891 5239 sermo
2917 5183 3031 5238 Dei.
3086 5183 3196 5238 Fac
3228 5183 3392 5251 igitur
3419 5189 3476 5234 ut
3508 5178 3688 5248 possis
3714 5193 3808 5232 ea-

2235 5295 2363 5350 pere
2403 5278 2653 5333 umbram
2689 5277 2828 5347 ejus,
2877 5285 2933 5332 et
2982 5293 3105 5332 cum
3159 5275 3351 5329 umbra
3395 5272 3561 5327 fueris
3610 5271 3809 5340 dignus

612 5456 660 5486 °'
691 5454 880 5510 Matth.
913 5445 1210 5515 xxvnrﬂO.
1275 5445 1320 5477 ³⁵
1351 5443 1538 5500 Matth.
1572 5461 1650 5512 ix,
1679 5445 1731 5498 6.
1809 5445 1854 5476 ⁸⁸
1886 5441 2028 5498 Psal.
2057 5459 2206 5507 cxxt,
2239 5441 2290 5496 6.
2367 5445 2412 5476 9°
2441 5441 2640 5496 Thrcn.
2674 5456 2747 5507 Iv,
2786 5439 2876 5493 20.
2952 5439 2995 5469 ’7
3021 5438 3125 5491 lsa.
3160 5453 3235 5500 Ix,
3271 5436 3322 5488 2.
3399 5435 3446 5466 ⁸⁸
3480 5433 3614 5490 Luc.
3645 5447 3688 5497 1,
3716 5431 3808 5486 35.

623 5597 739 5667 (l9)
779 5595 932 5667 Mss.,
982 5593 1166 5667 domus
1201 5590 1427 5667 cedrinis
1478 5589 1712 5667 trabibus
1741 5591 1955 5667 intexta:
1985 5599 2127 5667 sunt,

554 5679 602 5722 ct
627 5658 880 5735 cyp'ressis
901 5665 1236 5735 contignata.
1290 5658 1476 5735 Edit_t.,
1503 5659 1684 5713 domos
1703 5662 1940 5715 cedrinas
1964 5660 2130 5715 trabi-

557 5730 904 5792 bus'intea'tas
931 5744 978 5787 et
1005 5730 1257 5802 cupressis
1282 5730 1635 5800 contignatas.

2309 5587 2421 5656 (20)
2462 5587 2616 5643 Libb.
2659 5588 2814 5642 editt.
2843 5627 2856 5648 ,
2907 5601 3083 5656 omnes
3132 5583 3276 5638 silete
3319 5584 3573 5650 arbores,
3617 5580 3710 5638 sed
3751 5580 3805 5635 in

2239 5654 2371 5714 mSS.
2400 5654 2654 5713 Omnibus
2685 5659 2950 5713 omittitur
2975 5654 3140 5708 sileat.
