4236 6282
412 257 485 311 53
1813 250 2085 306 llOMlLlA

1980 251 2086 305 ΜΛ
2129 250 2192 305 ll.
3581 251 3653 305 δι·

412 376 663 441 επεοιιιε,
691 375 864 430 veniet
887 374 955 428 ad
985 384 1057 440 te,
1101 385 1162 429 ut
1190 375 1262 429 ita
1292 374 1492 436 dicam,
1525 388 1725 441 corpus
1749 372 1888 440 ejus,
1916 388 1980 425 ex
2008 379 2057 434 Α
2089 388 2192 425 non
2236 372 2289 424 in
2337 388 2444 426 uno
2472 371 2683 440 spiritu.
2738 371 2871 424 Ama
2896 379 2953 425 et
2976 371 3162 436 Deum,
3205 367 3298 423 sed
3327 382 3450 422 ama
3496 367 3645 422 illum

413 482 528 536 quo
557 467 739 520 umbra
767 466 1031 520 nascitur.
1067 463 1199 518 Nam
1243 465 1297 519 in
1343 464 1554 520 modico
1601 462 1795 528 ﬁdelis,
1837 470 1889 515 et
1929 462 1981 515 in

417 552 712 621 majoribus
747 551 853 607 erit
898 552 1090 608 ﬁdelis.
1141 551 1207 606 In
1249 553 1434 606 umbra
1476 552 1590 620 ejus
1631 550 1897 618 concupiui
1933 558 1982 604 et

415 643 543 699 sedi.
587 641 747 698 Vides
794 643 924 714 quia
953 659 1063 698 non
1093 657 1306 712 semper
1342 644 1396 697 in
1433 643 1625 698 umbra
1672 641 1842 705 stetit,
1889 640 1982 696 sed

414 732 537 785 inde
567 732 637 786 ad
667 732 896 788 meliora
920 733 1216 799 transierit,
1263 733 1449 788 dicens
1475 750 1489 786 :
1525 731 1592 788 Et
1633 732 1836 801 fructus
1867 730 1980 798 ejus

409 819 582 874 dulcis
629 822 686 874 in
734 831 944 891 gutture
985 838 1117 876 meo.
1167 821 1298 893 Ego,
1337 823 1550 892 inquit,
1593 821 1892 879 desideravi
1927 821 1980 876 in

410 913 605 966 umbra
635 911 755 982 ejus
781 915 1140 982 requiescere,
1172 913 1264 969 sed
1296 923 1580 983 postquam
1613 928 1699 968 me
1727 929 1824 968 sua
1859 928 1984 982 pro-

411 1003 544 1056 texit
570 1004 786 1068 umhra,
823 1004 984 1058 etiam
1035 1003 1215 1060 fructu
1256 1005 1403 1060 illius
1441 1014 1718 1060 saturatus
1747 1019 1888 1068 sum,
1929 1012 1984 1059 et

411 1092 623 1148 fructus
649 1084 770 1163 ejus
797 1093 971 1149 du!cis
995 1094 1048 1148 in
1078 1103 1295 1164 gutture
1320 1109 1459 1150 meo.

483 1184 536 1238 7.
578 1183 735 1241 Vers.
770 1186 822 1239 4.
860 1183 1190 1239 Introducite
1222 1201 1300 1239 me
1330 1186 1385 1239 in
1409 1185 1624 1239 domum
1661 1187 1789 1240 vini.
1830 1184 1982 1240 Foris

413 1276 566 1330 stetit
590 1292 841 1346 sponsus,
862 1288 916 1332 et
946 1278 1014 1332 ab
1043 1292 1244 1346 sponsa
1268 1286 1557 1348 susceptus
1586 1287 1687 1332 est.
1712 1275 1769 1332 In
1804 1277 1982 1332 medio

413 1367 615 1434 quippe
661 1366 888 1421 uberum
924 1367 1070 1424 illius
1110 1369 1396 1438 requievit.
1448 1371 1715 1427 Proxima:
1746 1372 1858 1443 (2i)
1891 1371 1982 1442 ju-

415 1458 650 1511 vencula:
695 1473 802 1513 non
836 1469 966 1515 sunt
996 1461 1305 1518 istiusmodi
1344 1472 1402 1518 ut
1425 1479 1682 1534 sponsum
1713 1464 1978 1534 hospitem

414 1547 612 1602 habere
671 1560 1004 1608 mereantur.
1054 1551 1385 1610 Multitudini
1423 1555 1557 1611 foris
1601 1555 1656 1609 in
1705 1555 1981 1624 parabolis

413 1640 671 1713 loquitur.
728 1640 905 1708 Quam
951 1660 1145 1702 vereor
1195 1661 1264 1702 ne
1324 1647 1508 1702 multze
1564 1647 1981 1703 adolescentulaa

413 1736 551 1793 forte
577 1753 681 1794 nos
703 1737 898 1792 simus.
929 1733 1259 1790 Introducite
1285 1752 1366 1790 me
1385 1737 1438 1789 in
1469 1738 1681 1790 domum
1715 1738 1843 1791 vini.
1871 1736 1981 1792 Cur

412 1835 520 1881 tam
567 1828 661 1883 diu
705 1826 841 1882 foris
899 1827 1134 1881 maneo?
1185 1825 1324 1882 Ecce
1374 1836 1458 1882 sto
1506 1836 1632 1882 ante
1683 1828 1880 1883 ostium
1927 1837 1982 1882 et

410 1916 588 1987 pulso.
625 1915 684 1970 Si
709 1916 835 1985 quis
864 1915 997 1969 mihi
1025 1915 1316 1984 aperuerit,
1351 1915 1626 1985 ingrediar
1655 1916 1721 1970 ad
1752 1931 1902 1982 eum,
1929 1927 1982 1970 et

410 2007 643 2061 etenaho
679 2020 804 2060 cum
831 2019 914 2068 eo,
936 2015 988 2058 et
1007 2006 1122 2074 ipse
1146 2020 1384 2060 mecum.
1413 2004 1740 2060 Introducite
1754 2006 1863 2075 ao
1882 2023 1988 2064 me.

415 2090 486 2146 Et
529 2107 676 2146 nunc
702 2095 892 2146 eadem
923 2093 1054 2146 dicit
1082 2107 1266 2147 sermo
1289 2093 1528 2158 divinus,
1569 2108 1697 2149 ecce
1735 2094 1989 2151 Christus

414 2181 680 2249 loquitur,
707 2179 1033 2236 introducite
1069 2197 1176 2236 me.
1210 2181 1379 2237 Vobis
1401 2198 1620 2255 quoque
1646 2184 1990 2241 catechume-

413 2271 499 2327 nis
533 2271 780 2340 loquitur
804 2289 818 2327 :
842 2271 1171 2328 lntroducite
1199 2287 1303 2329 me.
1341 2272 1692 2341 lntroducite,
1719 2291 1830 2333 non
1859 2277 1991 2332 sim-

411 2362 624 2433 pliciter
667 2362 722 2415 in
772 2362 1018 2428 domum,
1072 2363 1168 2419 sed
1195 2365 1250 2418 in
1291 2366 1514 2421 domum
1542 2367 1675 2435 viui,
1703 2368 1988 2438 impleatur

413 2453 539 2508 vino
579 2453 800 2520 laetitiae,
849 2454 976 2509 vino
1018 2453 1253 2524 Spiritus
1285 2457 1459 2511 sancti
1490 2459 1672 2512 anima
1701 2469 1898 2527 vestra,
1935 2468 1988 2514 et

413 2547 494 2602 sic
510 2547 837 2602 introducite
860 2546 914 2600 in
936 2546 1157 2602 domum
1171 2556 1407 2603 vestram
1429 2563 1711 2619 sponsum,
1737 2551 1982 2616 verbum,

413 2637 752 2708 sapientiam,
777 2638 1077 2694 veritatem.
1104 2638 1286 2694 Potest
1305 2648 1485 2695 autem
1506 2649 1560 2696 et
1573 2640 1642 2696 ad
1664 2657 1760 2698 eos
1773 2641 1983 2712 diciqui

415 2728 650 2782 nondum
669 2727 890 2798 perfecti
911 2737 1037 2784 sunt
1061 2747 1075 2783 :
1099 2727 1426 2785 Introducite
1452 2748 1532 2786 me
1555 2733 1609 2785 in
1622 2733 1836 2787 domum
1856 2734 1982 2794 vini.

483 2821 536 2874 8.
576 2820 732 2876 Vers.
766 2821 820 2874 4.
860 2820 1119 2876 Ordinate
1147 2821 1204 2875 in
1227 2837 1309 2876 me
1337 2823 1672 2879 charitatem.
1701 2823 1984 2895 Eleganter

414 2909 628 2963 locutus
651 2918 755 2973 est,
785 2910 1046 2978 ordinate,
1071 2911 1429 2980 plurimorum
1455 2915 1654 2984 quippe
1680 2914 1984 2973 inordinata

2086 477 2191 516 non
2224 471 2518 516 utcarnem
2549 471 2604 516 et
2627 462 2967 531 sanguinem,
3017 461 3108 517 sed
3138 468 3198 516 ut
3221 460 3493 530 spiritum.
3541 460 3646 525 Qui

2083 551 2227 606 enim
2274 552 2506 606 adliceret
2541 551 2664 616 Deo,
2713 567 2846 605 unus
2887 552 3103 619 spiritus
3142 561 3217 604 est
3253 551 3295 606 ⁸.
3350 550 3519 621 lgitur
3556 565 3650 605 or-

2083 641 2268 696 diuata
2324 650 2408 696 est
2469 641 2707 697 charitss
2758 642 2813 696 in
2852 639 3123 711 perlectis.
3180 635 3246 694 Ut
3291 649 3473 696 autem
3521 649 3646 710 post

2089 731 2257 786 Deum
2291 731 2454 785 etiam
2494 730 2632 785 inter
2660 745 2760 784 nos
2788 729 2922 783 ordo
2951 736 3202 798 ponatur,
3233 727 3466 796 primum
3493 741 3648 781 man-

2084 821 2269 875 datum
2307 831 2420 885 est,
2463 830 2524 876 ut
2565 820 2863 891 diligamus
2902 827 3198 889 parentes,
3248 817 3541 872 secundum
3587 826 3648 871 ut

2087 913 2264 977 ﬁlios,
2320 912 2535 967 tertium
2578 920 2637 966 ut
2683 912 3014 968 domesticos
3069 919 3306 965 nostros.
3357 908 3417 964 Si
3467 916 3646 965 autem

2088 1005 2235 1060 ﬁlius
2265 1003 2444 1058 malus
2483 1012 2588 1068 est,
2623 1012 2678 1059 et
2701 1003 3032 1058 domesticus
3077 1001 3285 1069 bonus,
3319 1000 3651 1056 domesticus

2087 1095 2138 1148 in
2175 1094 2442 1149 eharitate
2463 1093 2555 1148 ﬁlii
2589 1094 2898 1150 collocetur.
2927 1093 2995 1148 Et
3026 1092 3100 1147 ita
3132 1093 3224 1148 ﬁet
3247 1100 3306 1146 ut
3336 1099 3649 1146 sanctorum

2084 1185 2335 1239 ordinata
2364 1183 2434 1240 sit
2460 1186 2719 1240 eharitas.
2755 1183 3006 1256 Magister
3034 1197 3254 1254 quoque
3295 1190 3350 1238 et
3387 1179 3655 1236 Dominus

2083 1286 2267 1333 noster
2325 1277 2380 1332 in
2426 1275 2718 1348 Evangelio
2771 1287 3038 1347 praecepta
3096 1275 3165 1330 de
3207 1274 3474 1330 charitate
3519 1287 3652 1328 eon-

2083 1368 2315 1425 stituens
2367 1369 2432 1424 ad
2484 1369 2918 1440 uniuscujusque
2973 1368 3318 1426 dilectionem
3369 1367 3649 1438 proprim

2081 1459 2281 1530 aliquid
2310 1461 2582 1531 apposuit,
2630 1470 2684 1516 et
2706 1461 2854 1516 dedit
2885 1459 3290 1532 intelligentiam
3321 1458 3526 1514 ordinis
3565 1457 3653 1513 his

2081 1550 2171 1620 qui
2203 1562 2433 1621 possunt
2459 1553 2651 1608 audire
2680 1552 3017 1623 Scripturam
3044 1552 3314 1607 dicentem
3344 1569 3361 1607 :
3395 1549 3652 1605 Ordinate

2082 1641 2138 1694 in
2166 1657 2248 1695 me
2274 1642 2607 1698 charitatcm.
2647 1641 2847 1713 Diliges
2877 1642 3160 1697 Dominum
3203 1641 3368 1696 Deum
3402 1652 3548 1696 tuum
3585 1655 3652 1695 ea:

2013 1708 2055 1764 Β
2084 1739 2190 1785 toto
2237 1734 2392 1786 corde
2442 1745 2550 1802 tuo,
2593 1743 2642 1789 et
2686 1708 2918 1788 ex'tota
2962 1744 3130 1788 mente
3172 1745 3299 1800 tua,
3343 1745 3392 1788 et
3427 1751 3493 1788 ea:
3541 1742 3650 1788 tota
3697 1792 3701 1796 ,

2083 1825 2261 1876 anima
2300 1837 2414 1889 tua,
2446 1833 2495 1878 et
2527 1839 2591 1878 ex
2625 1832 2738 1878 tota
2777 1825 2969 1879 virtute
3009 1833 3101 1878 tua
3139 1825 3181 1878 ³.
3217 1823 3284 1879 Et
3309 1824 3496 1895 diliges
3527 1840 3653 1893 pro-

2081 1911 2284 1965 ximum
2342 1924 2488 1966 tuum
2543 1914 2679 1968 sicut
2724 1915 2946 1984 teipsum
2970 1915 3012 1970 ⁸.
3062 1913 3180 1969 Non
3232 1915 3539 1984 proximum
3583 1932 3651 1972 ex

2084 2010 2198 2056 toto
2225 2003 2410 2070 corde,
2445 2018 2512 2057 ex
2540 2012 2652 2058 tota
2685 2005 2888 2068 anima,
2930 2014 2984 2059 et
3013 2020 3080 2058 ex
3111 2013 3221 2058 tota
3255 2005 3474 2072 virtute,
3502 2015 3556 2060 et
3584 2023 3652 2063 ex

2089 2099 2201 2144 tota
2242 2100 2442 2145 mente.
2496 2091 2739 2159 Rursus,
2787 2094 2963 2163 inquit
2997 2094 3260 2163 :Diligite
3300 2096 3542 2149 inimicos
3567 2112 3654 2150 se-

2090 2188 2226 2233 stros
2271 2179 2329 2246 ',
2364 2188 2418 2234 et
2451 2195 2558 2235 non
2593 2182 2862 2252 apposuit,
2919 2197 2986 2237 ex
3025 2192 3140 2238 toto
3177 2182 3363 2239 corde.
3407 2182 3525 2239 Non
3573 2195 3658 2242 est

2090 2268 2428 2324 inordinatus
2461 2284 2642 2324 sermo
2679 2270 2930 2339 divinus,
2979 2286 3080 2327 nec
3122 2271 3476 2342 impossibilia
3519 2289 3656 2344 pra:-

2087 2359 2238 2428 cipit,
2277 2375 2378 2415 nec
2405 2361 2558 2426 dicit,
2585 2361 2792 2432 diligite
2816 2362 3068 2420 inimicos
3089 2373 3301 2421 vestros
3331 2375 3392 2421 ut
3420 2374 3657 2422 vosmet-

2087 2449 2255 2518 ipsos,
2285 2451 2378 2505 sed
2407 2459 2617 2506 tantum
2643 2470 2658 2506 :
2684 2451 2906 2522 Diligite
2931 2455 3172 2509 inimicos
3197 2467 3428 2522 vestros;
3462 2457 3657 2512 suﬁicit

2085 2541 2229 2610 quod
2277 2555 2373 2596 eos
2405 2541 2704 2613 diligimus,
2734 2552 2792 2600 et
2819 2545 2945 2600 odio
2988 2561 3096 2601 non
3141 2546 3424 2602 habemus.
3462 2546 3656 2602 Proxi—

2087 2647 2233 2686 mum
2259 2646 2390 2687 vero
2416 2641 2475 2688 ut
2507 2633 2759 2704 teipsum.
2802 2634 2974 2692 Porro
3004 2635 3174 2692 Deum
3210 2654 3292 2693 ex.
3318 2646 3432 2694 toto
3468 2639 3652 2707 corde,

2085 2732 2137 2778 et
2161 2738 2228 2778 ex
2256 2727 2366 2779 tota
2395 2725 2599 2793 anima,
2631 2735 2686 2782 et
2725 2741 2791 2783 ex
2831 2736 2945 2783 tota
2972 2737 3175 2792 mente,
3215 2739 3270 2785 et
3301 2744 3367 2786 ex
3403 2739 3514 2786 tota
3544 2732 3658 2788 vir-

2086 2823 2216 2871 tute.
2262 2815 2319 2870 Si
2363 2817 2478 2874 haec
2516 2819 2868 2885 intellexeris,
2897 2829 2954 2877 et
2974 2821 3244 2878 intellecta
3273 2824 3650 2893 compleveris,

2085 2910 2262 2967 fecisti
2289 2913 2437 2983 quod
2465 2915 2652 2984 sponsi
2678 2930 2932 2972 sermone
2959 2917 3269 2988 praecipitur
3292 2916 3654 2975 :Introdncite

413 3009 498 3056 est
539 3002 818 3068 charitas;
871 3003 1090 3072 quando
1126 3005 1271 3074 quod
1310 3005 1365 3059 in
1404 3006 1581 3074 primo
1624 3006 1745 3061 loco
1791 3005 1987 3062 debent
2011 3025 2055 3085 ο
2088 3018 2168 3057 me
2196 3004 2248 3056 in
2277 3003 2491 3058 domum
2519 3006 2646 3074 vini,
2686 3007 2929 3063 ordinate
2963 3009 3017 3063 in
3047 3025 3127 3063 me
3153 3010 3486 3065 charitatem.
3516 3009 3651 3076 Quis

413 3094 654 3164 diligere,
682 3095 914 3166 diligunt
940 3097 994 3151 in
1026 3098 1299 3166 secundo;
1333 3098 1480 3169 quod
1513 3100 1567 3154 in
1601 3098 1860 3165 secundo,
1900 3100 1983 3156 di-

415 3186 585 3257 ligunt
617 3187 673 3240 in
707 3187 915 3256 primo;
950 3198 1005 3244 et
1035 3189 1183 3260 quod
1221 3199 1431 3261 oportet
1469 3206 1654 3248 amare
1682 3192 1736 3246 in
1765 3204 1984 3263 quarto,

413 3285 600 3331 amant
638 3278 691 3331 in
725 3279 918 3345 tertio;
956 3287 1011 3334 et
1043 3295 1235 3336 rursus
1257 3281 1472 3337 tertium
1499 3281 1555 3337 in
1583 3291 1800 3352 quarto,
1821 3293 1877 3340 et
1899 3295 1985 3342 est

417 3369 472 3423 in
512 3368 788 3438 plerisque
824 3369 1108 3427 charitatis
1135 3371 1272 3427 ordo
1299 3388 1609 3442 perversus.
1653 3373 1980 3432 Sanctorum

417 3475 544 3515 vero
586 3460 832 3516 charitas
861 3461 1112 3516 ordinata
1161 3470 1267 3518 est.
1309 3461 1446 3520 Volo
1472 3466 1539 3521 ad
1572 3468 1981 3544 intelligendum

419 3551 518 3606 hoc
546 3551 692 3622 quod
722 3552 928 3607 dictum
976 3561 1108 3608 est:
1146 3554 1402 3610 Ordincte
1444 3559 1499 3612 in
1540 3576 1620 3614 me
1649 3562 1979 3633 alacritatem,

417 3640 594 3711 aliqua
626 3641 875 3712 exempla
924 3642 1206 3713 replicare.
1259 3641 1337 3700 Te
1391 3646 1507 3702 vult
1549 3649 1766 3708 divinus
1799 3666 1983 3708 sermo

415 3731 636 3803 diligere
649 3741 888 3801 patrem,
920 3733 1111 3799 ﬁlium,
1139 3734 1324 3800 ﬁliam,
1351 3736 1466 3792 vult
1489 3747 1542 3793 te
1562 3754 1744 3796 sermo
1763 3742 1983 3800 divinus

417 3823 640 3893 diligere
667 3823 970 3891 Christum,
999 3840 1098 3880 nec
1129 3824 1259 3880 dicit
1288 3827 1408 3895 tibi,
1439 3844 1508 3885 ne
1532 3830 1727 3903 diligas
1754 3832 1977 3898 liberos,

417 3930 484 3969 ne
533 3917 848 3983 parentibus
899 3915 1164 3973 charitate
1204 3920 1472 3991 iungaris.
1525 3919 1631 3977 Sed
1679 3923 1812 3993 quid
1846 3926 1981 3981 dicit

416 4007 549 4061 tibi?
588 4023 655 4062 ne
685 4007 1048 4064 inordinatam
1101 4011 1303 4068 habeas
1347 4014 1707 4082 eharitatem,
1753 4031 1822 4071 ne
1861 4018 1978 4086 pri-

417 4115 564 4153 mum
609 4107 816 4168 patrem
871 4109 967 4156 aut
991 4109 1245 4168 matrem,
1287 4102 1485 4157 deinde
1521 4116 1611 4157 me
1639 4102 1864 4174 diligas,
1914 4122 1983 4161 ne

415 4191 507 4244 ﬁlii
539 4199 593 4245 et
620 4191 742 4246 ﬁlia:
787 4192 1074 4263 plusquam
1125 4193 1232 4248 mei
1277 4193 1546 4250 eharitate
1574 4196 1830 4250 tenearis.
1875 4196 1981 4261 Qui

413 4289 556 4333 emat
602 4289 806 4349 patrem
838 4292 928 4334 aut
967 4290 1188 4336 matrem
1215 4297 1371 4352 super
1397 4299 1498 4351 me,
1533 4299 1640 4338 non
1662 4293 1743 4338 est
1775 4301 1856 4340 me
1887 4285 1976 4340 di-

2084 3102 2246 3165 putas
2289 3110 2322 3150 e
2366 3097 2522 3152 nobis
2565 3097 2848 3155 eharitatis
2889 3110 2974 3157 est
3014 3101 3314 3158 ordinata?
3347 3100 3525 3173 (Vers.
3573 3101 3652 3174 5.)

2085 3184 2405 3256 Conﬁrmata
2437 3204 2517 3243 me
2546 3189 2604 3243 in
2641 3191 2938 3261 unguentis,
2985 3208 3130 3248 unus
3165 3193 3232 3249 de
3261 3193 3650 3264 interpretibus

2083 3278 2268 3347 posuit
2285 3278 2617 3334 οἰνανθίνων.
2644 3279 2770 3337 Haec
2795 3289 2975 3338 autem
3005 3297 3205 3354 sponsa
3238 3283 3480 3355 loquitur
3503 3303 3519 3340 :
3545 3284 3652 3341 Sti-

2082 3377 2202 3435 pate
2246 3383 2327 3422 me
2361 3368 2418 3422 in
2463 3369 2636 3425 malis.
2680 3369 2736 3424 In
2770 3371 2968 3442 quibus
3015 3371 3208 3429 malis?
3246 3371 3315 3428 Ut
3356 3373 3558 3429 malum
3597 3376 3652 3430 in

2081 3457 2238 3529 lignis
2263 3458 2442 3526 silete,
2485 3461 2565 3514 ita
2610 3461 2881 3530 fratruelis
2921 3479 3066 3519 meus
3097 3465 3154 3518 in
3189 3464 3362 3518 medio
3393 3464 3650 3534 ﬁliorum.

2083 3546 2291 3603 idcirco
2328 3549 2384 3604 in
2423 3549 2578 3604 malis
2625 3549 2740 3619 ejus
2770 3553 2964 3620 stipata
3020 3569 3133 3618 me,
3187 3554 3314 3624 quia
3365 3553 3653 3610 vulnerata:

2080 3638 2360 3696 eharitatis
2386 3657 2498 3712 ego.
2544 3641 2718 3709 Quam
2755 3643 3040 3713 pulchrum
3065 3652 3172 3710 est,
3202 3658 3368 3712 quam
3395 3644 3650 3702 decorum

2079 3748 2111 3788 a
2142 3731 2406 3790 charitate
2433 3733 2632 3790 vulnus
2667 3735 2929 3805 accipere.
2978 3735 3134 3791 Alius
3176 3735 3419 3806 iaculum
3464 3723 3655 3794 carnei

2079 3823 2284 3880 amoris
2312 3827 2544 3897 excepit,
2597 3827 2738 3883 alius
2781 3838 2998 3883 terreno
3034 3826 3287 3898 cupidine
3336 3827 3652 3888 vulneratus

2077 3925 2181 3984 est,
2209 3925 2268 3972 tu
2313 3919 2460 3972 nuda
2490 3918 2735 3974 membra
2765 3929 2878 3984 tua,
2923 3925 2979 3974 et
3004 3919 3183 3989 praebe
3221 3933 3273 3976 te
3308 3921 3494 3993 iaculo
3531 3923 3648 3980 for-

2079 4020 2236 4062 moso
2283 4006 2551 4077 siquidem
2605 4007 2750 4063 Deus
2796 4007 3106 4080 sagittarius
3149 4018 3254 4066 est.
3316 4013 3458 4070 Audi
3502 4013 3650 4072 Scri-

2081 4107 2297 4167 pturam
2340 4099 2407 4153 de
2455 4099 2559 4152 hoc
2604 4099 2792 4153 eodem
2832 4100 3015 4168 iaculo
3059 4101 3368 4172 loquentem
3386 4144 3402 4170 ,
3439 4105 3548 4162 imo
3590 4115 3653 4162 ut

2081 4186 2316 4256 amplius
2359 4185 2686 4254 admireris,
2737 4187 2866 4243 audi
2908 4189 3085 4260 ipsum
3122 4191 3364 4260 jaculum
3401 4195 3531 4264 quid
3572 4196 3658 4252 lo-

2081 4288 2282 4349 quatur
2316 4295 2331 4334 :
2369 4277 2554 4333 Posuit
2601 4295 2682 4334 me
2723 4279 2780 4336 in
2810 4281 3063 4352 sagittam
3087 4282 3329 4350 electam,
3364 4293 3416 4341 et
3441 4286 3495 4340 in
3525 4287 3658 4357 plta-

410 4388 563 4442 gnus.
595 4371 699 4436 Qui
749 4383 890 4425 amat
920 4372 1093 4440 [ilium
1125 4382 1219 4428 aut
1247 4374 1419 4444 ﬁliam
1447 4391 1602 4446 super
1635 4392 1735 4441 me,
1762 4392 1866 4432 non
1899 4386 1977 4432 est
2010 4363 2054 4419 1)

2010 4363 2054 4419 D
2084 4379 2227 4424 retro
2267 4385 2366 4425 sua
2389 4370 2614 4426 servavit
2655 4387 2766 4443 me,
2807 4383 2859 4429 et
2887 4375 3027 4430 dixit
3069 4377 3199 4432 mihi
3231 4391 3252 4432 :
3286 4376 3537 4450 Magnum
3571 4389 3650 4434 est

412 4481 490 4519 me
525 4465 716 4535 dignus
747 4467 816 4520 θ’.
859 4465 1055 4523 Recole
1102 4465 1488 4522 conscientiam
1531 4475 1682 4522 tuam
1713 4466 1780 4522 de
1805 4469 1978 4538 patris

411 4555 666 4610 matrisve
694 4555 913 4623 aﬁ'ectu,
946 4564 1003 4612 et
1027 4555 1311 4612 considera
1342 4556 1557 4626 qualem
1591 4557 1738 4612 circa
1767 4572 1976 4613 sermo-

411 4662 529 4701 ncin
563 4646 658 4703 Dei
684 4658 733 4703 et
767 4645 897 4702 Jesu
941 4647 1143 4703 habeas
1171 4647 1512 4714 charitatem,
1560 4647 1743 4702 statim
1782 4647 1976 4719 depre-

412 4739 612 4795 hendes
665 4740 841 4811 magis
883 4748 934 4796 te
981 4739 1150 4795 ﬁlium
1194 4749 1289 4795 aut
1333 4739 1498 4795 tiliam
1549 4740 1773 4811 diligere
1811 4757 1974 4811 quam

414 4827 670 4894 Verbum,
706 4830 878 4900 magis
907 4839 958 4886 te
984 4841 1233 4901 parentes
1264 4846 1451 4887 amare
1477 4847 1640 4902 quam
1671 4831 1974 4888 Christum.

407 4917 542 4987 Quis
579 4928 740 4989 putas
780 4921 854 4975 ita
897 4922 1111 4991 proﬁcit
1140 4937 1207 4978 ex
1240 4921 1419 4988 nobis,
1462 4930 1523 4977 ut
1564 4921 1892 4992 prmeipuam
1923 4931 1977 4977 et

409 5013 638 5079 primam
679 5013 822 5069 inter
861 5015 1043 5069 omnia
1071 5014 1341 5070 sermonis
1373 5015 1467 5069 Dei
1511 5015 1708 5070 habeat
1743 5014 1980 5069 charita-

410 5104 556 5158 tem!
605 5104 702 5173 qui
757 5105 814 5159 in
860 5107 1104 5162 secundo
1153 5107 1271 5163 loco
1319 5107 1520 5164 liberos
1576 5107 1780 5177 ponat?
1816 5105 1978 5162 Juxta

413 5191 555 5248 hunc
596 5193 820 5248 modum
858 5209 981 5250 ama
1025 5211 1250 5253 uxorem
1307 5205 1474 5250 tuam.
1545 5195 1743 5251 Nullus
1792 5197 1982 5266 quippe

411 5283 692 5352 aliquando
720 5303 874 5340 suam
907 5304 1114 5342 carnem
1151 5289 1272 5342 odio
1316 5287 1529 5354 habuit,
1581 5289 1673 5345 sed
1727 5296 1874 5343 amat
1921 5298 1981 5343 ut

413 5384 625 5427 carnem
659 5391 674 5429 :
706 5373 775 5429 Et
809 5385 980 5442 erunt,
1022 5376 1229 5447 inquit,
1267 5378 1370 5431 duo
1413 5379 1468 5432 in
1504 5394 1662 5431 carne
1695 5393 1801 5431 una
1837 5378 1874 5440 ¹,
1925 5387 1979 5433 ct

2084 4459 2182 4515 tibi
2223 4461 2318 4515 hoc
2356 4460 2533 4516 uocari
2573 4477 2794 4530 puerum
2838 4481 3006 4521 meum
3045 4467 3085 4520 ⁸.
3128 4465 3367 4539 lntellige
3394 4467 3654 4541 sagittam

2084 4549 2216 4621 quid
2249 4550 2428 4620 dicat,
2475 4561 2527 4607 et
2564 4555 2842 4624 quomodo
2881 4571 2913 4611 a
2958 4555 3068 4611 Deo
3113 4556 3188 4612 sit
3239 4557 3428 4614 electa.
3473 4557 3649 4626 Quam

2085 4643 2304 4698 beatum
2342 4654 2422 4700 est
2471 4645 2574 4701 hoc
2602 4647 2784 4717 jaculo
2827 4649 3120 4705 vulnerari.
3166 4646 3278 4706 Hac
3309 4652 3508 4724 sagitta
3537 4652 3654 4708 vul-

2085 4733 2256 4789 nerati
2279 4731 2500 4790 fuerunt
2531 4735 2608 4790 illi
2637 4737 2731 4806 qui
2755 4736 2897 4791 inter
2918 4752 2979 4793 se
3009 4737 3237 4795 invicem
3265 4740 3646 4800 conferebant:

2086 4817 2274 4874 Nonne
2303 4837 2392 4875 cor
2428 4833 2671 4877 nostrum
2704 4823 2894 4879 ardens
2929 4835 3044 4881 erat
3079 4828 3133 4883 in
3170 4829 3255 4883 via
3280 4847 3398 4885 eum
3424 4833 3650 4902 aperiret

2080 4916 2229 4970 nobis
2259 4915 2564 4988 Scripturas
2588 4919 2648 4973 '3
2687 4919 2744 4974 Si
2776 4920 2900 4990 quis
2935 4935 3185 4979 sermone
3207 4936 3416 4994 nostro,
3449 4926 3498 4982 si
3522 4928 3654 4998 quis

2083 5007 2374 5080 Scriptum
2414 5011 2609 5066 divina:
2660 5013 2970 5083 magisterio
3014 5015 3344 5085 vulneratur,
3373 5026 3430 5072 et
3471 5025 3651 5086 potest

2083 5100 2262 5155 dicere
2289 5101 2416 5171 quia
2467 5101 2762 5158 vulneratae
2784 5104 3066 5162 charitatis
3092 5121 3215 5176 ego,
3255 5108 3402 5163 hunc
3423 5115 3478 5161 et
3513 5106 3649 5164 illud

2085 5193 2311 5249 forsitan
2359 5194 2640 5266 sequitur,
2682 5198 2811 5266 quid
2845 5195 3070 5255 forsitan
3104 5201 3264 5258 dico?
3305 5199 3644 5258 manifestam

2087 5299 2277 5353 promo
2300 5285 2643 5340 sententiam.

2155 5376 2206 5430 9.
2239 5375 2393 5433 Vers.
2424 5375 2480 5431 6.
2511 5375 2737 5432 Sinistra
2761 5380 2873 5448 ejus
2897 5381 2990 5434 sub
3015 5383 3181 5450 capite
3203 5398 3337 5447 meo,
3363 5388 3413 5432 et
3433 5386 3651 5441 dextera

481 5483 526 5557 τ’
554 5483 746 5541 Matth.
778 5489 940 5562 3,5].
995 5489 1252 5562 _‘_Ephes.
1288 5507 1342 5558 v,
1368 5493 1459 5555 ‘29,
1493 5493 1584 5546 51.
1656 5491 1834 5548 'lCor.
1865 5509 1938 5558 vi,
1981 5493 2065 5548 17.
2144 5494 2164 5525 ³
2190 5493 2346 5548 Deut.
2377 5510 2453 5562 vi,
2482 5493 2534 5548 5.
2611 5497 2629 5524 ⁸
2663 5497 2850 5553 Matth.
2886 5513 3021 5561 xm,
3049 5497 3137 5552 59.
3215 5498 3244 5529 ⁸
3273 5495 3458 5551 Matth.
3482 5513 3536 5556 ν,
3557 5501 3650 5557 α.

420 5549 440 5580 ‘
468 5550 567 5608 lsa.
597 5570 743 5622 ιιιιι,
775 5549 830 5621 2,
865 5558 916 5612 6.
993 5559 1014 5592 "
1046 5549 1176 5616 Luc.
1205 5549 1351 5626 sxw,
1390 5549 1478 5616 52.

488 5645 593 5718 (2!)
638 5645 921 5708 Proximis.
950 5653 1132 5711 Codex
1167 5655 1402 5726 Belvac.,
1431 5657 1696 5728 plurimm.
