4236 6282
509 286 574 342 εἴ»
1564 283 1888 340 ORICENIS
1921 284 1991 341 ΙΝ
2027 284 2381 344 CANTICUM
2414 285 2686 343 CANTIC.
3683 284 3759 341 56

506 406 656 459 illius
690 405 1082 477 amplexabitur
1129 422 1230 461 me.
1277 403 1448 462 Habet
1485 414 1540 461 et
1581 405 1635 461 in
1672 407 1893 462 si'nistra
1931 416 1985 462 et
2029 407 2082 462 in
2112 416 2160 474 Α
2188 424 2405 480 sponsa:
2437 410 2674 464 animam
2711 409 2924 462 beatam
2967 416 3127 476 atque
3174 403 3498 475 perfectam,
3525 421 3647 476 qua:
3672 404 3750 461 ci-

506 496 730 552 dcxtera
763 512 944 553 sermo
971 497 1065 552 Dei
1100 496 1442 566 sapientiam,
1472 511 1595 566 quae
1625 512 1750 552 cum
1789 512 1890 566 pro
1926 497 2083 552 intel-

508 590 679 645 lectus
703 589 958 644 varietate
986 588 1057 642 sit
1089 587 1391 657 multiplex,
1425 587 1477 640 in
1507 587 1807 657 subjacenti
1841 597 1949 642 una
1972 596 2080 643 est.

509 676 647 747 ipse
667 676 922 731 Salomon
953 675 1020 730 de
1048 674 1181 730 laeva
1211 684 1265 730 ct
1302 675 1522 731 dextera
1567 675 1847 746 sapientiae
1876 676 2081 743 docuit,

506 771 692 825 dicens
723 787 737 823 :
764 767 1061 836 Longitudo
1110 769 1290 835 enim,
1340 779 1389 822 et
1436 769 1562 822 anni
1603 769 1726 823 vita:
1771 769 1826 821 in
1868 767 2084 822 dextera

505 861 662 928 ejus;
707 859 764 910 in
811 858 1034 911 sinislra
1077 867 1252 911 autem
1285 859 1450 927 ipsius
1494 858 1692 912 divitiis
1730 867 1780 911 et
1819 857 1990 928 gloria
2038 858 2080 912 ⁸.

509 952 676 1021 igitur
704 949 836 1005 laeva
864 950 982 1020 ejus
1014 951 1117 1006 sub
1148 953 1323 1022 capite
1363 966 1514 1015 meo,
1558 959 1616 1004 ut
1661 948 1825 1004 faciat
1868 949 2083 1020 requie-

507 1055 678 1106 scere,
725 1049 781 1094 et
814 1039 1094 1095 brachium
1126 1040 1314 1111 sponsi
1356 1039 1450 1095 ﬁat
1492 1040 1725 1095 cervical
1762 1054 1979 1105 meum,
2030 1047 2085 1093 et

506 1129 798 1184 reclinetur
835 1129 1030 1183 animae
1073 1129 1366 1200 principale
1414 1144 1578 1200 super
1617 1144 1925 1186 sermonem
1963 1128 2080 1184 Dei.

505 1217 661 1274 Lteva
689 1219 804 1287 ejus
843 1219 937 1273 sub
970 1221 1140 1288 capite
1178 1236 1311 1274 meo.
1351 1218 1470 1275 Non
1511 1220 1729 1290 expedit
1760 1220 1853 1274 tibi
1885 1219 2085 1273 habere

505 1308 797 1364 cervicalia
841 1325 963 1380 quae
1000 1310 1318 1364 lamentatio
1370 1318 1651 1379 sequatur.
1695 1311 1758 1363 In
1802 1308 2085 1363 Ezechiele

506 1401 770 1470 scriptum
800 1411 884 1456 est
920 1421 935 1458 :
983 1401 1073 1456 Vw
1108 1403 1178 1456 iis
1214 1418 1333 1472 quae
1374 1411 1632 1459 consuunt
1664 1401 1945 1457 cervicalia
1988 1399 2083 1454 sub

507 1494 651 1547 omni
701 1494 882 1548 cubitu
929 1509 1116 1547 manus
1156 1495 1199 1547 ’.
1253 1491 1375 1548 Noli
1432 1508 1700 1548 consucre
1749 1492 2037 1548 cervicalia
2067 1533 2083 1560 ,

508 1586 616 1640 noli
660 1587 824 1655 capiti
869 1585 1088 1642 aliunde
1116 1587 1358 1657 requiem
1408 1601 1672 1658 quaerere,
1716 1586 1859 1641 habe
1899 1585 2085 1656 sponsi

508 1675 694 1729 laevam
748 1675 856 1729 sub
899 1675 1075 1744 capite
1123 1681 1253 1741 tuo,
1310 1682 1365 1729 ει
1419 1674 1508 1729 dic
1551 1693 1565 1728 :
1612 1672 1770 1727 Laeva
1824 1671 1938 1740 ejus
1989 1669 2085 1725 sub

2182 501 2292 555 tius
2333 501 2533 565 videat,
2580 500 2742 554 citius
2787 497 3057 553 sermonis
3105 497 3496 566 contempletur
3542 498 3743 552 adven-

2183 599 2318 657 tum,
2343 607 2464 661 quae
2492 591 2594 647 sibi
2626 590 2943 660 sapientiam
2974 589 3186 645 venisse
3226 589 3458 656 sentiat,
3491 598 3546 643 et
3568 588 3747 644 chart-

2181 693 2377 750 tatcm,
2425 693 2480 738 et
2522 683 2665 738 dicat
2717 697 2825 737 non
2861 681 3168 736 videntibus
3216 699 3229 734 :
3278 681 3409 735 Ecce
3455 682 3541 735 hic
3587 681 3745 735 venit.

2180 772 2341 829 Orate
2370 786 2429 829 ut
2459 783 2513 828 et
2555 789 2655 844 ego
2700 773 2905 843 possim
2942 772 3122 827 dicere
3150 789 3164 825 :
3209 772 3342 827 Ecce
3384 773 3470 826 hic
3502 774 3657 828 venit.
3690 772 3748 829 Si

2179 867 2324 921 enim
2352 875 2582 936 potuero
2609 864 2703 920 Dei
2727 865 2995 920 disserere
3020 878 3320 929 sermones,
3348 864 3753 935 quodammodo

2180 966 2233 1012 et
2257 972 2358 1028 ego
2389 957 2565 1012 dicam
2596 976 2609 1011 :
2638 955 2772 1010 Ecce
2799 955 2884 1009 hic
2914 956 3072 1010 venit.
3112 954 3267 1022 Quo?
3292 954 3409 1010 Non
3442 956 3628 1026 utique
3661 956 3752 1020 ubi

2180 1048 2356 1114 vallis,
2407 1063 2514 1101 non
2566 1047 2657 1101 ubi
2703 1047 2931 1102 humilia
2980 1047 3120 1101 loca.
3171 1041 3499 1111 Quo'venit?
3547 1044 3765 1111 Saliens,

2181 1154 2336 1207 super
2360 1146 2574 1203 montes,
2597 1137 2903 1191 transiliens
2925 1153 3081 1205 super
3099 1135 3276 1190 colles.
3298 1135 3354 1190 Si
3383 1134 3550 1190 fueris
3571 1151 3750 1202 mons,

2183 1230 2309 1284 salit
2347 1228 2402 1282 in
2443 1238 2495 1283 te
2545 1244 2726 1284 sermo
2767 1228 2881 1284 Dei.
2930 1227 2986 1281 Si
3018 1243 3124 1283 non
3160 1227 3397 1282 valueris
3422 1241 3543 1281 esse
3572 1240 3750 1289 mons,

2183 1318 2279 1375 sed
2310 1317 2480 1374 fueris
2505 1319 2684 1383 collis,
2709 1318 2979 1374 secundus
3009 1333 3039 1372 a
3066 1327 3268 1384 monte,
3303 1317 3569 1372 transiliet
3592 1331 3756 1386 super

2186 1420 2258 1465 te.
2292 1410 2468 1478 Quam
2497 1425 2627 1466 vero
2660 1410 2886 1480 pulchra
2920 1419 2975 1464 et
3008 1407 3383 1463 convenientia
3406 1408 3566 1463 rebus
3593 1422 3757 1462 voca-

2186 1502 2340 1557 bula!
2398 1499 2536 1556 Salit
2592 1516 2756 1571 super
2805 1508 3048 1564 montes,
3097 1499 3225 1569 quia
3273 1498 3509 1568 majores
3561 1506 3688 1553 sunt
3735 1517 3751 1551 :

2187 1592 2425 1648 transillt
2480 1606 2645 1661 super
2715 1591 2918 1658 colles,
2971 1590 3099 1660 quia
3144 1589 3385 1644 minores
3432 1598 3576 1644 sunt.
3634 1588 3751 1644 Non

2188 1680 2425 1735 transilit
2454 1694 2617 1749 super
2646 1687 2878 1744 montes,
2906 1693 3013 1733 non
3049 1678 3176 1733 salit
3209 1694 3373 1748 super
3403 1680 3587 1733 colles.
3622 1678 3756 1734 Ecce

508 1768 680 1839 εαρίιθ
712 1784 864 1832 πιεσὶ
903 1782 1066 1838 quam
1123 1781 1249 1822 cum
1282 1766 1575 1828 habueris.
1608 1764 1791 1820 omnia
1837 1763 1933 1818 tibi
1967 1777 2089 1832 quae
2121 1757 2160 1812 Β
2189 1770 2273 1823 hic
2316 1769 2451 1823 venit
2505 1769 2701 1823 saliens
2751 1784 2909 1837 super
2957 1776 3193 1832 montes,
3248 1767 3551 1822 transiliens
3601 1784 3758 1838 super

509 1867 641 1914 sunt
683 1860 737 1913 in
770 1859 903 1913 laeva
933 1858 1266 1913 tribuuntur.
1305 1856 1453 1912 Dicis
1487 1856 1686 1927 quippe
1722 1874 1735 1910 :
1771 1854 1837 1908 In
1863 1855 2086 1907 sinistra

507 1949 624 2018 ejus
661 1949 863 2004 divitia:
893 1958 943 2004 et
979 1948 1172 2019 gloria,
1210 1956 1260 2001 et
1291 1946 1509 2001 dextera
1545 1946 1659 2014 ejus
1696 1943 2087 2014 amplexabitur

507 2041 610 2111 21
636 2056 736 2094 me.
759 2039 953 2095 Totum
987 2049 1037 2096 te
1053 2038 1241 2109 sponsi
1256 2038 1477 2093 dextera
1499 2036 1907 2106 complectatur.
1941 2036 2084 2089 Lon—

508 2132 696 2203 gitudo
722 2131 923 2203 quippe
954 2140 1008 2187 et
1032 2132 1160 2185 anni
1187 2130 1312 2185 vitae
1340 2129 1393 2182 in
1423 2127 1646 2182 dextera
1681 2125 1801 2193 ejus
1832 2133 1921 2181 κει
1946 2124 2016 2179 ob
2032 2123 2085 2179 id

509 2227 685 2294 longa
707 2224 853 2288 vitae,
885 2231 940 2277 et
966 2222 1262 2276 multorum
1296 2220 1508 2274 dierum
1546 2215 1656 2271 eris
1691 2230 1854 2285 super
1886 2223 2084 2269 terram

514 2317 711 2370 bonam
740 2330 904 2385 quam
933 2313 1196 2367 Dominus
1226 2311 1371 2366 Deus
1403 2320 1530 2364 tuus
1556 2308 1650 2363 dat
1677 2308 1792 2363 tibi.
1827 2307 2085 2376 Adjurari

511 2418 623 2474 vas,
649 2406 781 2477 ﬁliae
823 2403 1175 2472 Hierusalem,
1202 2403 1260 2457 in
1300 2401 1603 2467 virtutibus,
1642 2410 1691 2455 et
1717 2400 1914 2454 viribus
1946 2399 2081 2468 agri.

512 2498 653 2565 Quid
694 2497 908 2567 adjurat
959 2510 1157 2566 sponsa
1207 2494 1347 2549 ﬁlias
1379 2491 1756 2547 Hierusalem?
1792 2489 1853 2544 Si
1886 2488 2087 2543 levave-

512 2591 652 2656 ritis,
683 2601 731 2644 et
768 2588 1151 2643 suscitaveritis
1189 2587 1524 2641 charita'tem.
1566 2583 1819 2650 Quamdiu
1847 2582 2086 2636 charitas

512 2682 713 2737 dormit
742 2682 794 2736 in
826 2682 1000 2746 vobis,
1031 2696 1064 2735 ο
1097 2680 1220 2734 ﬁliae
1253 2677 1618 2742 Hierusalem,
1648 2691 1682 2731 o
1710 2674 2086 2729 adolescentu-

513 2768 598 2836 ιω,
632 2783 753 2838 quae
802 2767 857 2821 in
910 2783 996 2822 me
1045 2782 1153 2822 non
1198 2767 1420 2833 dormit,
1467 2764 1594 2836 quia
1642 2764 1921 2819 vulnerata
1965 2778 2085 2818 sum

512 2859 816 2917 charitate?
848 2860 908 2914 In
938 2859 1092 2916 vobis
1125 2867 1305 2915 autem
1332 2874 1455 2929 quae
1479 2858 1663 2929 plures
1695 2857 1846 2917 estis.
1872 2864 1927 2911 et
1953 2856 2087 2911 ado-

517 2936 857 3017 lescentulae,
908 2962 962 3007 et
1010 2951 1133 3007 ﬁliae
1179 2951 1549 3018 Hierusalem,
1600 2950 1801 3006 dormit
1850 2949 2090 3006 charitas

514 3047 723 3116 sponsi.
757 3045 1020 3115 Adjuravi
1064 3060 1194 3115 ergo
1231 3059 1360 3110 vos,
1404 3043 1527 3098 ﬁliae
1551 3041 1909 3111 Hierusalem,
1938 3041 1984 3097 si
2012 3041 2089 3096 le-

513 3139 789 3203 vaveritis,
816 3146 870 3193 et
907 3152 1015 3192 non
1047 3137 1223 3193 solum
1254 3135 1579 3199 levaveritis,
1612 3134 1704 3190 sed
1750 3144 1806 3189 et
1852 3133 2090 3189 suscita-

514 3229 723 3296 veritis,
748 3245 870 3299 quae
907 3229 963 3284 in
1005 3229 1161 3284 vobis
1195 3237 1303 3294 est,
1338 3226 1684 3283 charitatem.
1711 3225 1934 3280 Creator
1965 3223 2089 3278 uni-

512 3318 804 3373 versitatis
838 3333 963 3373 eum
1015 3332 1115 3373 vos
1161 3316 1442 3383 conderet,
1472 3314 1704 3371 inseruit
1736 3315 1789 3367 in
1832 3311 2090 3368 cordibus

516 3408 715 3465 vestris
760 3408 968 3463 semina
996 3407 1298 3463 charilatis.
1344 3405 1499 3462 Nunc
1544 3414 1747 3471 autem,
1791 3405 1935 3459 sicut
1960 3402 2086 3458 alibi

516 3501 718 3556 dicitur
751 3516 767 3552 :
798 3498 1027 3553 Iustitia
1055 3499 1302 3553 dormivit
1332 3500 1388 3553 in
1421 3516 1485 3552 ea
1512 3500 1576 3567 ¹⁰,
1606 3498 1688 3553 sic
1714 3495 1932 3551 dilectio
1962 3496 2090 3550 dor-

516 3591 673 3646 mitat
699 3591 754 3645 in
783 3590 976 3658 vobis;
997 3590 1152 3661 juxta
1182 3590 1328 3661 quod
1349 3602 1404 3646 et
1430 3590 1556 3644 alibi
1580 3590 1780 3645 dicitur
1809 3604 1822 3640 :
1854 3586 2088 3658 Sponsus

518 3682 767 3753 requievit
800 3691 859 3735 ut
907 3680 1014 3745 leo,
1062 3692 1108 3735 et
1149 3690 1205 3734 ut
1254 3680 1462 3735 catulus
1503 3680 1668 3734 leonis
1712 3680 1776 3733 “.
1811 3677 2005 3731 Adhuc
2033 3676 2087 3730 in

518 3773 853 3839 inﬁdelibus,
886 3781 941 3827 ct
969 3773 1022 3826 in
1049 3773 1133 3827 his
1155 3772 1247 3842 qui
1282 3771 1446 3826 corde
1477 3780 1604 3826 sunt
1634 3768 1803 3824 dubio
1832 3768 2092 3822 dormitat

519 3880 703 3922 sermo
731 3865 967 3932 divinus,
992 3865 1181 3936 vigilat
1221 3864 1277 3919 in
1326 3863 1567 3933 sanctis;
1601 3862 1862 3917 dormitat
1906 3862 1964 3916 in
2006 3862 2094 3917 his

521 3952 619 4022 qui
651 3953 1063 4022 tempestatibus
1094 3952 1389 4019 ﬂuctuant,
1415 3951 1711 4008 suscitatur
1744 3966 1872 4007 vero
1901 3966 2091 4007 eorum

521 4043 750 4100 vocibus
782 4045 872 4115 qui
904 4045 1134 4114 cupiunt
1160 4045 1417 4115 vigilante
1464 4058 1668 4113 sponso
1712 4043 1932 4099 salvari.
1965 4041 2092 4099 Sta-

521 4139 616 4193 tim
666 4137 735 4194 lit'
765 4152 834 4197 eo
874 4137 1130 4209 vigilante
1161 4131 1568 4207 tranquillitas,
1596 4136 1780 4193 statim
1819 4136 2092 4191 undarum

520 4233 693 4288 moles
743 4234 1169 4302 conquiescunt,
1201 4230 1486 4300 spiritibus
1530 4229 1823 4286 contrariis
1866 4241 2093 4285 concre~

518 4331 700 4393 patur,
729 4322 989 4375 ﬂuctuum
1015 4321 1198 4373 rabies
1232 4320 1355 4371 silet
1385 4335 1400 4370 :
1432 4321 1526 4372 illo
1558 4321 1863 4373 dormiente
1887 4327 2094 4386 tempe-

2188 1859 2369 1914 colles.

2256 1952 2345 2007 ll.
2380 1950 2536 2007 νει-ε.
2570 1951 2624 2008 9.
2672 1950 2878 2006 Similis
2917 1960 2996 2005 est
3027 1950 3307 2020 fratruelis
3356 1967 3502 2005 meus
3532 1965 3754 2019 caprea,

2187 2054 2278 2099 aut
2312 2043 2531 2098 [tinnula
2559 2059 2828 2098 cervorum
2864 2045 2919 2098 in
2956 2045 3218 2098 montibus
3264 2043 3464 2098 Bethel.
3500 2042 3624 2099 Haec
3650 2044 3761 2098 duo

2186 2137 2443 2191 animalia
2478 2137 2531 2192 in
2567 2136 2867 2206 Scripturis
2908 2135 3246 2207 frequentius
3288 2136 3642 2191 nominantur
3657 2154 3684 2202 ς,
3706 2145 3760 2189 ct

2185 2241 2296 2297 quo
2334 2226 2569 2297 amplius
2616 2226 2924 2291 admireris,
2979 2226 3177 2296 saepius
3221 2227 3408 2297 juncta
3460 2238 3756 2297 ponuntur.

2187 2314 2257 2368 Et
2292 2317 2403 2370 hazc
2428 2326 2573 2382 sunt,
2608 2315 2702 2379 ait,
2739 2332 2852 2386 qua:
2878 2314 3220 2368 manducabis
3246 2316 3311 2382 ιδ,
3338 2324 3458 2384 post
3477 2315 3758 2385 paululum

2187 2403 2427 2460 inferens
2478 2419 2728 2474 capream
2762 2413 2816 2458 et
2848 2419 3090 2457 cervum.
3130 2402 3191 2456 In
3238 2404 3490 2473 praesenti
3540 2418 3760 2473 quoque

2187 2495 2328 2551 libro
2353 2496 2557 2565 pariter
2587 2496 2901 2549 nominatur
2925 2510 3119 2550 cervus
3151 2502 3205 2549 et
3235 2510 3450 2564 caprea.
3482 2495 3760 2562 Quodam-

2189 2588 2352 2642 modo
2379 2588 2522 2641 enim
2551 2595 2777 2657 cognata
2812 2586 2915 2640 sibi
2957 2595 3105 2652 sunt,
3128 2593 3183 2641 et
3206 2586 3382 2641 vicina
3413 2587 3516 2641 ista
3545 2586 3756 2641 anima-

2189 2678 2282 2733 lia.
2305 2676 2534 2747 Caprea,
2566 2678 2618 2732 id
2647 2685 2731 2732 est
2761 2676 2976 2741 dorcas,
3028 2677 3342 2733 acutissime
3363 2677 3526 2733 videt.
3554 2676 3760 2732 Cervus

2189 2768 2508 2825 interfector
2538 2778 2848 2839 serpentum
2878 2777 2982 2824 est.
3015 2766 3152 2834 Quis
3186 2777 3347 2839 putas
3389 2778 3476 2823 est
3505 2769 3702 2840 dignus
3729 2785 3761 2825 e

2190 2862 2385 2927 nobis,
2435 2863 2529 2932 qui
2573 2862 2730 2933 juxta
2785 2860 3104 2931 dignitatem
3159 2860 3260 2915 loci
3309 2869 3472 2930 atque
3518 2861 3760 2933 mysterii

2188 2954 2403 3024 plenam
2438 2954 2610 3024 possit
2655 2953 2931 3023 explicare
2975 2951 3278 3007 rationem?
3314 2951 3546 3008 Oremus
3576 2951 3757 3007 Domi-

2191 3062 2363 3113 num,
2416 3055 2475 3100 ut
2527 3045 2687 3100 nobis
2742 3044 3006 3116 largiatur
3047 3058 3266 3099 sensum
3319 3043 3386 3099 ad
3442 3044 3763 3114 aperiendas

2192 3136 2527 3208 Scripturas,
2571 3145 2627 3192 et
2669 3136 2944 3206 possimus
2977 3135 3155 3190 dicere
3188 3151 3203 3187 :
3241 3133 3527 3201 Quomodo
3549 3137 3763 3206 aperuit

2189 3229 2349 3285 nobis
2395 3227 2556 3283 Jesus
2609 3226 2921 3297 Scripturas
2966 3226 3032 3277 ¹⁸.
3065 3224 3208 3292 Quid
3268 3225 3472 3295 igitur?
3531 3226 3764 3283 dicimus

2190 3319 2317 3390 quia
2352 3318 2572 3385 dorcas,
2613 3319 2717 3372 hoc
2744 3326 2827 3372 est
2849 3331 3043 3387 caprea
3066 3316 3366 3371 secundum
3397 3333 3586 3372 eorum
3625 3318 3761 3389 phy-

2191 3412 2475 3482 siologiam
2502 3410 2597 3481 qui
2629 3410 2699 3464 de
2730 3409 2943 3464 naturis
2962 3407 3206 3462 omnium
3232 3407 3551 3463 animalium
3576 3408 3766 3478 dispu-

2192 3512 2330 3571 tant,
2355 3518 2426 3558 ex
2458 3500 2624 3557 insita
2652 3500 2757 3556 sibi
2789 3499 2840 3553 vi
2870 3513 3069 3555 nomen
3098 3497 3386 3568 acceperit.
3416 3497 3500 3553 Ab
3529 3513 3595 3553 eo
3619 3499 3762 3553 enim

2193 3595 2340 3665 quod
2377 3592 2592 3650 acutius
2612 3592 2814 3655 videat,
2842 3590 2894 3645 id
2936 3597 3020 3644 est
3058 3588 3209 3660 παρὰ
3239 3588 3299 3642 τὸ
3337 3586 3503 3653 ὀξέως
3533 3588 3763 3661 δέρκειν,

2190 3685 2387 3740 dorcas
2419 3683 2686 3754 appellata
2715 3688 2821 3737 est.
2850 3678 3058 3734 Cervus
3086 3690 3217 3731 vero
3238 3688 3549 3746 serpentum
3580 3677 3766 3731 inimi-

2191 3790 2291 3832 cus
2313 3789 2377 3829 ac
2402 3772 2701 3828 debellator
2730 3779 2832 3836 est,
2879 3771 2953 3824 ita
2978 3777 3039 3825 ut
3074 3768 3265 3840 spiritu
3290 3768 3503 3822 narium
3535 3783 3630 3824 eos
3667 3784 3766 3823 ex-

2195 3865 2376 3920 trahat
2402 3864 2470 3919 de
2498 3862 2768 3928 cavernis,
2805 3869 2859 3916 et
2887 3868 3140 3931 superata
3179 3858 3418 3929 pernicie
3441 3860 3634 3915 veneni
3667 3875 3764 3915 eo-

2194 3972 2315 4012 rum
2367 3954 2566 4026 pabulo
2624 3951 3240 4008 delectetur.‘Forsitan
3297 3949 3546 4004 Salvator
3609 3965 3765 4005 meus

2194 4063 2391 4120 caprea
2414 4048 2475 4101 lit
2505 4045 2660 4117 juxta
2687 4043 2942 4117 Θεωρίαν,
2977 4059 3171 4099 cervus
3191 4043 3348 4113 juxta
3384 4056 3568 4111 opera.
3603 4039 3766 4107 Qua:-

2195 4156 2322 4196 nam
2353 4139 2457 4195 ista
2487 4146 2616 4194 sunt
2639 4135 2842 4207 opera?
2866 4133 3125 4190 lnterticit
3146 4133 3261 4204 ipse
3294 4140 3595 4203 serpentes,
3631 4146 3767 4186 cono

2197 4233 2394 4288 trarias
2428 4230 2773 4286 fortitudines
2796 4227 3030 4297 jugulat,
3063 4226 3184 4280 ideo
3210 4225 3386 4279 dicam
3414 4224 3462 4276 ei
3492 4241 3505 4276 :
3538 4221 3615 4276 Tu
3644 4237 3768 4277 con-

2198 4324 2393 4378 trivisti
2433 4321 2616 4392 capita
2652 4319 2943 4371 draconum
2973 4325 3129 4386 super
3159 4331 3344 4385 aquas,
3391 4324 3447 4368 tu
3475 4314 3769 4369 contrivisti

522 4423 660 4476 stas,
693 4424 863 4475 mors,
912 4418 966 4463 et
999 4408 1304 4477 desperatio
1338 4415 1421 4462 est
1451 4408 1515 4458 η.
1555 4408 1758 4476 Adjuro
1800 4422 1931 4473 ergo
1978 4423 2084 4468 vos,
2125 4416 2167 4470 ι)
2195 4420 2351 4481 caput
2379 4411 2624 4463 draconis
2647 4409 2712 4462 η.

523 4502 655 4571 filia:
682 4499 1044 4564 Hierusalem,
1093 4499 1151 4553 in
1190 4496 1470 4551 virtutibus
1516 4505 1565 4549 et
1607 4497 1665 4549 in
1700 4496 1899 4549 viribus
1952 4496 2090 4566 agri.

524 4592 702 4662 Cujus
724 4592 873 4663 agri?
895 4591 1095 4661 Nempe
1129 4586 1419 4659 illius'agri
1464 4586 1629 4656 pleni,
1675 4601 1835 4656 quem
1873 4585 2092 4640 benedi-

524 4684 602 4739 xit
634 4681 898 4737 Dominus
924 4683 987 4735 ¹³.
1336 4724 1341 4735 .

542 4804 549 4833 ;
578 4773 686 4828 10.
719 4771 873 4828 Vers.
908 4772 958 4839 7,
989 4773 1041 4829 8.
1077 4773 1137 4828 Si
1165 4772 1462 4828 levaveritis
1492 4779 1541 4825 et
1565 4767 1941 4824 suscitaveritis
1969 4765 2092 4820 clta-

523 4868 761 4930 ritatem,
789 4865 964 4936 quoad
1013 4881 1175 4936 usque
1206 4864 1327 4918 velit
1356 4879 1454 4918 vox
1493 4860 1768 4933 fratruelis
1802 4860 1923 4913 mei.
1961 4858 2093 4913 Ecce

527 4961 613 5015 hic
640 4958 778 5014 venit
812 4956 1007 5012 saliens
1034 4972 1189 5026 super
1227 4964 1446 5009 montes.
1491 4952 1616 5009 Haec
1643 4950 1821 5006 adhuc
1852 4949 2094 5021 loquitur

529 5050 795 5113 Ecclesia,
843 5047 1137 5104 exhortans
1182 5043 1641 5109 adulescentulas,
1685 5054 1745 5098 ut
1788 5041 1854 5097 ad
1906 5040 2093 5111 sponsi

524 5148 899 5213 praeparentur
931 5139 1253 5204 adventum;
1308 5137 1353 5191 si
1391 5145 1567 5191 tamen
1618 5135 1804 5190 venire
1860 5132 2094 5188 voluerit

526 5244 581 5291 et
609 5251 769 5293 suum
802 5233 912 5288 illis
933 5232 1176 5302 praebere
1204 5229 1556 5299 colloquium.
1590 5226 1784 5282 Adhuc
1815 5225 1981 5298 igitur
2010 5224 2091 5279 lo-

524 5338 725 5396 quente
750 5342 836 5393 ea,
868 5324 1015 5379 venit
1048 5337 1304 5394 sponsus,
1336 5337 1497 5392 quem
1529 5321 1700 5393 digito
1727 5326 2015 5384 monstrat,
2043 5325 2098 5372 et

527 5418 662 5472 dicit
697 5436 712 5471 ι
743 5417 876 5472 Ecce
897 5417 982 5470 hic
1009 5416 1146 5471 venit
1173 5414 1369 5469 saliens
1403 5430 1556 5483 super
1587 5420 1806 5466 montes.
1857 5408 2098 5478 Intelligo

596 5628 618 5658 ⁸
649 5627 807 5682 Prov.
848 5646 927 5693 Ill,
956 5629 1039 5684 16.

527 5697 574 5732 ⁸⁸
600 5695 757 5753 Deut.
796 5713 909 5757 xiv.
937 5700 990 5753 4.

1144 5634 1162 5662 ’³
1212 5628 1405 5684 Ezech.
1435 5642 1555 5683 XIII.
1594 5625 1680 5680 l8.

1790 5625 1831 5657 ¹⁰
1858 5624 1961 5681 lsa.
1989 5640 2027 5688 I,
2058 5623 2146 5677 2|.

1073 5701 1113 5732 "
1141 5699 1272 5756 Luc.
1323 5713 1479 5766 xxiv,
1505 5697 1593 5750 32.
1674 5696 1716 5727 ¹⁶
1740 5694 1882 5752 Psal.
1918 5710 2101 5761 Lxxlv,
2133 5694 2223 5765 15,
2253 5694 2307 5749 4.

2272 4500 2362 4556 12.
2393 4498 2601 4554 Similis
2625 4508 2702 4553 est
2729 4498 2999 4568 fratruelis
3028 4514 3171 4554 meus
3195 4510 3416 4568 capreae,
3444 4496 3524 4552 vel
3550 4496 3769 4551 [tinnula

2199 4604 2469 4644 cervorum
2497 4603 2653 4656 super
2699 4596 2899 4640 montes
2947 4587 3135 4640 domus
3164 4586 3263 4640 Dei
3297 4603 3318 4642 :
3346 4584 3531 4640 Bethel
3572 4584 3772 4656 quippe

2200 4681 2586 4748 interpretatur
2613 4678 2811 4733 domus
2848 4676 2965 4732 Dei.
3010 4675 3129 4732 Non
3175 4692 3366 4733 omnes
3413 4686 3628 4732 montes
3673 4676 3772 4733 do—

2202 4787 2325 4827 mus
2356 4770 2449 4825 Dei
2479 4778 2629 4833 sunt,
2664 4770 2756 4824 sed
2784 4768 2876 4838 qui
2909 4777 3121 4823 montes
3152 4768 3406 4824 Ecclesiae
3437 4776 3583 4824 sunt.
3620 4766 3771 4822 Inve-

2202 4863 2429 4917 niuntur
2458 4862 2658 4932 quippe
2685 4871 2738 4916 et
2771 4860 2861 4914 alii
2897 4868 3109 4914 montes
3138 4860 3326 4923 erecti,
3357 4868 3412 4913 et
3437 4873 3770 4927 consurgen-

2204 4963 2284 5009 tes
2313 4954 2577 5010 adversus
2602 4954 2882 5010 scientiam
2916 4953 3029 5017 Dei,
3068 4961 3280 5006 montes
3308 4950 3685 5021 Egyptiorum
3718 4958 3770 5003 et

2200 5043 2635 5115 Allopbylorum.
2668 5042 2763 5099 Vis
2791 5045 2931 5100 scire
2987 5043 3115 5113 quia
3149 5041 3346 5097 similis
3374 5049 3458 5094 est
3496 5040 3771 5106 fratruelis

2199 5151 2353 5191 meus
2385 5151 2613 5206 capreae,
2647 5146 2742 5191 aut
2785 5136 3014 5190 biunulo
3043 5148 3329 5190 cervorum
3362 5146 3528 5200 super
3556 5140 3771 5186 montes

2202 5227 2427 5285 Bethel?
2456 5227 2585 5284 Esto
2614 5243 2775 5283 mons
2799 5228 3220 5292 ecclesiasticus,
3250 5241 3407 5281 mons
3431 5226 3628 5279 domus
3653 5223 3770 5289 Dei,

2204 5328 2260 5375 et
2286 5319 2466 5374 veniet
2486 5320 2553 5374 ad
2592 5327 2643 5373 te
2665 5333 2902 5389 sponsus
2928 5317 3123 5374 similis
3157 5330 3386 5384 capreae,
3419 5316 3502 5370 vel
3541 5315 3770 5371 hinnulo

2204 5426 2489 5468 cervorum
2537 5425 2701 5481 super
2755 5418 2968 5465 montes
3017 5405 3221 5463 Bethel.
3271 5406 3457 5461 Cernit
3511 5422 3770 5479 sponsum

2863 5617 2904 5648 "
2940 5613 3126 5669 Matth.
3163 5628 3280 5667 vni.
3388 5612 3429 5644 ⁸³
3459 5610 3593 5668 Gen.
3620 5622 3767 5665 xm.

2257 5624 2295 5654 “
2324 5619 2488 5678 Num.
2530 5634 2679 5686 xxrv,
2702 5617 2755 5674 9.
