4236 6282
398 269 468 328 $7
1831 289 2116 348 llOMlLIA
2157 294 2218 348 ll.
3567 306 3637 363 58

394 390 857 461 appr0pinquasse
902 394 1169 462 vicinius,
1221 399 1314 466 qui
1368 411 1491 455 ante
1539 418 1701 472 super
1751 416 1963 462 montes
1993 413 2038 467 Α
2069 410 2195 477 pulli
2228 411 2603 466 columbarum
2634 415 2698 466 “.
2733 412 2864 467 Nam
2890 414 3027 468 idem
3051 416 3248 483 valent,
3275 424 3330 472 et
3356 433 3636 489 nunquam

395 483 711 536 versabatur
751 493 806 537 ct
843 485 1032 552 colles,
1068 489 1351 544 assimulat
1391 507 1512 546 eum
1564 495 1955 551 transilientem

287 638 305 653 .
395 581 557 641 atque
577 572 880 629 salientem.
912 573 980 629 Et
1012 585 1132 644 post
1163 579 1274 633 lucc
1309 580 1375 634 ad
1410 596 1467 635 se
1489 591 1542 636 et
1570 583 1635 636 ad
1664 585 1798 640 alias
1827 587 1959 641 ado-

396 661 718 718 lescentulas
766 665 1052 722 advenisse
1076 684 1434 739 cognoscens,
1466 674 1598 729 dicit
1645 695 1658 729 :
1709 677 1838 732 Ecce
1874 681 1957 733 hic

395 765 531 808 retro
574 766 692 825 post
730 760 984 827 parietem
1021 773 1280 818 nostrum.
1311 765 1366 818 Si
1397 767 1748 824 tedilicaveris
1781 773 1959 840 parie-

391 854 520 912 tem,
547 857 601 902 et
622 847 814 905 feceris
841 851 1244 908 aediﬁcationem
1279 854 1394 923 Dei,
1427 859 1601 912 veniet
1631 869 1754 928 post
1784 862 1959 930 parie-

388 943 500 992 tem
530 947 708 994 tuum.
744 939 1075 1012 Prospiciens
1122 959 1213 1012 per
1258 946 1530 1015 fenestras.
1567 947 1681 1004 Una
1724 949 1958 1006 fenestra

389 1043 535 1084 unus
563 1039 649 1085 est
695 1046 912 1096 sensus,
958 1049 1055 1102 per
1090 1035 1234 1091 hunc
1273 1038 1534 1108 prospicit
1566 1056 1822 1109 sponsus,
1855 1044 1958 1097 alia

391 1118 630 1176 iteitestra
661 1122 801 1178 alius
828 1132 912 1178 est
949 1140 1166 1193 sensus,
1205 1137 1258 1182 et
1289 1145 1382 1197 per
1416 1130 1559 1186 hunc
1590 1147 1823 1200 sponsus
1853 1137 1960 1189 sol-

390 1211 539 1266 licite
587 1221 887 1268 contuetur.
941 1215 1044 1270 Per
1085 1232 1224 1286 quos
1283 1235 1477 1274 sensus
1537 1238 1643 1276 non
1700 1228 1963 1296 prospicit

391 1316 574 1355 sermo
597 1300 731 1357 Dei?
752 1303 888 1371 Quid
918 1306 989 1360 sit
1013 1316 1192 1361 autem
1221 1311 1528 1378 prospicere
1555 1329 1650 1383 per
1671 1315 1957 1384 fenestras,

391 1403 447 1446 et
481 1396 751 1462 quomodo
776 1413 874 1466 per
901 1414 996 1454 eas
1043 1417 1277 1471 sponsus
1309 1406 1566 1474 aspiciat,
1597 1423 1831 1479 sequens
1863 1413 1960 1466 do-

391 1485 531 1539 cebit
571 1490 900 1560 exemplum.
942 1490 1043 1548 Ubi
1091 1510 1200 1551 non
1255 1498 1517 1570 prospicit
1565 1516 1829 1569 sponsus,
1884 1503 1956 1558 ibi

392 1589 538 1632 mors
573 1577 850 1636 invenitur
884 1586 1205 1652 ascendens,
1238 1597 1299 1643 ut
1329 1589 1562 1660 legimus
1591 1592 1644 1646 in
1675 1593 1908 1649 .leremia
1940 1612 1953 1648 :

390 1666 522 1722 Ecce
559 1688 699 1727 mors
726 1677 962 1731 ascendit
991 1695 1084 1749 per
1109 1681 1364 1750 fenestras
1397 1694 1605 1738 nostras
1631 1687 1694 1741 ‘7.
1730 1686 1959 1752 Quando

2066 501 2267 555 dictum
2314 514 2396 557 cst
2446 505 2735 572 separatim
2786 521 2884 574 par
2933 508 3302 562 tantummodo
3347 511 3635 565 columba-

2066 603 2208 652 rum,
2246 589 2336 644 sed
2383 607 2477 658 par
2510 601 2817 659 turturum,
2851 603 2904 648 ct
2948 596 3088 650 duos
3134 597 3306 663 pullos
3345 600 3628 656 columba-

2065 693 2209 732 rum.
2247 679 2508 734 Colnmba
2539 681 2776 750 Spiritus
2808 693 3031 738 sanctus
3054 694 3155 738 est.
3189 684 3419 754 Spiritus
3452 698 3628 743 autem

2065 777 2286 824 sanctus
2319 771 2536 839 quando
2574 772 2640 826 de
2680 772 2890 841 magnis
2933 782 2989 827 et
3036 775 3423 832 occultim-ibus
3453 795 3635 833 sacra-

2066 862 2284 926 mentis,
2317 871 2369 916 et
2395 877 2516 931 quas
2545 862 2699 916 multi
2733 878 2925 932 capere
2967 879 3075 918 non
3114 877 3343 934 possunt
3379 869 3632 938 loquitur,

2067 951 2122 1006 in
2161 953 2386 1007 tut-turis
2420 953 2780 1023 appellatione
2813 954 3081 1024 signatur,
3113 957 3162 1010 id
3213 967 3297 1012 est
3342 959 3461 1028 ejus
3500 962 3637 1027 avis,

2066 1061 2188 1114 quae
2219 1061 2428 1114 semper
2454 1046 2506 1099 in
2533 1048 2795 1102 montium
2819 1047 2965 1119 jugis
2987 1057 3040 1102 et
3062 1051 3318 1106 arborum
3342 1055 3638 1111 verticibus

2066 1145 2454 1190 commoratur.
2492 1136 2548 1190 ln
2586 1138 2816 1194 vallibus
2847 1147 3026 1194 autem
3073 1149 3128 1194 et
3163 1142 3247 1194 his
3289 1159 3411 1212 qua:
3440 1145 3505 1198 ad
3540 1146 3640 1200 ho-

2069 1228 2243 1282 mines
2275 1244 2446 1298 usque
2471 1232 2812 1298 perveniunt,
2840 1231 3091 1286 columba
3127 1236 3446 1289 assumitur.
3483 1235 3640 1292 Deni-

2065 1332 2172 1386 que
2202 1316 2452 1371 Salvator
2479 1319 2608 1388 quia
2643 1319 2916 1374 hominem
2942 1329 3025 1375 est
3055 1321 3310 1393 dignatus
3333 1340 3634 1392 assumere,

2065 1415 2118 1462 et
2152 1408 2300 1461 venit
2336 1407 2402 1462 ad
2439 1417 2633 1473 terras,
2679 1409 2944 1480 multique
2979 1419 3109 1466 tunc
3162 1413 3306 1469 circa
3343 1412 3635 1470 Jordanem

2064 1506 2377 1564 peccatores
2424 1505 2614 1563 erant,
2650 1497 2854 1552 idcirco
2903 1497 3138 1568 Spiritus
3182 1511 3405 1557 sanctus
3443 1519 3549 1557 non
3581 1504 3636 1558 in

2067 1594 2331 1641 turturem
2369 1588 2617 1655 vertitur,
2649 1589 2740 1643 sed
2767 1588 3018 1643 columba
3052 1590 3131 1656 lit,
3169 1592 3322 1646 inter
3361 1608 3461 1648 nos
3507 1609 3636 1664 pro-

2065 1683 2185 1744 pter
2230 1676 2512 1730 hominum
2549 1677 2956 1732 multitudinem
2990 1678 3108 1735 avis
3139 1682 3476 1737 mansuetior
3507 1698 3639 1736 con-

385 1758 588 1817 videris
643 1767 925 1822 mulierem
969 1770 1038 1825 ad
1087 1774 1581 1844 concupiscendum
1635 1793 1752 1832 eam
1777 1817 1791 1841 ,
1841 1779 1954 1849 jam
1989 1757 2030 1812 Β
2062 1775 2333 1822 versatur.
2359 1766 2564 1822 Turtur
2593 1772 2772 1822 autem
2801 1768 3033 1836 videtur,
3066 1769 3211 1823 verbi
3241 1770 3434 1840 gratia,
3459 1771 3635 1842 Moysi

388 1867 531 1908 mors
553 1859 800 1913 ascendit
826 1875 921 1929 per
942 1860 1210 1920 fenestras
1239 1874 1381 1922 tuas.
1407 1865 1657 1923 Eminens
1685 1888 1777 1939 per
1800 1875 1952 1929 retia.

383 1940 628 2016 lntcllige
676 1950 804 2016 quia
857 1951 910 2005 in
970 1955 1153 2008 medio
1199 1956 1520 2026 laqueorum
1578 1962 1848 2025 ambulas,
1903 1973 1959 2018 et

381 2035 582 2089 subtus
597 2039 878 2095 machinas
893 2043 1000 2111 22
1018 2053 1265 2099 transeas
1281 2045 1644 2102 imminentes.
1663 2048 1858 2105 Omnia
1874 2068 1961 2106 re-

386 2125 538 2180 tibus
563 2127 721 2196 plena
744 2140 889 2197 sunt,
923 2134 1176 2190 diabolus
1207 2136 1401 2206 laqueo
1431 2147 1626 2194 cuncta
1649 2143 1958 2211 complevit.

383 2214 444 2269 Si
474 2225 654 2272 autem
689 2223 894 2276 venerit
922 2223 1018 2278 tibi
1049 2240 1229 2281 sermo
1257 2226 1372 2294 Dei,
1396 2239 1449 2283 et
1474 2232 1696 2301 cmperit
1722 2235 1961 2292 eminere

380 2307 448 2362 de
479 2308 707 2376 retibus,
730 2310 878 2367 dices
904 2328 918 2365 :
944 2317 1142 2368 Anima
1173 2326 1352 2371 nostra
1383 2331 1561 2389 erepta
1584 2331 1660 2375 est
1687 2324 1750 2376 de
1775 2323 1957 2394 laqueo

381 2400 704 2454 venantium.
728 2399 968 2473 Laqueus
1002 2407 1258 2461 contritus
1291 2417 1388 2473 est,
1419 2419 1467 2462 et
1510 2426 1601 2464 nos
1627 2411 1837 2467 liberati
1867 2431 1956 2469 su-

382 2505 516 2543 mus.
554 2488 826 2545 Benedicti
871 2509 958 2548 vos
1001 2511 1034 2547 a
1082 2493 1307 2550 Domino
1355 2497 1446 2565 qui
1495 2499 1619 2568 fecit
1676 2502 1862 2556 caelum
1902 2514 1952 2558 et

385 2587 579 2632 terram
603 2579 668 2633 ¹⁸.
705 2578 916 2636 Eminet
961 2583 1127 2652 igitur
1169 2599 1402 2654 sponsus
1445 2602 1540 2656 per
1571 2591 1704 2645 retia
1740 2592 1837 2646 tibi
1865 2595 1948 2648 vi-

383 2678 493 2723 tam
524 2668 746 2726 faciens.
780 2670 940 2728 Jesus
979 2673 1261 2730 descendit
1291 2678 1358 2732 ad
1409 2687 1600 2747 terras,
1629 2683 1862 2754 subjecit
1891 2702 1950 2742 se

383 2757 594 2814 retibus
622 2763 840 2830 mundi;
890 2764 1080 2820 videns
1121 2781 1379 2837 magnum
1419 2771 1702 2828 hominum
1733 2792 1946 2846 gregem

382 2849 589 2906 retibus
625 2852 964 2922 impeditum,
1011 2872 1112 2914 nec
1149 2875 1214 2915 ea
1256 2860 1326 2915 ab
1371 2862 1480 2918 alio
1506 2865 1611 2919 nisi
1646 2881 1675 2919 a
1704 2883 1763 2922 se
1790 2883 1949 2936 posse

380 2944 683 3008 conscindi,
716 2947 863 3002 venit
898 2948 966 3003 ad
995 2951 1150 3017 retia,
1185 2967 1471 3010 assumens
1511 2970 1712 3026 corpus
1758 2959 1949 3015 huma-

381 3050 533 3101 num,
567 3037 712 3106 quod
756 3038 1100 3096 inimicorum
1135 3041 1512 3100 fortitudinum
1555 3047 1762 3117 laqueis
1794 3057 1944 3105 tene-

381 3127 560 3196 batur,
589 3145 652 3185 ea
705 3131 800 3186 tibi
847 3133 1078 3202 dirupit,
1116 3143 1169 3189 et
1207 3135 1487 3205 loqueris:
1525 3138 1660 3195 Ecce
1691 3141 1776 3195 hic
1809 3154 1948 3198 retro

379 3229 494 3288 post
543 3225 795 3291 parietem
856 3237 1094 3280 nostrum
1138 3230 1457 3298 prospiciens
1511 3248 1602 3300 per
1652 3233 1946 3301 fenestras,

377 3313 608 3367 eminens
651 3331 744 3384 per
780 3317 935 3372 retia.
983 3319 1116 3372 Cum
1145 3319 1454 3381 cminuerit.
1497 3322 1629 3378 dicit
1659 3324 1752 3378 tibi
1783 3326 1947 3396 (vers.

381 3404 469 3472 10)
499 3423 514 3459 :
541 3405 830 3476 Respondet
860 3409 1130 3478 fratruelis
1158 3428 1322 3477 meus,
1354 3421 1402 3466 et
1417 3412 1780 3486 dicit:Surge,
1807 3419 1943 3480 veni,

381 3496 622 3557 proxima
652 3513 789 3564 mea,
815 3498 955 3552 viam
984 3499 1077 3553 tibi
1108 3497 1231 3567 ieci,
1258 3503 1497 3557 conscidi
1531 3505 1686 3568 retia,
1717 3506 1797 3561 sic
1826 3507 1947 3560 veni

381 3585 446 3638 ad
482 3601 598 3652 me,
633 3587 880 3657 proxima
925 3604 1065 3643 mea.
1115 3589 1300 3660 Surge,
1338 3593 1483 3656 veni,
1535 3595 1776 3662 proxima
1810 3612 1945 3661 mea,

382 3677 612 3744 speciosa
658 3695 794 3745 mea,
835 3678 1076 3733 columba
1114 3698 1247 3738 mea.
1295 3683 1405 3737 Cur
1453 3685 1563 3752 ait,
1615 3689 1808 3757 surge?
1850 3704 1948 3743 cur

378 3771 641 3839 propera?
668 3769 780 3841 Ego
815 3787 912 3840 pro
953 3781 1004 3827 te
1043 3775 1278 3829 sustinui
1311 3776 1514 3831 rabiem
1545 3787 1945 3850 tempestatum,

375 3876 476 3931 ego
503 3861 701 3916 ﬂuctus
739 3863 830 3933 qui
881 3864 971 3918 tibi
1021 3865 1353 3922 debebantur
1384 3869 1592 3939 excepi.
1628 3869 1818 3925 Tristis
1869 3883 1944 3926 est

379 3949 519 4005 facta
573 3952 751 4005 anima
806 3968 921 4006 mea
964 3963 1183 4024 propter
1218 3964 1269 4009 te
1313 3972 1474 4026 usque
1517 3959 1586 4011 ad
1631 3971 1849 4014 mortem
1878 3962 1946 4015 ι’.

379 4041 608 4097 Surrexi
642 4057 672 4096 a
702 4043 927 4100 mortuis
959 4044 1151 4100 fractis
1187 4046 1379 4099 mortis
1415 4047 1621 4114 januis,
1654 4057 1707 4101 et
1750 4049 1949 4104 inferni

377 4135 612 4190 vinculis
641 4134 946 4191 dissolutis.
1004 4135 1129 4191 Ideo
1169 4135 1292 4190 dico
1337 4136 1434 4189 tibi
1461 4135 1638 4191 thrs:
1679 4138 1764 4204 10,
1817 4140 1946 4208 ll):

379 4224 567 4296 Surge,
611 4226 744 4291 veni,
787 4228 1029 4296 proxima
1071 4243 1205 4292 mea,
1251 4227 1484 4297 speciosa
1532 4244 1674 4292 mea,
1711 4229 1951 4284 columba

377 4334 514 4382 mea,
563 4317 689 4386 quia
716 4318 882 4372 hiems
915 4319 1180 4384 transivit,
1231 4317 1412 4387 pluvia
1458 4319 1610 4386 abiit,
1653 4321 1810 4389 ﬂores
1851 4323 1947 4376 visi

2061 1867 2116 1912 et
2145 1860 2238 1914 uni
2272 1859 2495 1915 cuilibet
2519 1861 2908 1930 prepbetarum
2940 1859 3305 1915 recedentium
3345 1862 3396 1915 in
3424 1871 3638 1918 montes

2061 1959 2116 2003 et
2144 1949 2383 2012 deserta,
2414 1960 2465 2004 et
2492 1950 2566 2004 ibi
2601 1949 2982 2018 accipientium
3007 1966 3287 2005 sermones
3309 1951 3424 2005 Dei.
3458 1951 3637 2022 (Vcrs.

2065 2039 2155 2100 12,
2180 2039 2294 2107 15.)
2323 2039 2438 2092 Vo:
2467 2055 2594 2107 ergo
2621 2042 2844 2092 turturis
2867 2041 3054 2092 audita
3078 2050 3152 2092 est
3181 2042 3234 2092 in
3272 2052 3410 2094 terra
3436 2052 3638 2098 nostra.

2069 2127 2234 2180 Ficus
2260 2129 2509 2196 produxit
2543 2144 2750 2198 grossos
2780 2144 2923 2181 suos.
2955 2130 2994 2182 Α
3032 2129 3136 2196 ﬁcu
3164 2130 3452 2200 dignoscite
3478 2149 3644 2200 para-

2067 2219 2239 2272 bolam
2265 2233 2284 2272 :
2319 2236 2434 2272 cum
2463 2237 2642 2273 ramus
2670 2220 2782 2288 ejus
2829 2229 2972 2274 tener
2997 2225 3173 2290 [actus
3210 2223 3393 2291 fuerit,
3430 2233 3478 2277 et
3507 2224 3642 2292 folia

2066 2309 2293 2373 miserit,
2320 2310 2506 2363 scitote
2545 2309 2671 2378 quia
2695 2309 2860 2378 juxta
2897 2318 2976 2363 est
3022 2321 3178 2365 testas
3219 2314 3286 2364 ²².
3322 2311 3447 2366 Vult
3481 2315 3640 2370 nobis

2062 2396 2156 2450 Dei
2193 2397 2472 2466 eloquium
2497 2397 2769 2463 nuntiare,
2794 2408 2918 2468 post
2945 2399 3200 2466 hiemem,
3225 2409 3348 2470 post
3372 2404 3640 2470 procellas

2060 2489 2368 2544 animarum
2407 2489 2874 2559 appr0pinquasse
2909 2507 3164 2558 messem,
3214 2501 3268 2546 et
3301 2495 3377 2546 ait
3414 2512 3427 2548 :
3476 2494 3638 2549 Ficus

2057 2579 2309 2650 produxit
2339 2596 2547 2650 grossos
2577 2596 2722 2643 suos,
2749 2581 2878 2634 vites
2901 2582 3208 2650 ﬂorescunt,
3236 2584 3490 2638 dederunt
3516 2586 3640 2639 odo-

2057 2687 2202 2734 rem;
2243 2670 2288 2725 si
2340 2670 2450 2739 jam
2499 2679 2831 2741 rumpuntur
2878 2671 2932 2725 in
2979 2671 3203 2739 ﬂorem,
3235 2684 3446 2744 tempus
3478 2675 3639 2730 adve-

2057 2763 2189 2829 niet,
2220 2772 2275 2818 ct.
2310 2771 2471 2817 erunt
2497 2778 2636 2816 uvae.

2128 2877 2216 2931 i3.
2252 2877 2442 2946 Surge,
2476 2878 2610 2939 ueni,
2634 2877 2876 2946 proxima
2907 2893 3044 2941 mea,
3089 2877 3324 2945 speciosa
3368 2893 3512 2941 mea,
3548 2894 3634 2930 co-

2055 2969 2235 3022 lumba
2266 2985 2398 3022 mea.
2425 2968 2549 3023 llaec
2572 2983 2692 3036 quae
2715 2967 2966 3037 superius
2991 2968 3366 3036 exposuimus,
3395 2984 3632 3038 sponsus

2056 3073 2162 3111 non
2219 3057 2566 3111 audientibus
2611 3055 3065 3122 adolescentulis,
3121 3057 3212 3110 sed
3268 3057 3382 3111 sola
3433 3073 3630 3126 sponsa

2055 3147 2312 3202 audiente
2356 3148 2616 3217 loquitur.
2664 3145 2933 3201 Volumus
2979 3156 3157 3200 autem
3197 3156 3251 3200 et
3305 3147 3475 3216 ipsius
3516 3147 3629 3216 jam

2053 3240 2242 3294 audire
2284 3254 2591 3294 sermonem
2645 3238 2917 3307 loquentis
2988 3238 3053 3291 ad
3126 3253 3380 3306 sponsam
3450 3240 3627 3305 (vers.

2055 3331 2141 3396 l3,
2170 3330 2256 3400 14)
2282 3348 2296 3383 :
2324 3329 2509 3399 Surge,
2541 3329 2673 3393 veni,
2705 3329 2944 3398 proxima
2974 3345 3108 3391 mea,
3131 3330 3518 3397 speciosamea,
3541 3345 3630 3382 co-

2049 3420 2228 3473 lumba
2263 3437 2399 3484 mea,
2426 3429 2476 3472 et
2508 3419 2642 3482 reni,
2687 3419 2929 3472 columba
2973 3434 3108 3481 mea,
3159 3418 3253 3471 sub
3287 3421 3506 3489 tegmine
3543 3435 3630 3488 pe-

2053 3523 2170 3566 trw.
2221 3509 2288 3566 Et
2333 3510 2547 3582 Moyses
2597 3510 2700 3565 sub
2754 3509 2988 3580 tegmine
3045 3518 3211 3578 petra:
3265 3512 3519 3579 ponitur,
3573 3520 3633 3563 ut

2051 3603 2554 3672 videatposteriora
2584 3602 2699 3657 Dei.
2741 3599 2806 3656 In
2851 3602 3073 3671 tegmine
3113 3601 3483 3656 antemuralis.
3509 3599 3631 3654 Pri-

2050 3709 2200 3749 mum
2233 3695 2353 3749 veni
2385 3693 2451 3748 ad
2486 3694 2537 3748 id
2585 3693 2732 3764 quod
2774 3703 2901 3747 ante
2936 3708 3153 3747 murum
3201 3701 3313 3756 est,
3348 3699 3402 3746 et
3440 3699 3627 3760 postea

2049 3787 2253 3856 poteris
2282 3787 2507 3842 introire
2553 3787 2645 3840 ubi
2677 3801 2866 3840 murus
2891 3792 2976 3838 est
3011 3793 3196 3852 petrae.
3235 3783 3461 3837 Ostende
3499 3784 3627 3837 mihi

2050 3874 2237 3943 faciem
2291 3885 2459 3929 tuam.
2510 3873 2694 3942 Usque
2744 3873 2810 3926 ad
2864 3879 3188 3939 prmsentem
3237 3871 3380 3926 diem
3430 3873 3628 3929 similia

2049 3967 2304 4022 dicuntur
2337 3968 2403 4021 ad
2433 3981 2691 4036 sponsam
2737 3983 2750 4018 :
2784 3964 3016 4018 necdum
3045 3963 3190 4018 enim
3227 3964 3458 4022 habebat
3487 3967 3628 4022 ﬁdu-

2049 4058 2216 4122 ciam,
2242 4068 2301 4110 nt
2329 4056 2567 4110 revelata
2613 4056 2750 4108 facie
2794 4056 3020 4123 gloriam
3052 4056 3264 4110 Domini
3293 4058 3628 4126 contempla-

2053 4152 2223 4197 retur.
2252 4141 2390 4207 Quia
2418 4155 2548 4195 vero
2575 4140 2685 4210 jam
2735 4149 2927 4195 ornata
2971 4151 3055 4194 est
3089 4152 3249 4212 atque
3291 4146 3588 4213 composita
3609 4185 3626 4211 ,

2051 4235 2250 4291 dicitur
2291 4235 2340 4289 ei
2396 4249 2410 4286 ε
2454 4233 2680 4288 Ostende
2730 4232 2858 4286 nti/ti
2912 4233 3104 4303 faciem
3153 4245 3318 4291 tuam.
3374 4233 3624 4291 Nondum

2052 4338 2167 4384 erat
2193 4328 2337 4383 enim
2369 4343 2472 4381 vox
2500 4326 2619 4397 ejus
2646 4327 2718 4381 ita
2747 4327 2954 4395 suavis,
2990 4335 3048 4382 ut
3071 4337 3371 4384 mereretur
3394 4328 3443 4384 ei
3469 4328 3575 4384 dici
3608 4348 3621 4384 :

375 4415 497 4461 sunt
541 4408 594 4461 in
641 4416 802 4461 terra.
836 4407 948 4478 E80
998 4422 1029 4461 ξι
1078 4407 1307 4463 [normis
1359 4423 1587 4478 surgens
1630 4420 1946 4480 ιοπιρεειειθ
1978 4434 2022 4490 ι)
2053 4420 2250 4476 Audire
2297 4437 2377 4474 me
2421 4421 2506 4490 fac
2545 4436 2715 4475 vocem
2765 4430 2931 4475 tuam.
2979 4419 3209 4486 Quando
3259 4435 3389 4490 ergo
3438 4419 3626 4475 didicit

377 4513 688 4568 compressa
733 4499 1178 4568 tranquillitatem
1222 4497 1451 4554 reddidi.
1492 4498 1558 4554 Et
1585 4502 1709 4571 quia
1746 4507 1942 4558 secun-i

375 4589 503 4644 dum
533 4591 994 4660 dispensationem
1019 4593 1201 4648 carnis
1237 4609 1301 4648 ex
1333 4593 1568 4664 Virgine,
1593 4604 1648 4651 et
1667 4597 1942 4654 voluntate

374 4680 550 4738 Patris
596 4685 764 4750 crevi,
796 4692 851 4739 et
896 4685 1182 4756 sapientia,
1215 4695 1270 4741 et
1306 4695 1463 4742 aetate
1521 4685 1746 4757 profeci,
1772 4690 1937 4758 (vers.

375 4772 461 4844 12)
490 4776 645 4843 ﬂores
694 4777 796 4830 visi
826 4785 948 4829 sunt
991 4777 1046 4829 in
1081 4786 1242 4844 terra,
1275 4787 1474 4846 tempus
1499 4779 1742 4831 sectionis
1770 4780 1938 4833 adest.

377 4864 555 4921 Scetio
579 4867 835 4922 remissio
883 4878 1226 4936 peccatorum
1259 4877 1360 4923 est.
1407 4867 1634 4923 Omnem
1679 4869 1823 4923 enim
1856 4886 1944 4925 ra-

378 4972 543 5023 mum,
574 4958 671 5023 ait,
707 4959 761 5012 in
797 4974 884 5014 me
919 4968 1248 5025 manentem,
1278 4970 1331 5014 et
1361 4960 1673 5014 alierentem
1705 4959 1941 5014 fructum

373 5043 528 5102 Pater
554 5063 710 5103 meus
743 5050 993 5114 mundat,
1039 5059 1097 5104 ut
1138 5049 1346 5106 fructus
1389 5051 1622 5121 majores
1656 5051 1846 5107 all‘erat
1875 5053 1938 5104 ²⁰.

375 5137 578 5195 Habeto
632 5140 864 5208 fructus,
895 5154 948 5198 et
995 5143 1175 5214 priora
1226 5160 1346 5212 qua:
1387 5144 1441 5196 in
1494 5153 1545 5198 te
1601 5145 1941 5199 infructuosa

377 5243 500 5287 sunt
549 5235 890 5292 auferuntur.
948 5236 1167 5306 Tempus
1214 5237 1415 5306 quippe
1463 5237 1705 5291 sectionis
1756 5238 1941 5303 adest,

377 5338 470 5376 vos:
510 5327 734 5379 turturis
783 5327 968 5379 audita
1001 5338 1074 5379 est
1131 5328 1186 5379 in
1233 5335 1375 5379 terra
1417 5335 1616 5381 nostra.
1663 5325 1780 5380 Non
1827 5328 1943 5382 sine

377 5430 536 5472 causa
572 5418 625 5472 in
654 5419 921 5473 sacrificio
945 5420 1240 5474 assumitur
1272 5434 1368 5488 par
1393 5427 1689 5483 turturum,
1719 5427 1814 5472 aut
1834 5419 1940 5473 duo

450 5610 708 5666 ".lerem.
743 5630 818 5678 Ix,
849 5615 937 5669 21.

1019 5615 1058 5647 “‘
1090 5614 1230 5686 Psal.
1262 5633 1442 5685 cxxw,
1481 5619 1532 5686 7,
1558 5618 1610 5673 8.

383 5694 520 5744 xstv,
549 5682 635 5736 32,

707 5684 753 5714 ’³
778 5683 918 5738 l‘sal.
952 5697 1057 5751 etv,
1089 5685 1178 5739 54.

1719 5619 1760 5650 ¹⁹
1785 5615 1975 5671 Matth.
2006 5634 2153 5688 xxvi,
2187 5621 2272 5675 58.

2048 4513 2219 4582 loqui.
2251 4511 2392 4567 Tace
2421 4513 2588 4580 enim,
2621 4514 2719 4580 ait,
2745 4522 2799 4568 et
2832 4512 2957 4567 audi
3005 4511 3191 4578 Israel,
3223 4521 3277 4564 et
3326 4511 3462 4566 scito
3494 4512 3622 4580 quid

2049 4606 2242 4675 loquar
2271 4621 2281 4654 :
2311 4614 2366 4660 et
2389 4606 2573 4660 suavis
2604 4605 2743 4660 facta
2775 4617 2857 4660 est
2881 4622 2986 4660 vox
3013 4607 3134 4675 ejus
3170 4619 3390 4674 sponso,
3427 4619 3622 4660 secun-

2049 4702 2182 4756 dum
2233 4699 2367 4754 illud
2413 4699 2793 4768 propheticum
2833 4718 2846 4752 :
2885 4697 3072 4753 Suavis
3103 4698 3199 4767 ﬁat
3239 4698 3288 4751 ei
3333 4697 3621 4767 postulatio

2048 4806 2163 4842 utea
2191 4789 2269 4842 “2’
2320 4799 2449 4844 tunc
2489 4787 2557 4842 ad
2597 4804 2716 4842 eam
2765 4803 2998 4857 sponsus
3045 4787 3240 4842 eﬂ‘atur
3273 4806 3286 4842 :
3319 4786 3388 4839 Et
3434 4787 3621 4840 audire

2044 4895 2123 4931 me
2166 4879 2250 4947 fac
2296 4894 2465 4931 vocem
2517 4887 2694 4942 tuam,
2739 4878 2863 4947 quia
2905 4893 3003 4932 vox
3050 4887 3143 4930 tua
3188 4877 3363 4931 suavis
3409 4889 3509 4930 est.
3561 4873 3618 4930 Si

2044 4964 2322 5027 aperueris
2354 4979 2417 5018 os
2464 4975 2617 5018 tuum
2660 4965 2826 5019 verbo
2869 4964 2984 5033 Dci,
3029 4967 3172 5021 dicet
3199 4967 3294 5021 tibi
3339 4981 3613 5034 sponsus:

2058 5055 2169 5110 Vox
2200 5065 2289 5109 tua
2323 5058 2500 5110 suavis
2527 5066 2625 5121 est,
2659 5067 2707 5110 et
2741 5070 2978 5125 aspectus
3010 5068 3128 5112 tuus
3163 5059 3446 5127 speciosus.
3472 5057 3617 5123 Qua-

2044 5157 2264 5217 propter
2320 5156 2717 5217 consurgentes
2767 5149 3123 5216 dcprecemur
3176 5148 3506 5212 Dominum,
3561 5159 3619 5203 ut

2044 5239 2192 5308 digni
2222 5238 2520 5294 cﬂiciamur
2569 5240 2754 5306 sponsi
2791 5255 3066 5306 sermone,
3105 5239 3369 5309 sapientia
3401 5239 3618 5296 Christo

2046 5329 2198 5398 Jcsu,
2233 5331 2322 5386 cui
2357 5340 2440 5386 est
2463 5330 2633 5400 gloria
2668 5342 2721 5387 et
2757 5333 3044 5400 imperium
3073 5334 3126 5387 in
3163 5331 3360 5386 saecula
3391 5332 3618 5388 saeculo-

2047 5438 2190 5477 rum.
2229 5423 2416 5478 Amen.

2889 5623 2928 5652 "
2969 5619 3139 5675 chit.
3166 5635 3263 5673 xu.
3343 5625 3388 5655 τ’
3425 5625 3611 5681 Matth.

2353 5624 2395 5654 '°
2430 5622 2584 5677 Joan.
2617 5639 2702 5691 xv,
2733 5628 2784 5680 9..
