4236 6282
351 305 419 361 05
1777 306 2024 362 PROLO!

1919 306 2166 363 LOGUS.
2648 284 2657 289 ’
3525 320 3592 371 tm

419 432 473 487 In
500 425 764 498 principio
789 427 1078 482 verborum
1113 425 1306 499 Moysi,
1338 426 1526 490 ubide
1554 426 1742 481 mundi
1776 443 1911 482 con-
1942 432 1991 489 Λ
2020 428 2156 483 Cum
2180 444 2345 483 essent
2374 429 2649 498 parvulus,
2677 429 2925 500 loquebar
2956 432 3093 486 sicut
3133 433 3405 501 parvulus,
3456 437 3591 490 sicut

348 517 546 574 ditione
564 516 952 581 conscribitur,
976 517 1115 572 duos
1139 518 1449 572 invenimus
1478 519 1728 573 homines
1762 533 1916 573 crea-

349 621 429 666 tos
458 609 663 664 referri.
694 608 940 663 Primum
982 610 1048 664 ad
1077 610 1371 679 imaginem
1420 620 1475 664 et
1504 610 1914 665 similitudinem

348 701 431 756 Dei
468 701 706 769 factum,
753 701 1054 757 secundum
1077 716 1106 755 e
1142 702 1274 755 limo
1302 709 1459 756 terrae
1489 701 1691 757 factum
1729 705 1771 758 ’.
1800 702 1916 758 Hoc

343 793 538 849 Paulus
570 793 856 864 apostolus
880 794 1017 848 bene
1041 793 1239 857 sciens,
1271 803 1325 847 et
1347 794 1413 847 ad
1440 794 1705 864 liquidum
1739 795 1792 849 in
1827 796 1915 852 his

337 888 604 949 eruditus,
635 888 689 940 in
725 886 841 940 suis
866 885 1063 940 litteris
1086 886 1326 955 apertius
1351 894 1405 940 et
1422 885 1727 941 evidentius
1752 886 1913 941 binos

337 993 454 1034 esse
475 987 532 1033 et
564 995 661 1049 per
686 977 932 1046 singulos
967 989 1214 1045 quosque
1244 975 1497 1031 homines
1545 975 1786 1046 scripsit.
1822 974 1914 1030 Sic

335 1069 477 1123 enim
510 1070 651 1122 dixit
676 1085 689 1120 :
734 1066 874 1120 Nam
897 1067 945 1120 si
970 1066 1016 1120 is
1036 1067 1127 1137 qui
1159 1066 1290 1136 foris
1311 1077 1387 1120 est
1414 1066 1568 1120 homo
1594 1076 1771 1121 noster
1795 1083 1913 1119 cor-

335 1158 628 1227 rumpitur,
661 1156 750 1210 sed
777 1156 867 1209 ille
891 1159 981 1227 qui
1000 1157 1147 1209 intus
1190 1165 1290 1219 est,
1331 1162 1612 1209 renovatur
1641 1155 1706 1209 de
1741 1154 1827 1209 die
1855 1155 1911 1207 in

332 1248 474 1301 diem
508 1248 551 1302 ³.
585 1246 649 1299 Ει
679 1248 872 1300 iterum
898 1265 912 1300 :
940 1245 1285 1301 Condelector
1303 1248 1446 1299 enim
1467 1246 1571 1315 legi
1601 1245 1699 1298 Dei
1724 1262 1912 1299 secun-

332 1338 462 1392 dum
486 1338 783 1391 interiorem
822 1337 1083 1390 hominem
1112 1336 1156 1403 ‘,
1204 1344 1259 1390 et
1313 1335 1399 1391 his
1451 1336 1651 1391 similia
1704 1344 1908 1406 quanta

332 1429 670 1484 conscribit?
699 1427 852 1484 Unde
875 1438 1006 1498 puto
1033 1427 1307 1482 neminem
1351 1428 1464 1498 jam
1508 1428 1708 1484 debere
1747 1429 1905 1484 dubi-

332 1530 466 1586 tare,
497 1520 642 1591 quod
670 1519 881 1592 Moyses
910 1519 979 1574 de
1008 1518 1242 1573 duorum
1268 1518 1555 1574 hominum
1580 1517 1792 1574 factura
1821 1519 1904 1575 vel

332 1612 587 1681 ﬁgmento
608 1611 892 1681 scripserit
917 1610 971 1664 in
990 1610 1258 1680 principio
1287 1610 1540 1677 Genesis,
1568 1627 1694 1666 cum
1723 1612 1904 1667 videat

327 1701 559 1758 Paulum
593 1704 686 1775 qui
713 1702 910 1758 melius
936 1702 1124 1772 utique
1144 1717 1310 1773 quam
1335 1718 1436 1758 nos
1472 1704 1808 1773 intelligebat
1837 1719 1900 1759 ea

2018 520 2269 590 parvulus
2290 522 2593 590 sapiebam,
2639 523 2776 576 sicut
2815 524 3064 591 parvulus
3098 527 3409 596 cogitabam.
3455 527 3589 584 Cum

2017 621 2193 664 autem
2214 610 2387 679 factus
2413 628 2533 666 sunt
2574 613 2675 678 vir,
2702 612 2943 666 destruxi
2982 629 3101 682 qua:
3127 626 3274 670 erant
3307 619 3514 686 parvuli
3545 619 3585 674 ⁷.

2015 698 2081 752 Et
2114 700 2307 754 iterum
2356 701 2484 755 alibi
2517 702 2681 756 dicit:
2736 703 2911 758 Donec
2944 722 3282 765 occurramus
3313 725 3488 764 omnes
3532 714 3589 765 in

2012 790 2183 843 virum
2231 792 2538 860 perfectum,
2585 794 2641 846 in
2670 810 2969 850 mensuram
3027 798 3202 851 (etatis
3247 799 3586 868 plenitudinis

2012 880 2213 937 Christi
2240 883 2285 935 ⁸.
2317 881 2432 940 Scit
2456 885 2604 938 enim
2636 901 2964 942 occursuros
2984 903 3108 944 esse
3124 905 3317 946 omnes
3351 893 3444 960 qui
3469 908 3587 949 cre-

2011 970 2166 1038 dunt,
2204 974 2259 1027 in
2291 974 2466 1029 virum
2502 975 2824 1045 perfectum,
2872 988 2926 1032 et
2957 979 3012 1033 in
3046 995 3360 1035 mensuram
3415 986 3588 1041 artatis

2011 1063 2362 1132 plenitudinis
2398 1064 2627 1121 Christi.
2666 1065 2837 1137 Igitur
2875 1070 3015 1124 sicut
3063 1071 3175 1125 huic
3219 1088 3341 1141 qtne
3375 1088 3585 1130 memo-

2009 1156 2253 1211 ravimus
2275 1165 2495 1213 malum
2529 1160 2771 1223 nomina,
2802 1160 3007 1216 eisdem
3032 1164 3315 1218 vocabulis
3351 1174 3405 1219 et
3434 1178 3587 1221 exte-

2008 1245 2140 1300 riori
2189 1247 2395 1300 homini
2421 1248 2769 1304 ascribuntur
2796 1260 2847 1306 et
2890 1252 3132 1308 interiori
3169 1272 3185 1309 :
3240 1255 3313 1309 ita
3342 1256 3586 1312 invenies

2005 1336 2166 1391 etiam
2206 1337 2575 1392 membrorum
2619 1341 2841 1395 nomina
2886 1345 3255 1412 corporalium
3294 1346 3580 1400 transferri

2004 1427 2071 1482 ad
2097 1428 2293 1482 animae
2310 1429 2574 1495 membra,
2605 1445 2700 1486 seu
2726 1433 2905 1500 potius
2927 1434 3228 1490 ellicientite
3250 1438 3364 1491 haec
3388 1438 3584 1492 animm

2002 1520 2334 1590 allectusque
2371 1520 2584 1577 dicendi
2614 1533 2761 1578 sunt.
2817 1525 3026 1580 Dicitur
3061 1541 3190 1596 ergo
3220 1529 3277 1582 in
3316 1526 3584 1583 Ecclesia~

2002 1623 2115 1666 ste:
2146 1610 2412 1681 Sapientis
2443 1612 2583 1666 oculi
2613 1614 2666 1667 in
2692 1616 2862 1684 capite
2896 1612 3017 1679 eius
3060 1618 3103 1670 θ.
3147 1616 3276 1673 Item
3310 1619 3366 1673 in
3399 1617 3580 1673 Evan-

2002 1700 2174 1773 gelio:
2203 1701 2308 1767 Qui
2341 1703 2494 1756 habet
2526 1719 2679 1757 aures
2713 1704 3004 1771 audiendi,
3043 1707 3230 1762 audiat
3261 1710 3324 1761 ¹⁰.
3365 1707 3422 1763 In
3454 1724 3582 1779 pro-

326 1809 448 1864 quae
473 1774 714 1866 aMoyse
748 1793 952 1864 scripta
979 1800 1126 1858 sunt,
1161 1793 1303 1849 duos
1346 1794 1594 1849 homines
1633 1808 1753 1849 esse
1804 1808 1901 1863 per
1933 1774 1973 1829 Β
2000 1793 2180 1862 pbctis
2228 1808 2480 1863 quoque:
2537 1793 2720 1849 Sermo
2753 1795 2969 1850 Domini
3018 1799 3108 1867 qui
3163 1799 3338 1868 factus
3387 1774 3471 1855 εεὶ
3523 1803 3578 1854 in

324 1887 575 1954 singulos
606 1900 857 1957 quosque
885 1884 1176 1939 dicentem.
1208 1882 1454 1950 Quorum
1491 1901 1683 1946 unum,
1735 1884 1791 1938 id
1818 1893 1902 1939 est

324 1976 648 2031 interiorem
676 2016 690 2042 ,
725 1976 973 2030 renovari
1008 1990 1106 2045 per
1144 1975 1391 2045 singulos
1431 1974 1548 2029 dies
1600 1983 1898 2040 memorat;

321 2068 566 2120 alterum
589 2081 740 2130 vero,
767 2066 823 2119 id
843 2074 927 2120 est
952 2066 1301 2129 exteriorem,
1338 2064 1393 2118 in
1416 2064 1742 2133 quibusdam
1779 2079 1907 2118 san-

322 2158 435 2211 etis
461 2165 516 2210 et
543 2157 736 2212 talibus
761 2157 937 2227 qualis
957 2166 1076 2212 erat
1111 2156 1334 2223 Paulus,
1358 2156 1630 2225 corrumpi
1662 2155 1907 2226 perhibet

318 2258 376 2303 et
420 2248 708 2303 inﬁrmari.
743 2248 900 2314 Quod
933 2250 979 2304 si
1002 2250 1166 2305 alicui
1192 2248 1465 2304 videbitur
1486 2248 1554 2302 de
1583 2249 1684 2301 hoc
1727 2246 1906 2302 adhuc

323 2339 534 2408 aliquid
562 2339 945 2406 dubitandum,
978 2340 1032 2393 in
1074 2340 1207 2394 locis
1240 2339 1477 2409 propriis
1500 2339 1695 2394 melius
1719 2339 1904 2408 expla-

322 2431 567 2497 nabitur.
595 2429 748 2485 Nunc
776 2439 955 2485 autem
990 2440 1212 2500 propter
1240 2432 1370 2500 quid
1415 2431 1737 2485 memoriam
1760 2430 1902 2487 fece-

327 2523 499 2578 rimus
526 2523 801 2578 iuterioris
827 2531 880 2577 et
898 2522 1191 2578 exterioris
1217 2522 1458 2577 hominis
1479 2536 1893 2591 prosequamur.

322 2612 624 2669 Ostendere
663 2613 809 2667 enim
853 2627 919 2666 ex
962 2611 1047 2667 his
1080 2612 1373 2676 volumus,
1413 2612 1554 2681 quod
1600 2610 1896 2681 Scripturis

322 2702 525 2757 divinis
546 2717 644 2773 per
677 2701 1079 2772 homonymias,
1121 2701 1173 2755 id
1210 2710 1292 2755 est
1321 2715 1418 2769 per
1458 2699 1665 2755 similes
1707 2701 1893 2770 appel-

325 2792 597 2858 lationes,
641 2792 751 2847 imo
796 2807 895 2862 per
942 2790 1133 2846 eadem
1184 2791 1446 2846 vocabula
1495 2798 1548 2845 et
1608 2792 1894 2848 exterioris

324 2883 567 2938 hominis
591 2884 853 2950 membra,
880 2893 934 2938 et
956 2883 1104 2938 illius
1138 2882 1416 2937 interioris
1438 2882 1677 2939 hominis
1709 2891 1894 2954 partes

323 2971 657 3041 adectusque
683 2972 1058 3039 nominantur,
1083 2986 1255 3041 eaque
1294 2986 1401 3025 non
1447 2971 1622 3026 solum
1658 2973 1895 3027 vocabu-

2001 1901 2161 1937 manu
2187 1886 2452 1954 propheta:
2477 1884 2725 1941 Ieremia:
2756 1889 2822 1954 “,
2863 1888 2977 1942 sive
3014 1889 3239 1946 alterius
3265 1892 3574 1962 cujuslibet.

2003 1971 2193 2027 Simile
2223 1982 2308 2029 est
2329 1975 2492 2028 etiam
2523 1976 2651 2029 illud
2678 1978 2824 2045 quod
2859 1977 2935 2031 ait
2967 1978 3091 2031 ille:
3122 1979 3220 2032 Pes
3251 1992 3423 2034 autem
3459 1992 3578 2035 tuus

2004 2078 2108 2114 non
2132 2062 2351 2129 offendit
2383 2062 2457 2116 ".
2491 2062 2777 2117 Etiterum
2804 2081 2817 2115 :
2857 2066 2963 2118 Mei
2991 2077 3165 2120 autent
3195 2069 3355 2135 paulo
3406 2071 3580 2123 minus

2004 2153 2137 2205 vtoti
2166 2161 2287 2206 sunt
2325 2153 2478 2221 pedes
2512 2153 2573 2204 ".
2611 2153 2724 2223 28
2759 2153 3051 2210 Evidenter
3075 2172 3293 2228 quoque
3314 2168 3366 2214 et
3395 2168 3584 2216 venter

2009 2243 2204 2297 animae
2228 2243 2562 2313 designatur,
2598 2245 2689 2298 ubi
2731 2245 2964 2300 dicitur:
3016 2246 3275 2311 Domine,
3317 2267 3350 2303 a
3394 2252 3581 2307 limare

2005 2346 2097 2386 tuo
2131 2335 2185 2387 in
2219 2341 2367 2386 utero
2399 2334 2728 2403 concepimus
2759 2336 2822 2391 “.
2855 2335 2988 2391 Nam
3031 2337 3157 2394 inde
3184 2341 3307 2409 quis
3349 2342 3575 2409 dubitet,

2001 2437 2125 2477 cum
2150 2421 2380 2476 dicitur:
2413 2420 2723 2491 Sepulcrum
2751 2434 2934 2492 patens
2962 2436 3036 2479 est
3075 2437 3260 2497 guttur
3284 2444 3464 2484 eorum
3497 2434 3537 2464 “‘
3556 2434 3579 2487 ’ἶ

2000 2512 2066 2568 Ει
2092 2513 2287 2567 iterum
2314 2529 2326 2565 :
2364 2512 2678 2584 Pra'cipita,
2713 2514 2957 2582 Domine,
2977 2527 3027 2571 et
3052 2520 3226 2574 divide
3246 2520 3455 2591 linguas
3484 2541 3575 2577 eo-

1998 2621 2116 2657 rum
2143 2606 2205 2659 ”.
2244 2604 2350 2660 Sed
2378 2613 2432 2661 et
2461 2606 2514 2660 id
2545 2606 2691 2675 quod
2723 2606 2984 2677 scriptum
3023 2619 3133 2664 est:
3175 2611 3366 2667 Dentes
3390 2630 3575 2683 porca-

1997 2702 2170 2748 torum
2220 2696 2516 2750 contrivisti
2545 2697 2608 2750 ".
2656 2695 2723 2752 Et
2767 2694 2998 2754 iterum:
3030 2700 3252 2757 Contere
3299 2705 3573 2760 brachium

1995 2787 2285 2854 peccatoris
2314 2794 2363 2840 et
2386 2787 2604 2855 maligni
2631 2787 2718 2841 η’.
2744 2785 2808 2842 Ει
2847 2789 2976 2858 quid
3015 2806 3154 2861 opus
3174 2802 3256 2848 est
3288 2795 3462 2850 mede
3487 2797 3571 2852 his

1995 2876 2154 2946 plura
2202 2878 2477 2949 colligere,
2532 2894 2655 2934 cum
2709 2879 3196 2939 abundantissimis
3244 2887 3568 2943 testimoniis

1997 2964 2294 3037 Scriptura:
2316 2969 2512 3025 divinae
2536 2971 2751 3041 repletae
2772 2974 2940 3027 sunt?
2975 2972 3054 3028 Ex
3078 2976 3277 3044 quibus
3292 2977 3570 3033 evidenter

324 3064 406 3128 lis,
445 3064 543 3119 sed
577 3072 632 3118 et
680 3063 840 3118 rebus
888 3064 1021 3134 ipsis
1067 3063 1173 3118 sibi
1220 3062 1448 3117 invicem
1482 3073 1889 3133 comparantur.
1920 3096 1962 3153 ε
1998 3057 2302 3112 ostenditur
2353 3060 2724 3115 membrorum
2781 3063 2896 3117 hmc
2947 3063 3167 3117 nomina
3220 3079 3563 3135 nequaquam

327 3153 484 3211 Verbi
511 3153 703 3226 gratia,
740 3162 898 3209 anate
925 3153 1123 3224 aliquis
1151 3161 1237 3208 est
1256 3167 1391 3220 puer
1418 3153 1719 3208 secundum
1742 3164 1895 3210 exte-

325 3251 524 3305 riorem
560 3248 639 3318 (9)
674 3247 948 3303 hominem
971 3287 986 3312 ,
1015 3260 1176 3316 quem
1208 3247 1465 3316 possibile
1509 3255 1592 3302 est
1627 3262 1889 3317 crescere,

326 3353 376 3397 et
403 3343 468 3398 ad
502 3349 714 3397 aetatem
728 3339 945 3411 juvenis
967 3338 1182 3403 adduci,
1212 3347 1373 3408 atque
1400 3338 1524 3393 inde
1553 3339 1893 3394 succedenti-

328 3434 422 3488 bus
449 3431 802 3489 incrementis
828 3430 1112 3501 pervenire
1161 3429 1228 3483 ad
1262 3429 1439 3483 virum
1486 3430 1806 3499 perfectum,
1838 3438 1893 3486 et

323 3524 457 3581 elﬁci
487 3533 719 3596 patrem.
747 3524 840 3579 llis
867 3529 1046 3576 autem
1068 3520 1383 3576 nominibus
1406 3521 1486 3574 uti
1512 3522 1803 3587 voluimus,
1833 3532 1892 3577 ut

325 3631 566 3674 consona
620 3616 815 3671 divinae
872 3613 1196 3684 Scriptum,
1255 3614 1332 3668 illi
1390 3613 1598 3669 scilicet
1649 3629 1771 3683 quae
1822 3614 1892 3669 ab

324 3708 536 3766 Joanne
566 3710 765 3781 scripta
787 3716 891 3776 est,
925 3708 1187 3763 vocabula
1225 3722 1572 3778 poneremus.
1610 3706 1701 3762 Ait
1743 3708 1890 3763 enim

326 3802 415 3859 ille
447 3822 461 3858 :
500 3800 704 3873 Scripsi
738 3801 902 3865 vobis,
956 3801 1126 3869 pueri,
1184 3801 1432 3871 quoniant
1456 3801 1769 3871 cognovistis
1795 3817 1892 3870 pa-

328 3903 491 3958 trem;
514 3892 703 3962 scripsi
727 3891 892 3954 vobt's,
924 3900 1120 3960 patres,
1145 3892 1392 3960 quoniam
1415 3892 1729 3960 cognovistis
1770 3907 1890 3944 eum

325 3986 414 4054 qui
450 3984 517 4038 ab
547 3983 704 4036 initio
731 3992 845 4047 est;
893 3983 1083 4052 scripsi
1120 3982 1282 4046 vobis,
1326 3981 1543 4049 juvenes
1570 4021 1588 4047 ,
1639 3982 1890 4051 quoniam

328 4074 496 4143 fortes
520 4073 667 4138 estis,
698 4082 745 4127 et
770 4071 977 4127 verbum
1011 4071 1105 4123 Dei
1131 4081 1301 4122 manet
1338 4070 1393 4122 in
1422 4070 1587 4133 vobis,
1612 4079 1661 4121 et
1694 4069 1893 4123 vicistis

327 4160 618 4231 malignum
643 4160 664 4192 ⁸
694 4158 825 4231 (10).
852 4158 1089 4214 Evidens
1117 4157 1306 4228 utique
1329 4166 1538 4212 estnec
1559 4156 1628 4210 ab
1657 4156 1768 4209 ullo
1805 4170 1892 4209 ar-

328 4251 498 4308 bitror
514 4251 737 4306 omnino
751 4249 1010 4313 dubitari,
1039 4249 1182 4320 quod
1212 4262 1413 4319 pueros
1442 4247 1529 4302 hic
1546 4245 1785 4313 Joannes
1812 4245 1894 4300 vel

330 4343 697 4398 adolescentes
715 4384 729 4408 ,
749 4342 830 4396 vel
844 4341 1094 4410 juvenes,
1111 4340 1195 4395 vel
1210 4340 1372 4395 etiam
1402 4348 1579 4408 patres
1595 4338 1889 4394 secundum

1997 3147 2209 3217 corpori
2223 3148 2422 3203 visibili
2450 3150 2622 3218 aptari
2646 3166 2824 3221 posse,
2846 3153 2939 3208 sed
2961 3153 3025 3208 ad
3063 3153 3348 3210 invisibilis
3370 3156 3565 3210 anima:

1995 3248 2203 3324 partem
2234 3240 2575 3311 virtutesque
2618 3243 2815 3298 debere
2873 3245 3116 3299 revocari
3153 3261 3167 3297 :
3210 3247 3467 3316 quoniam
3518 3257 3570 3301 et

1995 3330 2256 3384 vocabula
2276 3330 2495 3400 quidem
2519 3332 2719 3386 habent
2738 3332 2958 3399 similia,
2977 3343 3161 3404 aperte
3177 3344 3356 3390 autem
3382 3333 3435 3390 e't
3450 3338 3568 3391 sine

1996 3422 2103 3475 ulla
2140 3422 2495 3491 ambiguitate
2540 3437 2647 3478 non
2682 3424 2991 3491 exterioris,
3024 3425 3119 3480 sed
3165 3426 3439 3482 interioris
3466 3428 3567 3483 ho-

1994 3511 2159 3566 minis
2181 3512 2572 3582 signiticantias
2591 3523 2804 3583 gerunt.
2823 3513 2918 3569 Est
2939 3530 3069 3586 ergo
3090 3517 3387 3571 materialis
3406 3518 3568 3587 hujus

1996 3603 2256 3668 hominis,
2287 3604 2381 3674 qui
2407 3614 2460 3659 et
2489 3605 2725 3659 exterior
2759 3606 3082 3677 appellatur,
3110 3607 3266 3661 cibus
3296 3616 3567 3676 potusque

1994 3704 2201 3750 natura
2231 3711 2343 3750 sua:
2373 3705 2658 3765 cognatus,
2694 3710 2990 3767 corporeus
3013 3696 3114 3751 iste
3145 3696 3352 3751 scilicet
3380 3706 3433 3750 et
3457 3707 3569 3750 ter-

1992 3801 2178 3842 renus.
2221 3784 2484 3841 Similiter
2519 3796 2698 3842 autem
2745 3796 2801 3841 et
2832 3786 3092 3857 spiritalis
3125 3786 3362 3840 hominis
3393 3787 3565 3856 ipsius

1992 3883 2155 3952 quiet
2193 3883 2417 3937 interior
2443 3883 2663 3946 dicitur,
2699 3890 2784 3935 est
2822 3880 3077 3949 proprius
3108 3879 3285 3947 cibus,
3321 3889 3380 3934 ut
3410 3884 3566 3950 panis

1995 3976 2083 4029 ille
2110 3976 2264 4030 vivus
2292 3975 2384 4044 qui
2418 3973 2485 4029 de
2509 3974 2648 4028 coelo
2682 3969 2981 4025 descendit.
3023 3968 3128 4024 Sed
3170 3978 3226 4025 et
3264 3980 3423 4040 potus
3474 3972 3563 4025 ille

1993 4072 2168 4118 estex
2194 4065 2285 4116 illa
2316 4077 2457 4130 aqua
2480 4078 2643 4129 quam
2674 4062 2944 4128 promittit
2970 4059 3150 4124 Jesus,
3182 4061 3398 4115 dicens:
3430 4060 3568 4125 Qui-

1996 4168 2196 4220 cunque
2251 4150 2438 4202 biberit
2488 4165 2551 4201 ea:
2581 4149 2677 4201 hac
2724 4164 2862 4216 aqua
2916 4166 3074 4218 quant
3125 4164 3216 4218 ego
3250 4151 3317 4202 do
3363 4152 3432 4213 ei,
3465 4166 3567 4202 non

1995 4242 2137 4295 sitiet
2163 4240 2218 4294 in
2247 4246 2499 4294 veternum
2529 4237 2592 4292 ιε.
2626 4236 2717 4292 Sic
2746 4252 2874 4308 ergo
2923 4253 3018 4308 per
3051 4239 3232 4293 omnia
3265 4239 3566 4294 similitudo

1995 4331 2213 4403 quidem
2243 4330 2628 4386 vocabulorum
2646 4331 2942 4386 secundum
2971 4340 3260 4402 utrumque
3286 4332 3559 4387 hominem

330 4435 554 4500 animae,
596 4448 702 4487 non
749 4431 1045 4487 secundum
1089 4429 1336 4500 corporis
1376 4429 1606 4500 appellet
1655 4436 1886 4483 aetatem.
1924 4436 1966 4491 ι)
1995 4426 2241 4497 ponitur:
2277 4438 2456 4477 rerum
2497 4439 2623 4478 vero
2668 4424 2972 4493 proprietas
3000 4425 3294 4492 unicuique
3326 4427 3561 4480 discrcza

333 4525 435 4580 Sed
459 4535 513 4580 et
540 4524 744 4580 Paulus
774 4524 906 4579 dicit
927 4523 979 4577 in
1006 4522 1242 4592 quodam
1271 4522 1391 4578 loco
1417 4541 1430 4577 :
1463 4520 1585 4575 Non
1624 4524 1773 4590 potui
1802 4539 1891 4576 vo-

332 4618 410 4671 bis
452 4618 592 4689 loqui
628 4617 781 4687 quasi
830 4614 1188 4684 spiritalibus,
1233 4615 1321 4668 sed
1359 4615 1510 4684 quasi
1551 4613 1889 4677 carnalibus;

335 4717 579 4770 tanquam
609 4702 842 4773 parvulis
883 4703 940 4754 in
986 4701 1195 4755 Christo
1237 4701 1322 4755 lac
1349 4703 1490 4756 vobis
1518 4711 1699 4771 potum
1745 4702 1889 4770 dedi,

335 4810 433 4847 non
447 4810 616 4848 escam
649 4795 691 4848 ³.
715 4792 770 4847 ln
803 4792 1023 4847 Chrism
1059 4792 1169 4864 (ll)
1198 4794 1455 4862 parvulus
1486 4794 1675 4864 procul
1725 4794 1891 4848 dubio

336 4884 624 4939 Secundum
663 4883 881 4949 animae,
916 4898 1021 4936 non
1045 4884 1343 4938 secundum
1377 4885 1555 4938 carnis
1581 4884 1892 4939 nominatur

335 4985 557 5032 aetatem.
587 4974 830 5045 Denique
856 4973 997 5029 idem
1026 4972 1223 5029 Paulus
1245 4974 1407 5029 etiam
1434 4976 1487 5029 in
1512 4976 1619 5030 alio
1643 4976 1763 5030 loco
1790 4977 1885 5030 ait:

1998 4525 2269 4579 servatur,
2297 4523 2351 4569 et
2375 4515 2742 4585 corruptibilia
2781 4517 3121 4585 praebentur,
3164 4516 3562 4584 incorruptibili

1998 4628 2124 4666 vero
2151 4609 2584 4678 incorruptibilia
2621 4617 3017 4678 proponuntur.
3064 4606 3219 4664 Unde
3246 4608 3462 4670 accidit,
3509 4619 3567 4663 ut

1997 4700 2358 4770 simpliciores
2381 4699 2599 4770 quidam
2629 4700 2931 4753 nescientes
2953 4698 3282 4770 distinguere
3301 4716 3365 4754 ac
3390 4714 3569 4755 secer-

1999 4809 2127 4847 nere
2168 4806 2293 4861 ane
2336 4792 2444 4846 sint
2471 4807 2592 4861 quae
2635 4790 2687 4843 in
2732 4789 3029 4859 Scripturis
3072 4793 3272 4848 divinis
3318 4791 3565 4848 interiori

1999 4884 2226 4949 homini,
2255 4899 2375 4951 quae
2398 4898 2526 4937 vero
2552 4882 2807 4937 exteriori
2838 4884 3143 4952 deputanda
3167 4886 3297 4950 sint,
3331 4884 3537 4938 vocabu
3556 4914 3569 4923 -

2000 4975 2175 5028 lorum
2206 4972 2656 5029 similitudinibus
2684 4971 2802 5028 falsi
2833 4974 2899 5028 ad
2934 4975 3147 5044 ineptas
3184 4975 3449 5046 quasdam
3487 4974 3570 5030 fa—

397 5135 419 5164 '
447 5135 578 5192 Gen.
613 5154 650 5201 ι,
681 5139 780 5204 26;
814 5154 871 5204 ιι,
905 5142 956 5194 7.
1034 5139 1055 5171 ³
1090 5139 1133 5193 Il
1160 5136 1284 5193 Cor.
1322 5153 1394 5201 tv,
1433 5136 1515 5191 i6.
1593 5135 1614 5168 ⁸
1639 5134 1796 5190 Rom.
1828 5150 1925 5200 vn,
1957 5134 2046 5189 22.

1899 5150 1925 5200 ι,
1957 5134 2046 5189 22.
2124 5132 2146 5164 ⁸
2174 5131 2194 5186 1
2223 5131 2377 5204 Joan.
2412 5149 2471 5198 ιι,
2502 5134 2586 5195 15,
2622 5133 2707 5187 14.
2782 5134 2801 5165 θ
2830 5134 2994 5188 lCor.
3032 5152 3111 5193 ιιι,
3147 5138 3196 5197 l,
3228 5137 3280 5189 9.
3357 5136 3377 5167 ⁷
3407 5136 3572 5192 lCor.

328 5217 445 5267 xm,
477 5205 557 5263 il.
634 5208 657 5240 ⁸
683 5209 885 5273 Ephes.
922 5228 996 5273 Iv,
1035 5211 1113 5264 15.
1188 5207 1404 5261 ’Eccle.
1435 5221 1492 5271 ιι,
1527 5205 1611 5260 1-4.

329 5278 580 5343 ιιιιιι,2.
657 5277 702 5311 ¹⁸
727 5273 829 5335 lsa.
859 5296 1003 5345 xxvi,
1033 5280 1116 5335 18.
1196 5279 1241 5310 ¹⁵
1271 5276 1410 5332 Psal.
1441 5293 1495 5342 v,
1521 5276 1571 5330 9.
1651 5275 1694 5307 ¹⁶
1724 5273 1866 5330 Psal.
1896 5291 1979 5341 ιν,
2016 5276 2069 5330 9.

420 5418 494 5483 (9)
525 5420 696 5476 Codd.
729 5420 1019 5475 Beccensis
1042 5427 1095 5472 et
1117 5416 1478 5483 Turonensis,
1520 5424 1677 5470 (etate
1707 5415 1898 5483 aliquis

348 5497 421 5540 est
449 5504 573 5556 puer
611 5491 897 5544 secundum
936 5490 1262 5542 exteriorem.
1299 5485 1455 5540 Libb.
1484 5487 1612 5540 edit.
1636 5525 1650 5551 ,
1694 5495 1899 5538 velatur

349 5557 536 5629 aliquis
563 5576 674 5614 esse
694 5577 823 5629 puer
844 5559 1128 5629 secundum
1161 5557 1477 5629 interiorem.

420 5623 529 5697 (10)
572 5629 636 5683 Et
669 5623 879 5683 verbum
940 5628 1231 5697 Deimanet
1254 5627 1320 5697 in
1364 5624 1530 5691 vobis,
1579 5635 1629 5678 et
1655 5623 1896 5697 vicistist

352 5691 444 5750 sui
483 5691 680 5755 habent
705 5714 861 5766 mss.,
909 5697 999 5752 sed
1036 5695 1154 5749 libri
1181 5696 1328 5762 editi,
1355 5707 1402 5749 et
1427 5712 1519 5765 per
1560 5694 1769 5748 verbum
1808 5691 1897 5745 Dei

1691 5205 1733 5237 ¹⁰
1746 5204 1935 5258 Matth.
1950 5221 2067 5267 xm,
2083 5204 2170 5258 45.

2250 5203 2289 5234 ¹¹
2321 5203 2521 5258 Jerem.
2551 5219 2658 5260 XXI.
2687 5204 2737 5257 1.
2816 5206 2857 5236 "
2883 5205 3041 5258 Prov.
3075 5220 3129 5259 ιιι
3151 5247 3164 5262 .
3193 5207 3281 5259 25.
3361 5206 3404 5237 ¹³
3432 5206 3574 5261 Psal.

2148 5275 2189 5305 ⁸⁷
2212 5271 2353 5328 Psal.
2387 5290 2464 5341 ιιι,
2496 5274 2547 5328 7.
2627 5274 2692 5306 ¹⁷⁶
2718 5272 2858 5329 Psal.
2893 5290 2946 5340 χ,
2979 5277 3064 5330 15.
3145 5275 3186 5306 ³⁸
3207 5276 3363 5330 Joan.
3387 5292 3460 5342 tv,
3488 5280 3573 5337 lo.

2003 5415 2142 5480 quod
2170 5423 2344 5469 ntanet
2386 5415 2441 5467 in
2481 5412 2632 5476 calo,
2657 5412 2855 5466 vicistis
2877 5410 3189 5481 malignum.

2077 5486 2188 5555 (ΙΙ)
2230 5485 2294 5537 In
2329 5484 2565 5545 Christo,
2595 5482 2826 5555 etc.Sic
2866 5479 3025 5555 mss,
3069 5479 3196 5555 libri
3239 5493 3367 5535 vero
3407 5481 3572 5555 editi:

2003 5570 2057 5606 tu
2081 5548 2290 5608 Christo
2326 5563 2499 5607 autent
2533 5554 2742 5620 parvuli
2766 5550 2952 5623 procul
2986 5548 3147 5601 dubio
3180 5589 3194 5605 .
3232 5584 3249 5604 .
3278 5588 3292 5605 .
3323 5589 3337 5604 .
3364 5590 3378 5605 .
3411 5554 3577 5607 nomi-

2005 5633 2217 5676 ιιιιιιῑιιιο.
