4236 6282
608 385 676 442 (ιτ
1516 350 1527 357 “
1673 384 1996 442 cuiusuis
2023 385 2092 439 ιιι
2129 382 2281 439 can:

2186 382 2483 439 ANTICUM
2521 384 2794 442 CANTIC.
3791 400 3859 453 68

608 502 766 557 bulas
796 513 854 556 et
893 502 1147 571 ﬁgmenta
1174 500 1362 554 inania
1410 502 1489 557 se'
1512 503 1875 568 contulerint;
1918 512 1977 556 ιιι
2019 503 2182 555 etiam
2218 508 2259 561 Α
2293 500 2598 571 Scriptura,
2628 504 2816 559 volens
2838 516 3040 559 cavere
3077 520 3144 560 ne
3187 505 3383 577 lapsus
3403 508 3605 578 aliquis
3646 510 3866 582 legenti-

608 602 733 662 post
779 592 1232 646 resurrectionem
1284 591 1424 647 cibis
1478 594 1856 661 corporalibus
1914 596 2176 649 utendum

605 684 906 749 crederent,
940 691 1235 753 potumque
1261 684 1585 739 sumendum
1622 701 1730 740 non
1764 687 1943 740 solum
1990 702 2058 741 ex
2090 688 2181 741 illa

605 777 713 831 vite
732 791 857 830 vera
882 784 937 829 et
957 774 1171 830 vivente
1196 775 1249 830 in
1273 776 1494 839 saecula,
1521 792 1709 832 verum
1731 785 1786 831 et
1817 793 1885 833 ex
1932 779 2019 833 his
2053 780 2180 832 viti~

604 867 706 922 bus
736 877 791 921 et
821 866 1094 922 fructibus
1121 868 1236 937 (12)
1261 868 1416 938 ligni.
1458 866 1565 922 Sed
1589 867 1656 922 de
1688 868 1773 923 his
1805 869 1941 923 alias
1975 870 2181 924 videbi-

604 974 744 1014 mus.
770 957 928 1015 Nune
959 974 1113 1030 ergo,
1143 968 1204 1013 ιιι
1224 960 1547 1029 praecedenti
1577 961 1961 1016 observatione
1983 960 2180 1016 distiu—

598 1050 800 1117 aimus,
835 1058 921 1106 est
945 1051 1163 1121 quidem
1215 1050 1514 1105 secundum
1549 1050 1859 1107 interiorem
1901 1052 2176 1107 hominem

595 1141 739 1195 alius
780 1140 901 1196 sine
937 1141 1063 1195 tiliis
1095 1149 1150 1195 et
1181 1141 1404 1205 sterilis,
1450 1140 1594 1195 alius
1624 1157 1754 1196 vero
1804 1143 2090 1198 abundans
2122 1144 2177 1199 in

596 1233 740 1289 ﬁliis.
774 1233 1086 1289 Secundum
1117 1234 1263 1304 quod
1296 1246 1350 1288 et
1380 1232 1509 1288 illud
1541 1236 1879 1291 advertimus
1914 1236 2124 1291 dictum
2159 1256 2171 1291 :

595 1323 807 1379 Sterilis
829 1327 1024 1394 peperit
1059 1335 1275 1394 septem,
1317 1335 1364 1378 et
1396 1324 1620 1393 fecunda
1642 1325 1697 1379 in
1733 1325 1863 1394 ﬁliis
1897 1327 2174 1396 inﬁrmata

591 1425 669 1469 est
704 1418 769 1469 ¹⁹.
805 1416 870 1471 Ει
902 1425 963 1472 ιιι
1011 1417 1064 1472 iu
1108 1417 1582 1472 benedictionibus
1628 1417 1866 1472 dicitur:
1910 1418 2030 1472 Non
2071 1421 2172 1473 erit

595 1507 651 1560 in
681 1510 826 1562 vobis
845 1509 958 1563 sine
988 1509 1121 1578 ﬁliis
1140 1518 1189 1563 et
1226 1507 1422 1562 sterilis
1459 1510 1526 1564 ³⁸.
1562 1505 1731 1580 Igitur
1756 1509 1804 1564 si
1840 1510 1954 1566 haec
2000 1511 2070 1565 ita
2113 1524 2172 1566 se

594 1598 817 1662 habent,
857 1599 1000 1653 sicut
1039 1600 1240 1654 dicitur
1274 1599 1474 1669 aliquis
1513 1601 1753 1655 carnalis
1789 1616 1966 1669 amor,
2007 1618 2169 1672 quem

590 1695 648 1740 et
671 1687 979 1757 cupidinem
1004 1688 1410 1758 appellaverunt
1454 1699 1644 1759 poeta,
1677 1692 1976 1746 secundum
2005 1709 2167 1762 quem

591 1777 687 1846 qui
709 1787 874 1842 amat,
899 1779 953 1832 in
979 1794 1142 1834 carne
1164 1781 1435 1847 seminat;
1466 1782 1538 1835 ita
1560 1790 1642 1836 est
1664 1792 1719 1837 et
1757 1782 1980 1852 quidam
2006 1785 2170 1854 5ρίιί-

2290 594 2389 647 bus
2417 595 2521 647 sub
2550 597 2757 649 amoris
2788 596 3009 650 nomine
3039 608 3381 664 nasceretur,
3406 615 3504 669 pro
3550 600 3868 656 infirmiori-

2286 684 2388 739 bus
2413 686 2722 756 quibusque
2759 674 2884 741 eum
2919 687 3015 757 qui
3048 689 3192 758 apud
3222 691 3498 760 sapientes
3540 693 3727 746 saeculi
3770 708 3865 747 cu-

2284 775 2427 843 pido,
2460 791 2553 830 seu
2580 790 2735 829 amor
2763 776 2998 843 dicitur,
3029 777 3333 834 honestiori
3378 781 3646 836 vocabulo
3681 781 3867 837 chari—

2282 874 2447 920 tatem
2498 866 2579 921 vel
2617 868 2963 923 dilectionem
2999 870 3335 926 nominasse.
3378 870 3538 926 Verbi
3574 874 3771 943 gratia,
3807 885 3866 930 ut

2279 972 2405 1011 cum
2441 956 2577 1012 dixit
2605 956 2673 1013 de
2699 957 2882 1014 Isaac:
2919 958 2989 1014 Et
3022 963 3221 1032 accepit
3249 962 3558 1029 Rebeccam,
3612 976 3664 1020 et
3715 968 3862 1036 facta

2277 1056 2357 1100 est
2380 1049 2430 1103 ei
2461 1064 2616 1115 uxor,
2647 1059 2696 1103 et
2738 1050 2928 1105 dilexit
2955 1068 3072 1106 eam
3101 1054 3168 1108 ³³.
3193 1052 3260 1108 Ει
3293 1055 3490 1110 iterum
3526 1056 3596 1112 de
3619 1055 3788 1113 Iacob
3808 1068 3863 1114 ct

2281 1135 2483 1192 Rachel
2517 1138 2771 1194 similiter
2796 1140 2927 1196 dicit
2958 1139 3277 1212 Scriptura:
3308 1139 3509 1200 Rachel
3539 1157 3717 1201 autem
3746 1159 3862 1203 erat

2277 1227 2467 1281 decora
2501 1230 2690 1295 oculis,
2713 1242 2761 1283 et
2782 1235 3006 1299 pulchra
3044 1232 3199 1301 facie,
3228 1244 3279 1288 et
3318 1234 3510 1289 dilexit
3546 1235 3714 1291 Iacob
3746 1237 3858 1291 Ra—

2275 1319 2410 1382 chel,
2439 1330 2489 1373 et
2515 1321 2654 1373 dixit
2680 1337 2698 1374 :
2724 1321 2962 1376 Servium
2988 1324 3086 1377 tibi
3123 1334 3319 1394 septem
3350 1328 3503 1382 annis
3533 1344 3629 1398 pro
3664 1327 3861 1383 Rachel

2275 1409 2394 1479 ﬁlia
2427 1420 2521 1465 tua
2572 1413 2790 1481 juniore
2823 1414 2891 1468 ν’.
2942 1415 3264 1473 Evidentius
3313 1428 3495 1473 autem
3539 1420 3859 1476 immutatus

2275 1518 2412 1559 usus
2440 1504 2690 1559 vocabuli
2725 1505 2891 1575 hujus
2921 1517 3144 1577 apparet
3165 1509 3221 1563 in
3248 1508 3487 1575 Amnon,
3514 1512 3609 1581 qui
3637 1514 3859 1568 adama-

2279 1597 2353 1650 vit
2377 1609 2622 1651 sororem
2662 1612 2817 1652 suam
2858 1596 3116 1654 Thamar.
3157 1599 3432 1670 Scriptura
3465 1611 3547 1657 est
3573 1603 3716 1657 enim
3745 1620 3758 1656 :
3787 1603 3857 1658 Et

2275 1687 2474 1756 factum
2500 1698 2576 1742 est
2609 1696 2725 1756 post
2757 1689 2887 1753 hare,
2914 1698 2963 1743 et
2984 1699 3100 1745 erat
3124 1690 3357 1745 Absalon
3399 1691 3513 1760 ﬁlio
3563 1691 3735 1747 David
3770 1711 3857 1749 so-

2274 1793 2364 1830 ror
2392 1778 2584 1831 decora
2618 1779 2755 1847 facie
2781 1780 2954 1843 valde,
2989 1792 3038 1835 et
3074 1797 3258 1836 nomen
3283 1783 3331 1836 ei
3374 1781 3640 1848 Thamar,
3681 1795 3732 1839 et
3764 1787 3852 1839 di-

591 1871 718 1926 talis
780 1887 968 1939 amor,
1023 1874 1322 1928 secundum
1377 1889 1539 1943 quem
1591 1875 1680 1929 ille
1732 1876 1963 1932 interior
2006 1878 2170 1933 homo
2205 1845 2246 1903 Β

2205 1845 2246 1903 Β
2274 1868 2401 1922 (exit
2438 1886 2554 1924 eam
2583 1845 2789 1923 Amnon
2815 1872 2961 1939 ﬁlius
2996 1872 3164 1927 David
3191 1874 3258 1928 ".
3281 1874 3498 1940 Dilevit,
3522 1845 3707 1945 posuit
3730 1891 3850 1946 pro,

592 1978 786 2019 amans
822 1964 876 2017 in
907 1964 1104 2034 spiritu
1151 1966 1405 2021 seminat.
1448 1964 1515 2019 Et
1553 1976 1611 2021 nt
1639 1968 1949 2024 evidentius
1968 1969 2173 2037 dicam,

587 2054 637 2108 si
667 2054 791 2123 quis
806 2062 890 2108 est
914 2056 1005 2124 qui
1030 2064 1209 2124 portat
1227 2056 1406 2110 adhuc
1435 2056 1729 2126 imaginem
1753 2061 1951 2113 terreni
1978 2075 2174 2116 secun-

586 2146 717 2200 dum
747 2145 1072 2201 exteriorem
1100 2147 1396 2212 hominem,
1425 2148 1603 2216 agitur
1628 2148 1882 2217 cupidine
1902 2157 1957 2205 et
1986 2165 2174 2216 amore

588 2249 825 2293 terreno.
861 2238 964 2304 Qui
994 2254 1124 2292 vero
1157 2246 1337 2307 portat
1368 2238 1662 2309 imaginem
1697 2240 1936 2296 caelestis
1975 2256 2173 2297 secun-

588 2330 720 2383 dum
746 2327 1062 2383 interiorem
1102 2326 1401 2394 hominem,
1429 2328 1606 2398 agitur
1631 2330 1884 2399 cupidine
1909 2339 1965 2385 et
1985 2346 2172 2387 amore

588 2417 820 2473 etelesti.
865 2416 1066 2472 Amore
1099 2426 1278 2472 autem
1318 2427 1371 2472 et
1427 2418 1683 2488 cupidine
1731 2421 1943 2476 caelesti
1992 2424 2172 2492 agitur

586 2510 770 2565 anima
796 2525 920 2565 cum
953 2521 1233 2580 perspecta
1269 2510 1681 2580 pulchritudine
1710 2521 1765 2566 et
1793 2513 1991 2568 decore
2020 2516 2169 2570 verbi

587 2595 704 2662 Dei,
728 2600 962 2668 speciem
984 2599 1104 2666 ejus
1120 2600 1474 2667 adamaverit,
1504 2608 1558 2655 et
1577 2616 1642 2655 ex
1664 2602 1785 2671 ipso
1805 2604 1967 2658 telum
1995 2608 2171 2675 quod-

585 2689 710 2744 dam
741 2700 796 2744 et
817 2690 1016 2745 vulnus
1041 2693 1246 2746 amoris
1289 2692 1579 2762 acceperit.
1618 2692 1715 2752 Est
1761 2697 1906 2750 enim
1943 2699 2166 2755 verbum

587 2783 693 2835 hoc
727 2781 927 2851 imago,
949 2790 1005 2837 et
1031 2783 1289 2852 splendor
1315 2783 1406 2838 Dei
1430 2784 1738 2852 invisibilis,
1768 2788 2168 2861 primogenitus

585 2871 766 2926 omnis
787 2883 1086 2941 creaturas,
1121 2873 1174 2928 in
1212 2891 1322 2945 quo
1348 2884 1530 2931 creata
1555 2886 1686 2932 sunt.
1723 2880 1908 2935 omnia
1959 2898 2081 2952 qua:
2112 2883 2168 2938 in

585 2965 741 3019 etatis
771 2966 919 3029 sunt,
954 2974 1009 3021 et
1027 2983 1148 3037 qua!
1181 2969 1234 3023 in
1275 2971 1457 3037 terris,
1488 2970 1603 3026 sive
1639 2973 1897 3040 visibilis,
1935 2977 2049 3032 sive
2084 2977 2170 3031 in—

583 3055 838 3112 visibilia.
863 3057 1034 3129 igitur
1062 3059 1109 3115 si
1130 3059 1254 3131 quis
1282 3061 1522 3131 potuerit
1550 3063 1736 3131 capaci
1783 3075 1965 3121 mente
1990 3067 2168 3138 conji-

2271 1960 2566 2014 adamavit.
2611 1959 2677 2013 Et
2710 1960 3090 2029 tribulabatur,
3137 1962 3350 2032 inquit,
3388 1964 3590 2018 Amnon
3614 2004 3630 2027 ,
3684 1967 3761 2018 ita
3795 1976 3854 2020 ut

2272 2051 2636 2121 inﬁrmarelur
2674 2064 2886 2122 propter
2934 2052 3165 2107 Thamar
3215 2070 3448 2109 sororem
3492 2071 3679 2110 want:
3722 2074 3853 2128 quo-

2273 2144 2416 2196 niam
2464 2144 2609 2214 virgo
2638 2154 2773 2211 erat,
2796 2155 2844 2197 et
2874 2161 3026 2215 grave
3048 2144 3325 2200 videbatur
3359 2148 3417 2200 in
3443 2147 3611 2202 oculis
3643 2149 3851 2202 Amnon

2270 2232 2444 2301 facere
2467 2233 2516 2286 ei
2540 2232 2745 2303 aliquid
2771 2233 2837 2287 ’⁸.
2862 2231 2929 2288 Et
2957 2245 3076 2303 post
3106 2246 3279 2303 pauca
3315 2235 3383 2290 de
3404 2236 3656 2292 violentia
3684 2253 3849 2307 quam

2272 2323 2456 2376 intulit
2485 2323 2701 2378 Amnon
2737 2322 2978 2378 Thamar
3020 2326 3196 2380 sorori
3239 2341 3373 2391 suae,
3425 2327 3497 2381 ita
3539 2328 3671 2382 dicit
3704 2327 3854 2383 Scri-

2272 2423 2463 2483 ptura:
2499 2412 2568 2467 Et
2597 2414 2765 2468 noluit
2814 2415 3020 2468 Amnon
3048 2416 3236 2469 audire
3265 2432 3438 2470 vocent
3469 2417 3606 2486 ejus,
3638 2419 3730 2471 sed
3766 2419 3852 2472 in-

2270 2505 2436 2558 valuit
2492 2521 2648 2574 super
2673 2521 2824 2568 eam,
2875 2513 2926 2559 et
2973 2504 3271 2560 humiliavit
3327 2522 3444 2561 eam
3476 2549 3491 2572 ,
3545 2517 3595 2562 et
3642 2508 3849 2562 dormi-

2268 2596 2341 2650 vit
2372 2595 2481 2665 29
2524 2611 2642 2649 cum
2674 2612 2756 2660 ea,
2791 2605 2839 2649 et
2883 2595 3043 2650 adivit
3084 2613 3200 2650 eam
3239 2599 3361 2653 odio
3400 2600 3607 2654 Amnon
3653 2617 3846 2672 magno

2269 2685 2455 2740 valde:
2479 2686 2733 2755 quoniam
2779 2686 2950 2755 majus
2987 2698 3101 2740 erat
3142 2687 3320 2741 odium
3363 2705 3464 2747 quo
3496 2689 3678 2744 oderat
3707 2708 3844 2755 eam,

2267 2794 2429 2847 quant
2466 2778 2683 2831 dilectio
2711 2795 2818 2848 qua
2857 2778 3113 2831 dilexerat
3142 2795 3259 2833 eam
3289 2780 3355 2835 ³⁷.
3389 2780 3452 2834 Ει
3485 2781 3538 2835 ἰιι
3577 2782 3664 2837 his
3691 2799 3844 2854 ergo,

2268 2881 2323 2928 et
2354 2875 2406 2928 in
2440 2873 2689 2943 pluribus
2726 2874 2851 2928 aliis
2879 2873 3012 2929 locis
3042 2873 3288 2930 invenies
3331 2874 3671 2946 Scripturam
3702 2879 3841 2934 divi~

2270 2982 2397 3021 nam
2435 2965 2701 3037 refugisse
2734 2966 2940 3021 amoris
2971 2966 3320 3031 vocabulum,
3355 2976 3411 3022 et
3439 2969 3725 3025 eharitatis
3756 2971 3846 3026 di-

2268 3059 2628 3129 lectionisque
2661 3059 2930 3128 posuisse.
2960 3056 3258 3123 Interdum,
3292 3059 3417 3114 licet
3444 3076 3594 3128 raro,
3626 3062 3847 3132 proprio

582 3161 706 3202 cere
754 3159 806 3203 et
849 3149 1197 3206 considerare
1245 3153 1442 3208 horum
1488 3153 1738 3208 omnium
1770 3171 1893 3225 qua;
1943 3157 1999 3212 in
2045 3158 2237 3240 ipsae
2273 3160 2453 3207 tamen
2493 3150 2762 3205 vocabulo
2812 3164 3055 3207 amorem
3111 3150 3379 3216 nominat,
3431 3160 3485 3206 et
3540 3152 3733 3209 invitat
3774 3155 3844 3209 ad

581 3250 764 3297 creata
798 3252 926 3298 sunt
959 3243 1126 3299 decus
1148 3254 1201 3300 et
1224 3245 1485 3316 speciem,
1516 3246 1632 3316 ipsa
1666 3262 1850 3303 rerum
1885 3260 2168 3307 venustate

580 3346 876 3400 percussus
899 3374 914 3399 ,
940 3342 995 3389 et
1022 3336 1328 3406 splendoris
1374 3334 1777 3406 magniﬁcentia
1813 3354 1914 3394 ceu
1957 3339 2163 3410 jaculo,

584 3430 643 3473 ιιι
670 3422 747 3474 ait
767 3423 1032 3491 propheta
1054 3425 1124 3490 ⁸⁸,
1144 3424 1322 3480 electo
1345 3424 1670 3491 terebratus,
1697 3426 1934 3483 salutare
1956 3430 2024 3483 ab
2046 3430 2166 3499 ipso

581 3510 783 3565 vulnus
811 3511 1062 3581 accipiet,
1083 3522 1138 3569 et
1164 3514 1324 3569 beato
1348 3513 1472 3583 igne
1505 3515 1712 3572 amoris
1740 3517 1862 3587 ejus
1892 3519 2126 3576 ardebit.

650 3622 880 3694 Oportet
899 3624 1065 3679 etiam
1091 3640 1194 3681 nos
1215 3626 1347 3682 illud
1379 3626 1542 3692 scire,
1573 3628 1719 3698 quod
1756 3629 1978 3687 illicitus
2008 3648 2167 3689 amor

576 3729 632 3772 et
659 3725 850 3772 contra
883 3715 1055 3789 legem
1082 3716 1225 3773 sicut
1265 3717 1511 3773 accidere
1558 3727 1740 3787 potest
1774 3720 1980 3776 homini
2013 3733 2165 3779 exte-

575 3806 734 3874 riori,
784 3806 937 3862 verbi
973 3806 1184 3878 gratia,
1230 3814 1290 3862 ut
1319 3822 1429 3861 non
1458 3823 1718 3878 sponsam
1751 3810 1836 3865 vel
1874 3813 2160 3884 coniugem

577 3908 745 3963 amet,
770 3898 863 3955 sed
889 3911 985 3956 aut
1011 3901 1355 3956 meretricem
1383 3906 1479 3954 aut
1515 3900 1846 3969 adulteram;
1888 3903 1961 3958 ita
2000 3914 2056 3958 et
2078 3905 2164 3960 in-

578 3988 764 4043 teriori
783 3989 1011 4055 homini,
1034 3991 1143 4046 hoc
1161 4000 1246 4046 est
1272 3990 1492 4055 animae,
1514 3990 1761 4046 accidere
1782 4002 1961 4062 potest
1982 4009 2161 4064 amor,

575 4097 686 4137 non
722 4081 775 4136 in
804 4082 1106 4153 legitimum
1127 4097 1389 4153 sponsum
1415 4100 1577 4155 quem
1608 4083 1852 4141 diximus
1879 4101 2002 4141 esse
2032 4085 2163 4142 Ver-

576 4176 706 4230 bum
741 4173 856 4240 Dei,
880 4175 972 4231 sed
998 4175 1053 4230 in
1085 4176 1391 4232 adulterum
1416 4177 1653 4248 aliquem
1684 4186 1737 4234 et
1756 4189 2157 4250 corruptorem.

572 4266 731 4334 Quod
764 4266 869 4321 sub
904 4266 1008 4321 hac
1035 4269 1224 4324 eadem
1260 4268 1434 4338 ﬁgura
1456 4271 1737 4326 evidenter
1757 4271 1998 4327 declarat
2026 4271 2160 4328 Eze-

573 4361 714 4416 chiel
740 4360 1001 4429 propheta
1024 4361 1093 4421 “,
1126 4361 1220 4413 ubi
1241 4359 1454 4412 Oollam
1479 4370 1535 4413 et
1574 4361 1823 4415 Oolibam
1859 4364 2162 4418 introducit

574 4451 677 4506 sub
693 4447 871 4518 specie
894 4446 1158 4501 Samaria:
1182 4456 1236 4501 et
1258 4444 1618 4510 Hierusalem,
1637 4448 1946 4503 adulterino
1968 4465 2155 4505 amore

2269 3258 2396 3298 eum
2434 3250 2600 3311 atque
2623 3241 2812 3296 incitat
2841 3240 3077 3307 animas,
3112 3249 3170 3296 ιιι
3193 3256 3317 3296 cum
3361 3241 3495 3297 dicit
3528 3242 3584 3297 in
3614 3240 3845 3300 Prover-

2266 3335 2372 3391 biis
2401 3336 2468 3391 de
2497 3334 2764 3404 sapientia
2790 3351 2804 3388 :
2832 3332 3043 3387 Adama
3075 3349 3216 3396 earn,
3253 3343 3304 3388 et
3335 3337 3562 3389 servabit
3609 3345 3697 3401 te;
3732 3338 3844 3389 cir-

2264 3427 2458 3480 cumda
2479 3441 2618 3489 eant,
2649 3436 2702 3479 et
2724 3424 2983 3480 exaltabit
3020 3432 3107 3488 te;
3133 3425 3331 3480 honora
3364 3442 3502 3492 eam,
3538 3435 3588 3481 et
3616 3427 3848 3495 comple—

2263 3530 2440 3574 cietur
2470 3528 2521 3573 te
2555 3519 2621 3572 ’⁸.
2648 3518 2755 3573 Sed
2783 3527 2838 3573 et
2864 3518 2918 3573 in
2956 3533 3022 3573 eo
3051 3517 3232 3574 libello
3259 3518 3351 3588 qui
3387 3518 3588 3574 dicitur
3620 3518 3845 3590 Sapien-

2265 3611 2340 3667 tia
2364 3610 2697 3677 Salomonis,
2732 3609 2807 3665 ita
2844 3610 3107 3681 scriptum
3152 3618 3240 3666 est
3274 3610 3343 3666 de
3379 3611 3495 3681 ipsa
3532 3613 3837 3683 sapientia:

2262 3706 2490 3760 Amator
2514 3705 2690 3774 factus
2729 3720 2847 3759 sum
2885 3702 3091 3757 decoris
3125 3703 3240 3772 ejus
3270 3705 3337 3758 ”.
3363 3705 3616 3760 Arbitror
3653 3714 3838 3762 autem

2261 3797 2409 3866 quod
2444 3794 2538 3849 ubi
2583 3794 2730 3848 nulla
2776 3793 2963 3862 lapsus
3005 3793 3292 3848 videbatur
3324 3793 3562 3859 occasio,
3598 3794 3671 3851 ibi
3717 3805 3840 3850 tan-

2262 3894 2380 3942 tum
2413 3901 2612 3940 nomen
2656 3883 2865 3939 amoris
2909 3883 3158 3939 inseruit.
3205 3882 3347 3950 Quid
3379 3885 3526 3940 enim
3558 3885 3836 3955 passibile,

2264 3985 2361 4032 aut
2407 3975 2539 4046 quid
2592 3974 2914 4029 indecorum
2966 3974 3140 4043 possit
3192 3975 3396 4046 aliquis
3449 3975 3731 4032 advertere
3778 3975 3834 4031 in

2274 4081 2466 4122 amore
2496 4064 2800 4136 sapientiae,
2823 4063 2910 4119 vel
2948 4063 3004 4118 in
3033 4078 3101 4119 eo
3132 4062 3226 4133 qui
3273 4078 3334 4117 se
3370 4070 3671 4117 amatorem
3711 4077 3839 4132 pro-

2264 4158 2484 4215 ﬁteatur
2546 4172 2667 4213 esse
2725 4154 3053 4227 sapientiae?
3105 4152 3241 4209 Nam
3291 4153 3337 4210 si
3395 4154 3659 4218 dixisset,
3708 4155 3839 4223 quia

2260 4252 2537 4308 adamavit
2581 4250 2667 4305 vel
2715 4247 2868 4304 Isaae
2907 4246 3235 4310 Rebeccam,
3265 4245 3351 4299 vel
3399 4243 3568 4300 Iacob
3611 4243 3835 4313 Rachel,

2262 4347 2447 4414 passio
2482 4344 2673 4411 utique
2708 4342 2890 4409 aliqua
2923 4338 3180 4391 indecora
3209 4350 3306 4405 per
3343 4335 3460 4389 haec
3504 4336 3664 4389 verba
3706 4352 3835 4408 erga

2261 4443 2481 4489 sanctos
2526 4431 2619 4484 Dei
2666 4428 2914 4484 homines
2957 4424 3226 4495 potuisset
3260 4423 3508 4495 intelligi,
3546 4427 3689 4494 apud
3737 4443 3835 4484 eos

573 4512 883 4611 corruptas,
932 4538 1078 4594 sicut
1123 4537 1278 4593 locus
1325 4536 1441 4606 ipse
1491 4536 1774 4605 scripturae
1821 4539 2153 4607 pr0pheticze
2183 4512 2233 4570 Β
2256 4520 2530 4611 Prieni!”e
2550 4514 2928 4611 ‘1“i_"‘?SCi“m
2954 4529 2984 4567 ³
3014 4513 3193 4611 “tu?”
3223 4515 3591 4611 ΫθηδῩ⁰¹¹άθῘῗ⁵
3720 4520 3835 4611 ενίέ

571 4632 811 4687 ostendit
837 4629 1147 4685 volentibus
1176 4626 1392 4696 plenius
1421 4625 1582 4680 scire.
1616 4625 1942 4682 Exardescit
1972 4636 2153 4682 autem

572 4725 737 4779 etiam
763 4724 851 4778 hic
885 4722 1148 4793 spiritalis
1183 4736 1337 4775 amor
1359 4718 1557 4773 animae
1576 4718 1871 4788 aliquando
1906 4721 2150 4789 quidem,

574 4826 635 4874 ut
654 4815 996 4879 edocuimus,
1029 4828 1155 4882 erga
1188 4812 1404 4882 aliquos
1450 4810 1677 4880 spiritus
1725 4811 2010 4879 nequitiae,
2056 4812 2156 4866 ali-

573 4908 792 4981 quando
821 4922 949 4976 erga
975 4905 1235 4976 Spiritum
1277 4913 1526 4959 sanctum
1557 4913 1612 4957 et
1639 4902 1875 4957 Verbum
1910 4904 2023 4967 Dei,
2054 4907 2150 4973 qui

572 5011 659 5059 est
686 5017 921 5072 sponsus
956 4999 1127 5054 ﬁdelis
1166 5007 1219 5053 et
1248 4997 1475 5052 eruditae
1505 4997 1703 5049 anima:
1736 4997 1819 5049 vir
1844 4996 2062 5063 dicitur,
2097 5008 2152 5052 et

572 5094 731 5163 cujus
755 5093 868 5163 ipsa
900 5105 1099 5161 sponsa
1135 5090 1187 5142 in
1236 5087 1339 5142 hac
1384 5087 1652 5157 praecipue
1700 5087 1970 5155 scriptura
2029 5103 2151 5157 qua:

575 5187 804 5241 habetur
829 5185 882 5238 in
913 5182 1164 5237 manibus
1195 5180 1527 5246 nonuinatur,
1557 5179 1700 5235 sicut
1726 5185 2017 5249 praestante
2044 5178 2150 5235 Do-

575 5279 725 5333 mino
744 5275 957 5348 plenius
990 5272 1364 5336 ostendemus,
1404 5286 1530 5326 cum
1573 5270 1737 5325 verba
1771 5268 1947 5338 ipsius
1978 5268 2146 5324 libelli

571 5370 866 5441 explanare
901 5366 1248 5436 coeperimus.
1293 5361 1521 5417 Videtur
1551 5369 1732 5415 autem
1776 5361 1913 5415 mihi
1961 5361 2143 5416 divina

650 5531 735 5586 “l
769 5531 904 5602 Reg.
949 5546 1029 5602 ιι,

576 5615 727 5664 xxix,
766 5593 1020 5668 17:18.7
1092 5599 1135 5630 ’⁵
1168 5596 1209 5650 ιι
1252 5593 1382 5665 Reg.
1417 5610 1534 5660 xm,
1581 5594 1631 5647 1.

576 5672 621 5703 ³ο
658 5672 816 5725 Cant.
851 5688 903 5736 v,
949 5671 1002 5723 8.

1730 5593 1775 5625 “
1808 5593 1960 5655 ibid.,
2009 5595 2063 5648 2.

1220 5525 1265 5556 ³ο
1303 5522 1473 5578 Exod.
1510 5538 1666 5587 xxm,
1691 5521 1781 5575 26.
1858 5523 1899 5555 ²¹
1934 5520 2039 5577 lsa.
2068 5541 2212 5583 XLIX.
2261 5524 2316 5577 2.
2395 5523 2439 5553 "
2485 5520 2621 5571 Ezee

1252 5593 1382 5647 Rea.
1417 5610 1534 5647 xm.
1581 5594 1631 5647 1.
1730 5593 1775 5625 ’⁸
1808 5593 1960 5647 ibid..
2009 5595 2063 5647 ‘2.
2175 5596 2217 5627 ²⁷
2263 5591 2373 5647 ibid
2439 5590 2521 5647 li.
2556 5587 2621 5640 15

2257 4613 2443 4666 ritum.
2476 4607 2838 4680 Apertissime
2884 4616 3065 4661 autem
3116 4605 3170 4659 in
3220 4605 3326 4660 hoe
3367 4605 3485 4676 ipso
3523 4606 3703 4662 libello
3736 4610 3831 4680 qni

2255 4705 2484 4758 habetur
2507 4704 2561 4757 in
2602 4699 2877 4765 manibus,
2909 4697 3114 4752 amoris
3143 4710 3340 4752 nomen
3366 4697 3655 4755 eharitatis
3675 4714 3835 4753 voca-

2254 4795 2383 4849 bulo
2413 4801 2783 4864 permutatum
2808 4798 2917 4856 est,
2941 4789 2994 4844 in
3016 4803 3083 4845 eo
3109 4790 3200 4845 ubi
3223 4789 3397 4846 dixit:
3430 4790 3691 4861 Adjuravi
3719 4806 3829 4855 vos,

2252 4888 2382 4956 ﬁlim
2421 4882 2786 4948 Hierusalem,
2818 4883 2865 4936 si
2899 4881 3199 4936 inveneritis
3226 4880 3529 4952 fratruelcm
3559 4898 3747 4947 meum,
3773 4892 3831 4935 ut

2259 4982 2583 5035 annuntietis
2605 4981 2673 5044 ei,
2698 4980 2823 5050 quia
2859 4979 3150 5034 vulnerata!
3179 4979 3459 5033 eharitatis
3485 4993 3577 5047 ego
3605 4992 3722 5029 sum
3749 4976 3828 5043 ³⁰;

2256 5088 2355 5142 pro
2389 5088 2454 5127 eo
2485 5073 2671 5141 utique
2701 5078 2760 5124 ut
2794 5070 2997 5125 diceret
3023 5087 3036 5121 :
3072 5069 3282 5123 Amoris
3315 5066 3431 5135 ejus
3460 5065 3564 5119 telo
3587 5081 3833 5135 percussa

2254 5181 2393 5218 sum.
2425 5161 2573 5217 Nihil
2601 5177 2730 5232 ergo
2756 5161 2979 5216 interest
3000 5158 3054 5213 in
3081 5158 3375 5226 Scripturis
3401 5157 3621 5218 divinis,
3648 5167 3829 5211 utrum

2253 5257 2495 5311 charitas
2526 5255 2759 5320 dicatur,
2788 5268 2858 5308 an
2903 5267 3082 5317 amor,
3109 5251 3195 5305 vel
3242 5249 3461 5303 dilectio
3484 5287 3500 5313 ,
3536 5248 3640 5303 nisi
3683 5249 3828 5319 quod

2255 5355 2305 5407 in
2333 5363 2541 5408 tantum
2569 5366 2767 5407 nomen
2792 5346 3078 5404 eharitatis
3103 5343 3405 5408 extollitur,
3434 5351 3495 5396 ut
3524 5341 3689 5397 etiam
3714 5342 3830 5414 ipse

2395 5523 2439 5553 ²²
2485 5516 2682 5571 Ezech.
2726 5524 2886 5565 χχιιι.
2995 5506 3042 5538 ³³
3075 5506 3217 5561 Gen.
3249 5518 3401 5565 xxiv,
3433 5502 3524 5557 67.
3622 5504 3669 5537 ”
3692 5503 3825 5559 Gen.

2751 5581 2796 5612 "'
2832 5579 2989 5634 Prov.
3020 5592 3096 5644 tv,
3129 5576 3181 5641 6,
3207 5577 3261 5632 8.
3365 5576 3409 5607 ²⁹
3453 5574 3581 5644 Sap.
3624 5590 3742 5637 vut,
3771 5574 3825 5626 2.

647 5806 759 5874 (l2)
802 5804 868 5859 Et
898 5806 1174 5875 fructibus.
1209 5804 1369 5859 Deest
1391 5802 1442 5856 in
1476 5800 1629 5857 libris
1659 5802 2018 5871 autcaeditis,
2048 5802 2140 5857 sed
2181 5801 2409 5855 habetur
2441 5798 2494 5851 in
2530 5808 2665 5848 mss.
