4236 6282
334 288 403 343 69
1759 284 2007 340 PROLOI

1912 284 2145 343 εοεαε.
2386 259 2391 265 ’
3516 297 3585 352 ’ω

332 403 479 457 Deus
514 400 750 457 charitas
783 402 1106 469 appelletur,
1142 401 1283 456 sicut
1304 401 1542 456 Joannes
1569 400 1738 457 dixit:
1769 401 1911 456 Ctm-
1939 411 1979 463 Α
2016 402 2297 469 iliericuo;
2334 411 2388 457 et
2418 404 2600 474 culpat
2622 405 2843 475 quidem
2873 409 3206 464 sacerdotem
3236 425 3302 467 ac
3337 412 3579 483 levitam,

335 494 557 559 tissimi,
586 492 868 562 diligamus
891 494 1135 559 inuicem,
1162 495 1289 563 quia
1320 493 1552 547 charitas
1575 509 1640 548 ea:
1666 495 1777 548 Deo
1804 506 1905 557 est,

336 592 383 637 et
417 584 580 636 omnis
617 584 710 653 qui
737 582 936 653 diligit,
973 599 1040 637 ea:
1077 583 1183 639 Deo
1223 594 1395 639 natus
1418 596 1517 650 est,
1557 598 1604 641 et
1643 587 1907 656 cognoscit

341 674 532 737 Deum;
563 673 657 742 qui
687 682 868 727 autem
908 690 1011 727 non
1047 675 1247 745 diligit,
1285 691 1387 729 non
1418 677 1684 747 cognoscit
1718 675 1905 740 Deum,
1946 714 1947 717 η

332 764 456 833 quia
487 763 630 818 Deus
656 764 896 818 charitas
921 776 999 819 est
1026 766 1092 819 ³⁸.
1126 764 1194 821 Ει
1229 768 1478 837 quamvis
1520 768 1745 823 alterius
1771 777 1908 821 tem-

332 857 480 925 poris
526 857 599 911 sit
640 856 824 912 dicere
857 856 1061 926 aliquid
1095 858 1164 913 de
1207 858 1291 913 his
1319 875 1444 930 qua;
1474 860 1709 928 exempli
1740 873 1906 913 causa

333 964 401 1005 ex
453 948 683 1005 Ioannis
739 948 980 1018 Epistola
1035 950 1388 1019 protulimus,
1439 960 1619 1006 tamen
1671 950 1907 1005 breviter

331 1043 494 1097 etiam
527 1036 712 1110 aliqua
741 1040 1106 1109 perstringere
1131 1056 1237 1095 non
1264 1050 1348 1097 est
1368 1042 1545 1097 visum
1581 1042 1902 1097 absurdum.

333 1131 655 1201 Diligamus,
678 1129 875 1200 inquit,
898 1130 1140 1195 invicem,
1163 1130 1288 1199 quia
1311 1132 1547 1185 charitas
1569 1146 1637 1184 ea:
1667 1129 1771 1184 Deo
1793 1139 1904 1191 est;

328 1233 386 1281 et
412 1233 540 1295 post
583 1240 793 1295 pauca:
842 1223 978 1278 Deus
1015 1224 1254 1279 charitas
1291 1235 1391 1279 est.
1427 1227 1485 1278 In
1515 1240 1627 1295 quo
1668 1225 1907 1279 ostendit

326 1323 384 1371 ει
431 1316 609 1386 ipsum
666 1313 832 1370 Deum
870 1315 1197 1370 cbaritalem
1242 1330 1384 1382 esse,
1430 1324 1485 1370 et
1537 1316 1733 1371 iterum
1776 1331 1901 1370 eum

327 1406 422 1476 qui
461 1420 527 1461 es
568 1404 676 1460 Deo
710 1416 815 1472 est,
857 1405 1183 1462 charitatem
1230 1422 1370 1464 esse.
1408 1408 1544 1475 Quis
1601 1421 1783 1465 autem
1832 1425 1899 1465 ex

330 1496 440 1552 Deo
462 1505 565 1564 est,
593 1496 699 1552 nisi
728 1497 819 1551 ille
844 1497 940 1569 qui
966 1498 1136 1552 dicit:
1160 1497 1274 1569 Ego
1293 1516 1360 1554 ea:
1387 1500 1495 1554 Deo
1523 1502 1683 1568 exivi,
1713 1511 1761 1555 et
1785 1502 1899 1557 veni

327 1589 381 1640 in
412 1587 548 1641 hunc
589 1589 849 1641 mundum
887 1588 968 1641 “‘I
1012 1588 1167 1656 Quod
1212 1591 1257 1645 si
1291 1591 1431 1647 Deus
1467 1591 1629 1647 Pater
1658 1594 1899 1651 charitas

2010 496 2106 563 qui
2141 496 2383 549 videntes
2411 496 2762 561 seminecem,
2793 499 3198 567 praeterierunt;
3235 503 3581 572 amplectitur

2012 594 2191 639 autem
2232 583 2637 639 Samaritanum
2682 588 2779 656 qui
2815 588 3242 646 misericordiam
3284 593 3492 659 fecerit,
3524 607 3577 650 ct

2011 677 2156 730 hunc
2197 675 2366 730 fuisse
2412 676 2461 731 ei
2510 678 2819 746 proximum
2869 679 3045 749 ipsius
3088 681 3183 751 qui
3226 695 3581 753 proposuerat

2012 768 2364 837 resnonsione
2407 768 2661 833 iirmavit,
2691 778 2744 823 et
2780 770 2858 825 ait
2880 770 2970 826 ei:
3018 770 3181 836 Vade,
3222 783 3272 826 et
3304 782 3359 827 tu
3387 776 3472 844 [ac
3504 777 3581 830 σίν

2008 860 2203 913 utiliter
2225 860 2289 914 ³⁷.
2318 858 2533 914 Etenim
2563 870 2761 915 natura
2791 877 2982 916 omnes
3012 863 3169 917 nobis
3194 864 3426 918 invicem
3448 880 3575 934 pro-

2008 949 2139 1003 ximi
2168 964 2381 1006 sumus.
2411 948 2687 1019 Operibus
2716 966 2843 1005 vero
2868 950 3154 1008 charitatis
3196 953 3258 1007 iit
3299 956 3580 1022 proximus

2008 1038 2096 1092 ille
2127 1040 2222 1108 qui
2265 1048 2443 1108 potest
2482 1039 2819 1107 benefacere,
2850 1041 2901 1095 ei
2930 1043 3026 1112 qui
3050 1058 3160 1097 non
3192 1053 3390 1113 potest.
3430 1043 3580 1099 Unde

2004 1138 2060 1184 et
2087 1128 2336 1185 Salvator
2378 1140 2567 1186 noster
2609 1130 2787 1187 factus
2818 1144 2907 1187 est
2951 1135 3236 1204 prosimus
3267 1136 3444 1202 nobis,
3482 1153 3581 1192 nec

2005 1220 2352 1288 pen-transivit
2378 1236 2478 1275 nos
2505 1235 2631 1275 cum
2663 1222 2968 1279 semineces
2997 1239 3063 1279 ex
3095 1225 3364 1280 latronum
3392 1226 3578 1279 vulne-

2004 1311 2155 1365 ribus
2179 1309 2508 1380 jaceremus.
2545 1309 2711 1383 Igitur
2750 1313 3034 1369 sciendum
3080 1326 3165 1371 est
3212 1315 3305 1371 Dei
3338 1316 3576 1372 charita-

2003 1412 2108 1456 tetn
2136 1417 2353 1473 semper
2371 1405 2439 1458 ad
2464 1403 2636 1460 Deum
2662 1406 2902 1473 tendere,
2923 1423 2953 1462 a
2980 1422 3088 1477 quo
3114 1408 3376 1477 originem
3398 1409 3573 1474 duxit,

1999 1502 2055 1548 et
2084 1494 2150 1548 ad
2198 1495 2508 1565 proximum
2557 1498 2847 1567 respicere,
2895 1514 3018 1552 cum
3070 1512 3180 1568 quo
3228 1500 3572 1569 participium

2001 1584 2181 1640 inierit
2210 1586 2346 1657 (l5),
2374 1598 2557 1658 utpote
2582 1589 2834 1646 similiter
2860 1599 3102 1645 creatum
3129 1591 3181 1645 in
3204 1592 3569 1660 corruptione.

324 1688 427 1744 est,
452 1688 506 1733 et
533 1674 706 1735 Filius
734 1679 976 1735 charitas
1007 1690 1121 1748 est;
1158 1683 1397 1738 charitas
1419 1694 1600 1739 autem
1637 1684 1896 1743 Patris'et
1929 1749 1959 1752 _

1929 1749 1959 1752 _
2001 1676 2090 1731 Sic
2116 1693 2246 1748 ergo
2273 1694 2612 1750 quaecunque
2638 1683 2705 1737 de
2726 1681 2991 1736 charitale
3015 1682 3216 1752 scripta
3241 1691 3389 1746 sunt,
3413 1685 3571 1752 quasi

322 1768 559 1824 charitas
602 1768 725 1823 Filii
778 1785 946 1825 unum
988 1781 1142 1838 suun,
1186 1787 1295 1828 non
1343 1790 1521 1842 unus;
1551 1791 1893 1847 conseque"-
1928 1749 1968 1802 Β
1996 1766 2063 1820 de
2087 1782 2277 1822 amore
2312 1769 2456 1823 dicta
2487 1749 2723 1840 suscipe,
2748 1771 2883 1825 nihil
2904 1771 2972 1826 de
3001 1749 3313 1828 nominibus
3347 1749 3568 1828 curans.

324 1870 407 1915 ter
437 1861 552 1931 (i3)
582 1876 715 1931 ergo
746 1860 907 1917 Pater
939 1873 987 1919 et
1018 1862 1189 1919 Filius
1229 1880 1398 1920 unum
1438 1867 1576 1922 bene
1616 1868 1891 1924 dicuntur.

321 1949 388 2005 Et
435 1951 559 2007 ideo
599 1953 984 2008 convenienter
1027 1954 1282 2011 Christus
1325 1959 1469 2012 sicut
1509 1960 1799 2028 sapientia,
1842 1970 1899 2015 et

317 2039 520 2102 virtus,
542 2048 599 2095 et
619 2041 850 2109 iustitia,
881 2049 934 2096 ct
963 2043 1217 2108 verbum,
1244 2052 1300 2098 et
1325 2045 1544 2111 veritas,
1575 2049 1648 2099 ita
1684 2054 1740 2101 et
1769 2049 1900 2102 cha-

317 2129 461 2185 ritas
490 2129 712 2184 dicitur.
744 2128 813 2184 Et
843 2129 961 2185 ideo
995 2132 1128 2185 dicit
1158 2132 1439 2202 Scriptura
1478 2135 1605 2203 quia
1636 2136 1682 2190 si
1719 2138 1903 2191 chari-

316 2230 409 2277 tas
440 2230 627 2275 manet
674 2221 729 2276 in
759 2220 938 2287 nobis,
972 2220 1117 2278 Deus
1162 2224 1216 2278 in
1255 2225 1416 2281 nobis
1456 2225 1569 2296 (i4)
1608 2236 1794 2282 manet
1832 2228 1896 2280 ³³.

319 2310 467 2368 Deus
498 2307 706 2377 autem,
738 2312 795 2367 id
826 2322 911 2368 est
964 2312 1127 2368 Pater
1151 2323 1206 2369 et
1236 2313 1430 2383 Filius,
1466 2316 1559 2386 qui
1590 2326 1644 2374 et
1673 2320 1899 2374 veniunt

319 2402 388 2456 ad
420 2416 548 2458 eum
591 2401 685 2471 qui
717 2403 990 2472 perfectus
1036 2404 1091 2459 in
1138 2405 1403 2460 charitate
1443 2421 1546 2474 εει,
1592 2410 1892 2465 secundum

320 2492 547 2548 verbum
579 2491 794 2547 Domini
820 2501 877 2548 et
902 2492 1201 2550 Salvatoris
1228 2496 1500 2552 dicentis:
1540 2496 1654 2568 Ego
1691 2508 1741 2553 et
1784 2499 1894 2554 Pa-

320 2594 400 2638 ter
427 2585 687 2638 veniemus
730 2584 801 2637 ad
845 2600 984 2650 eum,
1016 2593 1066 2639 et
1100 2587 1423 2641 mansionem
1452 2587 1709 2657 faciemus
1748 2593 1891 2660 apud

318 2690 438 2727 euut
459 2673 523 2727 “.
554 2672 848 2729 Sciendum
876 2689 1008 2747 ergo
1035 2684 1139 2739 est,
1170 2677 1316 2746 quod
1364 2678 1479 2733 haec
1500 2681 1739 2739 charitas
1769 2698 1892 2754 qute

322 2763 464 2820 Deus
498 2774 601 2831 est,
638 2781 763 2821 cum
791 2766 847 2820 in
888 2767 1075 2837 aliquo
1099 2768 1284 2836 fuerit,
1316 2769 1451 2825 nihil
1482 2779 1777 2842 terrenum,
1807 2776 1892 2829 ni-

319 2858 396 2913 hil
424 2861 722 2925 materiale,
762 2861 897 2920 nihil
938 2862 1292 2932 corruptibile
1322 2864 1515 2935 diligit.
1539 2866 1743 2926 Contra
1788 2886 1890 2926 na-

320 2959 497 3006 turam
527 2967 763 3023 namque
785 2961 871 3009 est
907 2954 959 3009 ei
998 2954 1350 3026 eorruptibile
1391 2956 1596 3029 aliquid
1639 2961 1885 3032 diligere,

1994 1855 2194 1912 Eadem
2226 1874 2461 1929 namque
2498 1860 2553 1913 in
2588 1869 2820 1931 utroque
2851 1861 3024 1918 virtus
3058 1863 3384 1919 ostenditur.
3413 1862 3569 1930 Quod

1995 1947 2039 1999 si
2078 1948 2203 2016 quis
2250 1948 2416 2013 dicat,
2458 1951 2588 2016 quia
2632 1960 2688 2003 et
2742 1952 3057 2019 pecuniam,
3104 1958 3471 2018 meretricem,
3517 1964 3572 2007 et

1997 2036 2104 2088 alia
2140 2036 2395 2090 similiter
2427 2039 2570 2090 mala
2603 2040 2793 2092 eodem
2835 2042 3103 2095 vocabulo
3134 2044 3280 2111 quod
3313 2058 3345 2097 ιι
3388 2044 3572 2098 chari-

2000 2131 2109 2177 tate
2154 2123 2281 2177 duci
2332 2125 2567 2189 videtur,
2614 2127 2838 2198 diligere
2881 2131 3251 2199 appellamur:
3292 2134 3573 2188 sciendum

1998 2222 2082 2267 est
2124 2213 2178 2266 in
2207 2215 2292 2269 his
2319 2230 2426 2269 non
2458 2217 2704 2287 proprie,
2735 2219 2827 2274 sed
2871 2222 3093 2276 abusive
3124 2223 3443 2279 charitatem
3476 2241 3576 2280 no-

1994 2303 2216 2358 minari.
2269 2303 2444 2371 Sicut,
2492 2309 2639 2362 verbi
2684 2311 2877 2378 gratia,
2929 2323 2985 2366 et
3029 2312 3139 2382 3o
3182 2312 3331 2370 Deus
3371 2330 3569 2372 nomen

1995 2396 2369 2467 principaliter
2398 2399 2453 2454 in
2483 2416 2549 2456 eo
2571 2411 2675 2467 est,
2709 2418 2775 2456 es
2809 2418 2918 2472 quo
2948 2405 3154 2472 omnia,
3196 2414 3251 2461 et
3279 2422 3375 2475 per
3403 2424 3564 2477 quem

1992 2489 2199 2553 omnia,
2229 2498 2284 2544 et
2308 2490 2358 2543 in
2389 2506 2500 2561 quo
2529 2493 2709 2546 omnia
2740 2510 2754 2548 :
2802 2495 2948 2563 quod
2976 2495 3162 2566 utique
3191 2507 3375 2567 aperte
3408 2500 3573 2554 virtu.

1993 2587 2121 2646 tem,
2154 2588 2209 2633 et
2251 2589 2502 2636 naturam
2542 2582 2695 2637 trinae
2727 2584 3123 2654 singularitatis
3161 2590 3408 2644 enuntiat
3435 2590 3568 2661 (16).

1992 2668 2244 2726 Secundo
2273 2687 2405 2727 vero
2450 2673 2506 2728 in
2551 2674 2693 2739 loco,
2721 2685 2797 2740 et,
2839 2685 2900 2729 ut
2931 2675 3005 2730 ita
3039 2677 3294 2743 dixerim,
3345 2681 3572 2737 abusive

1989 2763 2124 2819 deos
2172 2762 2305 2819 dicit
2337 2762 2618 2843 Scriptura
2652 2768 2815 2822 etiam
2844 2768 2967 2825 illos
2996 2770 3062 2824 ad
3085 2786 3226 2840 quos
3258 2786 3439 2828 sermo
3475 2773 3566 2828 Dei

1993 2855 2072 2921 iit,
2104 2854 2247 2910 sicut
2287 2856 2576 2913 conﬁrmat
2607 2856 2863 2913 Salvator.
2885 2859 2941 2913 in
2998 2859 3327 2932 Evangeliis.
3364 2862 3470 2920 Sed
3513 2877 3567 2921 et

1990 2948 2242 3004 caelestes
2267 2949 2496 3004 virtutes
2516 2949 2622 3005 sub
2647 2950 2749 3006 hoc
2773 2951 2994 3006 nomine
3015 2953 3276 3023 appellari
3296 2955 3565 3024 videntur,

316 3057 442 3098 cum
476 3044 592 3114 ipsa
625 3045 698 3100 sit
720 3046 1148 3116 incorruptionis
1176 3046 1319 3104 fons.
1344 3047 1464 3119 Ipsa
1484 3058 1570 3106 est
1599 3053 1746 3107 enim
1770 3054 1887 3110 sola
1915 3079 1958 3136 ο

1915 3079 1958 3136 c
1992 3039 2122 3094 dum
2170 3040 2375 3097 dicitur
2410 3061 2424 3095 :
2474 3041 2611 3096 Deus
2654 3044 2795 3098 stetit
2828 3044 2880 3097 in
2922 3060 3188 3116 synagoga
3235 3047 3471 3115 deorum,
3510 3051 3565 3104 in

316 3145 439 3199 qua:
468 3132 632 3188 habet
657 3134 1119 3191 immortalitatem
1147 3155 1162 3192 :
1186 3138 1452 3208 siquidem
1476 3140 1620 3199 Deus
1648 3144 1888 3202 charitas

318 3233 420 3288 est,
449 3224 546 3295 qui
590 3226 743 3280 solus
770 3227 938 3283 habet
985 3228 1474 3294 immortalitatem,
1505 3233 1680 3290 lucent
1727 3235 1887 3292 habi-

317 3324 438 3371 tans
467 3316 900 3373 inaccessibilem
923 3318 990 3374 ³⁸.
1021 3317 1161 3386 Quid
1196 3333 1378 3377 autem
1422 3323 1570 3379 aliud
1605 3325 1889 3384 immorta-

316 3408 441 3464 litas
463 3409 568 3465 nisi
595 3410 707 3466 vita
730 3418 931 3466 aeterna
958 3422 1063 3477 est,
1098 3429 1262 3483 quam
1290 3414 1547 3471 daturum
1579 3432 1639 3474 se
1660 3420 1888 3489 promit-

317 3499 384 3553 tit
413 3497 555 3555 Deus
581 3500 932 3557 credentibus
961 3502 1014 3557 in
1053 3503 1231 3573 ipsum
1263 3506 1439 3562 solum
1475 3523 1662 3563 verum
1690 3508 1883 3575 Deum,

312 3599 373 3645 et
415 3604 576 3661 quem
617 3590 769 3646 misit
810 3591 998 3648 Jesum
1035 3591 1313 3651 Christum
1345 3595 1543 3652 Filium
1565 3599 1721 3668 ejus?
1747 3597 1883 3656 Pro-

313 3688 497 3750 pterea
523 3694 656 3751 ergo
694 3681 749 3737 in
780 3682 993 3752 primis,
1035 3693 1089 3740 et
1121 3693 1248 3742 ante
1288 3688 1473 3743 omnia
1515 3688 1620 3745 hoc
1651 3690 1885 3748 amabile

312 3780 369 3827 et
403 3770 666 3842 placitum
697 3773 897 3829 dicitur
923 3788 1049 3831 esse
1076 3775 1205 3843 Deo,
1234 3786 1295 3834 ut
1321 3780 1444 3850 quis
1467 3780 1659 3852 diligat
1695 3781 1908 3838 Domi-.

313 3879 445 3920 num
471 3863 640 3920 Deum
658 3880 821 3922 suum
841 3880 907 3922 ex
928 3872 1045 3922 toto
1069 3868 1231 3925 corde
1251 3886 1372 3939 suo,
1393 3880 1449 3927 ει
1471 3888 1538 3927 ex
1563 3881 1676 3928 tota
1700 3874 1881 3931 anima

314 3970 438 4024 sua,
462 3965 519 4012 et
546 3971 616 4011 ex
654 3957 782 4012 totis
813 3957 1019 4013 viribus
1046 3960 1182 4016 suis.
1213 3960 1280 4016 Et
1302 3963 1431 4033 quia
1461 3962 1605 4021 Deus
1643 3966 1882 4020 charitas

312 4058 416 4114 est,
442 4056 503 4102 et
530 4045 702 4102 Filius
722 4048 812 4118 qui
842 4064 909 4105 ex
938 4048 1047 4104 Deo
1069 4059 1174 4115 est,
1199 4052 1441 4107 charitas
1461 4063 1566 4118 est,
1592 4055 1679 4108 sui
1706 4056 1884 4109 simile

310 4138 520 4210 aliquid
549 4139 774 4208 requirit
804 4140 859 4196 in
904 4140 1108 4197 nobis:
1155 4151 1215 4196 ut
1240 4157 1338 4212 per
1381 4143 1524 4198 hanc
1560 4145 1883 4200 charitatem

312 4247 435 4304 qua:
469 4242 554 4289 est
578 4232 634 4288 in
657 4232 877 4290 Christo
904 4232 1056 4300 Jesu,
1082 4234 1177 4305 qui
1210 4243 1299 4291 est
1319 4235 1577 4302 charitas,
1607 4236 1757 4292 velut
1790 4251 1887 4292 eo-

315 4335 474 4396 gnata
502 4325 741 4395 quadam
767 4340 862 4395 per
885 4326 1173 4395 cbaritatis
1198 4340 1396 4381 nomen
1419 4325 1677 4383 aliinitate
1708 4329 1884 4385 socie‘

1993 3130 2163 3183 medio
2204 3140 2382 3184 autem
2418 3130 2542 3185 deos
2584 3132 2844 3201 dijudth
2869 3133 2935 3190 ³⁸.
2963 3133 3148 3191 Tertio
3178 3151 3308 3192 vero
3347 3137 3401 3194 in
3445 3139 3566 3194 loco

1986 3218 2100 3288 jam
2132 3233 2241 3274 non
2269 3218 2515 3283 abusive,
2547 3221 2642 3275 sed
2684 3219 2852 3287 falso,
2877 3221 2951 3276 dii
3003 3222 3246 3293 gentium
3287 3223 3562 3279 dternones

1991 3310 2349 3380 appellantur,
2383 3325 2508 3365 cum
2549 3310 2681 3365 dicit
2726 3310 3049 3381 Scriptura:
3089 3312 3282 3371 Omnes
3324 3315 3402 3369 dii
3441 3332 3567 3386 geu-

1991 3400 2123 3452 tium
2145 3399 2409 3453 daemonia
2428 3399 2494 3455 ³⁸.
2519 3398 2704 3469 itaque
2729 3410 2782 3455 et
2806 3402 3038 3471 primum
3061 3404 3342 3460 charitatis
3363 3420 3562 3460 nomen

1989 3491 2042 3545 in
2068 3488 2178 3544 Deo
2202 3497 2305 3555 est,
2338 3498 2554 3559 propter
2578 3491 2723 3560 quod
2751 3491 3007 3561 jubemur
3031 3494 3256 3564 diligere
3294 3496 3461 3549 Deum
3490 3510 3556 3548 ex

1988 3592 2100 3638 toto
2133 3584 2298 3638 corde
2328 3593 2537 3651 nostro,
2570 3599 2638 3639 ex
2666 3593 2777 3640 tota
2798 3587 2980 3641 anima
3011 3599 3218 3653 nostra,
3251 3597 3308 3642 et
3335 3604 3401 3642 ex
3437 3590 3565 3643 totis

1985 3679 2195 3737 viribus
2238 3682 2463 3749 nostris,
2511 3690 2699 3752 utpote
2746 3698 2889 3738 eum.
2917 3699 2947 3738 a
2995 3699 3107 3753 quo
3149 3683 3411 3739 habemus
3459 3685 3562 3740 hoc

1986 3772 2187 3842 ipsum,
2221 3781 2283 3827 ut
2320 3772 2547 3843 diligere
2579 3773 2874 3843 possimus.
2908 3773 2965 3827 In
3015 3773 3137 3842 ipso
3164 3772 3278 3843 jam
3313 3773 3433 3828 sine
3457 3775 3559 3830 du-

1984 3867 2075 3921 bio
2106 3867 2437 3933 continetur,
2483 3878 2544 3921 ut
2586 3875 2643 3920 et
2678 3866 3026 3935 sapientiam,
3081 3874 3136 3919 et
3174 3865 3466 3935 justitiam,
3508 3878 3564 3924 et

1986 3957 2262 4026 pietatem,
2320 3965 2375 4011 et
2421 3956 2704 4011 veritatem
2753 3969 3051 4024 omnesque
3095 3955 3324 4013 virtutes
3362 3959 3565 4028 pariter

1985 4046 2296 4116 diligamus.
2314 4043 2494 4097 Unum
2515 4047 2660 4097 enim
2678 4053 2841 4112 atque.
2866 4044 3007 4098 idem
3028 4055 3110 4100 est
3124 4046 3344 4116 diligere
3365 4046 3559 4112 Deum,

1986 4146 2041 4191 et
2078 4135 2302 4204 diligere
2341 4133 2505 4186 bona.
2556 4131 2806 4186 Secundo
2849 4133 2992 4199 loco,
3030 4137 3190 4202 quasi
3239 4136 3467 4190 abusivo
3507 4150 3562 4192 et

1986 4221 2112 4276 inde
2142 4218 2387 4274 derivato
2412 4219 2641 4273 nomine
2678 4218 2840 4273 etiam
2882 4221 3195 4290 proximum
3223 4222 3449 4292 diligere
3473 4226 3563 4295 ju-

1985 4312 2195 4378 bemur,
2226 4318 2483 4381 tanquam
2518 4325 2619 4366 nos
2647 4309 2813 4380 ipsos.
2849 4312 3092 4368 Tertium
3131 4330 3259 4371 vero
3289 4325 3375 4372 est
3412 4320 3558 4387 quod

312 4430 466 4484 mm;
494 4417 639 4472 sic,“
682 4424 739 4471 ει
766 4416 857 4471 me
885 4417 979 4487 qui
1017 4416 1130 4487 jam
1177 4416 1505 4487 coniunctus
1548 4419 1596 4474 ei
1630 4420 1876 4476 dicebat:
1911 4424 1958 4483 ι)
1986 4402 2122 4460 falso
2165 4400 2270 4459 sub
2310 4401 2593 4457 charitatis
2628 4403 2784 4458 titulo
2831 4407 3168 4471 nominatur,
3198 4408 3426 4478 diligere
3472 4412 3558 4464 vel

318 4507 446 4575 Quis
478 4523 573 4561 nos
596 4507 862 4577 separabit
892 4523 926 4560 a
966 4507 1222 4562 charitate
1245 4508 1362 4576 Dei,
1395 4525 1513 4579 qua:
1537 4520 1614 4566 est
1640 4510 1698 4565 in
1722 4510 1879 4566 Chri-

314 4610 396 4656 sto
435 4600 564 4656 Iesu
609 4600 833 4655 Domino
882 4609 1062 4655 nostra
1104 4601 1188 4655 “i
1240 4599 1366 4657 Haec
1412 4612 1593 4658 autem
1638 4603 1879 4662 charitas

314 4706 530 4749 omnem
565 4692 843 4747 hominem
889 4693 1199 4761 proximum
1230 4693 1421 4765 diligit.
1464 4693 1548 4749 0b
1585 4695 1689 4751 hoc
1730 4696 1879 4750 enim

317 4783 493 4855 arguit
528 4782 783 4838 Salvator
832 4783 1146 4854 quemdam,
1191 4784 1286 4853 qui
1340 4785 1671 4855 Opinabatur
1731 4784 1879 4856 quod

318 4875 458 4944 iusta
500 4874 682 4931 anima
727 4888 854 4945 erga
900 4888 1022 4929 eam
1061 4888 1182 4944 quae
1226 4874 1607 4945 iniquitatibus
1638 4875 1879 4931 involuta

318 4977 416 5032 est,
442 4965 865 5037 propinquitatis
889 4965 1016 5037 jura
1038 4981 1147 5021 non
1168 4976 1344 5021 servet
1367 4985 1381 5021 :
1411 4975 1466 5021 et
1499 4967 1602 5021 ista
1625 4966 1694 5022 de
1714 4981 1881 5022 causa

319 5058 484 5113 tenuit
506 5058 665 5114 istam
690 5056 1028 5127 parabolam,
1055 5071 1179 5127 qua:
1199 5056 1349 5124 dicit,
1384 5057 1530 5127 quod
1562 5058 1616 5111 in
1642 5057 1881 5114 latrones

322 5150 501 5206 incidit
548 5148 794 5219 quidam,
827 5148 957 5203 dum
1006 5146 1286 5202 descendit
1326 5146 1396 5201 ab
1435 5144 1771 5203 Hierusalem
1822 5147 1877 5200 in

395 5289 435 5319 ³¹
474 5286 493 5341 l
538 5287 697 5343 Joan.
735 5304 808 5351 tv,
852 5288 907 5347 7,
950 5288 1004 5342 8.
1107 5288 1150 5320 "
1188 5285 1344 5340 Joan.
1378 5300 1486 5351 xvt,
1516 5286 1606 5347 27,
1635 5285 1725 5340 28.

1831 5285 1877 5317 ³³
1910 5281 2118 5338 lJoan.
2145 5295 2221 5339 tv,
2245 5279 2333 5334 12.
2409 5279 2457 5312 ³⁵
2486 5275 2646 5332 Joan.
2698 5291 2808 5342 xiv,
2841 5275 2930 5330 23.

1984 4496 2290 4566 pecuniam,
2329 4495 2413 4550 vel
2462 4495 2786 4564 voluptates,
2832 4498 2917 4551 vel
2968 4512 3131 4551 omne
3176 4498 3438 4568 quidquid
3491 4501 3558 4553 ad

1983 4588 2345 4658 corruptelam
2373 4589 2604 4657 pertinet
2639 4597 2696 4643 et
2723 4604 2987 4643 errorem.
3016 4587 3136 4643 Non
3172 4604 3302 4660 ergo
3331 4589 3560 4647 interest

1985 4692 2168 4737 utrum
2194 4680 2367 4736 amari
2390 4680 2605 4736 dicatur
2628 4679 2793 4745 Deus,
2819 4695 2889 4734 an
2918 4680 3087 4750 diligi.
3111 4679 3221 4736 Nec
3252 4692 3384 4753 puto
3407 4686 3553 4753 quod

1984 4768 2194 4841 culpari
2231 4768 2403 4840 possit
2427 4770 2471 4825 si
2506 4768 2632 4840 quis
2658 4767 2828 4823 Deum
2861 4768 3003 4823 sicut
3038 4768 3277 4825 Joannes
3318 4773 3557 4829 charita-

1985 4875 2116 4932 tem,
2147 4866 2221 4919 ita
2247 4863 2360 4931 ipse
2380 4877 2619 4918 amorem
2647 4862 2908 4918 nominet.
2937 4863 3179 4934 Denique
3199 4866 3420 4920 memini
3456 4868 3556 4922 ali~

1985 4972 2146 5028 quem
2177 4963 2492 5012 sanctorum
2518 4954 2723 5009 dixisse
2752 4955 3015 5026 lgnatium
3043 4954 3263 5009 nomine
3294 4957 3363 5012 de
3390 4956 3555 5013 Chri-

1985 5059 2115 5106 sto:
2153 5049 2300 5104 Meus
2330 5056 2506 5104 autem
2555 5062 2707 5102 amor
2751 5048 3038 5117 cruciﬁxus
3082 5054 3196 5111 est;
3232 5062 3331 5104 nec
3376 5064 3560 5118 τείν-ε·-

1987 5141 2148 5197 hendi
2181 5155 2306 5196 eum
2335 5154 2434 5209 pro
2462 5139 2568 5193 hoc
2591 5136 2810 5207 dignum
2845 5136 3052 5208 judico.

3027 5277 3071 5310 ³⁵
3112 5276 3127 5329 Ι
3171 5274 3314 5329 Tim.
3341 5289 3416 5340 v1,
3471 5273 3556 5330 ίϐ.

326 5361 366 5391 ³⁸
406 5356 558 5413 Rom.
594 5373 715 5421 vnt,
753 5348 843 5423 35,
872 5358 960 5413 39.
1037 5358 1078 5389 ³⁷
1121 5356 1250 5411 Luc.
1293 5372 1344 5419 κ,
1381 5348 1481 5411 '57.
1549 5355 1594 5388 ⁸⁸
1635 5355 1778 5410 Psal.
1833 5367 1993 5409 LXXXI

1037 5358 1078 5389 ³⁷
1121 5356 1250 5411 Luc.
1293 5372 1344 5419 κ,
1381 5348 1481 5411 '57.
1549 5355 1594 5388 ⁸⁸
1635 5355 1778 5410 Psal.
1833 5367 2040 5418 LXXXII,
2071 5354 2120 5406 ‘l.
2196 5352 2240 5384 ”
2278 5348 2422 5404 Psal.
2460 5363 2601 5411 xcvt,
2635 5348 2687 5403 5.

390 5478 497 5550 (13)
536 5477 693 5550 Libb.
728 5476 884 5550 edit.,
915 5484 963 5529 et
999 5477 1143 5545 ﬁlius
1187 5476 1463 5550 charita‘lis
1489 5473 1878 5550 es_t_._(.'ltaritas

322 5545 493 5602 autem
520 5558 568 5602 et
593 5548 828 5600 charitas
856 5561 1018 5599 unum
1049 5556 1148 5609 est,
1182 5556 1229 5598 et
1253 5547 1306 5598 in
1338 5545 1482 5598 nullo
1514 5545 1732 5613 diﬁ‘ert:
1756 5560 1881 5597 con-

320 5627 606 5693 sequenter,
629 5626 742 5693 etc.
765 5616 1053 5693 δειιιιηεεζ
1067 5624 1128 5669 ιιι
1154 5615 1209 5693 in
1243 5622 1391 5693 textu
1428 5625 1635 5693 nostra.
1836 5683 1846 5693 '

392 5682 501 5758 (ii)
539 5682 695 5754 Μέθη
724 5686 780 5741 in
809 5685 978 5751 nobis,
1011 5684 1150 5740 Deus
1177 5685 1232 5739 in
1262 5685 1425 5741 nobis.
1455 5684 1612 5742 Libb.
1647 5682 1804 5749 edit.,
1828 5683 1883 5735 in

1986 5470 2151 5535 vobis,
2189 5470 2330 5525 Deus
2358 5471 2413 5523 in
2446 5468 2609 5523 vobis.

2084 5532 2170 5612 iii)
2191 5539 2372 5612 Codex
2398 5537 2699 5612 Decccnsis,
2722 5536 2927 5612 Ainie_rit_.
2959 5534 3116 5612 _Lib_b.
3145 5532 3309 5612 edit._,_
3328 5534 3485 5612 gerit.

2084 5540 2170 5606 15)
2191 5540 2372 5597 Codex
2398 5540 2699 5605 Beccensis,
2729 5540 2927 5592 inierit.
2960 5540 3116 5589 Libb.
3145 5540 3309 5612 edit.,_
3328 5546 3387 5602 ge

2058 5540 2172 5680 ἶιθ)
2210 5609 2391 5667 Codex
2422 5607 2789 5675 Belvaceusis,
2824 5605 3101 5678 Trinitatis
3129 5610 3389 5660 enuntiat.
