4236 6282
623 390 682 441 Ἠ
1673 374 1998 432 ORICENIS
2036 372 2102 428 IN
2140 369 2496 427 CANTICUM
2525 366 2796 425 CANTIC.
3398 364 3413 373 ”
3791 363 3868 422 τε

690 496 984 555 Sciendum
1029 503 1206 549 autem
1242 489 1386 564 quod
1420 491 1603 546 omnis
1634 492 1726 561 qui
1774 490 1855 545 vel
1898 488 2180 559 pecuniam
2212 489 2260 547 Α
2287 486 2359 539 ita
2399 485 2737 554 temperabit,
2768 491 2828 538 ut
2855 482 2960 538 scit
2988 480 3064 537 illi
3103 481 3319 551 placere
3348 459 3511 551 quem
3555 479 3761 551 diligit:
3795 497 3865 536 ne

619 590 816 660 diligit,
849 588 935 642 vel
963 602 1024 641 ea
1060 600 1180 654 qui:
1224 585 1279 637 in
1326 584 1531 638 mundo
1558 592 1688 639 sunt
1727 583 1967 637 materiae
1999 598 2188 638 eorru-

620 680 844 751 ptibilis,
878 678 1129 732 virtutem
1166 672 1449 729 cliaritatis
1478 689 1601 742 qum
1624 689 1691 728 ex
1720 671 1829 727 Deo
1854 680 1957 732 est,
1984 672 2049 725 ad
2079 680 2190 725 ter-

621 785 749 825 rena
782 777 837 823 et
866 766 931 821 ad
966 764 1172 819 caduca
1196 763 1435 826 deducit,
1463 771 1518 817 et
1548 763 1711 817 rebus
1743 761 1834 815 Dei
1860 762 2099 815 abutitur
2122 761 2188 815 ad

619 878 683 918 ea
713 876 831 931 qua:
863 873 969 915 non
1001 859 1118 913 vult
1145 856 1311 911 Deus.
1345 854 1459 909 Non
1496 855 1638 908 cnim
1679 853 1819 908 Deus
1842 852 2188 908 dilectionem

620 956 835 1016 horum,
888 952 983 1007 sed
1034 965 1194 1005 usum
1247 946 1562 1002 hominibus
1614 945 1781 1000 dedit.
1833 943 1958 999 limo
2006 952 2189 998 autem

617 1044 779 1114 paulo
810 1043 976 1097 latius
998 1039 1380 1103 discussimus,
1408 1037 1646 1090 volentes
1681 1034 1749 1090 de
1781 1034 2189 1089 natura‘chari-

617 1136 743 1191 tatis
771 1143 826 1191 et
846 1133 1050 1188 amoris
1070 1132 1311 1202 apertius
1338 1129 1704 1198 attentiusque
1724 1127 2085 1197 distinguere,
2116 1141 2186 1181 ne

617 1228 755 1283 forte
802 1225 1056 1296 quoniam
1091 1223 1370 1293 Scriptura
1412 1220 1561 1284 dicit,
1604 1219 1733 1289 quia
1763 1217 1904 1271 Deus
1952 1217 2188 1272 charitas

617 1327 694 1375 est
717 1318 785 1384 ιθ,
812 1331 972 1372 omne
991 1315 1136 1386 quod
1166 1312 1408 1382 diligitur
1436 1311 1598 1365 etiam
1635 1309 1680 1365 si
1715 1307 2067 1377 corruptibile
2096 1306 2186 1371 sit,

619 1424 686 1464 ex
718 1407 826 1462 Deo
856 1421 999 1469 esse,
1027 1414 1083 1461 et
1127 1404 1232 1458 hoc
1262 1402 1499 1457 charitas
1536 1409 1591 1455 et
1622 1398 1840 1454 dilectio
1884 1406 2186 1468 putaretur.

622 1498 727 1554 Sed
761 1497 1066 1552 ostenditur
1094 1509 1181 1550 res
1207 1494 1424 1564 quidem
1448 1492 1561 1558 Dei,
1591 1500 1645 1546 et
1688 1505 1888 1545 munus
1927 1489 2046 1559 ejus
2068 1503 2191 1544 esse

619 1590 879 1655 cliaritas,
907 1604 1016 1642 non
1063 1595 1244 1640 tamen
1275 1600 1491 1655 semper
1531 1584 1601 1638 ab
1636 1582 1970 1645 hominibus,
2015 1580 2081 1635 ad
2125 1595 2189 1634 ea

620 1695 744 1751 quae
774 1680 867 1735 Dei
891 1688 1037 1744 sunt,
1068 1688 1122 1734 et
1148 1694 1270 1750 quae
1296 1678 1438 1732 Deus
1477 1676 1594 1730 vult
1623 1690 1760 1745 opus
1794 1674 1914 1743 ejus
1942 1672 2184 1736 assumi;

625 1771 721 1827 sed
749 1778 805 1825 et
835 1771 941 1826 hoc
980 1770 1120 1825 scire
1156 1777 1385 1840 oportet,
1416 1767 1563 1837 quod
1604 1764 1939 1835 impossibile
1977 1772 2082 1825 est,
2131 1770 2189 1816 ut

625 1862 738 1918 non‘
775 1876 988 1931 semper
1032 1861 1270 1915 humana
1316 1870 1509 1913 natura
1563 1856 1763 1926 aliquid
1789 1864 1952 1910 amet.
1999 1853 2191 1909 Omnis

627 1966 861 2020 namque
885 1951 978 2021 qui
1008 1951 1073 2005 ad
1100 1950 1152 2004 id
1181 1950 1355 2004 astatis
1383 1947 1610 2009 venerit,
1651 1960 1815 2015 quam
1852 1945 2189 2015 pubertatem

622 2051 837 2107 vocant,
877 2052 1023 2096 amat
1060 2041 1262 2112 aliquid
1305 2055 1400 2094 seu
1446 2039 1627 2092 minus
1677 2047 1842 2099 recte,
1886 2051 2012 2090 cum
2046 2044 2193 2088 amat

620 2146 739 2199 qua:
777 2145 882 2184 non
928 2140 1168 2200 Oportet;
1208 2145 1307 2185 seu
1346 2138 1491 2182 recte
1534 2139 1587 2180 et
1619 2126 1844 2192 utiliter,
1887 2140 2011 2179 cum
2047 2134 2194 2178 amat

620 2237 740 2290 qua!
772 2229 1002 2290 oportet.
1055 2218 1251 2274 Verum
1306 2218 1557 2297 nonnulli
1605 2219 1752 2271 hunc
1803 2217 2007 2270 amoris
2058 2216 2190 2272 all'e-

622 2319 792 2370 ctutn,
828 2311 920 2379 qui
964 2311 1158 2363 anima:
1203 2309 1517 2364 rationabili
1557 2308 1755 2363 insitus
1797 2316 1881 2361 est
1930 2307 2192 2364 beneﬁcio

622 2399 956 2469 Conditoris,
983 2409 1077 2454 aut
1101 2400 1166 2454 ad
1196 2415 1435 2455 amorem
1458 2401 1701 2469 pecuniae
1734 2399 1958 2452 trahunt
1980 2408 2033 2453 et
2066 2415 2194 2453 ava-

627 2490 763 2545 ritia:
786 2491 1045 2556 studium,
1069 2501 1165 2546 aut
1187 2508 1315 2562 erga
1346 2490 1573 2560 gloriam
1609 2490 1954 2558 captandam,
1978 2498 2030 2543 ct
2060 2489 2195 2544 ﬁunt

625 2581 803 2635 inanis
826 2582 1009 2653 glorite
1039 2583 1250 2653 cupidi;
1295 2590 1388 2636 aut
1426 2597 1555 2651 erga
1588 2590 1767 2636 scorta
1818 2580 2099 2645 sectanda,
2140 2589 2195 2634 ct

623 2673 972 2727 inveniuntur
1020 2673 1368 2741 impudicitiae
1428 2671 1778 2740 libidinisque
1823 2671 2055 2739 captivi;
2101 2679 2196 2724 aut

624 2762 689 2815 al
722 2762 826 2815 alia
863 2762 947 2816 his
977 2762 1172 2816 similia
1210 2762 1461 2817 virtutem
1498 2760 1630 2815 tanti
1663 2759 1789 2814 boni
1827 2759 1989 2829 hujus
2021 2759 2195 2813 effun-

623 2853 781 2906 dunt.
812 2851 917 2907 Sed
949 2863 1149 2905 etcum
1183 2867 1307 2922 erga
1341 2852 1584 2906 diversas
1608 2861 1753 2905 artes
1776 2862 1934 2903 amor
1968 2850 2070 2903 iste
2090 2848 2196 2901 du-

625 2943 788 3008 citur,
813 2958 934 3012 quie
964 2958 1127 2998 manu
1169 2943 1575 3009 ministrentur,
1600 2950 1693 2997 aut
1722 2958 1817 3013 per
1844 2942 2022 2997 studia
2051 2956 2194 3014 pra:-

623 3032 795 3087 sentis
820 3033 943 3088 vita:
981 3049 1087 3089 non
1132 3035 1306 3089 solum
1356 3034 1687 3097 necessaria,
1724 3042 1780 3088 ut
1825 3033 1972 3087 verbi
2022 3033 2195 3103 gratia

2291 574 2433 629 forte
2465 575 2511 628 si
2547 575 2601 628 in
2645 574 2828 643 aliquo
2869 581 3057 626 contra
3102 571 3435 625 voluntatem
3482 570 3628 626 illius
3670 572 3861 641 egerit,

2290 665 2569 719 consortia
2596 664 2714 733 ejus
2749 662 2830 715 vir
2860 662 2949 716 ille
2994 660 3231 728 optimus
3275 658 3476 714 refutet
3515 670 3679 729 atque
3711 675 3862 729 sper-

2291 755 2429 808 nat?
2454 752 2729 808 Poteritne
2761 751 2877 805 haec
2923 749 3117 805 mulier
3147 764 3270 819 qua!
3300 764 3428 819 erga
3469 764 3712 803 amorem
3757 748 3861 802 viri

2292 845 2439 899 illius
2485 852 2597 898 toto
2625 842 2810 909 corde,
2839 849 2951 897 tota
2995 841 3204 905 anima,
3235 834 3474 908 totisque
3510 840 3717 895 viribus
3750 839 3863 894 fer-

2292 946 2401 1002 vet,
2435 945 2529 991 aut
2566 934 2888 990 adulterium
2931 932 3271 1009 committere
3315 946 3437 1001 qua:
3477 946 3603 985 eum
3651 932 3862 987 noverit

2292 1041 2477 1080 amare
2500 1022 2854 1095 pudicitiam?
2880 1030 2977 1076 aut
3017 1019 3393 1083 homicidium,
3439 1034 3559 1090 quae
3594 1034 3719 1075 eum
3761 1035 3860 1074 no-

2291 1117 2428 1174 verit
2456 1117 2681 1171 mitem?
2714 1124 2812 1170 aut
2841 1112 3064 1177 furtum,
3094 1126 3217 1182 qua:
3238 1111 3288 1166 ei
3316 1114 3453 1165 sciat
3481 1111 3855 1166 liberalitatem

2290 1208 2537 1281 placere?
2574 1217 2669 1262 aut
2706 1205 3059 1274 concupiscet
3104 1203 3302 1269 aliena,
3337 1218 3460 1272 quae
3497 1217 3690 1258 omnes
3726 1216 3857 1261 suas

2290 1299 2764 1370 eoncupiseentias
2791 1312 2920 1367 erga
2953 1309 3195 1350 amorem
3225 1294 3328 1348 viri
3365 1294 3509 1349 illius
3545 1294 3740 1349 habeat
3767 1309 3858 1348 oc-

2291 1390 2549 1460 cupatas?
2573 1387 2663 1443 Sic
2682 1403 2811 1458 ergo
2843 1387 2899 1441 in
2933 1386 3215 1441 eharitatis
3244 1384 3595 1455 perfectione,
3620 1395 3675 1440 et
3698 1400 3859 1442 ontne

2292 1483 2606 1537 mandatum
2630 1478 2925 1535 restaurari
2954 1478 3170 1544 dicitur,
3195 1487 3250 1532 et
3277 1478 3408 1547 legis
3436 1477 3610 1530 virtus
3633 1480 3862 1546 prophe-

2293 1584 2579 1642 tarumque
2600 1571 2851 1639 pendere.
2879 1569 3105 1638 Propter
3131 1569 3273 1624 istud
3297 1568 3578 1624 charitatis
3598 1570 3683 1623 vel
3708 1583 3860 1622 amo-

2291 1667 2368 1721 ris
2395 1666 2620 1725 bonum,
2652 1662 2825 1719 sancti
2858 1677 2962 1717 nec
2993 1663 3047 1715 in
3078 1661 3424 1715 tribulatione
3457 1662 3858 1731 angustiantur,

2292 1772 2391 1811 nec
2420 1754 2651 1824 aporiati
2686 1753 3093 1823 evaporiantur,
3124 1767 3225 1807 nec
3249 1752 3441 1822 deiecti
3479 1762 3726 1822 pereunt,
3766 1752 3859 1806 sed

2292 1846 2437 1916 quod
2480 1846 2533 1900 in
2568 1844 2823 1915 praesenti
2846 1853 2931 1899 est
2958 1852 3419 1906 momentaneum,
3444 1852 3500 1897 et
3525 1844 3641 1898 leve
3686 1843 3861 1896 tribu-

2292 1937 2514 1992 lationis
2546 1952 2734 1992 eorum
2763 1950 2927 2004 supra
2981 1935 3200 1989 modum
3228 1944 3489 1988 aeternum
3516 1934 3702 2004 gloria:
3726 1949 3862 2003 pon-

2292 2030 2394 2083 dus
2417 2036 2671 2097 operatur
2698 2027 2827 2082 illis.
2844 2024 2962 2083 Non
2989 2026 3133 2081 enim
3153 2026 3430 2091 omnibus,
3455 2029 3548 2081 sed
3577 2026 3767 2092 Paulo,
3807 2037 3865 2082 et

2293 2121 2379 2175 his
2416 2120 2509 2191 qui
2536 2120 2585 2175 ei
2616 2119 2821 2174 similes
2849 2126 2996 2184 sunt,
3031 2132 3268 2188 praesens
3322 2118 3440 2173 haec
3485 2127 3539 2174 et
3561 2128 3864 2173 momenta-

2294 2226 2394 2266 nea
2422 2227 2487 2266 ac
2515 2211 2648 2267 levis
2680 2210 2878 2267 dicitur
2907 2209 3217 2265 tribulatio:
3256 2210 3382 2280 quia
3414 2208 3706 2279 perfectam
3733 2210 3863 2265 cha-

2293 2303 2507 2358 ritatem
2550 2301 2645 2357 Dei
2688 2303 2743 2357 in
2775 2301 2998 2357 Christo
3018 2299 3146 2356 Jesu
3187 2315 3285 2371 per
3316 2299 3576 2369 Spiritum
3610 2308 3859 2355 sanctum

2293 2393 2398 2466 31
2437 2395 2637 2449 habent
2664 2395 2718 2449 in
2748 2394 2911 2449 corde
2962 2408 3062 2448 suo
3110 2391 3384 2447 diffusam.
3423 2390 3516 2445 Sic
3552 2391 3783 2460 denique
3809 2402 3865 2445 et

2294 2484 2463 2540 Jacob
2495 2486 2859 2555 patriareliam
2888 2498 3043 2537 amor
3072 2482 3277 2536 Rachel
3312 2498 3408 2552 per
3446 2492 3649 2553 septem
3689 2500 3861 2539 annos

2295 2577 2585 2632 continuos
2619 2576 2673 2629 in
2708 2574 2985 2629 laboribus
3012 2575 3245 2644 positum
3275 2576 3457 2631 diurni
3486 2586 3654 2633 aestus
3680 2586 3735 2633 et
3762 2593 3864 2635 no-

2297 2669 2476 2722 cturni
2525 2665 2742 2737 frigoris
2790 2665 3059 2720 ustionem
3116 2665 3319 2720 sentire
3359 2682 3466 2721 non
3517 2668 3719 2722 sivit".
3776 2670 3866 2723 Sic

2298 2759 2476 2829 ipsum
2506 2756 2731 2812 Paulum
2772 2756 2826 2810 in
2856 2769 3042 2810 amore
3067 2755 3231 2824 hujus
3262 2757 3541 2813 incensum
3576 2760 3762 2814 audito
3785 2760 3867 2813 di-

2295 2860 2506 2907 centem
2541 2869 2555 2905 :
2585 2849 2833 2906 Charitas
2860 2850 3035 2901 omnia
3069 2850 3292 2918 patitur,
3321 2852 3500 2905 onusia
3528 2851 3717 2917 credit,
3753 2867 3868 2904 om-

2298 2946 2389 2999 nia
2418 2956 2614 3015 sperat,
2637 2944 2815 2998 omnia
2843 2943 3053 3011 tolerat,
3080 2944 3316 2998 charitas
3343 2959 3609 3013 nunquam
3634 2945 3777 2998 cadit
3796 2945 3862 2999 ⁸³.

2296 3038 2440 3094 Nihil
2477 3052 2608 3110 ergo
2637 3048 2721 3092 est
2750 3036 2896 3107 quod
2948 3053 3056 3092 non
3098 3038 3312 3102 toleret,
3346 3038 3440 3106 qui
3477 3037 3715 3108 perfecte
3741 3037 3863 3091 dili-

622 3122 875 3187 dixerim.
911 3138 1036 3194 erga
1060 3132 1228 3179 artem
1263 3122 1645 3195 palaestricam.
1671 3124 1755 3177 vel
1798 3138 1996 3179 cursus
2031 3138 2188 3177 οῖον·
2219 3148 2269 3209 ο
2298 3131 2394 3202 git.
2436 3129 2597 3183 Plura
2646 3136 2824 3183 autem
2871 3129 3091 3198 quando
3139 3143 3246 3182 non
3299 3127 3612 3194 toleramus,
3658 3138 3864 3183 certum

621 3214 770 3279 cilia,
795 3222 891 3270 aut
920 3223 1066 3270 certe
1095 3215 1257 3270 etiam
1287 3230 1413 3286 erga
1459 3214 1865 3284 geometricam,
1896 3213 1980 3267 vel
2024 3213 2195 3268 musi.

620 3320 765 3371 eam,
796 3305 879 3361 vel
914 3306 1312 3361 arithmeticam
1334 3304 1634 3370 confertur,
1667 3312 1828 3375 atque
1858 3305 1924 3359 ad
1949 3304 2086 3358 alias
2112 3304 2195 3358 vel

626 3397 1003 3466 hujuscemodi
1027 3396 1364 3469 disciplinas,
1396 3411 1495 3452 nec
1526 3396 1606 3452 sic
1637 3395 1857 3465 quidem
1887 3395 2020 3449 mihi
2049 3394 2199 3448 vidc-

623 3495 714 3541 tur
739 3502 873 3543 usus
894 3487 1013 3558 ejus
1042 3487 1391 3557 probabiliter
1422 3486 1587 3542 sumi.
1637 3486 1695 3541 Si
1723 3485 1866 3541 enim
1909 3485 2055 3555 quod
2092 3485 2194 3539 bo-

624 3592 755 3631 num
780 3585 884 3641 est,
917 3577 1023 3632 hoc
1049 3586 1104 3632 et
1127 3578 1405 3649 probabile
1444 3586 1560 3645 est;
1597 3579 1802 3632 bonum
1849 3586 2029 3631 autem
2067 3590 2196 3647 pro-

623 3667 742 3739 prie
771 3683 877 3723 non
910 3683 1038 3739 erga
1065 3684 1196 3723 usus
1236 3683 1552 3740 corporcos,
1593 3670 1687 3724 sed
1713 3668 1770 3722 in
1803 3666 1915 3723 Deo
1956 3668 2192 3739 primum

622 3770 678 3816 et
726 3761 895 3816 animi
945 3761 1241 3817 virtutibus
1281 3760 1632 3830 intelligitur;
1671 3768 2065 3830 consequenter
2105 3760 2197 3816 ille

624 3866 780 3906 amor
824 3852 1122 3922 probabilis
1167 3859 1270 3919 est,
1304 3850 1400 3922 qui
1435 3850 1546 3905 Deo
1587 3859 1641 3906 et
1688 3850 1856 3904 animi
1904 3849 2197 3906 virtutibus

625 3951 928 4010 coaptatur.
966 3942 1034 3998 Et
1061 3943 1166 3998 hoc
1206 3943 1280 3997 ita
1326 3957 1386 3998 se
1418 3940 1617 3995 habere
1662 3940 1977 3996 deﬁnitione
2024 3940 2198 4010 ipsius

630 4025 926 4082 Salvator-is
969 4027 1295 4094 ostenditur,
1325 4028 1419 4083 ubi
1462 4027 1831 4097 interrogatus
1870 4042 1900 4082 a
1933 4028 2194 4098 quodam,

626 4118 773 4190 quod
800 4128 946 4173 esset
984 4117 1294 4173 mandatum
1349 4118 1596 4173 omnium
1642 4116 1965 4185 maximum,
1993 4125 2047 4172 et
2086 4118 2197 4188 pri-

627 4225 776 4267 mum
821 4210 876 4264 in
916 4210 1053 4280 lege,
1100 4208 1419 4280 respondit:
1452 4206 1653 4280 Diliges
1704 4206 1989 4264 Dominum
2032 4206 2198 4262 Deum

628 4319 779 4363 tuum
807 4321 870 4359 ex
905 4315 1014 4359 toto
1042 4305 1196 4358 corde
1225 4314 1337 4365 tuo,
1363 4312 1414 4356 et
1440 4318 1507 4357 ea:
1536 4311 1650 4355 tota
1675 4301 1855 4357 anima
1895 4310 2008 4365 tua,
2044 4310 2093 4354 et
2133 4316 2198 4355 ea;

629 4398 753 4450 totis
782 4395 976 4449 viribus
1008 4395 1135 4447 tuis.
1165 4392 1462 4446 Secundum
1490 4407 1609 4445 vero
1641 4392 1812 4446 simile
1838 4403 1913 4446 est
1944 4393 2069 4444 illi:
2101 4393 2197 4444 Di-

2298 3220 2444 3292 quod
2488 3221 2556 3275 ob
2602 3220 2707 3275 hoc
2751 3220 2879 3289 quia
2920 3220 3240 3275 charitatem
3272 3234 3394 3288 qua:
3418 3220 3600 3274 omnia
3651 3220 3865 3283 tolerat,

2298 3329 2405 3367 non
2441 3313 2726 3367 habemus.
2762 3310 2828 3365 Et
2861 3310 2905 3367 si
2939 3326 3046 3364 non
3097 3309 3324 3365 ferimus
3366 3310 3547 3380 aliqua
3578 3311 3865 3381 patienter,

2298 3403 2500 3458 idcirco
2551 3410 2635 3456 est
2680 3400 2806 3470 quia
2858 3399 3098 3454 eharitas
3147 3399 3304 3454 nobis
3338 3399 3506 3469 deem,
3532 3414 3654 3468 quae
3685 3401 3866 3453 omnia

2297 3493 2521 3563 patitur.
2553 3490 2611 3545 In
2642 3491 2937 3546 luctamine
2966 3505 3185 3559 quoque
3211 3503 3276 3544 eo
3307 3489 3452 3556 quod
3484 3500 3569 3544 est
3591 3491 3747 3545 nobis
3772 3491 3867 3544 ad-

2297 3599 2487 3639 versus
2527 3582 2826 3648 diabolum,
2878 3583 3023 3651 quod
3081 3581 3393 3650 frequenter
3429 3580 3695 3648 cadimus,
3757 3596 3864 3636 non

2296 3673 2523 3729 dubium
2555 3680 2638 3727 est
2665 3671 2797 3741 quin
2841 3670 2912 3724 ob
2941 3668 3045 3722 hoc
3078 3667 3172 3722 ﬁat
3203 3669 3350 3737 quod
3382 3683 3488 3722 non
3517 3678 3601 3724 est
3627 3669 3681 3722 in
3711 3671 3868 3725 nouis

2298 3761 2535 3818 cbaritas
2566 3760 2655 3814 illa
2699 3773 2820 3829 quae
2852 3771 3131 3826 nunquam
3164 3754 3326 3811 cadit.
3370 3754 3526 3812 Hunc
3549 3772 3677 3827 ergo
3710 3772 3867 3813 amo-

2298 3868 2411 3907 rem
2442 3852 2685 3921 loquitur
2709 3863 2947 3920 praesens
2981 3846 3283 3917 Scriptura,
3327 3863 3437 3917 quo
3469 3862 3596 3919 erga
3643 3849 3865 3902 verbum

2299 3943 2393 3998 Dei
2422 3944 2603 3997 anima
2637 3942 2793 3997 beata
2824 3938 2993 3995 utitur
3012 3946 3068 3992 et
3091 3938 3487 4006 inﬂammatur;
3509 3948 3563 3994 et
3587 3939 3727 3993 istud
3750 3940 3867 4008 epi-

2298 4034 2542 4090 thalamii
2577 4048 2796 4088 carmen
2846 4047 2942 4101 per
2984 4031 3234 4102 spiritum
3282 4030 3427 4084 canit
3467 4044 3578 4099 quo
3628 4027 3865 4083 Ecclesia

2298 4140 2498 4197 sponso
2531 4124 2739 4181 ccelesti
2765 4122 2983 4179 Christo
3010 4122 3359 4193 conjungitur
3390 4136 3454 4176 ac
3484 4121 3746 4187 sociatur,
3774 4119 3866 4174 de-

2299 4220 2545 4276 siderans
2577 4216 2791 4272 misceri
2820 4216 2871 4270 ei
2905 4231 2999 4285 per
3029 4215 3276 4281 verbum,
3308 4222 3369 4267 ut
3388 4213 3659 4282 concipiat
3683 4228 3749 4267 ex
3778 4226 3864 4275 co,

2298 4322 2352 4366 et
2379 4309 2579 4365 salvari
2614 4307 2785 4377 possit
2817 4320 2912 4374 per
2959 4304 3101 4358 hanc
3131 4313 3337 4358 castam
3374 4291 3606 4356 filiorum
3640 4318 3869 4372 genera-

2298 4404 2523 4463 tionem,
2545 4413 2669 4454 cum
2704 4394 3100 4467 permanserint
3124 4393 3175 4446 in
3202 4391 3325 4455 lide,
3354 4401 3407 4446 et
3432 4395 3719 4448 sanctitate
3742 4410 3865 4448 cum

629 4489 758 4559 liges
783 4486 1084 4557 proximum
1127 4493 1274 4537 tuum
1314 4483 1451 4536 sicut
1485 4483 1726 4551 teipsum.
1763 4482 1829 4536 Et
1861 4483 2092 4554 adjecit:
2129 4484 2196 4538 In
2228 4478 2272 4537 D
2301 4488 2595 4546 sobrietate
2632 4505 2646 4540 :
2675 4494 2859 4555 utpote
2886 4481 3132 4550 concepti
3160 4496 3225 4535 cx
3253 4481 3459 4536 semine
3493 4482 3708 4551 quidem
3737 4480 3869 4536 γει-

631 4582 711 4635 liis
730 4580 931 4633 duobus
955 4575 1222 4632 mandatis
1244 4576 1412 4630 annuis
1441 4572 1525 4627 lex
1549 4573 1733 4643 pendet
1760 4585 1809 4628 et
1834 4575 2095 4645 prop/icta:
2113 4578 2154 4609 “
2181 4597 2196 4634 :

630 4673 920 4727 ostendens
940 4686 1035 4742 per
1062 4670 1176 4725 haec
1205 4669 1315 4726 duo
1344 4667 1556 4739 justum
1597 4681 1837 4721 amorem
1868 4668 2197 4738 legitimum-

631 4777 739 4832 que
770 4771 1039 4827 constare,
1071 4768 1235 4832 atque
1280 4760 1335 4814 in
1385 4758 1470 4813 his
1515 4756 1822 4812 universam
1862 4758 2031 4828 legem
2064 4774 2195 4829 pro-

633 4852 931 4922 plietasque
958 4850 1210 4920 pendere.
1243 4849 1345 4904 Sed
1382 4858 1433 4904 et
1459 4848 1602 4918 quod
1625 4847 1734 4902 ait:
1770 4846 1891 4901 Non
1925 4848 2198 4903 adultera—

632 4944 746 5006 bis;
788 4957 893 4995 non
934 4939 1166 5009 occides;
1213 4956 1315 4993 non
1363 4938 1565 5008 furtum
1605 4938 1804 5007 facies;
1850 4955 1953 4992 non
2000 4940 2195 5009 falsum

631 5036 988 5093 testimonium
1021 5033 1162 5085 dices
1191 5030 1267 5097 i';
1300 5040 1355 5086 et
1391 5030 1436 5084 si
1483 5028 1630 5100 quod
1665 5029 1812 5084 aliud
1857 5031 2194 5094 mandatum,

632 5129 686 5183 in
718 5127 822 5180 hoc
851 5123 1013 5180 verbo
1038 5130 1394 5186 reStauratur,
1428 5121 1482 5173 in
1510 5135 1618 5189 quo
1647 5120 1721 5173 ait
1750 5136 1764 5173 :
1792 5118 1989 5189 Diliges
2018 5120 2199 5188 proxi-

631 5232 772 5270 mum
815 5224 962 5269 tuum
989 5214 1124 5267 sicut
1156 5211 1397 5280 teipsum,
1429 5209 1575 5279 quod
1622 5208 1727 5264 hoc
1769 5209 1934 5264 modo
1980 5206 2196 5263 facilius

628 5305 1028 5379 explanabitur.

699 5416 993 5482 Ponamus,
1021 5411 1167 5468 verbi
1212 5425 1398 5476 causa,
1426 5407 1709 5463 mulierem
1751 5420 1937 5459 amore
1964 5404 2195 5472 alicujus

629 5513 729 5567 viri
775 5511 1074 5569 ardentem.
1123 5502 1539 5574 cupientemque
1586 5499 1641 5552 in
1686 5497 2026 5551 consortium
2074 5496 2194 5566 ejus

630 5601 843 5667 ascisci,
875 5611 1056 5655 nonne
1080 5592 1264 5649 omnia
1288 5590 1362 5645 ita
1384 5595 1527 5659 aget,
1558 5596 1612 5642 et
1635 5597 1828 5640 omnes
1857 5595 2037 5641 motus
2064 5600 2196 5641 suos

695 5720 740 5751 ⁸ο
780 5719 797 5771 l
830 5717 987 5773 Jaan.
1024 5728 1098 5778 tv,
1132 5712 1188 5766 8.
1275 5709 1319 5741 ’⁵⁸
1359 5703 1546 5761 Matth.
1578 5719 1718 5775 mi,
1749 5702 1839 5771 37,
1871 5703 1960 5771 59,
1999 5701 2087 5757 40.

633 5791 673 5824 ⁸⁵
714 5789 900 5848 Matth.
934 5800 1010 5853 st,
1072 5781 1164 5837 27.

2176 5703 2221 5737 ¹⁸²
2259 5701 2449 5758 Matth.
2482 5718 2593 5770 xix,
2635 5699 2724 5755 18.

2302 4581 2355 4636 bi
2401 4579 2516 4643 Dei,
2543 4579 2671 4633 editi
2699 4592 2828 4632 vero
2856 4574 3131 4647 gentilique
3162 4573 3246 4627 vel
3277 4573 3346 4627 ab
3381 4572 3727 4626 immaculata
3765 4572 3870 4627 Ec-

2300 4672 2485 4738 clesia,
2515 4670 2599 4725 vel
2651 4670 2721 4724 ab
2766 4668 2946 4722 anima
2980 4666 3116 4720 nihil
3153 4678 3501 4733 corporeum,
3529 4662 3662 4716 nihil
3697 4672 3869 4718 mate-

2301 4764 2437 4819 riale
2474 4762 2801 4831 requirente,
2834 4760 2928 4815 sed
2961 4759 3077 4814 solo
3103 4756 3265 4811 Verbi
3301 4754 3391 4810 Dei
3421 4770 3607 4809 amore
3635 4755 3866 4824 flagran-

2302 4865 2374 4912 te.
2407 4853 2532 4907 llaec
2585 4851 2800 4906 interitu
2850 4849 3009 4903 nobis
3052 4848 3119 4901 ad
3168 4863 3408 4917 praisens
3445 4847 3511 4901 de
3552 4861 3757 4911 amore,
3788 4844 3868 4898 Vel

2303 4946 2588 5009 charitate,
2619 4958 2740 5012 qua:
2773 4943 2827 4995 in
2861 4940 3211 5009 epithalamio
3240 4939 3343 4992 boc
3374 4936 3578 4991 Cantici
3625 4935 3871 4989 cantico-

2302 5052 2423 5090 rum
2474 5033 2727 5095 refertnr,
2771 5046 3059 5085 occurrere
3091 5037 3402 5100 potuerunt.
3439 5025 3544 5080 Sed
3585 5026 3865 5081 sciendum

2303 5137 2525 5182 esttam
2562 5126 2730 5179 multa
2777 5139 2898 5179 esse
2945 5137 3067 5191 quae
3096 5121 3202 5175 dici
3228 5121 3457 5174 debeant
3498 5118 3563 5171 de
3606 5117 3868 5173 charitate

2304 5219 2425 5282 hac,
2458 5229 2659 5286 quanta
2689 5226 2742 5271 et
2768 5217 2833 5270 de
2869 5216 2977 5270 Deo
3010 5232 3023 5268 :
3056 5212 3321 5282 siquidem
3356 5211 3468 5280 ipse
3499 5218 3581 5263 est
3605 5209 3863 5265 Charitas.

2306 5312 2456 5365 Sicut
2480 5312 2622 5365 enim
2654 5325 2803 5362 nemo
2842 5309 2981 5361 novit
3011 5304 3226 5358 Patrem
3249 5304 3350 5355 nisi
3385 5301 3579 5369 Filius,
3603 5312 3649 5356 ct
3673 5305 3758 5355 cui
3780 5320 3869 5356 uo-

2302 5402 2458 5455 luerit
2505 5400 2676 5455 Filius
2706 5401 2931 5454 revelare
2947 5400 3024 5465 ‘5;
3056 5398 3130 5451 ita
3179 5410 3337 5449 nemo
3366 5396 3514 5448 novit
3546 5395 3869 5450 charitatem

2304 5496 2408 5550 nisi
2453 5494 2641 5549 Filius.
2694 5493 2955 5547 Similiter
2999 5500 3181 5544 autem
3222 5488 3383 5541 etiam
3440 5487 3613 5557 ipsum
3646 5485 3868 5554 Filium,

2303 5589 2559 5658 quoniam
2584 5595 2639 5641 et
2671 5586 2787 5655 ipse
2810 5584 3049 5639 charitas
3072 5591 3175 5648 cst,
3215 5581 3440 5652 ipsaque
3472 5596 3535 5633 ex
3574 5579 3683 5634 Deo
3708 5578 3869 5633 Patre

2834 5698 2879 5730 ”
2917 5697 3053 5754 Gen.
3084 5711 3199 5751 XIX.
3275 5694 3322 5727 δ”
3360 5694 3538 5751 lCor.
3576 5709 3670 5749 xm
3730 5692 3780 5760 τ,
3808 5691 3865 5752 8.
