4236 6282
521 352 621 407 Ἳῖὶ

1619 350 1938 407 ORIGEN‘IS
1961 350 2042 405 ΤΙΝ
2079 350 2436 406 CANTICUM
2476 348 2749 405 CANTIC.
3738 360 3814 414 76

531 470 618 524 -ιςι
643 469 771 539 quia
824 468 915 538 qui
962 468 1016 523 in
1048 468 1134 522 bis
1158 465 1424 529 eruditur,
1457 467 1768 521 necessario
1793 468 2134 523 rationabili-
2160 472 2207 528 Α
2239 469 2586 536 ctionemque
2611 467 2882 532 didicerit,
2906 483 3003 537 per
3032 485 3154 539 qua
3187 471 3239 523 in
3267 469 3414 524 nullo
3445 473 3615 540 possit
3635 488 3698 529 ex
3728 475 3823 535 his

549 571 631 615 ter
667 575 760 629 per
793 575 855 613 ca
887 573 1008 629 qua
1041 558 1229 612 didicit
1255 557 1608 627 semetipsum
1642 559 1927 628 gubernat,
1962 569 2017 615 et
2036 560 2124 614 vi-

551 663 658 705 tam
688 666 844 706 suam
868 650 1203 704 moderatius
1229 649 1412 715 librat,
1436 658 1724 719 propterea
1751 651 1883 705 dicit
1913 669 1924 703 :
1956 648 2124 703 Intel-

547 742 715 810 ligens
751 751 924 795 autem
964 739 1322 811 gubernacula
1351 741 1662 811 nequiret”.
1692 741 1820 797 Post
1849 743 1965 796 haec
1986 755 2124 795 vero

540 847 883 903 cognoscens
918 831 972 885 in
1015 832 1196 888 verbis
1227 831 1426 886 divinis
1456 832 1657 902 quibus
1704 848 1800 902 per
1833 832 2125 903 prophetas

537 923 786 976 diumano
827 921 1007 990 generi
1060 921 1290 976 traditus
1322 929 1406 976 est
1433 923 1568 976 ordo
1600 921 1835 989 vivendi,
1877 922 2124 977 diversos

533 1028 668 1069 esse
694 1013 898 1082 eloquii
942 1022 1146 1083 tropos,
1178 1023 1232 1068 et
1279 1013 1462 1070 varias
1507 1013 1719 1069 dicendi
1768 1015 1976 1084 species
2009 1032 2022 1068 :
2059 1029 2123 1068 ac

540 1101 727 1156 sciens
757 1101 945 1156 haberi
977 1101 1030 1156 in
1058 1103 1139 1157 eis
1161 1102 1401 1172 aliquam
1435 1101 1683 1173 ﬁguram,
1710 1119 1834 1174 qua
1861 1104 2122 1173 parabola

541 1193 864 1262 appelletur,
911 1203 963 1248 et
1007 1194 1168 1248 aliam
1213 1210 1336 1264 qua
1377 1195 1612 1250 obscura
1655 1195 1822 1250 dictio
1874 1203 2118 1261 vocetur,

541 1285 792 1352 aliasque
823 1299 946 1352 qua
989 1284 1274 1354 anigmata
1317 1284 1690 1349 nominentur,
1721 1292 1776 1338 et
1817 1283 1955 1339 alias
2001 1297 2123 1353 qua

544 1375 690 1428 dicta
723 1374 1028 1443 sapientum
1060 1375 1333 1442 dicantur,
1363 1373 1590 1430 scribit:
1619 1373 1889 1444 Intelliges
1917 1389 2120 1444 quoque

542 1464 853 1534 parabolam
895 1473 944 1518 et
982 1465 1260 1518 obscurum
1301 1480 1611 1530 sermonem,
1643 1463 1886 1533 dictaque
1915 1463 2122 1531 sapien-

545 1569 656 1610 tum
700 1565 748 1610 et
805 1556 1170 1626 cenigmata”.
1200 1555 1303 1610 Per
1349 1556 1466 1611 hac
1523 1569 1653 1626 ergo
1694 1553 1907 1624 singula
1965 1553 2124 1607 ratio-

542 1647 720 1701 nalem
771 1646 953 1700 locum
1006 1644 1290 1701 manifeste
1338 1653 1394 1699 et
1435 1643 1714 1700 evidenter
1764 1643 2022 1712 exponit,
2057 1657 2122 1699 ac

543 1753 697 1793 more
726 1747 966 1793 veterum
999 1736 1292 1791 succinctis
1323 1735 1690 1805 brevibusque
1724 1734 2009 1789 sententiis
2038 1733 2122 1787 in-

2233 559 2442 626 liguris,
2476 557 2677 628 quibus
2727 573 2943 627 sponsa
2973 559 3039 613 ad
3074 574 3335 628 sponsum
3369 563 3643 618 calestem
3676 567 3822 639 (20),

2233 648 2283 702 id
2318 658 2404 704 est
2436 649 2631 702 anima
2668 648 2920 717 perfecta
2953 665 3105 703 amor
3132 651 3198 704 ad
3238 653 3461 707 verbum
3491 653 3584 710 Dei
3610 657 3825 713 deseri--

2231 739 2377 793 bitur
2404 753 2467 793 ac
2493 737 2779 801 formatur,
2809 738 3103 794 oﬂ'cudere.
3125 740 3430 798 Pramissis
3461 761 3700 816 namque
3726 749 3819 802 bis

2229 829 2432 899 quibus
2466 830 2787 898 puriticatur
2817 830 2999 885 anima
3024 847 3120 901 per
3149 842 3307 888 actus
3335 849 3401 889 ac
3433 850 3635 904 mores,
3666 847 3719 892 et
3754 839 3819 893 in-

2228 937 2413 978 rerum
2440 922 2823 977 discretionem
2866 925 3193 978 naturalium
3227 926 3560 994 perducitur,
3590 944 3816 998 compe-

2227 1019 2406 1068 tenter
2427 1014 2493 1067 ad
2519 1014 2823 1084 dogmatica
2853 1015 2964 1086 (21)
2997 1015 3231 1082 venitur,
3257 1026 3309 1070 et
3339 1016 3406 1070 ad
3443 1020 3688 1087 mystica,
3718 1029 3810 1072 ειη

2228 1117 2335 1170 que
2375 1103 2442 1157 ad
2474 1105 2774 1160 divinitatis
2806 1105 3317 1174 contemplationem
3354 1108 3570 1161 sincero
3612 1119 3665 1162 et
3697 1110 3812 1177 Spi-

2229 1191 2376 1246 ritali
2413 1207 2600 1248 amore
2629 1193 3036 1249 conscenditur.
3065 1189 3214 1246 Hanc
3235 1208 3362 1264 ergo
3386 1194 3647 1262 triplicem
3677 1196 3810 1248 divi-

2229 1300 2311 1339 na
2337 1285 2699 1356 philosophia
2747 1285 2982 1340 formam
3022 1288 3186 1339 etiam
3223 1286 3278 1339 in
3332 1286 3438 1340 illis
3485 1287 3688 1342 sanctis
3741 1301 3810 1342 ac

2227 1375 2400 1431 beatis
2427 1376 2558 1432 viris
2588 1377 2828 1432 arbitror
2859 1377 3262 1448 prasignatam,
3292 1393 3389 1445 pro
3419 1394 3650 1447 quorum
3681 1393 3820 1432 san--

2227 1466 2490 1522 ctissimis
2538 1467 2968 1524 institutionibus
3019 1467 3160 1522 Deus
3201 1483 3448 1522 summus
3491 1469 3596 1523 dici
3634 1470 3809 1522 voluit

2229 1556 2371 1613 Deus
2415 1557 2712 1624 Abraham,
2739 1559 2885 1615 Deus
2917 1561 3092 1626 Isaac,
3125 1559 3263 1614 Deus
3293 1557 3478 1613 Jacob.
3526 1560 3800 1614 Abraham

2227 1659 2486 1719 tanquam
2518 1651 2774 1706 moralem
2821 1651 3064 1708 declarat
3092 1651 3510 1721 philosophiam.
3545 1665 3640 1721 per
3673 1653 3804 1705 obe-

2226 1739 2505 1795 dientiam.
2543 1738 2716 1797 Tanta
2761 1743 2906 1798 enim
2955 1745 3074 1815 ejus
3123 1744 3227 1800 fuit
3271 1743 3574 1799 ubedientia
3620 1749 3674 1799 et
3699 1745 3802 1798 ob-

543 1838 733 1898 gentes
767 1837 821 1882 et
852 1825 1126 1896 perfectos
1151 1827 1383 1896 explicat
1410 1841 1624 1881 sensus.
1659 1822 1812 1892 Quae,
1843 1823 1888 1879 si
1915 1823 2040 1894 quis
2069 1823 2123 1878 in
2156 1823 2199 1878 B
2228 1831 2463 1886 scrvatio
2515 1832 2894 1887 mandatorum
2920 1875 2937 1902 ,
2992 1844 3054 1889 ιιι
3091 1850 3216 1890 cum
3269 1835 3483 1889 audiret
3526 1853 3538 1887 ε
3590 1832 3696 1887 Exi
3739 1833 3807 1888 dc

543 1921 660 1990 lege
702 1919 914 1974 Domini
965 1919 1258 1973 meditetur
1287 1917 1375 1973 die
1405 1932 1471 1972 ac
1503 1926 1683 1982 nocte,
1719 1924 1774 1971 et
1805 1916 1849 1970 si
1879 1915 2004 1986 quis
2042 1923 2126 1970 est

542 2011 685 2065 sicut
709 2009 843 2079 justi
877 2024 939 2063 os
971 2009 1118 2079 quod
1166 2009 1459 2063 meditatur
1505 2007 1723 2062 Domini
1777 2005 2122 2076 sapientiam,

541 2100 868 2170 investigare
900 2099 1213 2170 diligentius
1239 2100 1458 2169 poterit,
1485 2109 1541 2154 et
1559 2099 1838 2165 invenire;
1866 2098 1910 2154 si
1942 2105 2123 2154 tamen

541 2202 687 2248 recte
724 2191 1025 2262 quaesierit,
1061 2200 1114 2246 et
1155 2206 1404 2261 quarens
1447 2191 1747 2261 pulsaverit
1785 2191 1988 2246 ostium
2031 2205 2123 2246 sa-

543 2287 778 2355 pientia,
811 2294 1001 2356 petens
1025 2301 1056 2339 a
1089 2283 1197 2340 Deo
1227 2292 1287 2339 ut
1317 2285 1594 2354 aperiatur
1619 2284 1747 2352 sibi,
1773 2293 1827 2340 et
1850 2291 2126 2338 mereatur

544 2375 796 2444 accipere
838 2390 933 2445 per
981 2373 1244 2445 Spiritum
1285 2384 1533 2431 sanctum
1568 2375 1792 2430 verbum
1823 2375 2123 2445 sapientia,

544 2467 766 2520 verbum
816 2467 1077 2532 scientia,
1107 2466 1333 2537 lierique
1365 2467 1636 2538 particeps
1670 2467 1819 2523 illius
1847 2468 2127 2538 sapientia

537 2573 662 2627 qua
694 2557 906 2613 dicebat
935 2577 949 2614 :
984 2557 1346 2613 Extendebam
1389 2559 1532 2612 enim
1573 2557 1726 2612 verba
1763 2574 1897 2625 mea,
1929 2567 1980 2612 et
2023 2574 2128 2613 non

540 2649 835 2704 audiebatis
852 2651 918 2700 “.
952 2649 1019 2704 Et
1048 2650 1241 2704 merito
1269 2649 1564 2706 extendere
1609 2666 1669 2708 se
1700 2651 1839 2706 dixit
1873 2651 2039 2706 verba
2068 2651 2125 2706 in

540 2742 663 2809 ejus
703 2741 895 2807 corde,
926 2739 1015 2796 cui
1040 2740 1250 2796 dederit
1290 2739 1453 2808 Deus,
1485 2742 1630 2798 sicut
1670 2758 1835 2813 supra
1865 2743 2124 2808 diximus,

543 2835 884 2891 latitudinem
921 2835 1129 2892 cordis.
1167 2835 1434 2891 Dilatatur
1465 2851 1700 2907 namque
1739 2837 1884 2894 illius
1913 2852 2010 2893 cor
2032 2836 2126 2906 qui

542 2935 724 2996 potest
761 2941 825 2980 ea
855 2941 979 2996 qua
1011 2926 1242 2983 breviter
1286 2928 1340 2982 in
1385 2927 1660 2998 mysteriis
1688 2929 1830 2983 dicta
1864 2937 2013 2991 sunt,
2045 2928 2125 2982 la-

541 3019 682 3074 tiore
728 3018 972 3074 doctrina
1019 3019 1251 3088 sumptis
1285 3034 1351 3074 ex
1386 3018 1756 3074 voluminibus
1788 3017 1986 3074 divinis
2034 3032 2125 3072 as-

540 3111 872 3166 sertionibus
947 3111 1258 3180 explanare.
1317 3109 1543 3180 Oportet
1602 3111 1764 3182 igitur
1821 3111 2124 3166 secundum

543 3203 682 3256 hanc
729 3201 978 3258 eamdem
1027 3201 1423 3272 sapientissimi
1461 3201 1774 3256 Salomonis
1820 3202 2126 3257 doctrinam

541 3308 665 3346 eum
695 3293 787 3362 qui
817 3293 1140 3362 sapientiam
1170 3293 1312 3348 scire
1340 3291 1632 3358 desiderat,
1653 3292 1890 3362 incipere
1912 3292 1980 3346 ab
2003 3307 2130 3347 eru-

541 3382 746 3435 ditione
799 3383 1014 3444 morali,
1049 3392 1105 3436 et
1151 3382 1449 3453 intelligere
1484 3383 1620 3438 illud
1668 3382 1814 3452 quod
1866 3381 2126 3452 scriptum

541 3480 626 3526 est
663 3491 674 3525 :
709 3471 1012 3540 Concupisti
1043 3473 1380 3541 sapientiam,
1425 3489 1575 3527 serva
1620 3473 1896 3538 mandatu,
1931 3481 1983 3526 et
2019 3471 2129 3526 Do-

543 3563 717 3617 minus
742 3563 889 3616 dabit
923 3579 1037 3617 eam
1077 3562 1171 3616 tibi
1191 3564 1258 3616 5'.
1313 3561 1397 3619 0b
1429 3564 1532 3621 hoc
1582 3565 1837 3636 magister
1897 3563 1985 3620 hic
2032 3563 2127 3634 qui

542 3654 754 3725 primus
787 3653 1035 3708 homines
1058 3653 1295 3708 divinam
1321 3654 1717 3724 pltilos0phiam
1741 3655 1920 3722 docet,
1946 3654 2128 3725 operis

541 3747 626 3800 sui
656 3745 941 3800 exordium
972 3744 1390 3801 Proverbiorum
1417 3747 1601 3816 posuit
1625 3745 1888 3812 libellum,
1907 3747 1962 3800 in
1995 3761 2125 3816 quo,

543 3845 606 3890 ut
635 3836 899 3904 diximus,
935 3837 1162 3893 moralis
1187 3837 1419 3893 traditur
1447 3837 1602 3892 locus
1642 3855 1655 3891 :
1691 3845 1751 3892 ut
1783 3852 1908 3892 cum
1960 3837 2123 3892 intel-

544 3930 682 3983 lectu
728 3930 1082 3999 moribusque
1127 3929 1252 4000 quis
1299 3928 1612 3999 profecerit,
1647 3927 1828 3982 veniat
1857 3927 2021 3982 etiam
2058 3927 2125 3982 ad

545 4017 811 4073 naturalis
843 4018 1207 4088 intelligentia
1235 4018 1604 4089 disciplinam,
1636 4025 1800 4088 atque
1829 4017 1903 4072 ibi
1935 4032 2116 4072 rerum

545 4124 742 4165 causas
777 4117 1113 4179 naturasque
1151 4108 1490 4179 distinguens
1519 4117 1783 4180 agnoscat
1830 4108 2124 4163 vanitatem

546 4199 977 4269 relinquendam,
1009 4199 1077 4253 ad
1107 4208 1309 4254 aterna
1338 4207 1520 4254 autem
1555 4205 1611 4253 et
1637 4209 1896 4268 perpetua
1929 4211 2127 4266 prope-

547 4289 780 4345 randum
810 4308 823 4342 :
853 4297 907 4343 et
954 4289 1074 4341 ideo
1115 4297 1240 4356 post
1284 4289 1601 4354 Proverbia,
1647 4289 1714 4342 ad
1759 4286 2120 4343 Ecclesiasten

548 4378 785 4440 venitur,
821 4375 915 4444 qui
965 4373 1143 4438 docet,
1194 4382 1254 4428 ut
1295 4374 1556 4438 diximus,
1585 4375 1819 4428 visibilia
1841 4375 2021 4428 omnia
2071 4383 2126 4426 et

2225 1934 2366 1977 terra
2411 1931 2523 1984 tua,
2555 1931 2604 1977 et
2639 1923 2702 1976 de
2745 1925 3057 1994 cognatione
3092 1935 3206 1992 tua,
3238 1933 3287 1977 et
3331 1923 3397 1976 de
3439 1923 3594 1976 domo
3630 1924 3802 1992 patris

2225 2011 2390 2078 tui",
2441 2027 2550 2066 non
2601 2013 2678 2068 sit
2721 2022 3028 2083 cunctatus,
3077 2017 3170 2073 sed
3223 2019 3408 2073 statim
3467 2015 3802 2086 fecerit,33

2224 2101 2335 2155 imo
2372 2110 2427 2156 et
2463 2101 2668 2171 aliquid
2716 2103 2952 2173 amplius
3003 2104 3208 2161 iecerit.
3241 2105 3482 2160 Audiens
3543 2105 3687 2158 enim
3745 2115 3819 2158 ut.

2226 2191 2528 2246 immolaret
2572 2191 2741 2246 filium
2804 2209 2988 2262 suum,
3018 2210 3121 2251 nec
3150 2196 3273 2252 inde
3303 2195 3523 2267 quidem
3565 2195 3814 2260 dubitat,

2228 2283 2323 2338 sed
2357 2283 2700 2353 obtemperat
2726 2295 2996 2356 praecepto
3033 2303 3047 2340 :
3081 2298 3136 2341 et
3194 2288 3262 2342 ad
3317 2288 3624 2356 exemplum
3672 2288 3804 2340 obe-

2223 2373 2440 2428 dientia
2467 2389 2591 2444 quae
2616 2383 2699 2430 est
2735 2377 2960 2431 moralis
2993 2378 3363 2447 philosopbia,
3404 2377 3638 2446 posteris
3667 2377 3816 2431 dan-

2224 2465 2376 2529 dum,
2400 2480 2501 2521 nec
2518 2465 2628 2520 ﬁlio
2648 2482 2751 2522 suo
2783 2468 2944 2522 unico
2965 2469 3202 2536 pepercit
3217 2469 3284 2522 ⁸⁸.
3309 2468 3460 2522 Isaac
3477 2483 3694 2538 quoque
3713 2485 3819 2523 naw

2231 2557 2462 2610 turalem
2513 2557 2913 2627 philosolibiam
2959 2570 3136 2622 tenet,
3169 2575 3293 2612 cum
3324 2568 3376 2614 et
3402 2569 3604 2629 puteos
3633 2559 3811 2626 fodit,

2236 2656 2290 2700 et
2319 2662 2501 2701 rerum
2536 2649 2807 2717 profunda
2837 2648 3149 2703 rimatur”.
3200 2650 3304 2704 Sed
3331 2660 3383 2704 et
3411 2648 3582 2705 Jaeob
3611 2651 3810 2719 inspe—

2239 2738 2440 2792 etivum
2468 2745 2617 2794 tenet
2661 2738 2840 2794 locum
2863 2778 2878 2804 ,
2908 2740 3108 2810 quippe
3141 2740 3235 2810 qui
3268 2750 3322 2795 et
3365 2739 3541 2794 Israel,
3566 2741 3637 2795 ob
3663 2741 3805 2795 divi:-

2228 2844 2420 2884 norum
2475 2831 2987 2900 contemplationem
3059 2831 3376 2886 nominatus
3432 2831 3538 2897 sit,
3592 2840 3647 2885 et
3705 2831 3814 2899 quit

2227 2929 2407 2974 eastra
2439 2921 2564 2975 cali
2599 2920 2834 2988 viderit,
2872 2930 2927 2976 et
2961 2921 3185 2976 domum
3214 2919 3349 2986 Dei,
3377 2929 3542 2990 atque
3580 2921 3814 2991 angelo-—

2229 3026 2350 3064 rum
2386 3011 2522 3077 vias,
2555 3012 2605 3065 id
2633 3025 2716 3066 est
2743 3013 2918 3067 scalas
2949 3028 2979 3066 a
3009 3014 3168 3067 terris
3199 3013 3252 3066 in
3281 3013 3480 3068 calum
3525 3021 3806 3081 porrectas

2232 3101 2591 3171 prospexit".
2634 3099 2790 3156 Unde
2837 3109 2892 3156 et
2931 3101 3125 3155 merito
3173 3101 3481 3155 invenimus
3523 3109 3631 3155 tres
3665 3101 3805 3156 istos

2233 3193 2419 3247 beatos
2444 3191 2589 3246 viros
2614 3191 2806 3246 altaria
2838 3190 3022 3246 tixisse
3055 3189 3184 3257 Deo,
3205 3191 3306 3244 hoc
3336 3198 3417 3244 est
3441 3188 3808 3258 philosophia:

2231 3298 2343 3338 sua
2372 3297 2726 3338 consecrasse
2775 3281 3075 3352 profectus,
3103 3284 3248 3352 quod
3278 3283 3484 3338 scilicet
3512 3282 3815 3338 edocet-ent:

2232 3389 2340 3428 non
2381 3375 2498 3428 hac
2531 3373 2596 3428 ad
2642 3383 2785 3427 artes
2833 3372 3136 3439 humanas,
3190 3373 3283 3428 sed
3326 3372 3394 3427 ad
3437 3372 3528 3427 Dei
3566 3374 3813 3444 gratiam-

2231 3465 2534 3520 rel‘erenda.
2589 3463 2695 3519 Sed
2727 3473 2780 3519 et
2812 3463 2868 3517 in
2902 3463 3270 3519 tabernaculis
3311 3464 3546 3534 degunt,
3602 3475 3661 3519 ut
3707 3481 3815 3534 per

2231 3556 2347 3610 hac
2378 3553 2686 3619 ostendant,
2718 3569 2894 3623 neque
2922 3553 2976 3606 in
3009 3553 3509 3608 terrishabendum
3549 3567 3671 3608 esse
3700 3555 3804 3608 ali.-

2229 3645 2356 3715 quid
2388 3645 2667 3714 proprium
2699 3642 2828 3698 huic
2852 3643 2946 3713 qui
2972 3641 3172 3699 divina
3203 3643 3561 3715 philosophia
3595 3644 3809 3710 studet,

2230 3735 2324 3789 sed
2354 3749 2566 3804 semper
2596 3737 3189 3804 promovendum,,non
3223 3743 3331 3788 tam
3370 3734 3435 3788 de
3469 3732 3588 3788 loco
3622 3733 3688 3787 ad
3720 3733 3804 3787 lo-

2230 3840 2387 3891 cum,
2438 3841 2602 3894 quam
2654 3827 2721 3882 de
2764 3827 2990 3882 scicntia
3036 3825 3356 3881 inferiorum
3403 3825 3469 3879 ad
3513 3824 3798 3878 scientiam

2230 3913 2620 3985 perfectorum.
2645 3915 2749 3972 Sed
2783 3926 2836 3972 et
2871 3917 2976 3972 alia
3003 3916 3171 3970 multa
3193 3915 3246 3969 in
3277 3913 3804 3984 Scripturisdivinis

2231 4005 2476 4060 invenies
2506 4021 2628 4076 qua
2653 4006 2901 4062 ordinem
2934 4007 3082 4062 hunc
3112 4021 3274 4076 quem
3311 4005 3366 4058 in
3419 4004 3614 4058 libellis
3645 4003 3801 4058 Salo-

2230 4095 2410 4151 monis
2443 4096 2706 4152 contineri
2738 4097 3012 4164 diximus,
3046 4095 3344 4152 secundum
3377 4092 3521 4146 hanc
3550 4091 3806 4146 eamdem

2232 4190 2463 4245 lormam
2513 4190 2801 4260 designant
2845 4208 2857 4243 :
2905 4190 2997 4246 sed
3035 4205 3100 4244 ea
3149 4203 3297 4243 nunc
3339 4185 3499 4242 nobis
3543 4185 3808 4255 prosequi

2232 4280 2381 4334 aliud
2412 4280 2468 4333 in
2501 4279 2757 4333 manibus
2801 4277 3130 4330 habentibus
3172 4276 3392 4346 longum
3427 4283 3530 4330 est.
3578 4273 3634 4328 Si
3677 4273 3812 4342 quis

2229 4384 2359 4439 ergo
2389 4370 2624 4436 primum
2665 4368 2844 4421 locum
2878 4366 2933 4418 in
2978 4365 3334 4420 emendandis
3364 4366 3610 4422 moribus
3645 4380 3808 4418 man—

551 4480 810 4537 corporea
855 4463 1061 4518 caduca
1105 4477 1225 4517 esse
1266 4469 1320 4515 et
1365 4461 1598 4532 fragilia,
1627 4476 1749 4530 quae
1782 4462 1971 4530 utique
1999 4477 2122 4518 cum
2157 4479 2202 4534 ι)
2233 4459 2483 4527 datisque
2529 4456 2846 4520 servandis,
2887 4457 2980 4526 qui
3027 4470 3123 4525 per
3163 4458 3444 4526 proverbia
3488 4457 3803 4529 designatur

552 4559 625 4614 ita
656 4572 778 4612 esse
805 4553 1220 4626 deprehenderit
1248 4551 1296 4608 is
1323 4553 1417 4622 qui
1449 4551 1729 4621 sapientia
1770 4553 1972 4618 studet,
2007 4554 2127 4609 sine

551 4649 718 4704 dubio
751 4654 1063 4703 contemnet
1094 4660 1158 4700 ea
1182 4660 1245 4699 ac
1274 4642 1553 4714 despiciet,
1577 4651 1630 4698 et
1660 4642 1934 4709 universo,
1968 4653 2025 4698 ut
2052 4644 2124 4700 ita

551 4741 751 4805 dicam,
781 4739 982 4794 saeculo
1019 4737 1342 4792 renuntians
1384 4735 1565 4790 tendet
1616 4734 1685 4790 ad
1736 4735 2026 4791 invisibilia
2071 4746 2126 4792 et

553 4838 778 4892 aeterna,
815 4842 937 4896 qua
971 4826 1309 4895 spiritalibus
1347 4825 1568 4896 quidem
1599 4824 1875 4891 sensibus,
1905 4826 1998 4880 sed
2027 4826 2124 4881 ad-

553 4919 758 4990 opertis
781 4931 1029 4973 amorum
1053 4915 1382 4986 quibusdam
1405 4914 1593 4985 ﬁguris
1614 4914 1880 4968 docentur
1903 4914 1957 4968 in
1978 4912 2124 4970 Can-

552 5017 660 5070 tico
691 5011 1026 5068 canticorum
1058 5009 1193 5081 (l8).
1232 5008 1357 5064 Ideo
1384 5008 1529 5063 enim
1560 5007 1919 5063 novissimum
1942 5007 2121 5063 locum

551 5110 697 5156 tenet
749 5101 837 5154 hic
882 5099 1039 5161 liber,
1073 5105 1134 5150 ut
1180 5107 1310 5152 tunc
1344 5097 1411 5150 ad
1441 5111 1567 5152 eum
1614 5095 1884 5162 veniatur,
1909 5111 2034 5150 cum
2071 5103 2127 5150 et

552 5191 797 5247 moribus
825 5191 949 5259 quis
977 5188 1139 5243 fuerit
1166 5186 1462 5241 defacatus
1490 5186 1623 5258 (19),
1646 5194 1701 5240 et
1733 5201 1914 5241 rerum
1943 5201 2128 5241 corru-

553 5282 819 5350 ptibilium
871 5286 1032 5348 atque
1082 5277 1576 5347 incorruptibilium
1613 5276 1895 5332 scientiam
1933 5278 2126 5333 distin-

625 5393 668 5462 δξ
708 5389 868 5444 Prov.
913 5405 952 5452 ι,
1111 5387 1158 5421 ⁸⁰
1197 5387 1328 5443 ibid.
1361 5388 1414 5442 6.
1489 5389 1535 5420 ⁸¹
1575 5388 1706 5444 ibid.
1743 5387 1834 5444 24.
1911 5389 1957 5421 ⁸³
1993 5389 2127 5446 Eccli

2227 5437 2228 5444 η
2261 5390 2352 5446 26.
2426 5393 2472 5424 ⁸³
2511 5393 2645 5449 Gen.
2679 5411 2776 5462 xu,
2806 5395 2856 5448 l.

555 5459 599 5494 “
631 5458 765 5515 Gen.
801 5476 990 5514 xxvnt.

587 5636 597 5647 .
627 5569 740 5648 (18)
781 5569 935 5650 Mss,
967 5569 1187 5625 Cantica
1225 5567 1574 5624 canticorum.
1607 5568 1764 5624 Libb.
1796 5570 1953 5636 edit.,
1983 5569 2126 5625 Can-

558 5646 672 5688 ttcis
710 5646 1055 5692 canticorum.

628 5707 738 5775 (l9)
777 5707 924 5773 5155.,
955 5709 1257 5776 defazcatus.
1289 5705 1443 5760 Libb.
1472 5706 1623 5771 edit.,
1649 5707 1942 5776 dcfwcatis.

2235 4548 2480 4618 implevit
2524 4564 2538 4600 :
2590 4555 2716 4618 post
2767 4547 2884 4602 hac
2930 4557 3111 4601 autem
3169 4547 3506 4616 deprehensa
3566 4548 3805 4602 vanitate

2235 4639 2462 4705 mundi,
2509 4649 2563 4694 et
2588 4654 2770 4694 rerum
2797 4639 3126 4694 caducarum
3158 4636 3451 4708 fragilitate
3478 4648 3805 4708 perspecta,

2232 4732 2381 4787 venit
2410 4731 2464 4786 in
2500 4732 2604 4786 hoc
2631 4741 2690 4785 ut
2717 4731 2992 4786 renuntiet
3020 4730 3222 4786 mundo
3244 4771 3259 4799 ,
3307 4739 3360 4786 ct
3399 4731 3653 4785 omnibus
3679 4745 3800 4800 qua:

2233 4825 2288 4879 in
2341 4823 2547 4879 mundo
2599 4831 2728 4878 sunt
2778 4841 2792 4878 :
2844 4833 3243 4896 consequenter
3290 4823 3472 4878 veniet
3519 4821 3682 4876 etiam
3734 4820 3799 4874 ad

2233 4915 2652 4986 contemplanda
2680 4924 2736 4970 et
2761 4914 3120 4970 desideranda
3149 4930 3211 4970 ea
3247 4929 3370 4985 qua
3411 4928 3521 4967 non
3550 4912 3801 4966 videntur

2233 5015 2288 5061 et
2319 5014 2520 5061 aterna
2555 5016 2703 5062 sunt.
2734 5007 2815 5062 Ad
2847 5022 2971 5077 qua
3000 5015 3180 5063 tamen
3215 5017 3277 5060 ut
3309 5002 3592 5075 pervenire
3625 5001 3802 5070 possi-

2235 5113 2379 5163 mus,
2413 5097 2722 5167 indigemus
2749 5098 2932 5154 diviua
2959 5096 3356 5160 misericordia,
3387 5093 3433 5148 si
3461 5091 3600 5148 forte
3627 5092 3802 5146 valea-

2235 5204 2357 5242 mus
2398 5197 2680 5258 perspecta
2713 5189 3119 5258 pulchritudine
3145 5185 3306 5245 Verbi
3358 5184 3453 5239 Dei
3483 5182 3708 5237 salutari
3745 5183 3799 5238 in

2234 5293 2358 5334 eum
2398 5293 2582 5334 amore
2626 5281 2920 5344 succendi,
2955 5289 3014 5334 ut
3062 5288 3118 5334 et
3166 5279 3281 5348 ipse
3327 5275 3578 5345 dignetur
3609 5272 3800 5343 hujus-

2932 5395 2980 5426 5‘
3017 5393 3152 5448 Gen.
3186 5407 3318 5446 xxtt.
3396 5391 3442 5422 "
3482 5389 3616 5446 Gen.
3648 5405 3798 5444 xxvi.

2304 5571 2414 5640 (20)
2457 5571 2609 5639 Mss.,
2638 5574 2910 5626 calestcm.
2942 5572 3191 5640 lmpressi
3220 5573 3365 5638 libri,
3395 5573 3636 5626 calcatis.

2303 5641 2412 5710 (9.1)
2455 5641 2604 5708 Mss.,
2642 5644 2962 5712 dogmatica.
2998 5641 3273 5711 lmpressi,
3302 5644 3608 5699 domestica.
