4236 6282
507 401 566 453 π
1307 469 1310 472 .
1927 394 2312 451 pnowcus.
3673 409 3740 465 7s

504 514 643 568 ηιοιιί
677 513 911 569 animam
939 515 1198 587 diligere,
1244 532 1410 588 quam
1460 516 1791 573 desiderium
1829 518 1916 572 sui
1970 517 2067 570 ha-
2096 519 2142 576 Α
2173 516 2268 582 ris,
2304 525 2434 569 tunc
2462 516 2607 570 enim
2651 517 2843 574 merito
2875 521 3119 576 cantabit
3143 531 3200 578 et
3227 522 3368 579 dicet
3403 544 3416 579 :
3453 525 3738 587 Cantemus

500 606 624 658 bere
654 608 950 676 perspexit.

569 701 698 753 Post
735 697 851 752 haec
881 698 1048 772 exigit
1096 713 1200 752 nos
1239 699 1628 770 consequentia
1673 698 1944 754 sermonis
1987 699 2070 752 di-

495 803 617 843 cere
650 790 816 844 etiam
846 787 916 848 de
941 791 1403 860 superscriptione
1444 792 1560 861 ipsa
1589 791 1798 846 Canttci
1835 791 2070 845 cantico-

495 897 638 934 rum.
677 879 867 936 Simile
898 895 1047 937 enim
1073 890 1156 936 est
1187 883 1290 937 hoc
1329 883 1436 938 illis
1463 899 1584 952 quae
1631 884 1684 936 in
1717 883 2068 937 tabernaculo

497 971 790 1026 testimonii
822 972 1159 1040 appellantur
1189 972 1388 1028 Sancta
1431 974 1832 1039 sanctorum",
1877 985 1931 1028 et
1960 973 2068 1028 illis

494 1076 616 1129 quae
656 1061 709 1114 in
741 1061 881 1116 libro
922 1061 1288 1118 Numerorum
1337 1075 1712 1118 memorantur
1750 1079 1912 1134 opera
1945 1080 2070 1132 ope-

497 1169 640 1216 rum,
671 1169 900 1224 quaeque.
934 1154 1076 1224 apud
1102 1153 1330 1209 Paulum
1367 1156 1625 1212 dicuntur
1669 1156 1866 1210 saecula
1903 1172 2070 1211 saecu-

503 1241 672 1296 lorum
691 1243 756 1298 “.
802 1241 921 1320 ﬁed
964 1245 1239 1312 quomodo
1271 1244 1526 1298 diﬂ‘erant
1557 1260 1590 1300 a
1630 1247 1833 1300 sanctis
1869 1245 2066 1301 Sancta

499 1340 804 1388 sanctorum
835 1333 888 1386 in
920 1331 1110 1388 Exodo
1135 1373 1148 1396 ,
1194 1343 1249 1388 et
1293 1334 1570 1403 quomodo
1609 1335 1863 1391 diﬂ'eraut
1901 1352 2064 1406 opera

501 1424 564 1479 ab
586 1424 838 1492 operibus
862 1439 1088 1492 operum
1127 1427 1182 1480 in
1212 1423 1577 1480 Numerorum
1624 1427 1784 1494 libro,
1817 1428 2065 1484 tractati-

495 1514 594 1568 bus
623 1514 758 1583 (22),
791 1526 956 1584 prout
999 1517 1297 1585 potuimus,
1323 1516 1526 1570 dictum
1569 1527 1650 1573 est
1679 1534 1708 1572 a
1741 1520 1916 1576 nobis.
1956 1521 2062 1577 Sed

491 1614 541 1657 et
571 1605 636 1658 de
668 1606 866 1660 saeculo
894 1608 1218 1663 smeulorum
1263 1610 1317 1663 in
1383 1610 1519 1664 locis
1550 1611 1750 1678 quibus
1783 1613 2060 1679 occurrit,

493 1709 597 1747 non
634 1695 900 1750 omissum
930 1707 1047 1758 est.
1072 1707 1126 1753 et
1167 1714 1235 1753 ne
1259 1701 1450 1754 eadem
1483 1710 1796 1770 repetamus
1823 1703 1911 1756 illa
1945 1702 2060 1758 suf-

493 1784 692 1839 ticiant.
755 1785 911 1841 Nunc
957 1803 1088 1858 ergo
1147 1790 1494 1859 requiramus
1545 1792 1724 1862 primo
1775 1809 1897 1863 quae
1948 1794 2061 1849 sint

489 1872 732 1939 camica,
782 1890 1015 1943 quorum
1062 1878 1397 1933 canticorum
1452 1882 1558 1935 hoc
1613 1897 1739 1936 esse
1783 1884 2056 1938 canticum
2091 1856 2133 1910 Β

489 1961 708 2015 dieiUJr.
735 1960 873 2016 Puto
892 1979 1021 2032 ergo
1051 1967 1192 2033 quod
1223 1971 1436 2023 cantica
1465 1970 1575 2024 sint
1595 1971 1684 2024 illa
1706 1987 1824 2040 quae
1852 1973 2057 2028 dudum

493 2063 586 2111 [er
624 2047 913 2117 prephctas
940 2091 955 2115 ,
995 2051 1079 2106 vel
1122 2071 1220 2125 per
1261 2057 1485 2124 angelos
1536 2061 1898 2116 canebantur.
1954 2059 2061 2114 Lex

492 2136 640 2187 enim
675 2137 872 2191 dicitur
919 2155 1012 2198 per
1051 2143 1269 2206 angelos
1299 2144 1609 2199 ministrata
1643 2147 1698 2198 in
1734 2163 1897 2200 manu
1947 2164 2064 2202 tne-

491 2226 722 2280 diatoris
767 2224 1285 2303 ".lllaergoomnia
1316 2249 1437 2303 quae
1472 2250 1566 2303 per
1611 2236 1732 2290 illos
1774 2241 2067 2294 annuntia-

489 2319 707 2380 bantur,
739 2319 949 2374 cantica
981 2333 1137 2376 erant
1162 2340 1261 2394 per
1285 2327 1494 2381 amicos
1529 2330 1715 2396 sponsi
1746 2333 2056 2396 praeceden-

486 2406 579 2459 tia.
621 2405 768 2461 lstud
799 2423 929 2462 vero
965 2426 1133 2464 unum
1185 2414 1461 2467 canticum
1489 2425 1603 2482 est,
1635 2419 1778 2486 quod
1813 2419 1912 2487 ipsi
1947 2420 2058 2488 jam

485 2510 687 2562 sponso
717 2511 976 2566 sponsam
1009 2515 1162 2554 suam
1197 2515 1520 2572 susceptura
1565 2509 1902 2575 epithalamii
1935 2526 2059 2579 spc-

483 2585 562 2638 cie
590 2595 706 2641 erat
744 2589 1086 2643 canendum:
1121 2591 1174 2645 in
1209 2609 1320 2660 quo
1365 2609 1565 2663 sponsa
1598 2613 1706 2651 non
1743 2599 1923 2653 adhuc
1961 2617 2057 2669 per

482 2678 688 2734 amicos
735 2681 921 2749 sponsi
969 2683 1173 2735 cantari
1229 2683 1332 2738 sibi
1379 2685 1524 2751 vult,
1575 2687 1669 2740 sed
1723 2688 1894 2757 ipsius
1940 2690 2053 2760 jam

483 2771 666 2838 sponsi
711 2773 994 2840 praesentis
1039 2775 1228 2829 audire
1274 2777 1435 2830 verba
1473 2777 1778 2846 desiderat,
1819 2780 2052 2837 dicens:

484 2859 763 2914 Osculetur
810 2879 891 2916 me
936 2865 1115 2917 osculo
1155 2867 1262 2919 oris
1307 2868 1390 2920 sui
1407 2867 1472 2921 “.
1522 2867 1675 2923 Unde
1705 2877 1759 2924 et
1798 2872 2054 2928 omnibus

2171 605 2435 672 Domino,
2464 607 2689 678 gloriose
2724 611 2862 664 enim
2909 613 3234 682 gloriﬁcatus
3289 627 3388 673 est.
3431 619 3538 676 Sed
3583 623 3742 680 istius

2170 699 2439 752 canticum
2474 709 2632 754 canet
2672 703 2797 771 quis
2835 717 2958 756 cum
3004 706 3240 774 primum
3275 709 3533 769 liberatus
3580 714 3743 771 fuerit

2169 803 2201 842 a
2251 789 2509 844 servitute
2567 789 2969 862 Egyptiorum.
3016 795 3148 852 Post
3203 799 3321 854 haec
3380 812 3557 858 autem
3615 821 3737 861 cum

2170 880 2449 934 transierit
2480 897 2576 950 per
2612 884 2725 938 tunc
2758 885 2943 940 omnia
2982 903 3105 956 quae
3141 889 3194 943 in
3235 889 3425 947 Exodo
3452 903 3501 949 et
3534 912 3654 967 qua:
3685 899 3738 952 in

2170 968 2413 1026 Levitico
2445 974 2643 1042 scripta
2673 984 2799 1030 sunt
2819 1017 2834 1043 ,
2866 986 2921 1031 et
2953 981 3156 1034 venerit
3190 981 3258 1035 ad
3291 982 3396 1040 hoc
3426 993 3484 1039 ut
3515 987 3568 1040 in
3599 990 3738 1042 divi-

2170 1077 2273 1116 nos
2324 1078 2579 1118 numeros
2632 1078 2974 1137 assumatur,
3013 1081 3145 1126 tunc
3192 1072 3386 1129 iterum
3441 1081 3736 1135 secundum

2171 1149 2448 1204 canticum
2481 1164 2667 1220 canet,
2695 1170 2817 1211 cum
2863 1160 3057 1215 exierit
3079 1161 3146 1216 de
3168 1163 3308 1219 valle
3337 1164 3531 1222 Zaretb
3552 1208 3567 1234 ,
3596 1174 3740 1239 quod

2168 1239 2552 1311 interpretatur
2579 1247 2752 1303 aliena
2786 1250 3088 1320 descensio,
3115 1263 3168 1308 et
3188 1259 3397 1313 venerit
3417 1261 3482 1314 ad
3515 1273 3737 1330 puteum

2166 1330 2232 1422 de
2253 1347 2360 1401 quo
2389 1334 2648 1404 scriptum
2675 1347 2758 1394 est
2785 1356 2800 1393 :
2837 1339 2905 1393 Et
2935 1342 3073 1396 dixit
3092 1343 3352 1402 Dominus
3383 1350 3452 1402 ad
3483 1350 3700 1422 Moysen
3721 1370 3739 1406 :

2167 1419 2435 1494 Congrega
2465 1428 2715 1497 populum
2742 1469 2755 1494 ,
2797 1441 2846 1484 et
2884 1433 3019 1487 dabo
3045 1436 3118 1489 eis
3152 1453 3342 1508 aquam
3380 1440 3442 1495 de
3468 1419 3622 1512 puteo
3655 1447 3738 1500 bi-

2164 1513 2280 1567 bere
2297 1517 2362 1570 ⁶².
2400 1515 2477 1572 lbi
2509 1521 2651 1574 enim
2705 1524 2947 1578 cantabit
2977 1535 3030 1581 et
3057 1527 3198 1584 dicet
3230 1546 3244 1583 :
3281 1530 3502 1589 Initiate
3545 1538 3593 1590 ei
3638 1554 3740 1607 pu-

2165 1617 2323 1663 teum.
2350 1608 2398 1662 F
2400 1612 2618 1666 oderunt
2650 1613 2803 1667 illum
2832 1617 3091 1687 principes
3112 1658 3126 1683 ,
3158 1623 3480 1679 excuderunt
3505 1643 3623 1680 cum
3657 1646 3734 1683 rc-

2161 1715 2247 1768 ges
2273 1701 2504 1770 gentium
2536 1703 2589 1755 in
2616 1719 2772 1773 regno
2809 1721 2902 1759 suo
2934 1722 3051 1760 cum
3100 1709 3439 1767 dominantur
3469 1732 3650 1771 eorum
3668 1719 3728 1773 ⁸³.

2165 1789 2268 1846 Sed
2299 1793 2366 1846 de
2394 1792 2482 1850 bis
2507 1795 2722 1865 plenius
2748 1797 2800 1850 in
2827 1796 3188 1858 Numerorum
3228 1805 3367 1862 libro
3393 1849 3407 1874 ,
3434 1811 3733 1866 secundum

2161 1883 2307 1950 quod
2355 1883 2502 1939 dedit
2571 1887 2729 1943 nobis
2781 1887 3077 1959 Dominus,
3117 1895 3321 1952 dictum
3359 1908 3461 1955 est.
3513 1901 3738 1972 Oportet

2160 1971 2327 2042 igitur
2352 1976 2539 2030 venire
2571 1978 2638 2030 ad
2668 1989 2887 2048 puteum
2909 2022 2925 2047 ,
2971 1984 3064 2052 qui
3111 2001 3143 2040 a
3185 1988 3524 2059 principibus
3552 1971 3736 2051 fossus

2160 2075 2273 2125 est,
2320 2073 2374 2117 et
2422 2080 2453 2118 a
2497 2069 2717 2135 regibus
2750 2085 2988 2126 excusus
3011 2085 3128 2139 est,
3159 2077 3212 2130 in
3251 2095 3360 2147 quo
3383 2095 3548 2150 opere
3574 2101 3736 2140 nemo

2162 2150 2407 2218 plebeius
2437 2164 2714 2222 operatur,
2746 2159 2842 2212 sed
2871 2175 3062 2218 omnes
3086 2164 3194 2236 34
3219 2168 3518 2238 principes,
3545 2188 3736 2230 omnes

2164 2255 2319 2310 reges
2341 2283 2355 2307 ,
2410 2245 2618 2314 regales
2643 2247 2854 2317 scilicet
2886 2258 2939 2305 et
2984 2255 3309 2326 principales
3343 2260 3541 2317 animae
3565 2304 3579 2329 ,
3614 2281 3736 2334 qua:

2162 2330 2502 2388 altitudinem
2552 2337 2700 2407 putei
2749 2354 2946 2410 aquam
2979 2343 3155 2400 vivam
3189 2349 3516 2408 continentis
3550 2330 3734 2426 inqui-

2160 2431 2307 2476 runt.
2348 2423 2476 2480 Post
2505 2427 2637 2484 illud
2671 2433 2945 2489 canticum
2976 2437 3191 2492 venitur
3220 2441 3286 2494 ad
3327 2423 3731 2502 Deuteronomii

2157 2513 2460 2580 canticum,
2491 2515 2558 2571 de
2594 2534 2704 2589 quo
2739 2521 2871 2576 dicit
2917 2521 3222 2582 Dominus:
3259 2527 3326 2582 Et
3355 2545 3492 2585 nunc
3523 2537 3734 2591 scribite

2159 2603 2298 2657 vobis
2322 2607 2474 2659 verba
2499 2612 2696 2664 cantici
2724 2612 2904 2681 hujus,
2929 2624 2978 2667 et
3005 2615 3184 2671 docete
3205 2618 3340 2672 illud
3364 2623 3507 2690 ﬁlios
3534 2623 3731 2693 Israel,

2155 2705 2203 2748 et
2243 2697 2447 2765 injicite
2485 2699 2626 2752 illud
2667 2703 2720 2755 in
2755 2719 2810 2755 os
2846 2719 3059 2770 eorum,
3091 2715 3147 2759 ut
3177 2707 3273 2775 ﬁat
3304 2711 3438 2764 mihi
3464 2715 3728 2770 canticum

2153 2786 2297 2839 istud
2342 2788 2412 2841 ad
2459 2791 2820 2846 testimonium
2875 2781 2928 2847 in
2981 2795 3112 2864 ﬁliis
3160 2795 3412 2854 Israel“.
3479 2801 3548 2858 Et
3607 2808 3730 2863 vide

2156 2890 2422 2948 quantum
2452 2891 2506 2936 et
2529 2884 2692 2952 quale
2718 2885 2790 2939 sit
2811 2887 3086 2942 canticum
3114 2889 3257 2945 istud
3287 2892 3375 2947 cui
3407 2894 3473 2950 ad
3499 2899 3728 2954 audien-

478 2952 707 3007 canticis
756 2954 954 3009 merito
1005 2955 1309 3024 praefertur,
1368 2959 1588 3013 videtur
1650 2961 1796 3016 enim
1858 2973 2054 3020 caetera
2154 2968 2283 3023 dum
2323 2978 2467 3026 terra
2500 2987 2606 3027 non
2642 2973 2875 3040 sullicit,
2912 2978 3006 3033 sed
3038 2992 3374 3038 convocatur
3418 2994 3471 3042 et
3502 2952 3722 3049 coelum.

479 3042 687 3095 cantica
720 3057 842 3111 quae
869 3043 951 3097 lex
1005 3056 1061 3098 ει
1105 3047 1384 3115 propheta:
1427 3048 1783 3117 cecinerunt,
1817 3054 2055 3119 parvulae
2153 3061 2245 3116 Ait
2295 3063 2438 3116 enim
2466 3081 2479 3118 :
2511 3065 2734 3122 Attende
2779 3069 2964 3123 ccelum
3008 3086 3129 3141 gate
3175 3071 3392 3143 loquar,

476 3133 653 3188 adhuc
686 3149 901 3203 sponsae
926 3175 940 3198 ,
979 3144 1034 3189 et
1074 3154 1194 3206 qua»
1243 3139 1484 3194 nondum
1513 3141 1776 3196 vestibula
1825 3152 2052 3200 matura:
2078 3172 2120 3230 α
2157 3160 2296 3206 terra
2327 3156 2479 3207 verba
2524 3171 2590 3209 ex
2627 3172 2714 3211 ore
2759 3175 2872 3213 meo
2889 3159 2956 3215 ⁸⁸.
2997 3158 3129 3216 Vide
3154 3133 3316 3232 quam
3349 3183 3544 3238 magna
3580 3173 3721 3240 sint,

474 3225 650 3279 aetatis
682 3225 925 3294 ingressa
976 3227 1084 3294 sit,
1119 3228 1436 3296 decantata;
1472 3231 1573 3287 hoc
1611 3249 1740 3288 vero
1769 3235 2044 3290 canticum
2088 3225 2119 3230 Ρ
2151 3256 2313 3313 quam
2380 3244 2616 3314 ingentia
2671 3263 2793 3317 qum
2846 3251 3124 3306 dicuntur.
3171 3225 3718 3329 -Exspecte‘lur,ﬁait:

475 3318 690 3382 adulta,
716 3329 768 3373 et
791 3319 905 3388 jam
931 3320 1084 3374 valde
1112 3319 1370 3389 robustae,
1403 3331 1457 3377 ει
1484 3339 1609 3393 quae
1631 3340 1802 3394 capax
1836 3325 1909 3380 sit
1930 3326 2045 3395 jam

477 3409 646 3464 virilis
669 3413 925 3479 potentiae
957 3412 1288 3484 perfectique
1313 3415 1581 3486 mysterii,
1605 3414 1883 3471 decantari
1907 3417 2042 3488 (25).

475 3500 785 3555 Secundum
821 3505 966 3571 quod
999 3505 1197 3560 dicitur
1236 3506 1305 3561 de
1348 3507 1465 3576 ipsa
1498 3507 1627 3576 quia
1657 3522 1765 3562 una
1816 3507 1886 3562 sit
1919 3522 2046 3577 per-

477 3589 615 3645 fecta
663 3592 935 3648 columba.
973 3594 1142 3660 Quasi
1194 3595 1436 3666 perfecta
1483 3613 1614 3668 ergo
1658 3597 1881 3667 perfecti
1929 3597 2042 3670 (24)

473 3685 570 3738 vi:i
601 3701 801 3755 sponsa
826 3685 1078 3755 perfectae
1106 3691 1350 3760 suscepit
1377 3690 1544 3745 verba
1583 3692 1863 3747 doctrinae.

539 3775 782 3832 Primum
831 3793 959 3850 ergo
1005 3779 1277 3834 canticum
1324 3781 1522 3836 cecinit
1567 3781 1676 3836 Deo
1719 3782 1933 3855 Moyses
1987 3790 2042 3836 et

471 3867 566 3922 filii
597 3866 760 3922 lsrael
794 3869 1016 3938 quando
1059 3870 1312 3926 viderunt
1353 3869 1638 3944 Egyptios
1686 3883 1935 3930 mortuos
1970 3875 2037 3929 ad

470 3957 621 4012 littus
650 3959 818 4011 maris
837 3999 853 4024 ,
884 3967 939 4012 et
965 3959 1186 4028 quando
1217 3960 1471 4016 viderunt
1495 3977 1718 4017 manum
1758 3961 1957 4019 fortem
1986 3975 2040 4020 ct

469 4053 750 4107 brachium
787 4052 1064 4108 excelsum
1097 4053 1346 4120 Domini,
1377 4063 1431 4108 et
1458 4055 1808 4109 crediderunt
1845 4055 1956 4111 Deo
1987 4067 2041 4113 et

469 4144 672 4198 famulo
717 4143 833 4212 ejus
880 4143 1075 4214 Moysi.
1130 4141 1288 4198 Tunc
1332 4151 1693 4198 cantaverunt
1751 4146 2038 4201 dicentes:

465 4237 748 4291 Cantemus
767 4236 1010 4302 Domino,
1018 4235 1243 4307 gloriose
1259 4236 1398 4289 enim
1413 4234 1742 4305 gloriﬁcatus
1757 4243 1834 4288 est
1851 4235 2036 4306 "(25).

465 4327 574 4398 Ego
603 4335 784 4382 autem
823 4329 1057 4383 arbitror
1090 4327 1239 4398 quod
1283 4342 1392 4381 non
1424 4326 1596 4396 possit
1623 4327 1690 4382 ad
1735 4327 1880 4382 istud
1923 4341 2041 4396 per-

465 4419 663 4475 fectum
692 4422 817 4490 quis
841 4431 895 4476 et
918 4421 1206 4491 mysticum
1240 4418 1514 4474 canticum
1545 4419 1850 4489 pervenire,
1881 4429 1934 4475 et
1967 4419 2034 4472 ad

2147 3336 2283 3389 sicut
2323 3336 2498 3404 pluvia
2529 3337 2791 3408 eloquium
2832 3357 3001 3395 meum
3022 3382 3036 3407 ,
3068 3351 3120 3396 et
3150 3344 3430 3403 descendat
3463 3352 3603 3405 sicut
3634 3371 3719 3408 ros

2146 3439 2302 3490 super
2327 3441 2563 3494 gramen,
2588 3436 2638 3479 et
2665 3427 2802 3481 sicut
2834 3429 2929 3482 nix
2959 3446 3113 3500 super
3140 3433 3358 3502 faenum,
3382 3439 3508 3509 quia
3534 3457 3718 3498 nomen

2147 3513 2363 3566 Domini
2405 3514 2728 3580 invocavi“,
2774 3525 2828 3570 et
2858 3518 3086 3590 reliqua.
3135 3521 3400 3589 Quartum
3444 3531 3714 3586 canticum

2144 3612 2229 3659 est
2281 3604 2337 3658 in
2381 3605 2522 3660 libro
2569 3603 2856 3675 Judicum,
2908 3610 2976 3666 de
3021 3627 3131 3682 quo
3177 3616 3439 3686 scriptum
3477 3629 3600 3676 est:
3647 3623 3718 3678 Et

2144 3699 2374 3752 cantauit
2417 3697 2659 3753 Debbora
2705 3711 2756 3754 et
2802 3701 3014 3758 Bai-ach
3048 3705 3194 3774 ﬁlius
3237 3708 3488 3764 Abinoem
3532 3714 3585 3767 in
3629 3717 3715 3770 die

2142 3785 2240 3840 illa
2279 3789 2508 3842 dicentes
2555 3803 2573 3843 :
2614 3787 2922 3860 Incipiendo
2964 3794 3283 3864 principales
3329 3798 3382 3851 in
3439 3798 3613 3856 Israel
3657 3807 3713 3859 in

2140 3879 2406 3948 proposito
2431 3880 2614 3948 populi
2642 3879 2930 3935 benedicite
2972 3881 3273 3940 Dominum.
3303 3887 3516 3959 Audite,
3549 3909 3713 3964 reges,

2140 3971 2359 4026 auribus
2404 3972 2650 4040 percipite
2669 3972 2736 4036 ",
2761 3981 2814 4026 et
2847 3972 3077 4042 reliqua.
3104 3974 3229 4032 liazc
3258 3987 3438 4036 autem
3470 3999 3592 4054 quae
3621 4001 3714 4042 ca-

2143 4060 2222 4112 nit
2251 4061 2370 4128 apis
2395 4074 2518 4113 esse
2542 4060 2722 4126 debet,
2753 4061 2910 4130 cujus
2942 4076 3080 4131 opus
3106 4065 3212 4120 tale
3238 4079 3340 4134 est,
3367 4081 3427 4125 ut
3455 4087 3521 4128 eo
3555 4090 3710 4144 reges

2141 4155 2196 4200 et
2231 4149 2542 4202 mediocres
2568 4157 2790 4202 utantur
2823 4151 2890 4204 ad
2927 4153 3232 4209 sanitatem.
3275 4157 3522 4216 Debbora
3559 4179 3712 4219 nam-

2142 4250 2250 4306 que
2299 4237 2418 4306 apis
2461 4235 2848 4305 interpretatur
2891 4255 3014 4308 quae
3065 4242 3205 4298 istud
3232 4248 3501 4305 canticum
3529 4255 3708 4322 canit,

2142 4329 2234 4384 sed
2274 4337 2326 4383 et
2362 4326 2569 4382 Barach
2607 4343 2727 4383 cum
2770 4329 2887 4400 ipsa
2917 4347 2930 4384 :
2966 4331 3353 4403 interpretatur
3379 4349 3558 4398 autem
3604 4344 3710 4402 Ba-

2140 4421 2268 4475 raclt
2313 4419 2641 4475 coruscatio.
2692 4418 2758 4476 Et
2799 4425 3020 4480 canitur
3073 4425 3218 4482 istud
3267 4433 3538 4488 canticum
3585 4447 3709 4505 post

462 4511 621 4565 istam
673 4511 1058 4581 perfectionem
1091 4527 1335 4581 sponsae,
1377 4527 1498 4582 qua:
1525 4513 1578 4566 in
1615 4510 1718 4566 hac
1763 4511 2032 4582 scriptura
2066 4491 2111 4546 ι)
2138 4511 2417 4567 victoriam
2445 4551 2460 4576 ,
2501 4511 2630 4582 quia
2660 4528 2759 4569 nec
2786 4524 2913 4570 ante
2939 4516 3065 4585 quis
3094 4525 3270 4586 potest
3305 4536 3428 4589 quae
3466 4491 3706 4593 perfecta

462 4603 790 4667 continetur,
814 4602 919 4656 nisi
945 4603 1099 4672 prius
1126 4603 1368 4657 ambulet
1402 4618 1498 4672 per
1531 4603 1738 4657 siccum
1771 4601 1824 4655 in
1850 4601 2032 4657 medio

2136 4610 2266 4657 sunt
2291 4616 2489 4656 canere
2508 4641 2522 4668 ,
2551 4603 2656 4659 nisi
2687 4605 2777 4660 ubi
2809 4607 3153 4662 adversarios
3186 4610 3391 4666 vicerit.
3426 4612 3518 4670 Sic
3543 4615 3701 4673 deni-

463 4696 633 4762 mari,
665 4705 717 4750 et
753 4697 846 4750 tiat
878 4697 926 4750 ei
967 4711 1106 4766 aqua
1141 4709 1330 4749 murus
1365 4710 1393 4748 a
1422 4695 1641 4749 dextera
1674 4695 1935 4764 laevaque,
1976 4703 2032 4749 ει
2133 4708 2242 4763 que
2286 4702 2340 4748 ct
2378 4694 2434 4748 in
2480 4694 2600 4763 ipso
2642 4698 2854 4752 cantico
2883 4698 3084 4754 dicitur
3116 4715 3129 4751 :
3169 4700 3426 4775 Exsurge,
3461 4723 3702 4783 exsurge,

462 4786 540 4840 sic
568 4787 760 4840 evadat
793 4786 861 4841 de
905 4785 1156 4840 nianibus
1205 4784 1616 4856 Egyptiorum;
1649 4785 1721 4838 ita
1757 4793 1816 4838 ut
1853 4783 2033 4839 videat

460 4890 554 4930 eos
583 4886 830 4932 mortuos
858 4875 926 4930 ad
951 4878 1100 4930 littus
1132 4878 1320 4940 maris,
1357 4885 1521 4946 atque
1551 4876 1770 4930 intuens
1801 4890 2025 4930 manum

2136 4780 2412 4847 Debbora,
2464 4783 2730 4836 exsuscita
2789 4785 2963 4838 millia
3009 4789 3211 4856 populi.
3285 4791 3554 4867 Exsurge,
3608 4780 3702 4852 ex-

2135 4888 2309 4941 surge,
2351 4888 2481 4926 cane
2505 4875 2768 4928 canticum
2789 4919 2803 4943 ,
2836 4892 3075 4949 exsurge,
3103 4880 3310 4937 Βαιτισή
3325 4885 3388 4938 ⁸⁸.
3419 4886 3617 4944 Verum
3645 4901 3701 4946 et

462 4967 654 5022 fortem
698 4967 947 5034 Domini,
996 4968 1125 5038 quia
1173 4967 1440 5023 interfecit
1483 4967 1798 5038 Egyptios,
1843 4967 2031 5022 credat
2131 4964 2198 5018 de
2241 4964 2326 5019 his
2357 4964 2572 5034 plenius
2615 4965 2671 5018 in
2706 4967 2814 5023 illis
2860 4970 3222 5027 oratiunculis
3252 4991 3389 5045 quas
3419 4978 3487 5034 de
3516 4980 3698 5035 libello

463 5055 689 5113 Domino
737 5069 791 5112 et
834 5059 1040 5113 famulo
1073 5059 1189 5129 ejus
1227 5058 1417 5130 Moysi.
1461 5058 1632 5129 Moysi
1676 5067 1858 5111 autem
1906 5057 2028 5110 dico
2129 5052 2382 5109 Judicum
2417 5054 2709 5119 edidimus,
2737 5056 2970 5114 disserta
2995 5063 3251 5130 reperies.
3276 5065 3538 5131 Quintum
3576 5081 3699 5138 post

461 5149 561 5221 legi
591 5163 754 5221 atque
782 5150 1108 5221 Evangeliis,
1140 5152 1504 5221 omnibusque
1540 5149 1740 5204 divinis
1775 5147 2026 5217 Scriptu-

529 5355 571 5387 "
612 5354 784 5409 Exod.
823 5371 950 5419 xxv,
983 5353 1071 5407 29.
1146 5354 1192 5384 ⁵⁸
1227 5353 1384 5406 Rom.
1415 5369 1524 5406 va.
1601 5353 1644 5384 ⁸³
1684 5351 1801 5406 Gal.
1837 5367 1918 5415 ιιι,
1946 5351 2032 5406 19.
2111 5349 2156 5380 ⁶⁰
2195 5355 2202 5395 1

544 5424 674 5474 ibid.
711 5425 812 5474 17.
860 5424 948 5474 18-
1055 5423 1099 5454 “
1129 5422 1284 5474 Deut.
1322 5439 1485 5474 xui.
1520 5423 1602 5474 19.
1698 5422 1740 5452 ⁶⁸
1782 5421 1938 5474 Deut.
1977 5433 2147 5474 xxxtl.
2185 5419 2202 5472 1

826 5371 950 5419 ut,
983 5353 1071 5407 29.
1146 5354 1192 5384 ⁵⁸
1227 5353 1384 5406 Rom.
1415 5369 1524 5406 va.
1601 5353 1644 5384 ⁸³
1684 5351 1801 5406 Gal.
1837 5367 1918 5415 ιιι,
1946 5351 2032 5406 19.
2111 5349 2156 5380 ⁶⁰
2195 5347 2349 5402 Cant.
2377 5362 2416 5428 ι,

860 5424 948 5474 18-
1055 5423 1099 5454 “
1129 5422 1284 5474 Deut.
1322 5439 1485 5474 xxxi.
1520 5423 1602 5474 19.
1698 5422 1740 5452 ⁶⁸
1782 5421 1938 5474 Deut.
1977 5433 2147 5474 χχιιι.
2185 5419 2232 5472 1.
2311 5418 2494 5472 “Ibid

465 5422 506 5453 "
544 5424 674 5478 ibid.
711 5425 812 5487 17,
860 5424 948 5478 18.

531 5542 640 5620 (2})
680 5542 846 5620 μεθερ-
877 5541 1509 5620 tractatibus._lmpressi,
1539 5540 1918 5620 tractantibus.

498 5609 642 5692 .(23)
683 5611 740 5664 ln
791 5612 945 5665 libris
990 5609 1436 5736 imprcssisBost
1474 5611 1749 5665 decantari
1797 5609 2014 5662 additur

498 5682 683 5736 tdetur.
715 5682 862 5736 quod
887 5683 1039 5736 abest
1065 5682 1133 5736 ab
1161 5697 1304 5736 omni
1349 5696 1410 5736 us
1447 5696 1581 5736 mss.
1618 5687 1802 5736 utpote
1827 5691 2014 5736 super-

463 5682 683 5802 gidetur,
715 5682 862 5751 quod
887 5683 1039 5738 abest
1065 5682 1133 5736 ab
1161 5682 1410 5738 omnibus
1447 5696 1581 5738 mss.
1618 5687 1802 5748 utpote
1827 5691 2018 5745 super-

503 5765 644 5804 uum.

1055 5423 1099 5454 “
1129 5422 1284 5476 Deut.
1322 5439 1485 5485 χχχι,
1520 5423 1602 5477 19.

2131 5146 2245 5200 haec
2276 5146 2551 5201 canticum
2578 5156 2660 5201 est
2686 5145 2740 5200 in
2775 5149 3015 5203 secundo
3043 5150 3184 5207 libro
3213 5152 3544 5224 Regnorum,
3571 5175 3694 5212 cum

2604 5347 2647 5378 ⁶¹
2679 5346 2858 5424 Expd.
2897 5351 3087 5424 xv,_1._
3179 5354 3223 5387 "
3261 5352 3422 5410 Nam.
3455 5374 3568 5422 χιι.
3603 5363 3684 5424 16.

2311 5418 2358 5450 «ο
2382 5418 2516 5472 ibid.
2543 5417 2599 5472 2.
2678 5417 2718 5449 ιτ
2750 5417 2874 5474 Jud.
2899 5435 2952 5484 ν,
2988 5422 3039 5488 1,
3063 5422 3120 5490 2,
3151 5425 3205 5478 δ.
3284 5425 3331 5458 σι
3367 5426 3498 5481 ibid.
3532 5417 3619 5485 te.

2194 5537 2308 5618 (24)
2348 5535 2460 5618 δίε.
2481 5552 2649 5618 mss.;
2686 5537 2811 5594 libri
2846 5555 2974 5596 vero
3007 5542 3167 5610 editi,
3202 5558 3320 5611 qua:
3353 5544 3400 5596 si
3435 5549 3690 5618 perfecta,

2120 5623 2238 5676 ergo
2261 5616 2310 5659 et
2339 5607 2573 5676 perfecti.

2195 5675 2629 5751 (25)_Mss.__boc
2665 5679 2785 5736 loco
2819 5689 2873 5735 ει
2917 5679 3090 5747 infra,
3140 5679 3490 5751 gloriﬁcatus.
3537 5687 3696 5743 Libb.

2127 5743 2278 5811 editi,
2291 5743 2703 5815 honori/iratus.
