4236 6282
523 386 591 441 ’19
1565 385 1889 441 ORIGENIS
1921 385 1990 439 IN
2028 383 2386 442 CANTICUM
2424 384 2696 443 CANTIC.
3692 390 3761 445 80

517 501 734 556 locutus
766 509 848 554 est
877 498 1044 554 David
1069 499 1136 554 ad
1182 497 1471 552 Dominum
1503 500 1670 555 verba
1700 501 1900 556 cantici
1927 500 2089 568 hujus
2123 504 2163 560 Λ
2197 500 2249 552 in
2293 501 2377 556 his
2420 502 2617 569 tribus.
2641 502 2840 559 libellis
2878 503 3140 560 voluntati
3181 504 3418 574 Spiritus
3456 505 3661 565 sancti.
3705 504 3758 558 i‘-i

519 594 577 647 in
603 594 690 648 die
712 610 816 662 qua
848 593 1094 646 liberavit
1115 606 1239 646 eum
1275 589 1538 646 Dominus
1563 593 1628 646 de
1654 608 1817 646 manu
1842 592 2084 647 omnium

519 686 864 739 inimicorum
907 697 1169 751 suorum,
1205 682 1354 738 etde
1408 698 1574 737 manu
1611 681 1738 736 Saul
1761 724 1777 750 ,
1814 692 1868 737 et
1898 680 2034 736 dixit
2072 701 2084 734 :

519 775 773 827 Dominus
797 773 923 825 mihi
956 780 1103 840 petra
1132 781 1182 825 et
1214 773 1433 826 munitio
1458 788 1594 839 mea,
1619 773 1869 826 liberator
1903 772 2087 825 Domi-

517 882 634 931 nus,
662 865 799 918 Deus
827 879 967 916 meus
998 872 1174 916 custos
1208 864 1306 916 erit
1348 863 1475 916 mihi
1498 865 1563 917 ‘9.
1593 863 1647 917 Si
1677 878 1807 935 ergo
1834 873 1887 918 et
1920 873 1973 917 tu
2001 879 2095 932 po-

454 1023 458 1028 ,
518 958 683 1012 tueris
714 955 1064 1011 considerare
1088 955 1179 1024 qui
1210 963 1338 1009 sunt
1389 954 1594 1009 inimici
1629 952 1833 1017 David,
1870 969 2008 1023 quos
2033 954 2087 1007 in

517 1050 690 1120 primo
725 1057 779 1103 et
816 1048 1056 1102 secundo
1086 1046 1399 1116 Regnorum
1444 1046 1584 1103 libro
1610 1055 1830 1116 superat
1869 1062 1933 1100 ac
1961 1060 2088 1115 pro-

514 1142 740 1205 sternit,
789 1150 840 1194 et
880 1138 1153 1208 quomodo
1205 1139 1405 1210 dignus
1443 1137 1621 1194 factus
1664 1147 1748 1193 est
1781 1148 1840 1192 ut
1872 1135 2086 1191 Domini

511 1232 841 1302 adiutorium
894 1239 1194 1286 mereretur
1224 1238 1279 1285 et
1313 1230 1638 1287 liberaretur
1665 1230 1734 1283 ab
1773 1227 2087 1299 huiusmodi

514 1324 751 1377 inimicis
780 1340 793 1376 :
825 1332 953 1377 tunc
986 1323 1188 1390 poteris
1230 1330 1285 1376 et
1322 1332 1377 1376 tu
1431 1322 1681 1391 quintum
1730 1320 1874 1376 istud
1917 1319 2090 1374 canti-

512 1429 638 1467 cum
669 1429 891 1468 canere.
929 1412 1155 1467 Sextum
1188 1420 1272 1467 cst
1299 1414 1572 1467 canticum
1622 1412 1675 1465 in
1715 1413 1889 1481 primo
1918 1410 2079 1465 Para-

514 1507 822 1577 lipomenon
849 1506 1019 1571 libro,
1062 1506 1154 1558 ubi
1209 1506 1496 1559 constituit
1528 1504 1696 1557 David
1728 1503 1782 1556 in
1818 1501 2088 1571 principio

515 1599 581 1651 ad
613 1598 942 1652 laudandum
974 1595 1260 1651 Deminum
1304 1597 1508 1665 Asaph,
1540 1604 1595 1649 et
1627 1593 1820 1648 fratres
1843 1594 1961 1663 ejus
1986 1633 2000 1658 ,
2036 1599 2089 1646 ct

513 1696 599 1742 est
637 1687 851 1741 initium
892 1687 1089 1742 cantici
1135 1689 1292 1742 istius
1326 1687 1432 1741 tale
1463 1702 1476 1737 :
1513 1684 1755 1738 Laudate
1804 1683 2086 1737 Dominum

512 1785 564 1831 et
596 1778 914 1846 conﬁtemini
936 1817 950 1841 ,
987 1788 1035 1831 et
1068 1778 1302 1832 invocate
1333 1794 1450 1831 eum
1496 1778 1550 1830 in
1591 1778 1797 1831 nomine
1826 1775 1974 1841 eius,
1998 1791 2088 1828 no-

2193 589 2504 648 Proverhiis
2556 594 2775 663 quidem
2825 595 3037 651 dicatur
3086 595 3346 651 Salomon
3399 595 3542 651 ﬁlius
3594 595 3763 650 David

2191 684 2284 753 qui
2336 684 2582 754 regnavit
2624 687 2680 740 i-n
2722 685 2976 753 Israel";
3028 691 3082 742 in
3131 688 3372 743 secundo
3406 703 3536 743 vero
3579 687 3760 743 Iibt'llO

2193 791 2298 829 non
2334 772 2591 832 Salomon
2639 777 2929 846 scribitur,
2977 778 3069 834 sed
3101 780 3284 843 verba,
3330 780 3537 849 inquit,
3579 778 3760 833 Eccle-

2190 866 2370 921 siaste:
2398 867 2499 935 ﬁlii
2533 866 2699 920 David
2726 870 2860 940 regis
2891 868 3062 923 Israel
3088 870 3143 922 in
3183 867 3481 923 Jerusalem
3503 868 3580 935 ";
3607 878 3661 922 et
3692 869 3756 920 Ii-

2191 956 2325 1011 lium
2357 956 2575 1027 quidem
2603 973 2661 1012 se
2685 973 2806 1014 esse
2838 957 3007 1014 David
3029 998 3045 1025 ,
3077 959 3329 1015 similiter
3362 969 3421 1014 ut
3471 959 3523 1013 in
3558 959 3755 1027 primo.

2191 1059 2245 1104 et
2268 1064 2448 1119 regem
2482 1048 2649 1104 Israel
2673 1050 2884 1116 scribit,
2916 1051 3011 1105 sed
3045 1051 3116 1106 ibi
3144 1050 3449 1121 proverbia,
3478 1050 3565 1104 hic
3592 1050 3757 1121 verba

2193 1140 2379 1210 ponit;
2418 1150 2471 1195 et
2505 1143 2743 1212 seipsum
2772 1160 2933 1215 quem
2963 1144 3034 1197 ibi
3067 1139 3438 1205 Salomonem,
3464 1142 3550 1196 hic
3573 1138 3759 1195 Eccle-

2191 1230 2395 1286 siasten
2436 1233 2700 1288 nominat.
2738 1233 2953 1289 Etcum
2995 1234 3068 1289 ibi
3099 1242 3313 1303 gentem
3365 1232 3535 1288 solam
3565 1231 3620 1286 In
3649 1246 3757 1301 qua

2190 1331 2510 1390 regnaverat
2540 1324 2834 1392 posuisset,
2855 1325 2943 1379 hic
2969 1332 3021 1379 et
3044 1314 3256 1395 gentem
3280 1324 3481 1393 posuit,
3504 1330 3557 1376 et
3579 1322 3754 1376 locum

2192 1410 2343 1481 regni
2383 1411 2683 1470 Jerusalem
2732 1416 3002 1487 designat.
3048 1414 3107 1469 In
3147 1415 3375 1470 Cantico
3417 1415 3754 1470 canticorum

2190 1517 2320 1557 vero
2368 1519 2543 1574 neque
2589 1505 2766 1577 gentis
2815 1523 3050 1575 nomen,
3097 1522 3272 1576 neque
3312 1506 3488 1560 locum
3547 1505 3599 1558 in
3649 1520 3760 1571 quo

2191 1602 2411 1663 regnet,
2464 1611 2641 1666 neque
2673 1597 2899 1652 omnino
2928 1598 3071 1667 quod
3120 1612 3212 1650 rex
3252 1597 3356 1661 sit,
3406 1610 3581 1663 neque
3610 1594 3758 1663 quod

2191 1696 2397 1757 patrem
2461 1687 2626 1743 David
2693 1689 2889 1744 habeat
2953 1690 3176 1753 scribit,
3232 1690 3322 1743 sed
3384 1687 3763 1742 tantummodo

2192 1777 2494 1844 Canticum,
2525 1778 2621 1843 ait,
2648 1779 2974 1832 canticorum
3000 1779 3137 1848 quod
3167 1787 3244 1832 est
3266 1778 3368 1842 ipsi
3405 1775 3758 1831 Salomoni“.

516 1879 600 1922 tas
643 1869 805 1937 facite
837 1869 892 1922 in
920 1869 1125 1938 populis
1167 1869 1455 1923 voluntates
1503 1869 1615 1938 ejus
1638 1910 1652 1934 ,
1695 1869 1867 1922 canite
1902 1868 1949 1921 ei
1971 1905 1989 1931 ,
2032 1876 2082 1922 et
2114 1863 2154 1918 Β
2185 1869 2251 1924 Ει
2279 1870 2531 1939 quamvis
2563 1869 2778 1925 ditIicile
2806 1870 2938 1924 mihi
2971 1871 3252 1933 videatur,
3285 1877 3375 1923 aut
3405 1869 3758 1937 perscrutari,

513 1959 764 2029 hymnum
808 1960 997 2023 dicite,
1043 1970 1259 2014 narrate
1300 1977 1476 2014 omnes
1532 1961 1923 2013 adinventiones
1969 1957 2083 2028 ejus

511 2067 644 2121 quas
690 2051 811 2119 fecit
851 2050 1219 2116 Dominus",
1264 2061 1370 2105 etc.
1419 2050 1710 2105 Sciendum
1770 2060 1952 2105 tamen
2003 2058 2088 2105 est

501 2141 657 2217 quod
682 2142 954 2196 canticum
981 2142 1199 2211 quidem
1224 2141 1370 2211 quod
1397 2151 1481 2196 est
1510 2142 1563 2195 in
1594 2142 1833 2197 secundo
1865 2140 2086 2209 Regno-

513 2246 634 2284 rum
660 2231 833 2298 libro,
869 2231 1022 2285 valde
1061 2231 1242 2286 simile
1279 2240 1362 2286 est
1406 2232 1615 2300 psalmo
1646 2248 1778 2286 xvn.
1803 2230 1957 2297 Quod
1992 2247 2087 2285 au.

514 2331 619 2376 tem
668 2331 751 2377 est
800 2323 853 2376 in
903 2324 1080 2392 primo
1138 2323 1278 2377 libro
1321 2322 1770 2393 Paralipomenon
1816 2325 1870 2378 in
1919 2324 2085 2378 initiis

512 2412 732 2482 quidem
767 2429 939 2482 usque
967 2413 1035 2468 ad
1065 2429 1189 2469 eum
1220 2415 1398 2470 locum
1430 2415 1520 2469 ubi
1569 2415 1740 2470 dicit:
1779 2415 1846 2469 Et
1879 2416 1933 2469 in
1963 2433 2087 2485 pro-

513 2503 678 2569 phetis
728 2503 887 2557 nolite
945 2504 1230 2575 nia/ignari
1260 2546 1276 2572 ,
1336 2506 1513 2561 simile
1570 2515 1655 2560 est
1710 2521 1798 2560 etv
1849 2507 2082 2575 psalmo.

512 2593 818 2650 Posteriora
850 2610 978 2650 vero
1006 2597 1074 2652 ab
1118 2597 1223 2652 hoc
1262 2597 1383 2652 loco
1440 2597 1847 2652 similitudinem
1893 2608 2089 2667 gerunt

511 2685 811 2756 primarum
845 2687 1083 2756 partium
1116 2701 1219 2741 xcv
1267 2688 1439 2756 psal.,
1476 2688 1565 2741 ubi
1593 2686 1831 2742 dicitur:
1865 2687 2089 2742 Cantate

512 2775 762 2841 Domino,
795 2777 965 2829 omnis
993 2783 1156 2842 terra,
1180 2791 1353 2846 usque
1387 2778 1454 2831 ad
1479 2793 1604 2832 eum
1637 2778 1817 2833 locum
1851 2779 1940 2833 ubi
1971 2780 2085 2833 ait:

516 2865 658 2931 Quia
695 2866 830 2920 venit
852 2866 1103 2936 judicare
1136 2876 1351 2921 terram.
1384 2868 1554 2937 Igitur
1582 2868 1628 2925 si
1672 2869 1724 2923 in
1754 2870 1837 2924 his
1868 2871 2085 2924 conclu-

496 2957 728 3035 _dendus
772 2967 857 3013 est
904 2974 1167 3015 numerus
1213 2959 1581 3026 canticorum,
1617 2960 1846 3030 septimo
1880 2961 1933 3014 in
1968 2961 2090 3017 loco

513 3050 796 3121 ponendus
835 3051 1103 3125 videbitur
1144 3051 1280 3107 liber
1327 3053 1415 3107 hic.
1464 3052 1674 3108 Cantiei
1727 3054 2085 3108 canticorum.

496 3140 574 3223 'Si
608 3140 731 3209 quis
759 3155 887 3194 vero
932 3140 1095 3196 etiam
1133 3141 1290 3195 lsaim
1318 3140 1590 3195 canticum
1615 3141 1659 3171 '“
1713 3156 1835 3196 cum
1879 3140 2090 3195 caeteris

514 3234 911 3308 numerandum
944 3241 1134 3305 putet,
1193 3233 1318 3287 licet
1350 3248 1457 3287 non
1490 3231 1646 3287 valde
1677 3233 1972 3287 convenire
2007 3230 2088 3284 vi-
2118 3207 2161 3265 ο

511 3322 727 3388 deatur,
789 3332 847 3377 ut
902 3323 1248 3392 praecessisse
1312 3331 1529 3391 putetur
1577 3321 1730 3377 Isaia:
1777 3321 2088 3385 canticum,

512 3414 661 3483 quod
693 3414 850 3482 longe
871 3413 1267 3482 posterioribus
1295 3413 1630 3483 temporibus
1659 3412 1827 3467 Isaias
1855 3411 2090 3481 scripse-

517 3504 588 3559 rit
617 3521 630 3558 :
664 3511 841 3558 tamen
874 3503 922 3558 si
948 3504 1073 3572 quis
1108 3512 1259 3572 putet
1283 3505 1429 3573 quod
1464 3502 1779 3573 prophetica
1807 3503 1951 3557 dicta
1981 3516 2089 3556 non

513 3596 886 3669 temporibus,
935 3594 1029 3648 sed
1064 3595 1274 3649 ratione
1331 3594 1607 3663 pensanda
1639 3593 1789 3659 sint,
1837 3594 2093 3664 adjunget

512 3691 677 3760 etiam
712 3688 840 3742 illud
875 3686 1186 3751 canticum;
1220 3696 1273 3740 et
1301 3686 1444 3740 dicet
1484 3686 1589 3740 hoc
1636 3685 1781 3754 quod
1833 3683 2091 3738 Salomon

512 3781 713 3839 cecinit
766 3779 1051 3835 Canticum
1083 3792 1205 3833 esse
1237 3776 1572 3831 canticorum
1608 3792 1719 3831 non
1751 3786 1961 3830 tantum
1999 3790 2090 3830 eo-

515 3890 636 3929 rum
662 3888 784 3943 qua:
813 3871 964 3941 prius
986 3908 999 3933 ,
1037 3869 1131 3924 sed
1160 3878 1213 3923 et
1239 3882 1426 3923 eorum
1457 3882 1579 3936 quae
1608 3868 1954 3936 postmodum
1992 3882 2086 3922 ca-

515 3965 693 4021 nenda
722 3964 1062 4018 videbantur.
1093 3959 1149 4015 Si
1182 3961 1306 4029 quis
1331 3974 1459 4014 vero
1488 3967 1639 4028 putet
1659 3958 1831 4012 etiam
1861 3973 1926 4012 ex
1951 3958 2090 4015 libro

518 4054 857 4109 Psalmorum
888 4051 1084 4106 debere
1112 4050 1318 4106 assumi
1339 4090 1352 4114 ,
1386 4050 1561 4105 sicubi
1605 4050 1656 4103 in
1691 4065 1757 4104 ea
1802 4050 1885 4104 vel
1918 4051 2092 4105 canti-

514 4161 638 4201 cum
677 4143 956 4206 scribitur,
987 4141 1070 4195 vel
1109 4141 1381 4196 canticum
1413 4142 1649 4211 psalmi,
1687 4142 2088 4197 multitudinem

516 4235 862 4306 congregabit
882 4230 1300 4304 praecedentium
1329 4232 1692 4286 canticorum.
1723 4231 1923 4303 Junget
1942 4233 2088 4287 enim

514 4328 724 4384 caeteris
764 4326 929 4379 etiam
972 4339 1040 4375 xv
1085 4322 1557 4391 simulgraduum
1620 4325 1870 4383 cantica:
1903 4331 1958 4376 et
2006 4338 2090 4376 re-

514 4418 741 4488 quirens
777 4414 1117 4483 singulorum
1151 4411 1378 4464 virtutes
1409 4412 1747 4464 canticorum
1769 4451 1784 4476 ,
1822 4421 1987 4480 atque
2024 4428 2091 4466 ex

2187 1968 2282 2015 aut
2328 1960 2635 2032 pertingere
2679 1975 2842 2030 posse
2885 1945 3484 2021 norum'ditlerentias,
3531 1967 3627 2013 aut
3672 1971 3756 2012 ut.

2187 2067 2402 2122 cunque
2451 2050 2802 2121 investigatas
2841 2050 3021 2121 palam
3061 2049 3346 2120 proferre,
3393 2060 3447 2104 et
3496 2050 3759 2104 chartulis

2186 2143 2406 2198 credere
2450 2161 2464 2196 :
2514 2151 2696 2207 tamen
2746 2142 2801 2195 in
2856 2149 3120 2210 quantum
3174 2154 3373 2209 capere
3417 2140 3501 2194 vel
3565 2157 3762 2195 sensus

2186 2244 2372 2292 noster
2396 2276 2412 2302 ,
2442 2234 2527 2290 vel
2557 2234 2778 2289 auditus
2818 2233 3112 2303 legentium
3146 2240 3356 2302 potest,
3411 2233 3600 2303 paucis
3631 2248 3761 2302 ape~

2185 2326 2297 2380 rire
2342 2324 2695 2381 tentabimus.
2752 2322 2811 2376 In
2857 2323 3108 2392 plurimis
3157 2322 3505 2379 Salomonem
3556 2324 3762 2378 Christi

2186 2415 2293 2488 35
2326 2426 2507 2487 typum
2540 2413 2700 2480 ferre,
2735 2415 2819 2468 vel
2854 2415 3154 2469 secundum
3193 2415 3336 2483 quod
3377 2414 3632 2482 paciﬁcus
3673 2416 3756 2467 di-

2178 2511 2357 2575 citur,
2394 2508 2476 2562 vel
2504 2506 2803 2562 secun'dum
2831 2505 2937 2560 hoc
2965 2506 3110 2575 quod
3145 2505 3327 2574 regina
3355 2505 3526 2561 austri
3552 2506 3695 2558 venit
3728 2520 3756 2558 ο

2189 2599 2388 2653 ﬁnibus
2411 2607 2563 2653 terra:
2585 2599 2773 2654 audire
2796 2599 3111 2668 sapientiam
3144 2595 3473 2661 Salomonis,
3499 2612 3604 2650 non
3629 2610 3758 2666 puto

2190 2691 2567 2746 dubitandum.
2608 2691 2705 2745 llic
2733 2706 2862 2760 ergo
2892 2688 3275 2744 etsecuudum
3303 2688 3447 2757 quod
3479 2688 3621 2742 ﬁlius
3659 2688 3757 2742 Da-

2192 2783 2275 2836 vid
2306 2783 2525 2848 dicitur,
2558 2790 2745 2851 regnat
2771 2782 2824 2834 in
2854 2779 3038 2847 Israel,
3068 2789 3122 2836 et
3152 2780 3452 2834 secundum
3484 2779 3627 2848 quod
3664 2796 3749 2833 su-

2192 2887 2285 2941 pra
2315 2886 2410 2926 eos
2437 2887 2590 2941 reges
2632 2886 2730 2941 pro
2783 2871 2983 2941 quibus
3028 2870 3141 2940 ipse
3177 2885 3271 2923 rex
3313 2884 3498 2938 regum
3538 2870 3758 2932 dicitur,

2191 2969 2400 3032 regnat.
2448 2960 2510 3015 Et
2544 2977 2734 3017 rursus
2770 2976 2933 3016 verus
2983 2960 3339 3015 Ecclesiastes
3370 2959 3485 3028 ipse
3513 2968 3630 3024 est,
3670 2974 3758 3027 ίμη

2191 3070 2305 3107 cum
2336 3055 2391 3107 in
2432 3054 2604 3123 forma
2634 3053 2727 3107 Dei
2758 3064 2911 3117 esset,
2949 3052 3283 3123 semetipsum
3316 3050 3604 3104 exinanivit
3650 3050 3758 3117 for-

2192 3160 2331 3198 mam
2353 3144 2487 3199 servi
2523 3145 2783 3213 accipiens
2807 3144 2874 3207 ⁷⁸,
2904 3152 2962 3197 ut
2982 3151 3335 3212 cozigregaret
3366 3140 3659 3196 Ecclesium
3685 3154 3699 3202 ;
3729 3156 3761 3192 a

2193 3234 2571 3304 congregando
2604 3235 2748 3289 enim
2779 3233 3074 3289 Ecclesiam
3118 3231 3477 3287 Ecclesiastes
3519 3230 3757 3299 appella-

2195 3333 2301 3380 tur.
2331 3324 2468 3379 Tum
2508 3340 2636 3379 vero
2667 3326 2791 3394 quis
2821 3324 2893 3378 ita
2925 3323 3203 3386 Salomon,
3251 3320 3304 3375 id
3334 3329 3420 3375 est
3460 3322 3716 3389 paciﬁcus
3743 3361 3760 3385 ,

2194 3414 2337 3469 sicut
2374 3413 2635 3468 Dominus
2658 3421 2842 3467 noster
2870 3410 3031 3466 Jesus
3056 3410 3327 3476 Christus,
3359 3411 3448 3480 qui
3470 3410 3644 3475 [actus
3683 3421 3759 3462 est

2193 3504 2339 3558 nobis
2378 3504 2638 3572 sapientia
2668 3520 2700 3556 a
2727 3502 2830 3557 Deo
2855 3513 2903 3557 et
2931 3502 3149 3571 justitia
3169 3513 3217 3554 et
3247 3514 3352 3570 pax
3391 3500 3473 3553 ⁷⁷2
3510 3498 3678 3570 Igitur
3707 3500 3763 3551 in

2191 3597 2369 3667 primo
2397 3594 2812 3649 Proverbiorum
2840 3595 2979 3648 libro
3006 3608 3129 3648 cum
3157 3607 3257 3647 nos
3282 3591 3579 3646 moralibus
3605 3591 3761 3644 insti-

2195 3688 2295 3743 tuit
2316 3686 2636 3756 disciplinis,
2674 3701 2767 3740 rex
2800 3699 2921 3740 esse
2950 3684 3149 3738 dicitur
3184 3683 3238 3736 in
3285 3681 3486 3747 Israel,
3528 3681 3758 3735 necdum

2194 3780 2248 3834 in
2288 3777 2624 3833 Hierusalem
2670 3779 2845 3847 :quia
2895 3775 2996 3829 etsi
3052 3773 3216 3829 Israel
3261 3774 3508 3828 dicamur
3546 3783 3766 3842 propter

2193 3874 2375 3938 ﬁdem,
2410 3887 2518 3926 non
2554 3880 2733 3924 tamen
2765 3869 2816 3922 in
2849 3868 2952 3922 hoc
2973 3874 3290 3936 perventum
3323 3876 3405 3921 est
3432 3876 3488 3921 ut
3520 3868 3586 3921 ad
3631 3865 3761 3920 Ilie-

2193 3963 2429 4019 rusalem
2477 3960 2750 4016 caelestem
2791 3956 3102 4027 pervenisse
3141 3956 3438 4010 videamur.
3487 3956 3590 4011 Ubi
3633 3971 3765 4009 vero

2193 4053 2605 4126 profecerimus,
2640 4059 2693 4105 et
2725 4050 2780 4104 in
2810 4048 2913 4102 hoc
2947 4055 3165 4101 ventum
3200 4046 3384 4111 fuerit,
3422 4056 3480 4101 ut
3508 4046 3764 4101 Ecclesiae

2193 4145 2588 4216 primitivorum
2628 4157 2748 4212 qua:
2790 4140 2847 4193 in
2892 4138 3046 4194 cmlis
3083 4147 3204 4202 est,
3245 4139 3554 4203 sociemur,
3601 4146 3764 4205 atque

2196 4237 2530 4292 llierusalem
2560 4233 2833 4289 cmlcstem
2864 4230 3129 4287 discussis
3159 4228 3468 4297 diligentius
3493 4227 3686 4296 priscis
3708 4238 3762 4281 et

2193 4329 2534 4384 naturalibus
2565 4324 2748 4379 causis
2782 4335 3008 4377 matrem
3045 4329 3285 4376 nostram
3314 4332 3437 4373 esse
3468 4331 3763 4386 COgnosca-

2195 4435 2319 4474 mus
2346 4418 2618 4473 caelestem
2654 4434 2666 4468 :
2704 4424 2830 4469 tunc
2853 4415 2965 4484 jam
2996 4413 3151 4468 nobis
3177 4411 3337 4466 etiam
3365 4410 3480 4479 ipse
3508 4406 3764 4463 Christus

515 4508 604 4564 his
636 4503 969 4577 proﬁcientis
996 4502 1192 4557 anima:
1216 4500 1417 4570 gradus
1445 4501 1705 4570 colligens
1729 4516 1793 4555 ac
1825 4501 2090 4569 spiritalis
2124 4526 2169 4581 ι)
2198 4508 2554 4564 Ecclesiastes
2576 4505 2823 4569 etIieitur,
2861 4513 2914 4559 et
2944 4519 3052 4558 non
3084 4503 3257 4558 solum
3289 4502 3343 4554 in
3367 4499 3550 4563 Israel,
3593 4499 3684 4554 scd
3709 4507 3763 4552 it

515 4599 761 4656 ordinem
832 4596 1025 4650 iterum
1094 4590 1651 4660 consequentiamque
1717 4606 2086 4659 componens,

515 4689 809 4746 ostendere
856 4686 1055 4756 poterit
1094 4699 1259 4755 quam
1300 4683 1605 4752 magniﬁcis
1637 4684 1912 4753 gressibus
1941 4683 2090 4740 ince-

515 4782 650 4835 dens
694 4792 893 4847 sponsa
936 4791 1031 4846 per
1069 4777 1184 4832 haec
1227 4775 1412 4831 omnia
1469 4775 1748 4845 perveniat
1802 4791 1975 4844 usque
2019 4778 2088 4831 ad

516 4868 819 4925 thalamum
853 4866 1082 4935 sponsi,
1128 4863 1436 4936 digrediens
1463 4865 1518 4917 in
1546 4863 1721 4917 locum
1761 4863 2090 4919 tabernaculi

515 4957 846 5017 admirabilis
872 4973 1034 5027 usque
1065 4956 1135 5011 ad
1166 4957 1380 5010 domum
1410 4955 1506 5009 Dei
1542 4956 1596 5010 in
1623 4972 1740 5010 voce
1766 4959 2084 5011 exsultatio-

516 5054 597 5106 nis
626 5061 676 5105 et
703 5049 1046 5119 confessionis
1077 5063 1236 5102 sonus
1267 5045 1626 5114 epulantis";
1664 5054 1719 5101 et
1764 5048 2084 5116 perveniens

518 5158 692 5213 usque
722 5141 788 5196 ad
819 5139 1036 5211 ipsum,
1066 5145 1127 5192 ut
1171 5136 1435 5200 diximus,
1467 5137 1767 5191 thalamum
1802 5138 1988 5205 sponsi
2027 5146 2085 5191 ut

518 5234 701 5289 audiat
729 5242 782 5288 et
823 5232 1077 5300 loquatur
1108 5237 1305 5285 cuncta
1350 5229 1464 5284 haec
1491 5244 1613 5299 quae
1651 5230 2000 5284 continentur
2031 5229 2084 5283 in

518 5324 744 5379 Cautieo
803 5320 1163 5377 canticorum.
1212 5318 1407 5374 Adhuc
1456 5329 1637 5374 autem
1689 5334 1981 5388 possumus
2032 5328 2086 5374 et

521 5417 633 5471 haec
679 5414 951 5484 inquirere
990 5411 1307 5481 priusquam
1341 5412 1410 5466 ad
1464 5411 1643 5480 ipsum
1684 5425 1885 5479 corpus
1919 5411 2083 5487 libelli

521 5508 840 5563 veniamus:
870 5521 969 5562 cur
1009 5503 1266 5559 Salomon
1311 5503 1409 5573 “qui
1446 5504 1662 5558 videtur
1707 5504 2085 5572 obtemperare

593 5712 645 5782 οἶ
682 5712 722 5764 ιι
755 5710 864 5782 Reg
913 5728 1047 5773 χχιι,
1078 5712 1132 5774 2,
1156 5712 1211 5765 3.
1300 5712 1345 5742 7°
1384 5709 1609 5782 I_Para_l.
1643 5725 1753 5782 svi.-
1779 5710 1833 5774 8,
1866 5710 1919 5782 9.

525 5781 568 5813 "
608 5781 763 5840 Cant.
795 5778 913 5845 1,7.
998 5783 1043 5812 "‘
1070 5780 1507 5852 l'liilipp.tt,6,7.
1566 5780 1607 5810 ’τ’
1645 5778 1820 5848 lCor.
1865 5781 1915 5849 l,
1945 5781 2032 5836 30.

1995 5712 2038 5743 "'
2080 5710 2185 5765 lsa.
2212 5724 2287 5760 νι.

2109 5782 2154 5812 ⁷⁸
2194 5776 2408 5831 001055.
2460 5794 2498 5842 ι,
2533 5778 2624 5832 20.

2190 4600 2243 4654 in
2281 4596 2617 4651 Hierusalem
2651 4610 2877 4665 regnare
2910 4594 3128 4649 dicitur.
3154 4592 3289 4647 Cum
3326 4606 3450 4645 vero
3480 4590 3546 4644 ad
3582 4606 3627 4659 pi
3650 4591 3762 4644 rl'e-

2188 4685 2423 4739 ctionem
2474 4682 2717 4738 omnium
2759 4689 2979 4736 ventum
3026 4680 3204 4744 fuerit,
3233 4690 3287 4734 et
3330 4696 3530 4749 sponsa
3557 4680 3606 4733 ei
3640 4694 3764 4748 per-

2189 4777 2331 4831 fecta
2357 4776 2535 4832 omnis
2566 4775 2833 4829 duntaxat
2873 4772 3154 4828 rationalis
3199 4781 3447 4827 creatura
3480 4772 3759 4842 jungctur,

2190 4869 2320 4938 quia
2373 4866 2679 4937 paciﬁcavit
2719 4881 2813 4935 per
2854 4864 3174 4935 sanguinem
3220 4879 3380 4918 suum
3426 4880 3532 4917 nou
3583 4864 3760 4918 solum

2192 4975 2315 5029 quae
2348 4961 2402 5013 in
2434 4958 2592 5012 terris
2632 4963 2779 5020 sunt,
2817 4955 2910 5010 sed
2947 4964 2999 5009 et
3029 4970 3151 5024 quae
3189 4954 3244 5008 in
3297 4954 3452 5009 caelis
3489 4954 3533 4986 ⁷⁸
3571 4972 3583 5007 :
3634 4962 3764 5008 tunc

2191 5051 2447 5106 Salomon
2469 5046 2843 5104 tantummodo
2857 5047 3086 5111 dicetur,
3109 5061 3224 5099 cum
3249 5044 3529 5098 tradiderit
3550 5059 3763 5113 regnum

2190 5141 2301 5195 Deo
2324 5151 2373 5195 et
2402 5139 2580 5203 Patri,
2606 5154 2723 5192 cum
2746 5137 3070 5191 evacuaverit
3095 5152 3298 5189 omnem
3337 5135 3692 5203 principatum
3714 5146 3759 5188 et

2189 5241 2517 5303 potestatem.
2559 5228 2774 5299 Oportet
2816 5230 2955 5282 enim
3000 5242 3117 5281 eum
3160 5241 3377 5294 regnare
3401 5225 3564 5277 donec
3599 5239 3762 5293 ponat

2189 5324 2429 5378 inimicos
2456 5339 2576 5376 suos
2593 5321 2686 5375 sub
2714 5321 2928 5391 pedibus
2949 5322 3082 5385 suis,
3113 5327 3162 5372 et
3184 5318 3494 5371 novissimus
3519 5319 3763 5371 inimicus

2193 5417 2497 5467 destruatur
2518 5429 2656 5465 mors
2676 5413 2740 5466 7’.
2767 5411 2832 5465 Et
2860 5413 2931 5465 ita
2960 5408 3256 5479 pacilicatis
3284 5407 3559 5470 omnibus,
3590 5406 3767 5461 Patri-

2193 5520 2299 5572 que
2332 5502 2611 5572 subjectis,
2631 5517 2755 5556 cum
2774 5501 3005 5569 eritjam
3029 5497 3170 5551 Deus
3203 5497 3461 5551 omniain
3483 5497 3760 5562 omnibus,

2363 5710 2409 5740 "
2448 5706 2590 5761 Psal.
2621 5721 2731 5767 xu,
2763 5707 2815 5760 5.
2927 5704 2972 5736 ⁷³
3010 5702 3173 5757 Prov.
3204 5718 3239 5757 Ι.
3343 5705 3387 5735 τι
3428 5702 3591 5759 Eccli.
3631 5716 3671 5764 ι,
3707 5700 3757 5753 1.

2702 5777 2745 5807 ⁷⁹
2777 5776 2797 5827 I
2830 5774 2955 5829 Cor.
2987 5790 3075 5838 xv,
3106 5773 3198 5837 24,
3230 5771 3319 5837 '25,
3346 5774 3436 5827 26.
