4236 6282
374 305 433 360 si
771 384 774 386 γ
1798 307 2180 366 PROLOGUS.
2972 393 2976 398 ι
3362 318 3365 319 ν
3542 309 3615 395 se

373 427 622 485 Salomon
638 430 1039 498 tantummodo,
1060 431 1110 487 id
1126 440 1207 487 cst
1220 433 1368 488 solus
1380 434 1635 503 paciﬁcus
1652 432 1950 489 nominabi-
1976 435 2025 491 Α
2123 431 2246 488 ilrcc
2271 442 2451 490 autem
2478 435 2580 491 visi
2611 450 2804 491 sumus
2834 416 3103 492 discutere
3130 435 3294 508 paulo
3321 435 3617 500 curiosius,

374 530 478 574 tur.
506 518 890 588 Competenter
927 534 1058 589 ergo
1085 519 1139 573 in
1170 521 1274 576 llOC
1302 522 1483 578 libello
1516 525 1609 593 qui
1645 524 1711 580 de
1753 539 1940 580 amore

371 625 584 678 sponsae
614 619 667 664 et
692 611 878 678 sponsi
924 619 1041 666 erat
1084 612 1444 680 scribendos,
1486 614 1646 668 etiam
1693 631 1792 685 pro
1837 616 1939 671 hoc

369 715 548 771 neque
576 700 719 755 ﬁlius
747 699 938 766 David,
970 716 1144 771 neque
1173 717 1264 756 rex
1287 741 1302 767 ,
1330 718 1507 772 neque
1554 704 1699 759 aliud
1740 706 1937 761 borum

366 795 515 863 quod
570 794 638 848 ad
686 809 1006 862 corporeum
1042 795 1310 863 pertinere
1343 795 1516 864 possit
1566 797 1895 853 intellectum
1921 840 1936 866 ,

365 886 653 952 scribitur,
681 895 739 940 ut
769 887 958 941 merito
984 886 1050 941 de
1075 901 1138 940 eo
1162 886 1399 957 perfecta
1420 887 1530 958 jam
1560 903 1755 956 sponsa
1772 890 1937 958 dicat,

366 979 498 1049 quia
525 986 573 1031 et
602 979 649 1030 si
673 976 957 1047 aliquando
983 980 1316 1049 coynovimus
1349 979 1621 1034 Christum
1653 982 1938 1035 secundum

365 1085 605 1133 carnem,
630 1068 718 1121 sed
752 1084 886 1120 nunc
899 1067 1018 1136 jam
1043 1084 1143 1121 non
1166 1069 1400 1122 novimus
1430 1068 1498 1133 ⁸ο,
1538 1087 1603 1124 ne
1632 1070 1755 1139 quis
1788 1078 1940 1138 putet

362 1174 488 1214 eam
528 1174 850 1229 corporeum
880 1160 1083 1229 aliquid
1113 1175 1315 1225 amare,
1350 1170 1444 1214 aut
1488 1160 1541 1213 in
1588 1177 1752 1215 carne
1796 1160 1935 1229 posi-

366 1261 507 1316 tum,
538 1260 591 1306 et
622 1251 834 1304 macula
865 1250 1045 1318 aliqua
1074 1250 1245 1303 amori
1277 1249 1395 1318 ejus
1447 1249 1700 1304 credatur
1733 1250 1935 1305 induci.

367 1341 658 1412 Propterea
690 1340 976 1397 Canticum
1003 1341 1338 1395 canticorum
1372 1338 1649 1393 Salomoni
1697 1350 1937 1395 tantum-

370 1434 530 1487 modo
563 1442 666 1497 est,
696 1447 872 1502 neque
904 1432 1015 1486 ﬁlio
1048 1430 1237 1495 David,
1276 1445 1453 1499 neque
1476 1430 1587 1501 regi
1624 1430 1810 1497 Israel,
1840 1446 1938 1484 ne-

364 1538 473 1592 que
495 1522 676 1592 aliqua
700 1522 754 1576 in
782 1522 869 1577 his
899 1536 1124 1591 prorsus
1149 1521 1407 1574 miscetur
1434 1519 1667 1574 carnalis
1701 1519 1939 1575 nominis

364 1613 738 1685 intelligentia.
779 1612 846 1666 Et
879 1629 945 1668 ne
984 1611 1195 1666 mireris
1237 1610 1381 1679 quod
1423 1626 1546 1664 cum
1597 1627 1738 1667 unus
1775 1619 1938 1682 atque

364 1706 506 1761 idem
542 1707 614 1760 sit
653 1705 912 1759 Dominus
950 1713 1112 1773 atque
1137 1704 1384 1759 Salvator
1423 1716 1607 1761 noster
1634 1746 1649 1769 ,
1688 1705 1936 1759 dicamus

2047 525 2287 579 volentes
2312 526 2472 580 etiam
2507 542 2603 596 per
2628 527 2746 581 haec
2774 527 3056 582 ostendere
3078 529 3363 595 rationem,
3393 527 3522 598 quia
3561 528 3615 580 in

2050 616 2188 685 ipsis
2220 631 2438 686 quoque
2458 618 2916 675 attitulationibus
2943 619 3205 675 librorum
3243 634 3469 676 suorum
3511 619 3617 674 Sa-

2046 704 2231 759 lomon
2260 705 2583 761 diﬁ'erentiis
2615 723 2749 761 usus
2775 715 2859 762 est
2881 707 3233 772 necessariis,
3282 720 3336 763 et
3372 708 3516 763 aliud
3558 708 3613 761 in

2044 797 2374 865 Proverbiis,
2404 798 2551 853 aliud
2580 799 2633 852 in
2661 796 3009 864 Ecclesiaste,
3038 798 3183 853 aliud
3211 797 3370 851 etiam
3399 798 3453 852 in
3473 797 3617 853 Can-

2045 887 2278 942 ticorum
2317 889 2531 943 cantico
2564 903 2627 943 ex
2658 888 2773 958 ipsa
2804 889 3159 959 inscriptione
3191 889 3336 944 tituli
3361 889 3614 959 designa-

2044 980 2141 1033 vit.
2168 978 2234 1033 Et
2264 980 2445 1036 adhuc
2472 980 2616 1050 quod
2654 981 2709 1034 in
2741 980 2969 1036 Cantico
2992 981 3330 1037 canticorum
3383 979 3475 1033 ubi
3503 979 3612 1047 jam

2045 1069 2305 1140 perfectio
2328 1073 2650 1137 ostenditur,
2684 1088 2857 1141 neque
2889 1073 3033 1129 ﬁlius
3077 1070 3265 1139 David,
3317 1086 3494 1142 neque
3524 1087 3613 1125 rex

2044 1161 2333 1226 scribitur,
2363 1171 2541 1233 potest
2567 1164 2729 1218 etiam
2770 1165 2875 1219 boc
2917 1164 3025 1231 dici
3052 1183 3067 1231 ;
3096 1165 3224 1235 quia
3269 1178 3395 1219 cum
3439 1160 3615 1216 factus

2044 1251 2210 1307 fuerit
2238 1268 2430 1308 servus
2459 1255 2599 1310 sicut
2620 1255 2896 1322 dominus,
2928 1263 2983 1311 et
3011 1255 3311 1325 discipulus
3345 1254 3487 1310 sicut
3510 1267 3618 1305 ma-

2042 1353 2230 1414 gister,
2257 1345 2473 1401 videtur
2490 1347 2601 1415 jam
2630 1362 2806 1416 neque
2828 1362 3019 1411 servus
3049 1362 3171 1402 esse
3195 1361 3404 1411 servus,
3436 1342 3615 1397 factus

2044 1435 2296 1490 videlicet
2334 1437 2476 1492 sicut
2504 1436 2780 1504 dominus;
2822 1453 2997 1507 neque
3030 1436 3330 1506 discipulus
3358 1450 3479 1489 esse
3531 1433 3614 1487 di-

2041 1525 2301 1593 scipulus,
2335 1526 2533 1596 quippe
2556 1527 2649 1596 qui
2680 1527 2822 1583 sicut
2845 1527 3105 1598 magister
3134 1525 3358 1582 effectus
3388 1533 3490 1591 est;
3515 1525 3612 1580 sed

2037 1614 2212 1670 fuisse
2235 1616 2452 1685 quidem
2490 1617 2783 1687 aliquando
2810 1617 3130 1687 discipulus,
3161 1631 3307 1671 nunc
3337 1631 3465 1670 vero
3490 1630 3611 1671 esse

2041 1707 2184 1761 sicut
2210 1707 2485 1777 magister;
2521 1715 2575 1762 et
2611 1707 2780 1762 fuisse
2804 1708 3020 1777 quidem
3068 1721 3257 1762 servus
3292 1707 3608 1777 aliquando,

362 1809 490 1847 eum
526 1794 674 1847 velut
705 1792 971 1847 minorem
1004 1792 1181 1862 primo
1210 1793 1262 1848 in
1293 1793 1624 1859 Proverbiis,
1661 1805 1714 1850 et
1743 1795 1935 1850 deinde
1966 1794 2006 1848 B
2038 1815 2184 1854 nunc
2217 1814 2342 1853 vero
2369 1816 2491 1855 esse
2514 1800 2655 1855 sicut
2676 1800 2786 1870 36
2817 1799 3097 1854 Dominus.
3131 1797 3306 1853 Simili
3334 1800 3498 1870 igitur
3522 1816 3611 1856 ra-

363 1885 731 1953 proﬁcientem
766 1884 817 1937 in
846 1883 1189 1950 Ecclesiaste,
1216 1894 1269 1939 et
1298 1895 1421 1955 post
1446 1887 1561 1942 ltzec
1593 1886 1788 1941 habere
1812 1901 1934 1955 per-

364 1975 654 2029 fectionem
693 1973 745 2025 in
771 1974 994 2028 Cantico
1026 1975 1398 2038 canticorum,
1436 1990 1561 2028 cum
1608 1974 1722 2029 haec
1770 1975 1932 2027 etiam

365 2066 423 2117 in
463 2062 769 2131 Evangeliis
810 2063 993 2117 videas
1035 2065 1272 2132 scripta,
1325 2066 1415 2116 ubi
1462 2073 1683 2132 prepter
1733 2079 1834 2117 nos
1883 2071 1938 2117 et

367 2154 487 2221 ipse
520 2152 571 2204 in
607 2151 761 2206 nobis
792 2151 990 2204 dicitur
1039 2151 1319 2220 prolicere.
1360 2149 1451 2205 Sic
1501 2151 1646 2205 enim
1682 2140 1935 2217 refertur,

364 2242 495 2311 quia
527 2241 685 2296 Jesus
706 2242 1010 2311 proﬁciebat
1035 2250 1195 2296 tetute
1216 2250 1267 2295 et
1291 2242 1556 2310 sapientia
1583 2242 1721 2308 apud
1770 2239 1936 2295 Deum

359 2344 410 2388 et
435 2333 670 2386 homines
697 2335 762 2387 δι.
792 2332 931 2387 Ριιιο
955 2348 1084 2403 ergo
1115 2333 1259 2402 quod
1290 2348 1387 2403 pro
1416 2333 1502 2388 liis
1530 2332 1803 2397 omnibus,
1835 2346 1933 2384 ne-

357 2441 467 2494 que
500 2424 644 2480 ﬁlius
674 2425 865 2488 David,
892 2440 1068 2493 neque
1099 2440 1194 2478 rex
1227 2423 1391 2479 Israel
1421 2424 1679 2479 scribitur
1715 2443 1727 2477 :
1762 2423 1853 2478 sed
1880 2432 1933 2478 et

358 2529 458 2583 pro
490 2530 555 2568 eo
586 2514 784 2580 adhuc,
832 2514 975 2584 quod
1005 2514 1059 2568 in
1093 2514 1319 2570 Cantico
1350 2515 1689 2569 canticorum
1728 2527 1928 2583 sponsa

350 2608 466 2677 jam
497 2606 551 2660 in
581 2616 789 2661 tantum
822 2607 1146 2676 profecerat,
1192 2617 1252 2661 ut
1306 2605 1484 2675 majus
1534 2604 1735 2675 aliquid
1786 2614 1929 2660 esset

353 2715 521 2768 quam
551 2708 633 2753 est
662 2714 885 2769 regnum
916 2699 1277 2755 Hierusalem.
1295 2697 1429 2754 Nam
1457 2698 1790 2754 Hierusalem
1817 2713 1929 2754 coe-

354 2789 547 2845 lestem
574 2791 619 2821 ⁸²
648 2790 781 2844 dicit
804 2790 1096 2860 Apostolus
1119 2805 1261 2857 esse,
1291 2799 1454 2860 atque
1479 2790 1545 2844 ad
1569 2805 1688 2844 eam
1719 2803 1929 2844 memo-

353 2912 441 2958 rat
489 2902 774 2958 credentes
836 2903 1114 2958 accedere.
1162 2901 1320 2958 Hunc
1363 2917 1492 2972 ergo
1546 2917 1805 2971 sponsum
1859 2902 1924 2957 ad

352 3008 517 3062 quem
551 3009 695 3048 nunc
726 3008 928 3062 sponsa
961 2993 1205 3059 festinat,
1232 2993 1373 3047 idem
1410 2993 1612 3049 Paulus
1643 3009 1770 3050 cum
1799 3010 1925 3050 eum

351 3082 663 3152 pontiﬁcem
695 3084 996 3137 maximum
1027 3083 1179 3148 dicit,
1212 3084 1286 3136 ita
1312 3081 1379 3137 de
1404 3097 1471 3137 eo
1505 3083 1733 3151 scribit,
1767 3084 1921 3153 quasi
1951 3123 1999 3186 ϐ
2030 3073 2321 3129 l'omoni".
2356 3072 2447 3128 Sic
2472 3073 2618 3128 enim
2647 3072 2940 3142 accipiunt,
2978 3073 3134 3143 quasi
3174 3072 3458 3129 Canticum
3498 3074 3605 3129 boc
3700 3068 3711 3090 ¹

431 3176 444 3186 .
611 3176 621 3186 ι
776 3175 810 3186 -ο
920 3175 952 3186 ι.
1103 3176 1115 3186 .
1267 3182 1276 3186 -
1418 3175 1429 3186 ο
1499 3175 1530 3186 .,
2039 3183 2143 3186 ____
2179 3166 2363 3186 j!_--.2.
2398 3165 2726 3186 ----.ε--..--..-
2775 3163 3080 3186 ρ-ι--...---ε-
3140 3173 3192 3186 --ι
3245 3180 3302 3186 -..
3350 3165 3597 3186 _l_-_:_-!_

350 3176 446 3245 qui
476 3190 582 3229 non
610 3176 664 3228 in
687 3175 840 3230 caelis
888 3175 989 3238 sit,
1022 3176 1116 3230 sed
1163 3175 1539 3244 pertransierit
1582 3190 1772 3231 omnes
1810 3191 1923 3231 cm-

350 3268 435 3322 los
459 3266 524 3333 '3,
553 3275 608 3320 et
632 3266 762 3320 illuc
789 3280 1003 3334 quoque
1030 3280 1153 3319 eum
1187 3265 1302 3321 haec
1331 3280 1430 3322 sua
1461 3265 1695 3335 perfecta
1726 3283 1924 3337 sponsa

349 3365 608 3422 sectetur,
639 3358 749 3410 imo
779 3356 909 3411 illuc
954 3356 1237 3411 adhaerens
1270 3355 1320 3410 ei
1364 3365 1418 3411 et
1453 3357 1741 3427 conjuncta
1794 3374 1926 3413 con-

350 3448 643 3514 scenderit,
692 3456 778 3504 est
822 3448 968 3503 enim
1018 3447 1159 3502 facta
1202 3464 1326 3503 cum
1371 3464 1436 3504 co
1486 3466 1627 3506 unus
1676 3450 1921 3521 spiritus.

352 3538 509 3595 Unde
538 3540 753 3595 videtur
775 3540 910 3594 mihi
935 3549 990 3595 et
1023 3540 1089 3595 ad
1120 3539 1339 3595 Petrum
1360 3581 1374 3606 ,
1422 3543 1516 3611 qui
1560 3558 1667 3597 non
1713 3552 1927 3613 poterat

347 3646 474 3684 eum
505 3631 683 3700 primo
709 3631 864 3700 sequi
889 3645 1014 3686 cum
1045 3630 1250 3687 diceret
1285 3649 1298 3686 :
1329 3632 1448 3696 Quo
1487 3648 1579 3703 ego
1616 3634 1749 3687 vado
1771 3675 1786 3700 ,
1838 3651 1923 3690 uos

349 3738 456 3775 non
480 3725 698 3792 potestis
729 3726 902 3777 venire
926 3721 1078 3776 modo
1104 3763 1120 3790 ,
1170 3722 1375 3779 dixisse
1403 3743 1417 3780 :
1468 3724 1711 3796 Sequeris
1748 3736 1924 3782 autem

346 3827 527 3884 postea
552 3815 620 3869 ἰ.
650 3815 804 3882 Quod
829 3824 1007 3870 autem
1035 3816 1106 3871 sit
1135 3816 1338 3886 aliquid
1363 3817 1540 3887 majus
1562 3826 1620 3871 et
1640 3818 1710 3872 ab
1734 3817 1922 3887 lsrael,

348 3907 477 3962 inde
500 3907 811 3977 colligimus
835 3946 848 3969 ,
879 3906 1026 3977 quod
1055 3907 1111 3961 in
1153 3904 1519 3962 Numerorum
1569 3908 1710 3963 libro
1741 3909 1923 3965 omnis

347 3998 567 4065 quidem
602 3996 765 4053 Israel
788 4013 1129 4059 numeratur,
1161 4005 1216 4052 et
1239 3996 1528 4052 duodecim
1558 3999 1733 4052 tribus
1758 3997 1923 4054 Israel

345 4098 502 4144 certo
530 4091 631 4146 sub
659 4105 888 4145 numero
929 4096 1257 4152 censentur;
1290 4088 1463 4142 tribus
1493 4103 1622 4142 vero
1668 4088 1923 4155 Levitica,

347 4188 536 4249 utpote
564 4180 769 4235 caeteris
794 4179 1121 4235 eminentior
1151 4192 1313 4246 supra
1344 4178 1491 4231 hunc
1520 4191 1804 4229 numerum
1829 4177 1922 4231 lia-

344 4270 524 4338 bctur,
557 4279 612 4325 et
660 4286 1003 4341 nequaquam
1047 4271 1100 4323 in
1130 4267 1429 4324 Israelitico
1478 4283 1709 4322 numero
1757 4271 1927 4337 depu-

345 4366 515 4416 tatur.
548 4361 687 4418 Dicit
729 4362 874 4417 enim
912 4363 983 4416 ita
1024 4379 1039 4415 :
1076 4359 1206 4414 (law
1238 4370 1315 4413 est
1350 4360 1585 4415 visitatio
1610 4360 1665 4413 in
1701 4375 1806 4430 qua
1842 4375 1923 4413 re-

2034 1890 2183 1944 tionc
2212 1889 2374 1943 etiam
2403 1889 2470 1943 de
2501 1904 2625 1959 rege
2670 1899 2724 1943 et
2758 1890 2812 1943 in
2847 1889 2948 1943 'ltis
2989 1903 3130 1958 quos
3173 1899 3363 1959 regnat
3401 1889 3608 1944 adverti

2035 1993 2199 2047 posse
2225 1979 2496 2034 videbitur
2518 2020 2532 2043 ,
2563 1995 2689 2033 cum
2735 1995 2960 2050 regnum
2986 1982 3100 2049 jam
3130 1981 3377 2033 tradetur
3416 1979 3528 2033 Deo
3557 1990 3611 2034 et

2037 2066 2208 2121 Patri.
2245 2066 2350 2121 Sed
2374 2069 2560 2122 ethoc
2598 2084 2707 2122 non
2749 2069 2935 2133 lateat,
2970 2070 3262 2123 nonnullos
3292 2070 3611 2127 attitulatio-

2039 2175 2162 2215 nem
2183 2158 2349 2213 libelli
2372 2158 2538 2228 hujus
2563 2158 2786 2214 Cantica
2811 2159 3152 2214 canticorum
3181 2160 3436 2225 scribere,
3463 2163 3607 2230 quod

2038 2264 2146 2303 non
2173 2258 2318 2305 recte
2347 2249 2622 2304 scribitur.
2649 2247 2768 2302 Non
2792 2248 2936 2303 enim
2962 2249 3265 2320 pluraliter,
3290 2252 3384 2310 sed
3417 2253 3601 2322 singu-

2035 2339 2227 2395 lariter
2247 2340 2532 2396 Canticum
2561 2340 2651 2396 hic
2673 2340 2874 2395 dicitur
2894 2341 3254 2397 canticorum.
3298 2343 3422 2400 Haec
3448 2348 3605 2415 quasi

2034 2438 2087 2490 in
2108 2434 2426 2505 praefatione
2446 2435 2589 2490 dicta
2617 2441 2744 2490 sunt
2782 2449 2813 2489 a
2850 2435 3007 2489 nobis
3045 2435 3113 2490 de
3148 2438 3607 2507 superscriptione

2033 2527 2175 2597 ipsa,
2199 2526 2282 2581 vel
2310 2525 2674 2580 attitulatione
2700 2525 2887 2579 libelli.
2911 2523 3029 2578 Jam
3056 2540 3200 2581 nunc
3242 2525 3472 2582 Domino
3503 2543 3605 2584 no—

2031 2628 2144 2675 stro
2170 2632 2269 2672 nos
2297 2617 2587 2686 adjuvante
2614 2614 2787 2684 ipsius
2812 2616 2991 2684 eperis
3013 2615 3332 2671 adoriamur
3353 2620 3596 2683 exordia,

2027 2720 2082 2765 et
2106 2719 2287 2764 tamen
2315 2723 2384 2763 ne
2421 2708 2552 2763 illud
2575 2707 2792 2777 quidem
2829 2715 3108 2761 remaneat
3139 2707 3192 2761 in
3238 2709 3599 2765 nobisomis-

2030 2818 2174 2867 sum,
2196 2800 2342 2871 quod
2365 2798 2691 2870 quibusdam
2716 2798 3101 2868 requirendum
3126 2801 3299 2852 visum
3324 2809 3407 2854 est
3427 2801 3605 2856 adhuc

2028 2894 2096 2949 de
2123 2893 2238 2962 ipsa
2293 2891 2651 2946 attitulatione
2692 2905 2758 2946 ac
2790 2890 3251 2960 superseriptione
3280 2891 3437 2955 libri,
3481 2907 3605 2961 qua:

2028 2983 2103 3038 ita
2140 2982 2371 3037 habetur
2398 2999 2411 3034 :
2436 2979 2716 3036 Canticum
2739 2981 3066 3034 canticorum
3090 2980 3227 3050 quod
3248 2988 3325 3033 est
3369 2981 3471 3050 ipsi
3499 2980 3601 3034 Sa-

2029 3183 2151 3223 esse
2170 3166 2370 3223 dixerit
2391 3165 2729 3220 canticorum
2775 3163 3105 3229 Salomonis,
3140 3173 3199 3219 ut
3239 3180 3307 3221 ex
3350 3165 3601 3235 plurimis

2028 3258 2144 3315 suis
2181 3256 2406 3313 canticis
2455 3256 2558 3310 hoc
2601 3270 2772 3310 unum
2810 3270 2933 3311 esse
2982 3257 3294 3327 signaverit.
3349 3256 3453 3312 Sed
3501 3272 3602 3312 nos

2025 3348 2303 3418 quomodo
2328 3345 2651 3416 recipiemus
2680 3344 2991 3417 bujusmodi
3014 3346 3443 3416 intelligentiam,
3474 3361 3597 3402 cum

2028 3454 2205 3510 neque
2229 3438 2470 3494 Ecclesia
2499 3436 2592 3492 Dei
2622 3436 2731 3492 ulla
2757 3437 3096 3493 extrinsecus
3124 3436 3434 3493 Salomonis
3461 3452 3596 3492 can-

2029 3535 2135 3589 tica
2170 3532 2397 3602 legenda
2438 3529 2738 3599 susceperit
2783 3546 2797 3583 :
2828 3544 3007 3600 neque
3053 3530 3197 3600 apud
3232 3527 3489 3584 Hebraeos
3513 3566 3527 3593 ,
3565 3543 3596 3580 a

2026 3625 2223 3697 quibus
2243 3624 2456 3694 eloquia
2487 3623 2580 3678 Dei
2615 3623 2683 3678 ad
2713 3637 2816 3678 nos
2853 3623 3105 3677 videntur
3137 3636 3260 3676 esse
3310 3620 3594 3686 translata,

2024 3718 2230 3788 aliquid
2261 3726 2459 3787 praeter
2488 3717 2587 3773 hos
2622 3724 2732 3772 tres
2761 3716 2970 3772 libellos
3019 3715 3330 3770 Salomonis
3357 3753 3372 3779 ,
3418 3714 3513 3783 qui
3543 3724 3598 3767 et

2026 3809 2170 3880 apud
2195 3824 2296 3864 nos
2321 3818 2469 3875 sunt,
2494 3810 2730 3879 amplius
2761 3808 3023 3861 habeatur
3050 3805 3103 3858 in
3135 3807 3371 3860 canone?
3397 3803 3597 3859 Volunt

2025 3911 2202 3957 tamen
2224 3901 2317 3970 qui
2341 3904 2445 3956 hoc
2458 3908 2733 3962 asserunt,
2758 3898 2882 3952 inde
2901 3897 3225 3953 conﬁrmare
3251 3897 3595 3965 sententiam,

2023 3994 2172 4062 quod
2202 3994 2256 4046 in
2288 3992 2599 4061 Regnorum
2628 3990 2789 4045 tertio
2816 3989 2955 4044 libro
2983 3992 3242 4061 scriptum
3275 4001 3387 4057 est,
3420 3992 3592 4047 multa

2027 4085 2197 4139 fuisse
2221 4083 2527 4136 Salomonis
2564 4082 2796 4148 cantica,
2829 4091 2889 4135 ut
2929 4098 3098 4137 unum
3141 4100 3209 4138 ex
3238 4086 3423 4139 multis
3472 4101 3593 4141 esse

2028 4175 2370 4231 conﬁrment.
2417 4169 2531 4226 Hoc
2564 4170 2639 4224 ibi
2663 4185 2794 4241 ergo
2822 4170 3056 4226 refertur
3092 4191 3105 4228 ;
3158 4173 3224 4227 Et
3266 4175 3403 4229 Deus
3447 4178 3591 4233 dedit

2025 4263 2360 4336 prudentiam
2386 4260 2677 4328 Salomoni,
2707 4272 2757 4317 et
2793 4263 3112 4333 sapientiam
3154 4266 3377 4320 multum
3424 4269 3592 4337 ualde,

2025 4366 2073 4413 et
2098 4355 2433 4411 latitudinem
2455 4353 2629 4409 cordis
2655 4355 2793 4410 sicut
2837 4372 3054 4412 arenam
3086 4374 3203 4428 qua:
3225 4370 3302 4416 est
3343 4363 3412 4415 ad
3430 4379 3588 4417 oram

345 4455 531 4506 censiti
549 4464 668 4507 sunt
707 4454 809 4522 ﬁlii
841 4451 1014 4506 Israel
1053 4452 1337 4507 secundum
1373 4452 1558 4505 domus
1595 4451 1921 4520 familiarum
1954 4451 1998 4506 D
2028 4449 2213 4514 maris,
2235 4458 2283 4502 et
2307 4448 2481 4516 factus
2510 4457 2588 4503 est
2621 4448 2831 4516 sapiens
2867 4446 3123 4503 Salomon
3148 4451 3298 4505 valde
3326 4467 3482 4521 super
3505 4471 3592 4507 suo

344 4559 582 4597 suarum.
610 4543 795 4600 Omnis
816 4544 1048 4597 visitatio
1065 4558 1245 4596 eorum
1260 4558 1376 4595 cum
1397 4543 1586 4595 virtute
1598 4558 1695 4595 sua
1709 4557 1921 4595 sexcen-
2017 4538 2270 4609 pientiam
2297 4539 2527 4592 omnium
2550 4539 2912 4605 antiquarunt,
2933 4547 2983 4591 et
3010 4554 3166 4606 super
3188 4555 3362 4594 omnes
3384 4542 3595 4610 sapien-

347 4643 403 4686 ta
428 4636 530 4689 tria
562 4634 736 4688 millia
765 4634 1035 4705 quingenti
1070 4633 1470 4705 quinquaginta.
1512 4632 1708 4687 Levita:
1742 4643 1918 4705 autem

347 4740 449 4779 non
466 4737 589 4782 sunt
617 4728 878 4781 numerati
913 4741 1030 4779 cum
1053 4727 1127 4780 eis
1151 4764 1166 4789 ,
1200 4727 1337 4781 sicut
1373 4727 1616 4796 praecepit
1660 4726 1915 4779 Dominus

348 4815 518 4886 Moysi
562 4820 630 4872 ⁸³.
667 4817 830 4874 Vides
873 4819 1152 4888 quomodo
1185 4826 1244 4872 ut
1277 4818 1664 4873 eminentiores
1707 4833 1736 4872 a
1786 4817 1913 4874 filiis

346 4903 506 4962 Israel
536 4917 954 4980 sequestrantur
976 4907 1193 4974 Levitae,
1241 4923 1343 4963 nec
1371 4908 1426 4962 in
1458 4924 1646 4964 eorum
1684 4922 1914 4963 numero

345 4999 643 5057 sociantur.
674 5001 739 5057 Et
771 5017 989 5056 rursum
1024 5001 1223 5056 Levitis
1251 5001 1636 5057 eminentiores
1667 5001 1916 5057 scribun-

347 5098 437 5143 tur
463 5094 794 5150 sacerdotes.
824 5093 915 5149 Sic
937 5094 1081 5149 enim
1113 5094 1166 5148 in
1197 5093 1383 5148 eadem
1411 5093 1691 5164 Scriptura
1735 5092 1915 5150 conti-

343 5192 503 5238 netur
534 5203 547 5239 :
580 5185 647 5237 Et
675 5186 879 5240 locutus
908 5194 1007 5249 est,
1035 5186 1230 5257 inquit,
1263 5187 1521 5241 Dominus
1560 5189 1628 5241 ad
1672 5186 1912 5256 Moysen,

339 5271 527 5330 dicens
546 5295 559 5330 :
580 5277 767 5346 Accipe
780 5293 1041 5331 summam
1055 5276 1377 5343 Leuitarum,
1395 5287 1444 5330 et
1461 5278 1741 5332 constitues
1752 5294 1837 5331 eos
1863 5278 1918 5331 in

340 5378 613 5433 conspectu
640 5370 818 5422 Aaron
839 5369 1210 5434 sacerdotis,et
1228 5370 1522 5423 ministrent
1535 5371 1581 5424 ei
1597 5371 1663 5420 ⁸⁵.
1685 5369 1840 5423 Vides
1865 5379 1920 5424 et

340 5454 397 5507 in
434 5456 535 5513 hoc
558 5460 832 5528 quomodo
851 5461 1158 5528 superiores
1170 5460 1368 5518 Levitis
1396 5463 1637 5517 nominet
1668 5463 1920 5518 sacerdo-

342 5556 448 5612 tes,
471 5560 523 5604 ct
546 5567 738 5607 rursus
763 5549 978 5606 Levitas
1002 5551 1388 5609 eminentiores
1408 5555 1560 5623 ponit
1577 5555 1701 5616 Iiliis
1731 5553 1921 5610 Israel?

2018 4640 2092 4686 tes
2118 4627 2361 4699 IEggpti,
2389 4639 2438 4684 et
2467 4647 2623 4701 super
2656 4630 2833 4685 Etltan
2881 4629 3133 4684 Ezraiten
3161 4640 3210 4685 et
3263 4630 3508 4697 Hemam,
3543 4645 3594 4686 et

2020 4723 2243 4779 Cltalcal
2285 4732 2334 4776 et
2379 4723 2561 4777 Derda
2599 4724 2738 4792 ﬁlios
2782 4722 2950 4783 Maol,
2980 4734 3030 4777 et
3051 4735 3163 4778 erat
3198 4727 3496 4780 nominatus
3538 4729 3594 4780 in

2021 4813 2278 4868 universis
2303 4814 2536 4882 gentibus
2567 4829 2656 4882 per
2677 4813 2955 4869 circuitum
2984 4823 3072 4868 :et
3098 4814 3301 4869 locutus
3331 4827 3406 4870 est
3440 4817 3594 4872 Salo-

2025 4921 2146 4961 mon
2181 4907 2284 4958 tria
2317 4904 2485 4958 millia
2515 4904 2890 4973 parabolarum
2914 4946 2928 4971 ,
2956 4915 3005 4959 et
3049 4916 3200 4961 erant
3242 4910 3448 4964 cantica
3480 4911 3593 4979 ejus

2019 5000 2249 5069 quinque
2278 4997 2450 5051 millia
2470 4997 2535 5049 ⁸⁸.
2570 4994 2646 5050 Ex
2670 4997 2757 5052 bis
2778 5011 2909 5066 ergo
2929 4998 3170 5069 quinque
3198 5000 3439 5056 millibus
3464 5019 3588 5056 cans

2023 5093 2145 5149 ticis
2183 5093 2373 5146 volunt
2427 5090 2596 5145 videri
2629 5090 2732 5145 hoc
2774 5106 2941 5146 unum
2984 5106 3105 5147 esse
3138 5094 3410 5147 canticum
3448 5099 3591 5164 quod

2023 5185 2286 5240 habemus
2318 5201 2331 5237 :
2357 5182 2451 5239 sed
2477 5197 2784 5252 ttsquequo,
2816 5182 2899 5236 vel
2924 5182 3016 5236 ubi
3050 5194 3264 5239 cantata
3294 5185 3431 5253 sitit,
3485 5205 3590 5243 mm

2020 5278 2197 5332 solum
2231 5276 2298 5330 ad
2336 5290 2516 5337 usum,
2557 5276 2649 5330 sed
2673 5291 2740 5329 ne
2764 5274 2831 5329 ad
2863 5277 3111 5332 notitiam
3145 5278 3362 5347 quidem
3405 5298 3594 5350 peric-

2021 5369 2103 5424 nit
2125 5368 2492 5424 Ecclesiarum
2523 5365 2640 5421 Dei.
2672 5366 2972 5436 Operosum
3007 5378 3091 5423 est
3111 5381 3297 5423 autem
3314 5383 3365 5425 et
3404 5378 3595 5442 βίω-ιιι

2020 5464 2089 5517 ab
2114 5477 2275 5532 opere
2303 5457 2602 5532 proposito,
2624 5459 2672 5514 si
2699 5458 2929 5516 velimus
2964 5478 3109 5516 nunc
3131 5463 3407 5531 inquirere
3428 5486 3593 5540 quam

2019 5558 2313 5611 multorum
2353 5554 2615 5607 librorum
2643 5555 3087 5609 commemoratio
3130 5555 3310 5610 ﬁat~in
3350 5557 3596 5632 Scriptu-

412 5666 461 5747 ⁸3
492 5667 528 5718 ΙΙ
559 5668 685 5721 Cur.
721 5684 775 5747 v_,_
1040 5668 1170 5747 μηκέτ
1207 5671 1368 5747 11,ξὶ
1714 5673 1923 5747 mugitu
1981 5675 2085 5747 ν-ΙΙ

1920 5746 1923 5747 ν
1981 5675 2207 5747 illlelir.
2233 5691 2304 5739 IV,
2332 5673 2414 5728 l4.
2494 5671 2973 5741 M.Ioan.x1tt,5ti.
3049 5679 3092 5710 ⁸⁵
3124 5675 3282 5736 Num.
3312 5680 3593 5747 11,32,355.

342 5733 389 5765 "
420 5739 582 5791 Nunt.
623 5753 702 5805 ut.
746 5737 797 5804 5,
834 5741 885 5791 b‘.
962 5739 1003 5769 ⁸⁷
1035 5742 1189 5793 Catil.
1223 5733 1260 5809 t,
1294 5743 1341 5797 I.
1422 5744 1468 5775 ⁸⁸
1501 5742 1571 5797 III
1600 5739 1731 5811 Reg.
1768 5759 1838 5806 tv,
1866 5745 1955 5811 29,
1988 5746 2015 5799 5

644 5753 702 5805 ιι,
746 5737 885 5804 5,6.
962 5733 1341 5809 “Cant.t,l.
1422 5744 1468 5775 κε
1501 5742 1571 5797 ιιι
1600 5739 1731 5811 Reg.
1768 5759 1838 5806 IV,
1866 5745 1955 5811 29,
1988 5745 2076 5811 se,
2108 5733 2314 5814 51,52.
