4236 6282
501 301 571 359 83
1557 305 1880 365 ORIGENIS
1911 308 1978 364 IN
2015 311 2373 370 CANTICUM
2407 314 2679 372 CANTIC.
3680 324 3748 380 ει

502 419 580 474 ris
606 419 829 487 divinis,
853 436 1089 491 quorum
1133 422 1290 477 lectio
1328 422 1474 478 nulla
1516 425 1678 482 nobis
1724 426 1952 482 omnino
1992 435 2076 483 est
2103 439 2150 497 Α
2176 440 2359 502 patres
2383 433 2578 488 nostri.
2601 432 2785 489 Potuit
2809 433 2953 488 enim
2979 433 3119 500 fieri,
3150 443 3208 490 ut
3229 437 3463 505 apostoli
3490 438 3574 494 vel
3595 454 3756 494 evan-

503 512 721 567 tradita.
750 511 854 568 Sed
880 529 1050 584 neque
1063 513 1204 584 apud
1224 512 1441 570 Iudaeos
1460 515 1647 571 haberi
1673 518 1893 588 quidem
1917 536 2076 577 usum

504 604 816 674 huiusmodi
854 604 1150 676 reperimus
1183 605 1510 672 lectionum,
1559 623 1698 678 quas
1730 610 1844 665 sive
1880 626 1977 680 pro
2012 628 2078 668 eo

504 697 649 766 quod
679 696 860 766 aliqua
883 711 1045 765 supra
1076 696 1372 752 humanam
1407 699 1816 770 intelligentiam
1842 703 2083 759 contine-

504 786 656 843 bant.
694 786 895 856 placuit
930 786 1157 856 Spiritui
1181 798 1372 844 sancto
1402 789 1602 846 auferri
1629 792 1697 846 de
1727 793 1924 858 medio,
1967 796 2080 851 sive

502 879 647 946 quod
675 887 850 932 essent
877 878 946 932 de
977 879 1264 949 scripturis
1311 881 1396 937 his
1422 898 1543 952 qua:
1573 884 1912 954 appellantur
1949 901 2081 956 apo-

466 980 472 1045 ‘,
501 969 735 1037 cryphze,
769 985 868 1038 pro
902 986 968 1026 eo
999 973 1144 1042 quod
1179 975 1348 1028 multa
1374 974 1426 1027 in
1461 973 1539 1029 eis
1565 984 1816 1045 corrupta
1859 985 1912 1030 et
1942 993 2077 1032 con-

503 1068 583 1111 tra
618 1059 776 1114 fidem
812 1077 998 1116 veram
1041 1063 1396 1121 inveniuntur
1439 1081 1469 1120 a
1512 1065 1814 1136 majoribus
1860 1067 2076 1136 tradita,

503 1163 610 1203 non
645 1151 850 1220 placuit
871 1153 950 1208 eis
973 1155 1088 1209 dari
1119 1155 1327 1224 locum,
1358 1173 1458 1212 nec
1490 1157 1700 1212 admitti
1729 1159 1797 1212 ad
1833 1159 2077 1214 auctori-

502 1249 689 1297 tatem.
725 1243 901 1315 Supra
931 1261 1029 1302 nos
1063 1256 1147 1304 est
1179 1251 1534 1317 pronuntiare
1575 1249 1642 1306 de
1683 1250 1901 1307 talibus.
1938 1251 2077 1306 Illud

502 1343 682 1388 tamen
713 1337 889 1404 palam
919 1349 1002 1394 est
1030 1341 1201 1396 multa
1218 1342 1300 1397 vel
1325 1343 1392 1398 ab
1413 1343 1691 1413 apostolis,
1716 1345 1801 1400 vel
1822 1345 1891 1398 ab
1912 1359 2078 1399 evan-

503 1429 712 1495 gelistis
747 1433 990 1500 exempla
1016 1447 1136 1488 esse
1165 1433 1400 1504 prolata,
1443 1444 1498 1489 et
1543 1435 1692 1492 Novo
1725 1435 2077 1492 Testamento

501 1518 726 1582 inserta.
757 1538 878 1594 qua:
900 1525 953 1578 in
985 1526 1071 1579 his
1103 1525 1400 1594 Scripturis
1423 1543 1561 1599 quas
1594 1529 1886 1583 canonicas
1910 1527 2078 1582 habe-

504 1628 649 1675 mus,
683 1629 963 1685 nunquam
995 1616 1245 1686 legimus,
1275 1617 1331 1670 in
1360 1618 1683 1688 apocryphis
1716 1628 1894 1673 tamen
1917 1615 2074 1673 inve—

505 1703 751 1772 niuntur,
779 1716 832 1761 et
851 1707 1126 1762 evidenter
1147 1723 1211 1762 ex
1239 1707 1373 1777 ipsis
1396 1708 1757 1764 ostenduntur
1778 1719 2076 1780 assumpta.

506 1795 612 1851 Sed
643 1813 710 1852 ne
743 1799 823 1854 sic
865 1799 1082 1869 quidem
1132 1798 1284 1854 locus
1333 1799 1658 1870 apocryphis
1698 1800 1908 1854 dandus
1940 1809 2025 1855 est
2059 1820 2074 1858 :

503 1906 612 1945 non
644 1892 788 1946 enim
821 1892 1137 1948 transeundi
1167 1901 1296 1948 sunt
1332 1891 1546 1948 termini
1583 1905 1723 1962 quos
1769 1898 2079 1948 statuerunt

2181 522 2384 593 gelistze
2421 533 2610 578 sancto
2651 521 2856 594 Spiritu
2905 525 3093 594 repleti
3137 527 3396 582 sciverint
3428 528 3559 598 quid
3597 545 3755 586 assu-

2181 615 2436 669 mendum
2475 631 2540 670 ex
2573 615 2680 671 illis
2714 625 2861 671 esset
2901 615 3233 686 Scripturis,
3268 619 3468 688 quidve
3512 619 3755 675 refutan-

2179 705 2331 770 dum;
2363 707 2520 761 nobis
2543 715 2723 762 autem
2755 723 2861 761 non
2889 714 2974 763 est
3014 709 3220 778 absque
3255 710 3499 778 periculo
3544 711 3750 780 aliquid

2179 795 2284 849 tale
2313 811 2661 865 praesumere,
2685 798 2885 866 quibus
2911 813 3016 852 non
3045 809 3128 854 est
3152 808 3299 854 tanta
3327 801 3550 870 spiritus
3579 802 3752 855 abun-

2179 885 2384 941 dantia.
2418 885 2486 940 Et
2509 888 2628 943 ideo
2658 888 2724 943 de
2748 890 3000 958 prmsenti
3027 890 3296 945 versiculo
3325 907 3426 947 nos
3453 907 3571 946 eam
3605 901 3752 946 tene-

2180 994 2302 1033 mus
2326 978 2621 1033 editionem
2657 995 2820 1049 quam
2870 996 3032 1049 supra
3075 981 3468 1050 exposuimus,
3517 983 3751 1036 maxime

2179 1086 2302 1126 cum
2332 1071 2554 1126 evidens
2578 1071 2632 1124 in
2658 1086 2722 1125 eo
2746 1071 3006 1125 habeatur
3025 1071 3322 1136 distinctio,
3350 1073 3441 1128 ubi
3469 1074 3581 1128 ait:
3607 1073 3748 1129 Cau-

2181 1163 2342 1215 ticum
2371 1163 2720 1229 canticorum,
2749 1164 2887 1233 quod
2914 1173 2991 1217 est
3033 1163 3137 1233 ipsi
3169 1162 3461 1218 Salomoni.
3512 1164 3568 1220 Si
3603 1166 3744 1220 enim

2178 1253 2443 1308 voluisset
2495 1254 2717 1324 intelligi
2764 1255 3097 1309 canticorum
3135 1252 3445 1311 Salomonis
3484 1257 3589 1311 hoc
3629 1272 3748 1311 esse

2178 1340 2486 1407 Canticum,
2517 1341 2748 1398 dixisset
2804 1341 3022 1412 utique,
3071 1344 3357 1400 Canticum
3408 1347 3744 1400 canticorum

2178 1449 2300 1504 quae
2328 1444 2457 1489 sunt
2485 1433 2789 1501 Salomoni,
2817 1436 2901 1490 vel
2925 1435 3210 1492 Canticum
3243 1454 3306 1493 ex
3336 1439 3563 1493 canticis
3591 1437 3749 1492 Salo-

2179 1525 2358 1580 monis
2386 1543 2399 1580 :
2432 1541 2579 1580 nunc
2615 1535 2796 1580 autem
2831 1529 2960 1596 quia
2991 1529 3148 1593 dixit,
3179 1530 3316 1600 quod
3345 1538 3418 1583 est
3450 1526 3744 1589 Salomom‘,

2179 1617 2486 1671 ostenditur
2513 1617 2658 1671 istud
2690 1616 2976 1672 Canticum
3013 1620 3155 1690 quod
3189 1629 3272 1675 est
3298 1619 3352 1674 in
3389 1620 3660 1684 manibus,
3692 1629 3748 1672 et

2179 1711 2324 1781 quod
2355 1720 2471 1766 erat
2499 1711 2548 1767 ei
2575 1712 2903 1777 canendum,
2933 1727 3054 1768 esse
3086 1713 3414 1768 Salomonis.
3447 1712 3513 1767 Et
3541 1713 3644 1767 hoc
3679 1716 3747 1767 de

2179 1803 2540 1859 attitulatione
2586 1819 2748 1873 quam
2781 1805 3060 1874 proposuit
3107 1806 3400 1861 continere.
3462 1805 3747 1862 Videamus

2179 1909 2308 1964 ergo
2331 1893 2444 1964 jam
2477 1902 2532 1949 et
2567 1908 2689 1962 qua:
2713 1901 3032 1964 sequuntur.

504 2085 3708 2114 ———q-_————————-—————-——-—-—————

1691 2261 2412 2420 ORIGEN
2418 2263 2594 2420 IS

1091 2558 1236 2668 ΙΝ

1367 2553 2120 2676 CANTICUM
2222 2550 3161 2669 CANTICORUM

1664 2787 2020 2878 LIBER
2094 2789 2590 2881 PRIMUS.

575 3123 708 3192 Cap.
746 3122 786 3187 l,
814 3137 955 3177 vers.
985 3123 1036 3178 l.
1075 3120 1354 3178 Osculetur
1390 3135 1470 3173 mc
1509 3122 1575 3174 ab
1599 3122 1777 3174 osculo
1824 3123 1932 3177 oris
1969 3123 2072 3177 sui.
2103 3125 2146 3186 ο
2179 3133 2499 3179 aestuantem
2535 3136 2664 3178 vero
2699 3120 2968 3177 desiderio
3013 3120 3235 3189 sponsi,
3263 3127 3320 3173 et
3361 3119 3575 3173 interno
3625 3118 3742 3173 vul-

506 3214 817 3270 Meminisse
846 3221 1056 3284 oportet
1085 3211 1217 3266 illud
1241 3212 1386 3281 quod
1411 3211 1465 3265 in
1492 3210 1809 3282 praefatione
1845 3227 2076 3282 pramo-

507 3307 750 3369 nuimus,
775 3307 902 3375 quia
920 3307 1132 3361 libellus
1154 3303 1589 3374 hiccpithalamii
1620 3303 1824 3358 habens
1844 3305 2076 3373 speciem

505 3397 770 3451 dramatis
792 3396 846 3449 in
877 3397 1096 3450 modum
1124 3396 1506 3451 conscribitur.
1536 3394 1733 3449 Drama
1753 3403 1934 3450 autem
1958 3410 2080 3451 esse

507 3491 749 3544 diximus
784 3489 875 3543 ubi
901 3495 1061 3542 certa:
1085 3503 1333 3557 personae
1365 3486 1811 3554 introducuntur,
1843 3503 1964 3557 qua:
2000 3488 2079 3541 lo-

509 3592 772 3654 quuntur,
799 3591 854 3638 et
886 3583 1005 3637 alia:
1029 3583 1302 3638 interdum
1334 3585 1744 3654 superveniunt,
1775 3584 1895 3639 alia!
1924 3597 2078 3638 rece-

507 3675 665 3739 dunt,
699 3680 792 3727 aut
820 3673 1085 3730 accedunt
1107 3712 1122 3738 ,
1155 3681 1210 3728 et
1247 3673 1327 3728 sic
1364 3681 1537 3728 totum
1585 3674 1639 3728 in
1685 3674 2080 3730 mutationibus

507 3763 690 3833 agitur
714 3778 1091 3834 personarum.
1120 3761 1245 3816 Haec
1273 3778 1401 3833 ergo
1426 3763 1533 3817 erit
1565 3763 1730 3818 totius
1757 3764 1924 3819 libelli
1951 3781 2076 3834 spe-

509 3855 642 3920 cies,
677 3864 729 3910 et
752 3855 1050 3910 secundum
1081 3855 1221 3909 hanc
1247 3869 1344 3924 pro
1377 3853 1587 3909 viribus
1612 3855 1869 3910 historica
1900 3872 1932 3911 a
1978 3871 2080 3912 no-

513 3947 596 4001 bis
622 3947 896 4016 aptabitur
921 3949 1206 4016 expositio.
1253 3945 1526 4016 Spiritalis
1563 3961 1694 4002 vero
1725 3947 2076 4018 intelligentia

510 4038 808 4093 secundum
841 4039 944 4094 hoc
967 4041 1321 4096 nihilominus
1360 4041 1504 4110 quod
1556 4040 1610 4095 in
1637 4037 1956 4109 praefatione
2005 4041 2079 4095 si-

507 4131 814 4200 gnavimus,
845 4133 926 4187 vel
957 4133 1024 4188 de
1049 4132 1289 4190 Ecclesia
1318 4135 1384 4190 ad
1411 4133 1688 4190 Christum
1727 4132 1832 4188 sub
1863 4147 2080 4203 sponsa:

509 4223 589 4277 vel
617 4225 800 4292 sponsi
832 4225 1009 4289 titulo,
1036 4227 1121 4281 vel
1149 4227 1215 4282 de
1249 4229 1444 4283 anima:
1464 4244 1587 4284 cum
1616 4225 1795 4283 Verbo
1825 4228 1918 4283 Dei
1948 4244 2079 4284 con-

503 4313 786 4381 junctione
839 4314 1110 4381 dirigitur.
1168 4316 1535 4370 lntroducitur
1583 4333 1713 4386 ergo
1771 4334 1917 4373 nunc
1982 4334 2079 4386 per

512 4403 752 4457 historiae
801 4402 1036 4472 speciem
1092 4417 1291 4471 sponsa
1343 4407 1590 4473 quaedam
1649 4421 1770 4474 quae
1840 4408 2080 4476 suscepit

508 4491 755 4560 quaedam
813 4491 1210 4561 sponsaliorum
1261 4501 1315 4546 et
1365 4493 1508 4548 dotis
1551 4495 1709 4549 titulo
1753 4495 2074 4565 dignissima

509 4597 735 4637 munera
761 4583 828 4638 ab
853 4599 1057 4653 sponso
1084 4582 1422 4638 nobilissimo
1457 4585 1581 4640 :sed
1609 4584 1843 4654 plurimo
1871 4595 2082 4657 tempo-

509 4687 569 4728 re
601 4687 808 4727 moram
842 4674 1072 4731 faciente
1101 4691 1324 4746 sponso,
1357 4677 1634 4731 sollicitari
1659 4693 1777 4732 eam
1809 4679 2080 4736 desiderio

507 4762 714 4816 amoris
747 4762 853 4829 sui,
889 4775 944 4817 et
965 4765 1156 4820 conﬁci
1186 4765 1452 4836 jacentem
1483 4766 1629 4821 domi
1665 4783 1798 4834 suae,
1831 4778 2076 4840 agentem

507 4853 616 4924 37
647 4856 831 4909 omnia
869 4865 1138 4925 quatenus
1166 4859 1340 4926 possit
1373 4859 1667 4929 aliquando
1700 4862 1881 4917 videre
1913 4877 2080 4932 sponv

507 4964 630 5003 sum
661 4963 844 5015 suum,
879 4957 1044 5018 atque
1085 4951 1289 5007 osculis
1319 4953 1438 5021 ejus
1486 4952 1614 5009 frui.
1659 4954 1791 5021 Quae
1815 4958 2074 5027 quoniam

509 5055 609 5095 nec
641 5039 843 5094 ditl'erri
880 5055 1122 5096 amorem
1170 5057 1364 5108 suum,
1405 5060 1504 5100 nec
1547 5045 1774 5116 adipisci
1823 5062 1881 5102 se
1917 5062 2077 5116 posse

507 5130 653 5200 quod
697 5130 978 5185 desiderat
1020 5132 1196 5198 videt,
1235 5142 1516 5188 convertat
1557 5149 1616 5189 se
1649 5135 1715 5188 ad
1748 5135 2070 5202 orationem,

506 5230 562 5276 et
598 5222 864 5292 supplicet
912 5220 1044 5286 Deo,
1094 5223 1272 5277 sciens
1319 5238 1438 5278 eum
1471 5223 1686 5279 Patrem
1728 5241 1850 5282 esse
1889 5230 2075 5297 sponsi

505 5313 611 5366 sui.
638 5312 1063 5368 Consideremus
1091 5328 1220 5384 ergo
1253 5329 1372 5369 eam
1401 5316 1666 5372 levantem
1710 5326 1929 5373 sanctas
1958 5334 2074 5374 ma-

506 5419 610 5457 nus
641 5404 760 5458 sine
795 5404 873 5458 ira
909 5412 966 5458 et
1004 5403 1400 5474 disceptatione
1428 5407 1482 5460 in
1507 5408 1694 5462 habitu
1723 5417 1919 5463 ornato
1947 5424 2073 5464 cum

505 5494 828 5548 verecundia
860 5503 911 5548 et
936 5495 1247 5560 sobrietate,
1277 5507 1524 5550 ornatam
1556 5498 1892 5568 dignissimis
1919 5515 2077 5554 orna-

507 5584 734 5651 mentis,
775 5586 977 5654 quibus
1025 5587 1210 5644 ornari
1263 5587 1417 5642 decet
1469 5589 1702 5644 nobilem
1757 5606 2011 5660 sponsam
2057 5612 2071 5650 :

576 5723 624 5756 ⁸⁰
651 5723 831 5780 οων.
866 5741 952 5791 ιιι,
980 5726 1068 5782 l9.

2181 3229 2308 3270 nere
2336 3216 2541 3269 amoris
2573 3213 2854 3284 agitatam,
2878 3211 3204 3274 orationem,
3237 3219 3299 3265 ut
3325 3211 3586 3276 diximus,
3619 3211 3744 3263 fun-

2179 3305 2308 3360 dere
2336 3305 2401 3358 ad
2441 3303 2632 3369 Deum,
2657 3313 2710 3358 et
2735 3303 2916 3357 dicere
2957 3301 3023 3356 de
3064 3316 3267 3370 sponso
3301 3318 3438 3356 suo:
3469 3300 3746 3355 Osculetur

2181 3411 2262 3449 me
2293 3395 2357 3448 ab
2391 3395 2570 3450 osculo
2618 3395 2726 3448 oris
2773 3394 2877 3446 sui.
2926 3390 3052 3445 Haec
3083 3400 3210 3445 sunt
3237 3407 3356 3459 qum
3401 3390 3662 3444 dramatis
3693 3391 3747 3442 in

2182 3487 2405 3542 modum
2459 3486 2760 3555 composita
2813 3484 3074 3540 historica
3123 3483 3366 3538 continet
3417 3482 3745 3551 explanatio.

2182 3576 2408 3632 interior
2437 3591 2564 3630 vero
2598 3575 2899 3630 intellectus
2931 3574 3212 3628 videamus
3248 3573 3294 3627 si
3325 3573 3429 3626 hoc
3458 3573 3618 3626 modo
3651 3588 3745 3640 po-

2182 3667 2305 3722 terit
2355 3674 2720 3736 competenter
2765 3665 2963 3735 aptari.
3014 3663 3258 3719 Ecclesia
3312 3663 3382 3718 sit
3433 3662 3748 3717 desiderans

2178 3757 2397 3813 Christo
2427 3756 2704 3825 conjungi.
2737 3753 3034 3811 Ecclesiam
3059 3765 3239 3810 autem
3270 3763 3468 3809 emtum
3503 3755 3746 3807 omnium

2181 3852 2398 3906 adverte
2450 3861 2790 3906 sanctorum.
2846 3850 2971 3906 Haec
3021 3865 3152 3919 ergo
3196 3849 3437 3904 Ecclesia
3485 3851 3553 3904 sit
3591 3849 3746 3917 quasi

2179 3941 2422 3997 omnium
2457 3957 2563 3995 una
2597 3956 2850 4010 persona,
2883 3957 3005 4011 qua:
3036 3943 3292 4011 loquatur
3319 3951 3372 3996 et
3393 3943 3536 3996 dicat
3571 3961 3583 3994 :
3614 3939 3744 3994 0m—

2179 4034 2268 4088 nia
2307 4033 2503 4098 habeo,
2532 4033 2734 4103 repleta
2765 4049 2884 4088 sum
2926 4034 3244 4088 muneribus
3285 4048 3407 4102 quae
3441 4031 3744 4100 sponsalio-

2181 4141 2302 4180 rum
2340 4127 2424 4180 vel
2469 4125 2612 4182 dotis
2643 4126 2800 4180 titulo
2846 4133 2970 4181 ante
3013 4124 3230 4194 nuptias
3264 4125 3492 4198 sumpsi.
3535 4122 3748 4177 Dudum

2179 4218 2326 4273 enim
2356 4235 2479 4274 cum
2532 4233 2866 4289 praepararer
2898 4219 2965 4273 ad
3013 4217 3328 4287 conjugium
3372 4216 3467 4269 filii
3524 4216 3664 4284 regis
3696 4223 3750 4269 et

2178 4310 2527 4379 primogeniti
2577 4310 2758 4365 omnis
2807 4319 3090 4374 creaturae,
3122 4308 3366 4363 obsecuti
3399 4315 3527 4360 sunt
3556 4316 3612 4361 et
3643 4307 3748 4360 mi-

2182 4400 2551 4454 nistraverunt
2590 4399 2721 4453 mihi
2766 4399 2941 4468 angeli
2978 4400 3151 4455 sancti
3179 4400 3318 4469 ejus,
3349 4397 3654 4454 deferentes
3680 4398 3748 4452 ad

2183 4505 2270 4545 me
2297 4491 2465 4560 legem
2499 4490 2771 4558 sponsalis
2800 4491 3042 4545 muneris
3069 4492 3208 4545 loco.
3252 4491 3360 4545 Lex
3391 4505 3625 4560 namque
3655 4506 3748 4559 per

2181 4579 2406 4650 angelos
2460 4579 2726 4649 disposita
2771 4578 2974 4634 dicitur
3017 4580 3074 4634 in
3121 4595 3286 4635 manu
3337 4581 3653 4637 mediatoris
3679 4582 3745 4635 ³³⁸.

2181 4671 2630 4728 Ministraverunt
2681 4671 2814 4726 mibi
2870 4671 3032 4726 etiam
3075 4673 3370 4742 prephetaa.
3403 4673 3595 4729 Locuti
3624 4683 3752 4728 sunt

2180 4767 2324 4823 enim
2353 4767 2536 4821 omnia
2584 4779 2638 4822 et
2676 4765 2802 4835 ipsi,
2829 4781 2924 4835 per
2955 4781 3077 4834 quae
3119 4782 3227 4821 non
3278 4767 3454 4822 solum
3499 4765 3751 4822 ostende-

2180 4867 2302 4914 rent
2331 4867 2387 4913 et
2416 4857 2720 4912 indicarent
2747 4855 2881 4910 mihi
2907 4856 2974 4910 de
2999 4855 3136 4910 Filio
3171 4857 3286 4924 Dei,
3318 4857 3408 4913 eui
3442 4873 3530 4913 me
3560 4857 3751 4911 delatis

2184 4952 2270 5006 his
2301 4967 2422 5022 qua:
2446 4949 2784 5020 appellantur
2825 4948 3002 5004 arrhis
3034 4958 3088 5004 et
3129 4949 3448 5005 muneribus
3475 4949 3750 5005 dotalibus

2182 5045 2449 5114 spondere
2477 5041 2805 5112 cupiebant:
2837 5055 3024 5096 verum
3075 5051 3136 5097 ut
3178 5050 3231 5097 et
3264 5042 3318 5096 in
3366 5056 3608 5095 amorem
3665 5058 3750 5095 me
3787 5064 3802 5090 ,ι

2181 5137 2301 5207 ejus
2333 5135 2774 5204 desideriumque
2819 5134 3212 5189 succenderent
3259 5135 3751 5202 pronuntiaverunt

2181 5229 2316 5284 mihi
2364 5227 2694 5297 propheticis
2739 5226 2967 5281 vocibus
3004 5226 3072 5280 de
3121 5226 3354 5280 adventu
3397 5224 3518 5294 ejus
3543 5262 3558 5286 ,
3598 5227 3750 5278 etde

2181 5318 2484 5374 innumeris
2524 5317 2837 5384 virtutibus,
2885 5317 3249 5386 operibusque
3301 5316 3420 5384 ejus
3468 5314 3750 5368 immensis

2182 5411 2373 5480 repleti
2410 5408 2613 5478 Spiritu
2657 5418 2847 5463 sancto
2885 5406 3336 5477 praedicaverunt.
3382 5405 3752 5460 Pulehritudi-

2183 5517 2304 5557 nem
2332 5517 2547 5572 quoque
2594 5502 2744 5571 ejus,
2776 5508 2831 5554 et
2879 5498 3134 5568 speciem,
3166 5514 3232 5554 ac
3275 5498 3750 5554 mansuetudinem

2181 5595 2606 5665 descripserunt,
2635 5593 2706 5647 ita
2741 5600 2800 5649 ut
2829 5589 3086 5646 omnibus
3117 5591 3202 5646 his
3247 5591 3314 5647 ad
3361 5606 3600 5647 amorem
3631 5589 3752 5660 ejus
