4236 6282
462 250 536 306 85
1714 297 1718 300 ,
1843 236 2046 292 LIBER
2084 235 2367 292 PRIMUS.

3659 232 3760 289 δῇ.

467 361 882 419 intolerabiliter
909 360 1027 433 (26)
1059 359 1453 416 inﬂammarer.
1505 358 1609 414 Sed
1660 359 1918 430 quoniam
1961 374 2062 412 sae-
2089 363 2134 418 A
2166 357 2293 421 suit,
2324 365 2381 409 ut
2428 355 2795 425 intelligamus
2827 353 3255 423 uniuscujusque
3283 347 3753 408 obseuriisensus-

465 456 651 512 culum
678 453 788 524 jam
821 469 961 523 pene
988 453 1199 508 [initum
1226 460 1331 518 est,
1363 460 1417 506 et
1459 449 1630 518 ipsius
1655 448 1870 518 quidem
1907 463 2043 516 prte-

465 545 640 599 sentia
675 558 783 597 non
816 544 982 598 datur
1015 543 1183 609 mihi;
1227 541 1376 596 solos
1401 548 1581 595 autem
1613 538 1891 593 ministros
1925 537 2044 605 ejus

469 637 624 692 video
655 637 1014 692 ascendentes
1045 646 1099 690 et
1129 635 1520 692 descendentes
1550 633 1615 687 ad
1666 647 1782 696 me,
1825 640 2045 702 propter

465 727 568 782 hoc
597 727 664 781 ad
699 735 753 780 te
783 725 998 781 Patrem
1029 726 1227 796 sponsi'
1260 725 1367 780 mei
1397 739 1611 794 precem
1645 723 1811 777 fundo
1851 731 1905 778 et
1947 723 2045 777 ob-

465 827 624 867 secro
660 825 720 868 ut
743 813 959 869 tandem
991 813 1284 869 miseratus
1313 827 1556 866 amorem
1584 822 1831 866 nostrum
1861 812 2044 866 mittas

461 918 628 970 eum;
661 912 721 958 ut
747 904 859 974 jam
892 919 998 958 non
1024 903 1158 958 mihi
1193 904 1307 974 (27)
1343 919 1435 974 per
1473 903 1756 959 ministros
1783 918 1913 958 suos
1943 918 2043 957 an-

464 995 619 1064 gelos
642 994 908 1049 duntaxat
948 1007 1000 1048 et
1045 996 1339 1064 pr0phetas
1369 994 1644 1062 loquatur,
1675 994 1769 1047 sed
1805 993 1922 1062 ipse
1952 1008 2047 1062 per

467 1085 824 1154 semetipsum
860 1086 1058 1150 veniat,
1086 1095 1142 1141 et
1171 1085 1454 1140 osculetur
1499 1099 1586 1138 me
1621 1085 1689 1138 ab
1717 1085 1906 1139 osculo
1934 1083 2048 1138 oris

466 1174 580 1238 sui,
624 1175 787 1228 verba
823 1174 1031 1230 scilicet
1059 1176 1113 1229 in
1156 1190 1221 1232 os
1268 1190 1449 1230 meum
1493 1173 1578 1230 sui
1622 1174 1736 1228 oris
1777 1174 2045 1240 infundat,

473 1262 652 1330 ipsum
684 1263 900 1317 audiant
932 1264 1264 1333 loquentem,
1296 1264 1474 1332 ipsum
1504 1262 1714 1316 videam
1741 1262 2044 1317 docentem.

473 1351 601 1408 Haec
629 1353 771 1406 enim
811 1363 940 1408 sunt
973 1353 1178 1408 Christi
1204 1353 1392 1408 oscula
1424 1368 1546 1422 quae
1582 1353 1823 1422 porrexit
1864 1352 2048 1408 Eccle-

474 1443 590 1508 size,
625 1459 749 1498 cum
803 1443 855 1498 in
893 1444 1125 1498 adventu
1177 1458 1279 1497 suo
1326 1443 1444 1513 ipse
1495 1441 1746 1497 Christus
1797 1442 1853 1496 in
1884 1456 2048 1496 carne

472 1534 682 1603 positus
710 1534 1100 1605 evangelizavit
1125 1533 1173 1588 ei
1209 1534 1374 1588 verba
1410 1533 1535 1588 lidei
1578 1541 1633 1588 et
1667 1534 1950 1589 charitatis
1993 1543 2047 1589 et

477 1623 642 1690 pacis,
676 1625 979 1679 secundum
1028 1624 1172 1695 quod
1218 1621 1388 1679 lsaias
1422 1623 1783 1692 promiserat,
1821 1631 1876 1678 et
1911 1639 2048 1693 pras—

473 1712 676 1768 missus
714 1713 780 1768 ad
830 1729 1087 1783 sponsam
1134 1713 1389 1767 dixerat:
1433 1709 1554 1766 Non
1600 1712 1844 1782 legatus,
1872 1727 2049 1783 neque

470 1803 719 1872 angelus,
756 1805 850 1860 sed
890 1805 998 1873 ipse
1026 1803 1285 1857 Dominus
1315 1803 1538 1858 salvabit
1563 1819 1658 1859 nos
1683 1804 1749 1856 ’°.

543 1893 726 1949 Tertio
759 1911 890 1951 vero
924 1896 1284 1966 expositionis
1325 1898 1445 1952 loco
1486 1896 1901 1951 introducamus
1931 1897 2049 1951 ani-

469 2002 642 2049 mam,
689 1987 846 2056 cujus
888 2003 1052 2044 omne
1095 1989 1336 2044 studium
1388 1989 1458 2043 sit
1483 1987 1738 2056 conjungi
1769 1995 1824 2040 et
1857 2001 2051 2041 consev-

473 2077 612 2130 ciari
649 2078 814 2131 verbo
847 2077 961 2144 Dei,
992 2088 1043 2132 et
1072 2079 1214 2132 intra
1238 2077 1502 2148 mysteria
1532 2075 1812 2144 sapientiae
1839 2075 1957 2144 ejus
1991 2090 2055 2129 ac

477 2167 720 2222 scientiae
773 2167 917 2222 velut
963 2168 1152 2238 sponsi
1205 2167 1444 2223 etelestis
1499 2166 1769 2220 thalamos
1813 2165 2052 2232 intrare,

471 2257 676 2325 cuique
706 2256 906 2311 anima:
937 2257 1224 2326 praesentia
1251 2257 1413 2312 etiam
1459 2255 1634 2326 ipsius
1666 2270 1890 2309 munera
1929 2254 2054 2310 data

470 2356 621 2410 sunt,
654 2348 796 2403 dotis
829 2348 1038 2402 scilicet
1059 2349 1300 2402 nomine.
1335 2345 1487 2401 Sicut
1509 2347 1653 2402 enim
1678 2345 1932 2402 Ecclesiae
1952 2346 2051 2403 dos

471 2437 576 2494 fuit
617 2438 749 2509 legis
781 2445 836 2493 et
884 2438 1275 2507 prOphetarum
1311 2436 1626 2502 volumina,
1664 2437 1738 2490 ita
1793 2437 1919 2492 huic
1966 2438 2052 2493 lex

469 2539 680 2584 naturae
723 2538 777 2585 et
811 2531 1093 2586 rationalis
1122 2545 1318 2586 sensus
1361 2545 1425 2585 ac
1455 2527 1680 2583 libertas
1715 2529 1927 2584 arbitrii
1955 2531 2052 2585 do-

467 2620 595 2674 talia
626 2634 854 2674 munera
897 2619 1246 2690 deputentur.
1290 2616 1509 2672 Habetis
1535 2626 1717 2671 autem
1760 2618 1876 2674 haec
1903 2619 2050 2677 dotis

465 2726 583 2766 sum
621 2727 870 2776 munera,
901 2711 967 2766 sit
1002 2711 1052 2767 ei
1101 2711 1293 2781 primae
1338 2708 1664 2764 eruditionis
1714 2709 1961 2766 doctrina
2016 2727 2049 2768 a

468 2802 834 2858 monitoribus
878 2803 1305 2872 doctoribusque
1352 2803 1710 2860 descendens.
1757 2801 1862 2858 Sed
1908 2818 2049 2874 quo-

469 2898 616 2952 niam
649 2897 701 2952 in
739 2898 825 2953 his
853 2914 961 2953 non
1007 2907 1091 2953 est
1137 2897 1186 2953 ei
1223 2897 1382 2968 plena
1415 2905 1580 2969 atque
1624 2895 1862 2969 perlecta
1901 2895 2049 2952 desi-

2152 447 2642 512 inluminationem,
2659 445 2906 500 osculum
2932 460 3052 500 esse
3075 443 3236 499 Verbi
3263 443 3357 497 Dei
3384 443 3448 497 ad
3489 442 3726 496 animam

2152 539 2446 609 perlectam
2482 525 2744 591 delatum.
2777 535 2846 590 Et
2873 534 3172 590 secundum
3209 535 3312 588 hoc
3354 535 3492 588 forte
3515 531 3759 586 dicebat-’-

2153 629 2466 700 prophetica
2501 638 2555 683 et
2605 627 2844 697 perfecta
2894 642 3047 682 nicas
3079 643 3092 679 :
3130 624 3200 680 Os
3249 641 3415 678 meum
3460 622 3642 693 aperui
3679 633 3748 674 et;

2150 722 2358 775 attraxi
2400 722 2649 791 spiritum
2697 720 2768 773 9‘.
2808 718 2882 775 Os
2924 727 3105 774 autem
3151 717 3335 788 sponsi
3373 716 3744 808 intelligimus

2148 812 2414 866 virtutem
2442 810 2561 876 Dei,
2596 827 2703 880 qua
2753 810 3024 865 illuminat
3057 819 3316 875 mentem,
3353 817 3406 864 et
3435 809 3579 863 velut
3610 824 3730 862 ser-

2152 916 2317 955 mone
2345 901 2581 971 quodam
2613 901 2816 956 amoris
2860 901 2926 956 ad
2971 915 3091 955 eam
3127 899 3301 964 facto,
3336 899 3381 954 si
3429 908 3606 953 tamen
3636 914 3726 953 ca-

2151 1006 2283 1065 pere
2313 1001 2590 1045 mereatur
2623 1001 2783 1045 tanta:
2813 990 3032 1044 virtutis
3054 989 3420 1059 praesentiam,
3460 986 3730 1058 incognita

2150 1096 2383 1150 quaeque
2443 1081 2542 1136 sibi
2598 1091 2652 1135 et
2706 1082 2939 1136 obscura
3009 1077 3358 1145 manifestat,
3409 1086 3464 1133 et
3510 1077 3614 1131 hoc
3651 1085 3735 1130 est

2152 1172 2340 1227 verius
2401 1172 2752 1242 propiusque,
2803 1181 2857 1226 et
2913 1170 3156 1226 sanctius
3198 1170 3477 1233 osculum,
3519 1168 3665 1238 quod
3701 1182 3732 1220 a

2152 1280 2356 1335 sponso
2389 1263 2482 1319 Dei
2515 1265 2682 1319 verbo
2717 1263 2918 1334 porrigi
2947 1262 3147 1317 dicitur
3169 1276 3404 1330 sponsae,
3444 1273 3596 1330 puras
3627 1257 3734 1312 sci-

2149 1357 2278 1412 licet
2309 1358 2526 1424 animte,
2559 1366 2613 1412 et
2641 1355 2911 1426 perlecta.
2943 1353 3111 1423 Cujus
3149 1353 3225 1406 rei
3263 1352 3439 1421 imago
3479 1358 3562 1405 est
3599 1349 3730 1404 illud

2149 1448 2588 1517 osculum,quod
2640 1449 2694 1500 in
2743 1444 2989 1501 Ecclesia
3038 1443 3140 1499 sub
3179 1451 3418 1511 tempore
3449 1441 3732 1510 mysterio-

2149 1553 2270 1592 rum
2321 1537 2476 1592 nobis
2524 1536 2758 1591 invicem
2805 1536 3024 1590 damus.
3072 1533 3309 1599 Quoties
3337 1547 3486 1603 ergo-
3513 1531 3626 1602 (28)
3672 1531 3735 1588 'm

2149 1627 2312 1682 corde
2343 1627 2454 1698 38
2499 1637 2686 1683 nostro
2727 1626 2928 1696 aliquid
2965 1624 3109 1695 quod
3151 1624 3218 1678 de
3261 1623 3478 1679 divinis
3507 1613 3732 1693 dOgmaé

2152 1718 2298 1774 tibus
2348 1719 2710 1788 sensibusque
2757 1717 3058 1787 quaeritur,
3106 1715 3313 1786 absque
3366 1715 3731 1771 monitoribus

2151 1810 2482 1877 invenimus,
2513 1811 2673 1865 toties
2716 1810 2903 1865 oscula
2938 1809 3094 1863 nobis
3143 1809 3271 1864 data
3310 1823 3430 1864 esse
3459 1823 3502 1862 a4
3527 1821 3733 1877 sponso

2158 1900 2250 1956 Dei
2309 1899 2482 1956 Verbo
2529 1902 2834 1957 credamus.
2888 1900 2986 1956 Ubi
3021 1915 3149 1954 vero
3186 1909 3492 1971 quaerentes
3525 1899 3728 1968 aliquid

2153 1991 2219 2046 de
2252 1991 2451 2045 divinis
2500 1991 2750 2046 sensibus
2796 1991 3040 2043 invenire
3080 2005 3186 2042 non
3236 2005 3565 2058 possumus,
3603 1999 3743 2043 tunc

2158 2069 2371 2133 allecto
2401 2079 2566 2148 hujus
2617 2079 2883 2133 orationis
2933 2087 3216 2148 assumpto
3265 2088 3515 2148 petamus
3550 2095 3579 2132 a
3625 2078 3738 2132 Dco

2161 2170 2524 2225 visitationem
2551 2169 2701 2224 verbi
2749 2169 2889 2239 ejus,
2932 2178 2986 2223 et
3025 2169 3316 2224 dicamus:
3348 2169 3628 2225 Osculetur
3655 2188 3734 2225 me

2158 2263 2223 2315 ab
2254 2260 2434 2314 osculo
2463 2260 2569 2314 oris
2595 2260 2701 2314 sui.
2739 2259 2856 2316 Scit
2899 2268 3078 2315 autem
3114 2269 3268 2332 pater
3298 2261 3733 2333 uniuscujusque

2157 2352 2354 2407 animae
2382 2352 2760 2420 capacitatem,
2783 2360 2839 2406 et
2871 2353 3022 2406 novit
3053 2368 3161 2422 quo
3198 2360 3461 2422 tempore,
3492 2354 3577 2409 cui
3612 2354 3737 2409 ani~~

2156 2457 2278 2506 mae,
2311 2457 2433 2512 quae
2475 2441 2658 2496 oscula
2697 2440 2857 2497 Verbi
2908 2443 2992 2496 sui
3027 2443 3307 2514 porrigere
3339 2445 3394 2498 in
3443 2444 3734 2500 intellecti-

2154 2533 2255 2588 bus
2290 2533 2556 2589 duntaxat
2577 2541 2632 2588 et
2661 2533 2915 2589 sensibus
2942 2533 3156 2589 debeat.
3384 2606 3387 2608 _

2224 2623 2379 2681 Vers.
2409 2625 2462 2691 l,
2505 2625 2559 2690 2,
2594 2625 2647 2679 '5.
2678 2623 2818 2690 Quia
2865 2625 3001 2679 bona
3052 2634 3175 2680 sunt
3225 2625 3388 2681 ubera
3431 2635 3523 2680 tua
3577 2643 3733 2696 super

2153 2715 2348 2781 uinum,
2395 2723 2445 2769 et
2490 2715 2622 2769 odor
2665 2724 3046 2786 unguentorum
3086 2725 3297 2769 tuorum
3348 2732 3506 2786 super
3555 2717 3731 2770 omnia

2153 2815 2421 2860 aromata.
2451 2803 2687 2875 lntellige
2727 2804 2879 2874 prius
2915 2804 3075 2876 quasi
3109 2805 3164 2860 in
3209 2805 3452 2860 historiae
3485 2805 3731 2860 dramate

2154 2909 2415 2966 sponsam
2444 2893 2668 2950 elevatis
2710 2894 2777 2949 ad
2808 2893 2975 2949 Deum
3011 2894 3266 2950 manibus
3310 2894 3728 2950 orationemfu-

469 2990 608 3044 derii
636 2990 723 3044 sui
769 3000 823 3045 et
854 2990 1059 3046 amoris
1087 2990 1321 3060 expletio
1342 3031 1357 3056 ,
1408 2989 1733 3060 deprecetur
1781 2997 1842 3044 ut
1891 3003 2047 3044 mens
2074 3005 2118 3064 ο
2153 2986 2301 3044 disse
2328 2986 2396 3042 ad
2433 2986 2670 3054 Patrem,
2711 2994 2766 3040 et
2798 3001 2986 3042 orasse
3021 2996 3081 3041 ut
3107 2985 3222 3056 jam
3255 2986 3462 3042 veniret
3494 2986 3574 3041 ad.
3602 3001 3725 3042 eam

466 3079 590 3148 ejus
619 3094 755 3150 pura
789 3089 841 3135 et
869 3079 1184 3148 virginalis,
1233 3078 1405 3149 ipsius
1449 3079 1602 3134 verbi
1638 3077 1734 3134 Dei
1771 3077 2045 3134 illumina-

468 3169 716 3224 tionibus
761 3178 816 3226 et
860 3170 1265 3226 visitationibns
1326 3170 1647 3226 illustretur.
1696 3169 1835 3225 Cum
1896 3169 2044 3225 enim

466 3261 620 3315 nullo
652 3261 891 3316 hominis
919 3261 1000 3314 vel
1028 3261 1203 3330 angeli
1235 3259 1541 3317 ministerio
1565 3259 1764 3316 divinis
1793 3259 2045 3315 sensibus

465 3355 521 3401 et
552 3347 915 3402 intellectibus
955 3363 1110 3402 meus
1155 3348 1444 3418 impletur,
1490 3357 1622 3404 tunc
1655 3348 1827 3419 ipsius
1854 3350 2043 3404 oscula

469 3438 618 3493 verbi
651 3437 747 3494 Dei
781 3438 1056 3510 suscipere
1105 3454 1224 3494 sese
1263 3440 1450 3498 credat
1502 3438 1730 3510 Propter
1773 3441 1888 3497 haec
1915 3454 2045 3512 ergo

465 3539 522 3585 ct
547 3530 862 3602 hujusmodi
899 3531 1086 3586 oscula
1116 3531 1262 3586 dicat
1297 3532 1477 3587 anima
1515 3548 1680 3589 orans
1709 3531 1778 3587 ad
1827 3529 2041 3587 Deum:

473 3620 758 3678 Osculetur
783 3640 863 3678 me
895 3624 960 3677 ab
988 3622 1166 3680 osculo
1194 3625 1302 3678 oris
1331 3625 1435 3680 sui.
1464 3623 1601 3680 Dum
1633 3625 1778 3681 enim
1814 3625 2044 3695 incapax

469 3711 594 3780 fuit,
625 3723 684 3769 ut
712 3715 883 3785 ipsius
911 3714 1073 3771 Verbi
1103 3715 1197 3772 Dei
1228 3724 1445 3786 caperet
1470 3731 1675 3772 meram
1706 3715 2045 3786 solidamque

469 3805 801 3873 doctrinam,
857 3808 1166 3862 necessaria
1211 3807 1451 3878 suscepit
1479 3808 1688 3870 oscula,
1717 3807 1768 3863 id
1809 3815 1892 3863 est
1920 3823 2046 3863 sen-

468 3913 566 3952 sus
596 3898 668 3951 ab
691 3912 787 3952 ore
817 3897 1139 3964 doctorum;
1169 3899 1260 3954 ubi
1291 3913 1419 3955 vero
1449 3906 1642 3968 sponte
1669 3900 1782 3969 jam
1818 3899 2047 3970 cteperit

465 3988 705 4044 obscura
730 4004 974 4057 cernere,
1009 3990 1246 4046 enodare
1275 3991 1551 4061 perplexa,
1588 3990 1828 4045 involuta
1850 3991 2046 4045 dissol—

469 4093 630 4144 vere,
658 4080 942 4149 parabolas
989 4089 1043 4136 et
1090 4081 1400 4151 aenigmata,
1443 4080 1697 4148 dictaque
1741 4080 2046 4147 sapientum

468 4173 908 4241 competentibus
951 4171 1324 4242 intelligentia:
1357 4171 1518 4226 lineis
1569 4169 1874 4240 explicare,
1922 4178 2050 4223 tunc

464 4259 580 4330 jam
609 4262 795 4317 oscula
829 4262 1000 4332 ipsius
1029 4261 1216 4332 sponsi
1239 4262 1346 4328 sui,
1385 4262 1436 4318 id
1471 4272 1554 4316 est
1587 4257 1750 4314 Verbi
1781 4258 1892 4322 Dei,
1924 4274 2048 4313 sus—

2147 3094 2408 3150 sponsus,
2436 3088 2490 3134 et
2512 3079 2628 3150 ipse
2658 3081 2706 3134 ei
2737 3078 2984 3134 osculum
3016 3080 3221 3150 proprii
3254 3080 3369 3137 oris
3391 3079 3722 3136 infunderet.

2150 3169 2404 3240 Dumque
2444 3170 2561 3224 hare
2606 3177 2787 3224 oraret
2821 3169 2887 3224 ad
2925 3167 3174 3234 Patrem,
3222 3170 3278 3224 in
3327 3171 3442 3240 ipsa
3465 3171 3743 3226 oratione.

2144 3277 2253 3333 qua
2297 3261 2480 3317 dixit:
2514 3259 2798 3315 Osculetur
2843 3275 2926 3313 me
2970 3259 3034 3312 ab
3082 3259 3259 3314 osculo
3291 3262 3398 3314 oris
3428 3262 3532 3323 sui,
3570 3269 3725 3330 pana

2146 3354 2310 3410 etiam
2364 3352 2471 3408 alia
2515 3354 2782 3407 orationis
2822 3350 2984 3406 verba
3029 3351 3390 3422 subjungcre,
3430 3369 3505 3407 ac.
3541 3353 3726 3407 dicere
3747 3389 3758 3399 λι

2145 3447 2274 3517 quia
2305 3445 2360 3500 in
2404 3445 2510 3499 hoc
2558 3443 2823 3514 principio
2854 3445 3122 3500 sermonis
3161 3444 3426 3500 adfuisset
3469 3459 3726 3513 sponsus,

2145 3545 2200 3594 et
2221 3535 2399 3592 oranti
2422 3535 2476 3590 ei
2496 3535 2760 3590 astitisset
2784 3549 2846 3590 ac
2869 3535 3163 3592 revelasset
3194 3537 3504 3598 vcrbasua,
3525 3535 3737 3603 ipsum--

2146 3643 2253 3701 que
2289 3642 2553 3698 sponsum
2606 3627 2898 3698 unguentis
2939 3627 3221 3689 miriﬁcis.
3245 3635 3299 3681 et
3331 3625 3532 3696 quibus
3561 3639 3726 3695 spon-

2147 3736 2268 3777 sum
2297 3719 2540 3790 lragrare
2559 3718 2804 3783 decebat,
2832 3719 3143 3775 constitisse
3161 3718 3482 3774 delibutum.
3515 3715 3727 3786 Sponsa

2148 3827 2276 3868 vero
2309 3812 2398 3868 ubi
2447 3811 2640 3866 adesse
2683 3811 2826 3867 vidit
2844 3827 2984 3867 cum.
3018 3824 3118 3880 pro
3157 3825 3268 3878 quo
3315 3808 3508 3864 orabat
3543 3817 3603 3864 ut
3631 3808 3728 3862 atl-

2146 3911 2313 3968 esset,
2345 3911 2399 3958 et
2431 3902 2612 3958 adhuc
2658 3903 2902 3973 loquenti
2936 3902 3040 3958 sibi
3081 3901 3382 3972 praestitum
3415 3900 3559 3971 quod
3604 3915 3728 3954 ora-

2146 3996 2264 4058 bat,
2305 4010 2369 4050 ac
2415 3995 2541 4048 data
2569 3994 2677 4049 sibi
2710 3995 2778 4049 ab
2827 3995 2946 4064 ipso
2991 3993 3174 4048 oscula
3216 4009 3339 4063 qua:
3379 4000 3727 4063 poposcerat,

2151 4087 2272 4139 laeta
2314 4100 2412 4151 pro
2461 4085 2564 4135 hoc
2598 4083 2840 4148 reddita,
2869 4093 2930 4136 et
2954 4083 3150 4137 decore
3197 4085 3458 4145 uberum,
3509 4097 3574 4136 ac
3619 4082 3732 4134 fra-

2154 4171 2384 4243 grantia:
2419 4169 2591 4239 ipsius
2625 4170 2793 4224 odore
2839 4180 3104 4240 permota,
3138 4172 3431 4240 propositae
3467 4170 3730 4224 orationis

2155 4274 2463 4316 sermonem
2501 4257 2770 4313 convertit
2805 4259 2870 4314 ad
2911 4258 3253 4328 prmaeutiam
3291 4256 3475 4328 sponsi
3505 4256 3597 4326 qui
3634 4256 3728 4308 ad-

468 4351 682 4421 cepisse
710 4367 770 4408 se
797 4353 1001 4408 credat.
1047 4354 1174 4408 Ideo
1205 4361 1385 4408 autem
1417 4351 1604 4409 oscula
1638 4350 1916 4421 pluraliter
1951 4367 2046 4420 po-
2075 4349 2123 4408 Ι)
2149 4361 2267 4410 erat
2296 4367 2309 4404 :
2337 4360 2536 4406 etcum
2579 4349 2803 4406 dixisset
2832 4367 2844 4403 :
2891 4348 3170 4404 (iaculetur
3197 4366 3277 4404 me
3318 4355 3382 4402 ab
3411 4345 3587 4401 osculo
3620 4346 3726 4400 oris

538 4487 584 4519 ⁹⁰
611 4483 717 4543 lsa.
751 4503 943 4553 χχχιιι,
968 4488 1057 4542 22.
1135 4489 1177 4522 ἰ
1211 4487 1350 4544 Psal.
1381 4502 1569 4555 cxvm,
1601 4488 1719 4542 l5t.

541 4672 653 4742 (26)
691 4671 848 4744 Mss”
872 4672 1295 4726 intolerabiliter.
1333 4670 1488 4744 Libb.
1518 4671 1673 4737 edit.,
1703 4673 2047 4744 integraliter.

541 4741 656 4811 (27)
687 4741 753 4797 Ut
773 4743 894 4810 jam
929 4759 1030 4795 non
1060 4743 1213 4806 mihi,
1242 4751 1346 4796 etc.
1371 4741 1674 4811 Proc0pius
1701 4741 2049 4800 Christianus

473 4814 719 4880 sophista
776 4814 916 4867 hanc
966 4811 1229 4881 Origenis
1265 4811 1659 4881 expositionem
1709 4813 2049 4868 brevioribus

470 4879 649 4962 verbis
682 4882 972 4962 exprimit:
999 4879 1314 4962 φιλησᾴτω
1332 4879 1409 4949 με
1443 4880 1561 4934 ἀπὸ
1585 4881 1935 4962 εξιλήμΑα-τος.
1955 4884 2045 4962 My

468 4949 556 5022 διὰ
582 4949 880 5022 προφήτᾶΝ
911 4968 977 5022 με
998 4953 1027 5004 ὀ
1061 4951 1292 5022 νυμφίος
1317 4949 1739 5022 μνηστευσάτῳέ
1758 4951 1824 5022 δι’
1851 4949 2045 5022 ἑαυτοῦ

468 4969 556 5002 om
582 4969 880 5022 προφητων
911 4969 977 5022 με
998 4969 1027 5004 ο
1061 4969 1292 5072 νυέισῗιος
1317 4969 1726 5020 μνηστευσατω,
1758 4969 1822 5004 or.‘
1851 4969 2045 5004 εαυτου

468 5019 526 5099 53
572 5021 896 5099 optineatur
939 5023 1118 5099 κατία
1157 5093 1168 5099 Δ
1211 5037 1333 5099 ησξν
1359 5021 1754 5099 manifestat-ip,
1780 5021 1862 5099 Δδι’
1912 5021 1977 5091 ἧς
2016 5022 2046 5073 ὁ

483 5087 735 5169 Ἰωᾲννης
764 5091 916 5169 φησι·
955 5091 1068 5169 Keil
1112 5093 1169 5169 at
1204 5087 1600 5169 χεζρεςυήιλῷγ
1637 5087 2048 5169 ἐψηλάφηὸνιξν

470 5159 604 5227 περὶ
627 5156 734 5230 *τόῦ
767 5156 952 5230 ἄϐγου
979 5159 1090 5228 τῆς
1121 5156 1498 5230 ζωῆςζΤαῦτα
1526 5159 1582 5211 δέ
1615 5156 1796 5228 φήσιν,
1829 5156 1918 5222 ὧς
1942 5160 2049 5214 τῶν

474 5229 765 5300 προφητῶν
792 5229 1052 5283 εἰπόντων
1084 5229 1381 5283 ἀκούσας-α’
1433 5229 1834 5297 Ἐπεθύμησεν
1871 5232 1904 5282 ό
1930 5230 2045 5292 ,βα-

473 5298 682 5364 σιλεὺς
718 5299 986 5364 κάλλους
1019 5315 1152 5354 σου·
1197 5300 1290 5351 καὶ
1329 5298 1508 5351 ἄλλου·
1547 5300 1648 5352 ’⁸ον
1687 5299 1908 5365 τρόπον
1946 5301 2045 5353 εὐ-

474 5369 873 5439 φρανθήσεται
897 5371 1152 5439 νυμφίος
1179 5369 1275 5421 ἐπὶ
1302 5370 1560 5439 νύμφης,
1589 5368 1772 5439 οὕτως
1800 5370 2049 5435 εὐφραν-

475 5435 718 5506 ᾂῄσεται
745 5435 1080 5506 Κύριος-’ἐπὶ
1116 5441 1228 5492 σοί.
1248 5458 1264 5486 ι
1287 5435 1566 5492 Osculetur
1598 5454 1679 5490 me
1707 5438 1770 5489 ab
1795 5439 1992 5490 osculo.
2023 5456 2040 5488 ι

479 5503 598 5559 Non
642 5525 735 5574 per
778 5503 1052 5576 prophetas
1102 5525 1240 5560 meus
1287 5524 1506 5574 sponsus
1555 5507 1754 5559 ambiat
1789 5507 2043 5576 nuptias:

477 5590 564 5638 per
610 5579 840 5645 seipsum
876 5575 1002 5630 ivero
1051 5577 1330 5646 loquatur,
1377 5577 1664 5646 secundum
1713 5575 2046 5642 spiritualem

482 5659 706 5712 sensum,
750 5663 840 5714 per
866 5664 1014 5716 quem
1046 5646 1276 5698 Joannes
1308 5647 1382 5698 ait
1417 5663 1432 5698 :
1469 5665 1487 5698 ι
1526 5645 1596 5699 Et
1632 5660 1818 5696 manus
1850 5656 2045 5698 nostra:

2159 4681 2608 4727 contrectaverunt
2632 4673 2696 4725 tle
2729 4670 2878 4725 verbo
2909 4669 3047 4722 vim.
3079 4687 3097 4721 ›
3132 4668 3258 4724 [huc
3282 4677 3457 4722 autem
3482 4669 3629 4735 dicit,
3667 4681 3738 4723 ut“

2155 4759 2274 4814 qua:
2323 4743 2604 4811 prop/tetas
2648 4740 2887 4814 audierit
2924 4739 3197 4814 dicentes;
3227 4759 3245 4791 ι
3296 4739 3598 4814 concupivit
3624 4755 3724 4814 rex

2153 4808 2392 4866 decorem
2421 4808 2617 4876 tuum,-
2667 4830 2686 4862 ι
2721 4819 2772 4863 et
2814 4809 2979 4862 alium
3019 4825 3038 4863 :
3083 4827 3101 4859 ι
3141 4808 3412 4874 Quomodo
3455 4809 3723 4863 laetabitur

2153 4897 2375 4950 sponsus
2413 4896 2569 4950 super
2615 4895 2842 4949 sponsa,
2880 4879 2956 4931 sic
3003 4877 3272 4933 la’tabitur
3322 4895 3476 4947 super
3527 4889 3573 4932 te
3618 4880 3726 4932 Do-

2152 4968 2346 5004 minus.
2387 4969 2407 5001 ι

2215 5020 2337 5100 με)
2360 5019 2636 5100 ΟΞίξεξιτιιξέ⁹
2654 5017 2793 5086 apud
2823 5015 3140 5100 Procopium
3176 5017 3424 5081 εὈσάκις
3453 5016 3511 5070 δέ
3543 5034 3595 5069 τι
3623 5018 3722 5100 gr;-

2149 5085 2367 5152 τοῦντές
2399 5085 2550 5157 θεῖον
2581 5085 2756 5157 δόγμα
2797 5085 3305 5157 καταλαμϐάνομεν,
3350 5085 3720 5157 καταπεφι).ἧ-

2150 5159 2274 5212 σθαι
2304 5159 2412 5212 ἀπὸ
2460 5155 2552 5210 τοῦ
2585 5155 2846 5226 στόματος
2874 5155 2968 5226 (to?)
3014 5155 3246 5226 νυμφίου
3292 5156 3620 5226 νομιοωμεψ
3664 5155 3723 5208 ἒν

2147 5230 2258 5298 ὅσῳ
2288 5229 2343 5282 δὲ
2371 5224 2702 5299 ἀποροῦμξὴ
2722 5224 3092 5299 *ὐπολᾲϐωμεν
3114 5224 3395 5299 εὐχόμενοι
3431 5225 3609 5299 λέγειν

2151 5295 2462 5365 Φιᾷῑησάτω
2483 5295 2575 5364 ’με
2621 5295 2739 5349 ἀπὸ
2769 5295 3116 5363 φιλημάτων
3165 5296 3461 5364 στόματος
3512 5296 3719 5350 αὐτοῦ.

2155 5367 2370 5432 Quoties
2407 5377 2579 5420 autem
2621 5365 2892 5434 contigerit
2924 5375 2980 5416 ut
3011 5366 3320 5433 inquirendo
3346 5365 3578 5434 diuinum
3618 5367 3722 5418 ali.-

2151 5437 2288 5506 quod
2315 5437 2504 5506 dogma
2533 5433 2896 5506 assequamur,
2928 5433 3166 5506 osculum
3200 5449 3293 5486 nos
3325 5433 3389 5487 ab
3431 5449 3517 5488 ore
3543 5437 3721 5504 sponsi

2153 5503 2413 5576 accepisse
2458 5503 2814 5576 existimemus
2851 5503 3127 5576 :_quant_l_iu
3168 5518 3284 5556 vero
3334 5519 3432 5576 non
3485 5503 3694 5576 assequi

2159 5573 2292 5640 mur,
2323 5575 2640 5628 arbitremur
2664 5573 2717 5624 in
2746 5574 2982 5642 precibus
3026 5573 3236 5626 dicere:
3272 5592 3287 5624 t
3333 5573 3722 5629 Osculetur'mc

2158 5647 2219 5697 ab
2254 5647 2428 5699 osculo
2461 5645 2566 5698 oris
2591 5643 2692 5696 sui.
2727 5661 2744 5693 ι
