4236 6282
568 359 636 418 87
1615 350 1943 409 ORIGENIS
1980 347 2043 406 ΙΝ
2081 344 2441 404 CANTICUM
2477 341 2752 400 CANTIC.
3732 336 3799 390 88

566 480 675 547 sui,
704 478 986 550 subjungit
1034 488 1155 548 post
1196 477 1308 531 haec
1358 475 1422 530 ad
1455 483 1772 546 praesentem
1816 474 1927 544 jam
1973 487 2135 541 spon-
2164 474 2210 528 A
2307 467 2410 522 Sed
2462 479 2608 519 nunc
2652 460 3004 517 considerans
3032 458 3173 513 hanc
3214 455 3536 522 doctrinam,
3575 467 3697 524 qua:
3733 468 3797 507 ex

569 586 715 636 sum,
748 570 935 625 dicens
961 586 976 622 :
1018 572 1165 623 Bona
1195 567 1352 620 ubera
1400 582 1492 619 tua
1524 581 1679 634 super
1704 565 1906 630 vinum,
1930 572 1979 617 et
2004 561 2135 615 odor

568 672 950 730 unguentorum
1000 670 1208 713 tuorum
1262 673 1418 727 super
1462 657 1641 710 omnia
1693 662 1956 709 aromata.
2011 651 2137 708 Hac

568 753 785 806 inter-ini
820 749 1116 805 secundum
1155 748 1473 804 historicam
1510 747 1939 817 intelligentiam,
1968 760 2132 815 quam

566 838 828 894 dramatis
856 840 910 893 in
939 839 1158 893 modum
1192 839 1544 909 praediximus
1575 847 1794 893 textam.
1827 836 1982 892 Nunc
2005 852 2134 892 vero

517 913 534 1039 ξ
564 930 700 1031 quid
737 929 1042 984 intellectus
1090 930 1317 984 interior
1369 931 1595 996 haheat,
1639 932 2004 998 requiramus.
2042 927 2134 981 Di-

514 1020 529 1100 ξ
565 1020 734 1075 versis
765 1020 1046 1076 vocabulis
1072 1020 1370 1090 principale
1397 1020 1579 1076 cordis
1610 1021 1869 1090 appellari
1901 1020 1953 1074 in
1984 1020 2132 1075 Scri-

562 1110 737 1179 pturis
765 1111 967 1166 divinis
1014 1111 1344 1178 invenimus,
1380 1127 1502 1181 qua:
1523 1112 1788 1166 vocabula
1815 1126 1912 1181 pro
1949 1111 2133 1166 causis

562 1217 625 1255 ac
652 1201 817 1256 rebus
861 1202 928 1256 de
958 1201 1158 1269 quibus
1203 1202 1382 1272 agitur
1423 1201 1596 1271 aptari
1624 1202 1821 1257 solent.
1852 1200 2129 1256 Interdum

557 1292 704 1346 enim
740 1306 836 1348 cer
867 1293 1084 1357 dicitur,
1120 1301 1179 1347 ut
1211 1309 1222 1344 :
1267 1292 1423 1348 Beati
1476 1293 1670 1347 mundo
1719 1293 1874 1347 corde
1901 1293 1977 1359 ";
2028 1302 2080 1346 et
2112 1307 2125 1343 :

560 1380 731 1437 Corde
778 1384 1010 1436 creditur
1065 1384 1134 1436 ad
1168 1384 1441 1454 justitiam
1489 1383 1558 1438 ”.
1612 1383 1671 1438 Si
1722 1398 1851 1438 vero
1896 1379 2129 1438 convivii

559 1481 773 1539 tempus
820 1472 909 1538 sit,
947 1487 1044 1541 pro
1090 1473 1269 1543 specie
1314 1481 1369 1528 et
1412 1473 1602 1529 ordine
1645 1472 2128 1537 discumbentium,

560 1561 642 1614 vel
690 1562 845 1617 sinus
890 1566 973 1618 vel
1025 1574 1215 1635 pectus
1246 1565 1548 1634 appellatur
1577 1581 1590 1617 :
1623 1564 1767 1620 sicut
1805 1563 2043 1620 Joannes
2075 1564 2131 1618 in

562 1652 854 1725 Evangelio
889 1656 1054 1711 refert
1084 1657 1152 1712 de
1178 1655 1414 1726 quodam
1461 1656 1729 1727 discipulo
1764 1673 1926 1727 quem
1981 1670 2132 1711 ama-

2236 557 2498 614 nberibus
2525 552 2747 625 proﬂuit
2786 549 2993 622 sponsi,
3038 549 3270 603 miratur
3298 554 3354 602 et
3380 554 3586 616 stupet,
3616 544 3801 598 videns

2233 666 2352 704 eam
2382 649 2544 718 longe
2586 642 3016 716 praestantiorem
3050 655 3212 709 quam
3254 639 3402 693 illam
3444 652 3511 692 ex
3540 650 3647 706 qua
3678 645 3800 688 ante

2234 740 2523 795 adventum
2560 734 2746 806 sponsi
2772 732 3037 788 laatiﬁcata
3068 729 3265 797 fuerat,
3297 737 3556 798 tanquam
3578 742 3644 781 ex
3672 726 3800 779 vino

2233 829 2461 900 spiritali
2513 825 2659 898 quod
2712 823 3093 880 ministrabant
3139 821 3313 877 sancti
3356 828 3538 888 patres
3583 825 3638 872 et
3670 832 3799 886 ιιι-οδ

2233 922 2427 991 phetae,
2457 919 2549 991 qui
2574 918 2738 974 etiam
2766 916 2928 986 hujus
2953 914 3165 986 generis
3191 914 3568 984 plantaverunt
3590 910 3801 973 vineas,

2234 1022 2293 1069 ut
2339 1012 2450 1069 Noe
2500 1012 2712 1083 primus
2754 1010 2822 1076 ’⁸,
2874 1019 2929 1065 et
2986 1008 3155 1062 lsaias
3210 1006 3266 1061 in
3332 1020 3503 1061 cornu
3564 1003 3618 1057 in
3678 1003 3800 1057 loco

2180 1121 2182 1125 '
2232 1102 2384 1159 nheri
2411 1104 2481 1169 ’9,
2509 1112 2565 1157 et
2608 1102 2894 1156 coluerunt
2932 1112 3046 1153 eas.
3076 1095 3277 1152 Videris
3308 1108 3436 1166 ergo
3477 1107 3621 1147 nunc
3667 1092 3800 1145 mul-

2232 1208 2341 1253 tam
2390 1210 2515 1253 esse
2541 1191 2891 1249 eminentiam
2935 1187 3247 1258 dogmatum
3294 1195 3350 1242 et
3389 1185 3628 1242 scientia:
3655 1183 3796 1254 apud

2232 1300 2517 1357 sponsum,
2548 1292 2603 1338 et
2653 1281 2811 1351 longe
2853 1268 2922 1334 ei
2967 1294 3032 1334 eo
3082 1276 3457 1348 perfectiorem
3492 1290 3656 1345 quam
3696 1273 3799 1327 fuit

2231 1377 2372 1448 apud
2400 1375 2657 1444 antiquos
2688 1385 2943 1426 emanare
2976 1368 3276 1423 doctrinam
3303 1367 3429 1421 dicit
3460 1383 3474 1420 :
3499 1364 3648 1420 Bona
3676 1372 3798 1418 sunt

2231 1467 2391 1521 ubera
2422 1475 2512 1520 tua
2552 1478 2706 1533 super
2744 1462 2953 1524 vinum;
2986 1474 3149 1528 super
3186 1459 3332 1512 illam
3363 1457 3563 1512 scilicet
3598 1454 3798 1510 doctrio

2233 1573 2358 1613 nam
2386 1572 2491 1627 qua
2525 1552 2837 1610 laetiﬁcabar
2875 1550 2943 1604 ab
2985 1549 3243 1619 antiquis.
3277 1546 3350 1602 De
3384 1547 3487 1601 hoc
3519 1546 3663 1599 enim
3703 1561 3800 1599 an.

2234 1652 2510 1720 tiquorum
2545 1648 2673 1702 vino
2700 1643 3079 1715 intelligendus
3104 1650 3186 1697 est
3212 1638 3565 1695 Ecclesiastes
3597 1637 3797 1700 dicere,

560 1745 652 1799 bat
675 1743 854 1811 Jesus,
886 1746 1030 1817 quod
1067 1747 1121 1802 in
1170 1749 1292 1804 sinu
1323 1748 1443 1819 ejus
1482 1751 1566 1804 vel
1600 1764 1764 1819 supra
1795 1757 1983 1818 pectus
2011 1747 2131 1816 ejus
2160 1810 2197 1819 _
2234 1743 2326 1798 ubi
2372 1741 2487 1796 ait:
2519 1738 2631 1810 Ego
2659 1738 2776 1792 dixi
2820 1739 2877 1791 in
2920 1735 3076 1790 corde
3125 1749 3238 1787 meo
3268 1749 3285 1786 :
3340 1730 3483 1795 Veni,
3514 1738 3561 1783 et
3590 1731 3800 1784 tentabo

560 1834 929 1903 recumberet;
982 1838 1070 1893 ille
1101 1837 1342 1908 profecto
1391 1840 1478 1895 cui
1527 1810 1762 1896 innuens
1795 1810 1997 1894 'Simon
2028 1810 2128 1895 De-
2159 1810 2202 1866 Β
2233 1845 2280 1890 te
2303 1836 2359 1889 in
2388 1834 2603 1897 Iretitia,
2641 1831 2819 1885 videbo
2863 1831 2919 1883 in
2953 1828 3084 1881 bono
3116 1835 3154 1879 ι.
3181 1824 3248 1879 Ει
3293 1824 3484 1878 iterum
3513 1822 3580 1877 de
3609 1820 3797 1875 iisdem

557 1935 676 1980 trus
731 1927 988 1983 dicebat:
1041 1929 1319 2001 Interroga
1368 1932 1486 2001 quis
1518 1930 1602 1985 hic
1651 1931 1715 1984 de
1761 1948 1862 2002 quo
1903 1931 2032 1986 dicit
2058 1932 2125 1988 ".

555 2013 684 2070 Post
713 2017 827 2071 hinc
855 2034 984 2074 vero
1031 2020 1354 2075 recumbens
1388 2035 1553 2090 super
1582 2031 1772 2092 pectus
1812 2021 1973 2087 Jesu,
1997 2022 2130 2078 dicit

552 2106 603 2160 ei
638 2124 651 2160 :
698 2107 955 2173 Domine,
1001 2110 1118 2179 quis
1169 2119 1246 2164 est
1283 2110 1370 2164 "‘3
1395 2109 1451 2164 In
1492 2111 1578 2166 his
1615 2112 1758 2166 enim
1803 2121 2008 2167 certum
2044 2120 2130 2168 est

551 2197 697 2266 quod
749 2197 986 2255 Joannes
1033 2200 1085 2253 in
1135 2201 1422 2271 principali
1477 2202 1659 2258 cordis
1702 2200 1829 2258 Jesu
1876 2212 2041 2274 atque
2071 2204 2125 2259 in

552 2286 782 2343 internis
809 2289 1069 2345 doctrina:
1091 2291 1210 2360 ejus
1240 2292 1492 2346 sensibus
1526 2292 1860 2362 requievisse
1889 2293 2123 2358 dicatur,

556 2377 630 2432 ibi
668 2381 952 2448 requirens
978 2389 1031 2435 et
1063 2391 1413 2450 perscrutans
1439 2382 1730 2438 thesauros
1763 2384 2045 2454 sapientiae
2072 2392 2128 2439 et

554 2468 797 2524 scientia:
842 2469 935 2540 qui
967 2472 1229 2527 reconditi
1272 2483 1429 2528 erant
1461 2472 1516 2527 in
1564 2473 1786 2530 Christo
1834 2472 1985 2530 Jesu.
2019 2472 2126 2529 Sed

552 2558 700 2627 quod
744 2559 897 2634 sinus
923 2559 1128 2616 Christi
1179 2561 1232 2616 in
1280 2562 1401 2619 loco
1443 2565 1760 2634 dogmatum
1807 2571 2125 2619 sanctorum

553 2648 871 2719 accipiatur,
904 2660 1033 2720 puto
1060 2652 1317 2708 indecens
1346 2667 1456 2707 non
1498 2653 1691 2708 videri.
1727 2652 1963 2710 Diversis
1994 2668 2125 2724 ergo

553 2741 750 2804 modis,
785 2748 846 2795 ut
888 2739 1071 2796 dicere
1116 2755 1479 2813 caperemus,
1528 2742 1831 2813 principale
1856 2743 2036 2798 cordis
2066 2743 2124 2797 in

553 2831 855 2900 Scripturis
895 2832 1102 2887 sanctis
1147 2812 1483 2903 designatur,
1512 2812 1654 2892 sicut
1695 2812 1751 2893 et
1786 2836 1842 2891 in
1884 2835 2127 2891 Levitico

554 2922 913 2978 nihilominus
940 2923 1006 2988 ”,
1036 2923 1129 2978 ubi
1160 2924 1225 2979 de
1252 2926 1537 2984 sacriﬁciis
1563 2927 1938 2999 pectusculum
1964 2941 2125 2996 sepa-

553 3018 806 3083 rationis,
851 3028 905 3073 et
953 3020 1237 3075 brachium
1283 3019 1658 3076 sacerdotibus
1703 3025 2125 3090 sequestratur:

553 3119 610 3163 et
645 3109 701 3163 in
733 3109 837 3165 hoc
885 3119 1282 3181 sequestratum
1312 3126 1375 3166 ac
1413 3118 1723 3181 separatum
1748 3110 2125 3181 pectusculum

554 3209 608 3254 et
640 3200 948 3268 brachium,
986 3202 1299 3270 praecellens
1345 3209 1570 3258 caeteros
1612 3201 1896 3271 homines,
1921 3202 2124 3274 princi-

556 3292 679 3363 pale
702 3293 885 3349 cordis
915 3302 969 3349 et
1004 3309 1232 3364 operum
1260 3294 1427 3350 «heus
1467 3293 1583 3349 vult
1617 3309 1738 3350 esse
1766 3292 1821 3349 in
1869 3295 2127 3351 sacerdo-

556 3385 722 3439 u‘bus.
749 3383 822 3440 De
852 3400 962 3455 quo
993 3385 1203 3455 plenius
1225 3385 1279 3439 in
1304 3385 1443 3441 libro
1467 3384 1731 3448 Levitico.
1755 3394 1918 3456 prout
1943 3385 2130 3441 Domi-

556 3493 662 3532 nus
696 3476 826 3532 dare
857 3477 1108 3547 dignatus
1133 3484 1235 3543 est,
1269 3476 1644 3546 exposuimus.
1679 3474 1990 3532 Secundum
2014 3477 2130 3533 haec

554 3584 685 3639 ergo
715 3568 878 3624 etiam
921 3567 976 3621 in
1009 3569 1261 3639 praesenti
1297 3570 1450 3633 loco,
1499 3567 1940 3642 quandoquidem
1971 3582 2128 3624 ama-

554 3659 757 3715 torium
806 3661 1020 3715 videtur
1070 3659 1258 3714 drama
1303 3660 1446 3730 quod
1504 3661 1716 3731 agitur,
1766 3660 1821 3714 in
1871 3660 2130 3717 uberibus

558 3749 854 3820 principale
886 3748 1068 3805 cordis
1096 3748 1480 3820 intelligamus,
1508 3759 1570 3805 ut
1601 3751 1704 3806 tale
1733 3749 1981 3806 videatur
2008 3766 2129 3808 esse

557 3841 705 3909 quod
756 3842 957 3898 dicitur
989 3860 1005 3898 :
1033 3839 1141 3898 Cor
1174 3850 1326 3895 tuum
1349 3881 1366 3908 ,
1396 3857 1429 3898 ο
1468 3856 1668 3912 sponse
1714 3856 1891 3908 meus,
1940 3842 1995 3898 id
2023 3850 2126 3909 est,

525 3974 530 3980 .
555 3933 806 4002 dogmata
835 3950 958 4004 qua:
986 3934 1126 3991 intra
1162 3944 1214 3993 te
1241 3949 1389 4000 sunt,
1414 3933 1499 3990 vel
1525 3933 1785 3989 doctrinae
1816 3934 2006 4005 gratia,
2039 3949 2132 3990 su-

560 4031 713 4088 perat
740 4039 900 4079 omne
929 4026 1136 4093 vinum,
1167 4028 1310 4100 quod
1342 4041 1442 4084 cor
1466 4025 1709 4081 hominis
1740 4025 2016 4081 laetiﬁcare
2041 4038 2131 4080 so-

557 4122 648 4168 tet.
684 4113 836 4169 Sicut
859 4116 1004 4171 enim
1036 4118 1093 4173 in
1125 4121 1209 4176 bis
1241 4120 1309 4175 de
1338 4117 1539 4191 quibus
1567 4116 1701 4172 dicit
1742 4131 1756 4168 :
1798 4113 1937 4182 Quia
1961 4113 2131 4169 Deum

556 4206 802 4261 videbunt
822 4207 888 4275 ⁸⁷,
912 4222 1008 4264 cor
1031 4219 1398 4281 competenter
1435 4208 1641 4266 dictum
1671 4221 1793 4264 esse
1821 4206 2050 4272 videtur,
2076 4210 2132 4259 et

531 4298 698 4353 inter
738 4299 1141 4357 discumbentes
1194 4302 1350 4356 sinus
1396 4315 1461 4356 ac
1507 4310 1694 4370 pectus
1739 4300 1983 4369 ponitur,
2029 4311 2130 4367 pro

558 4388 748 4443 habitu
783 4389 903 4443 sine
936 4390 1102 4443 dubio
1128 4390 1589 4443 discumbentium
1622 4389 1909 4459 formaque
1936 4389 2129 4444 convi-

2232 1928 2406 1985 vineis
2435 1928 2667 1996 loquens
2696 1923 2836 1977 idem
2869 1919 3224 1976 Ecclesiastes
3258 1916 3390 1970 dicit
3423 1932 3435 1967 :
3465 1910 3801 1983 Magniﬁcam

2231 2019 2361 2072 mihi
2410 2033 2538 2086 opus
2591 2030 2796 2079 meum,
2854 2009 3112 2079 aedificavi
3163 2006 3292 2060 mihi
3327 2005 3530 2069 domos,
3562 1999 3798 2072 plantaui

2229 2108 2359 2162 mihi
2392 2108 2589 2171 vineas,
2636 2104 2735 2175 feci
2771 2102 2897 2157 mihi
2928 2101 3106 2154 hortos
3134 2106 3183 2152 et
3210 2094 3487 2166 paradiso:
3514 2094 3556 2155 ¹,
3584 2098 3638 2146 et
3668 2088 3797 2144 reli-

2227 2214 2358 2270 qua.
2394 2197 2535 2253 Sunt
2559 2206 2737 2251 autem
2785 2193 2951 2263 hujus
2982 2191 3150 2245 vinea:
3179 2185 3393 2258 mystici
3432 2183 3595 2239 etiam
3627 2180 3792 2234 mini-

2228 2291 2328 2345 stri
2361 2289 2604 2359 quidam,
2634 2287 2729 2357 qui
2753 2285 2861 2340 vini
2886 2284 3099 2338 fusores
3130 2278 3490 2350 appellantur.
3533 2273 3624 2328 Sic
3652 2271 3795 2327 enim

2226 2382 2368 2437 idem
2405 2380 2538 2435 dicit
2572 2398 2584 2434 ;
2624 2377 2692 2432 Et
2741 2377 2840 2447 feci
2887 2373 3013 2428 milii
3057 2380 3294 2425 cantores
3322 2376 3371 2422 et
3402 2364 3717 2421 cantatrices
3742 2362 3800 2416 in

2226 2472 2420 2529 laetitia
2447 2471 2683 2541 ﬁliorum
2725 2467 3014 2529 hominum,
3044 2462 3150 2517 vini
3179 2461 3382 2529 fusores
3426 2465 3477 2511 et
3520 2456 3628 2510 vini
3658 2454 3796 2522 fusi-

2227 2569 2383 2622 trices
2414 2566 2455 2620 ³.
2490 2564 2620 2619 Vide
2649 2578 2778 2630 ergo
2810 2560 2855 2614 si
2887 2556 3161 2627 possimus
3191 2562 3304 2606 tum
3334 2551 3391 2605 in
3424 2547 3654 2613 caeteris,
3680 2553 3798 2600 tum

2227 2659 2391 2717 etiam
2426 2657 2480 2712 in
2517 2656 2620 2710 hoc
2651 2652 2760 2724 39
2789 2649 3085 2718 intelligere
3116 2643 3450 2700 Salvatorem
3475 2637 3642 2695 veteri
3670 2636 3798 2692 vino

2226 2748 2439 2805 novella
2473 2746 2702 2800 uberum
2759 2755 2985 2797 suorum
3031 2737 3235 2791 ﬂuenta
3288 2734 3627 2794 miscentem,
3669 2741 3795 2782 cum

2225 2838 2394 2894 Maria
2421 2845 2475 2893 et
2499 2833 2699 2904 Joseph
2729 2837 3032 2902 quaerentes
3054 2828 3356 2881 invenerunt
3386 2837 3502 2876 eum
3525 2820 3581 2873 in
3607 2816 3798 2886 templo

2225 2930 2489 2986 sedentem
2544 2926 2601 2979 in
2652 2923 2821 2978 medio
2875 2919 3169 2983 doctorum,
3210 2924 3259 2970 et
3301 2914 3603 2968 audientem
3643 2917 3798 2978 atque

2225 3018 2631 3087 interrogantem
2654 3028 2762 3077 eos,
2787 3009 3004 3081 quando
3025 3016 3074 3061 et
3095 3005 3426 3060 mirabantur
3449 3016 3622 3056 omnes
3646 3016 3800 3068 super

2229 3108 2490 3181 responsis
2520 3106 2634 3176 ejus
2662 3103 2706 3159 ⁸.
2745 3101 2850 3157 Sed
2881 3110 2935 3155 et
2966 3098 3041 3153 ibi
3075 3095 3326 3152 fortassis
3368 3093 3579 3162 species
3610 3090 3799 3144 formae

2229 3202 2396 3274 hujus
2427 3200 2692 3271 expletur,
2725 3195 2815 3251 ubi
2857 3191 3157 3249 ascendens
3202 3190 3258 3243 in
3291 3196 3531 3242 montem
3571 3183 3802 3239 docebat

2228 3292 2479 3366 populos,
2509 3299 2564 3348 et
2598 3288 2812 3346 dicebat
2841 3303 2854 3339 :
2885 3285 3098 3339 Dictum
3138 3291 3215 3336 est
3254 3277 3484 3348 antiquis
3511 3293 3530 3331 :
3560 3274 3684 3329 Non
3713 3291 3801 3327 oc-

2228 3387 2371 3441 cides
2391 3401 2412 3451 ;
2459 3399 2551 3455 ego
2594 3392 2770 3436 autem
2811 3379 2931 3433 dico
2961 3375 3105 3431 vobis
3141 3384 3162 3425 :
3194 3371 3378 3427 Omnis
3409 3369 3500 3441 qui
3547 3367 3802 3422 irascitur

2230 3476 2390 3546 fratri
2418 3489 2513 3527 suo
2537 3472 2650 3527 sine
2690 3486 2874 3536 causa,
2904 3482 3022 3521 reus
3052 3464 3189 3529 erit;
3234 3470 3290 3517 et
3315 3477 3330 3514 :
3370 3459 3581 3513 Dictum
3604 3463 3682 3509 est
3705 3471 3802 3508 an-

2231 3568 2389 3639 tiquis
2414 3583 2434 3623 :
2479 3564 2598 3620 Non
2651 3560 3016 3624 adutterabis;
3072 3571 3165 3627 ego
3210 3562 3387 3608 autem
3437 3550 3554 3603 dico
3607 3546 3748 3601 vobis
3779 3559 3800 3598 .°

2233 3661 2418 3718 Omnis
2444 3659 2535 3729 qui
2563 3656 2751 3711 uiderit
2776 3652 3046 3708 mulierem
3074 3651 3142 3704 ad
3165 3641 3634 3715 concupiscendum
3662 3653 3799 3701 eam,

2221 3754 2339 3825 jam
2369 3749 2654 3805 mmchatus
2686 3756 2765 3801 est
2806 3759 2922 3800 eam
2966 3742 3023 3796 in
3067 3739 3223 3794 corde
3249 3752 3345 3790 suo
3373 3734 3416 3788 ⁸.
3447 3731 3508 3787 ln
3537 3738 3801 3802 quantum

2229 3819 2359 3915 ergo
2390 3839 2637 3897 doctrina
2667 3837 2784 3891 haec
2807 3833 2928 3904 ejus
2956 3829 3213 3902 praecellit
3244 3822 3391 3882 illam
3417 3823 3718 3892 antiquam,
3745 3819 3800 3872 in

2232 3914 2443 3991 tantum
2499 3943 2702 4002 sponsa
2748 3923 3000 3994 intelligit
3030 3931 3084 3978 et
3130 3916 3451 3991 pronuntiat
3493 3914 3636 3969 bona
3681 3924 3804 3965 esse

2231 4027 2400 4085 ubera
2425 4023 2544 4094 ejus
2570 4035 2736 4091 super
2764 4017 2973 4072 vinum.

2286 4118 2393 4175 Sed
2422 4092 2477 4173 et
2513 4112 2660 4186 quod
2689 4123 2857 4166 vorax
2889 4104 3092 4162 dicitur
3127 4100 3299 4157 Filius
3335 4096 3593 4163 hominis,
3633 4100 3687 4150 et
3713 4092 3800 4148 bi-

2230 4212 2390 4276 bens,
2417 4216 2473 4264 et
2497 4185 2683 4264 dicunt
2707 4218 2722 4256 :
2756 4199 2890 4256 Ecce
2911 4197 3064 4253 homo
3090 4208 3254 4249 rora:
3278 4201 3328 4246 et
3351 4192 3531 4245 uinum
3554 4186 3729 4241 bibens
3745 4185 3801 4237 οε

2233 4302 2303 4358 ad
2335 4303 2441 4355 hoc
2484 4292 2843 4355 nihilominus
2883 4284 3147 4356 respicit:
3194 4281 3301 4336 tale
3331 4287 3385 4335 et
3437 4277 3569 4333 illud
3615 4275 3805 4329 vinum

2234 4389 2407 4445 fuisse
2450 4385 2600 4442 Cana
2641 4381 2872 4437 Galilaaaz
2917 4375 3063 4447 quod
3116 4371 3399 4430 bibebatur
3448 4366 3501 4420 in
3554 4363 3805 4420 convivio

557 4477 661 4541 vii;
695 4486 987 4534 eterursus
1036 4486 1097 4532 ut
1139 4478 1283 4548 apud
1332 4477 1641 4532 sacerdotes
1671 4454 2046 4546 pectusculum
2077 4485 2132 4532 et
2161 4477 2206 4533 D
2234 4477 2494 4550 nuptiali,
2529 4490 2640 4546 quo
2696 4470 2978 4527 deﬁciente
3023 4465 3150 4522 fecit
3188 4473 3243 4520 et
3283 4460 3428 4518 aliud
3483 4458 3669 4513 vinum
3714 4454 3803 4509 cui

557 4570 838 4625 brachium
890 4569 1135 4643 mysticis
1179 4567 1496 4637 designatur
1541 4567 1797 4636 eloquiis,
1845 4567 1920 4623 ita
1960 4567 2126 4623 etiam

556 4662 793 4718 arbitror
818 4663 873 4717 in
908 4661 1162 4734 praesenti
1194 4660 1340 4725 loco,
1374 4656 1464 4712 ubi
1495 4659 1794 4714 amantium
1828 4660 2050 4716 habitus
2074 4667 2131 4716 et

559 4755 832 4823 colloquia
861 4754 1265 4820 describuntur,
1293 4752 1602 4825 gratissime
1630 4753 1735 4807 hoc
1767 4751 1946 4821 ipsum
1980 4751 2130 4823 prin-

559 4846 733 4917 cipale
779 4845 963 4901 cordis
1008 4845 1063 4899 in
1111 4847 1371 4903 uberibus
1420 4847 1772 4918 appellatum.
1809 4845 1957 4900 Bona
1999 4860 2129 4912 ergo

558 4945 688 4993 sunt
720 4938 889 4992 ubera
919 4936 1124 5006 sponsi,
1162 4938 1601 5009 quandoquidem
1647 4936 1888 4993 thesauri
1922 4946 2049 4992 sunt
2073 4937 2129 4992 in

556 5030 639 5085 eis
686 5026 968 5098 sapientiae
1018 5037 1074 5082 et
1118 5028 1360 5084 scientia:
1405 5028 1689 5084 reconditi.
1736 5025 1920 5082 Ubera.
1945 5037 2127 5082 autem

558 5121 675 5175 hate
714 5118 846 5173 vino
893 5125 1176 5187 comparat
1227 5133 1451 5189 sponsa,
1502 5118 1597 5175 sed
1646 5118 1719 5173 ita
1761 5126 2045 5188 comparat
2070 5127 2131 5174 ut

558 5210 830 5280 praeferat.
859 5206 1059 5263 Vinum
1107 5216 1287 5264 autem
1338 5208 1429 5266 illa
1478 5208 1824 5280 intelligenda
1858 5216 1985 5263 sunt
2024 5208 2127 5264 do-

557 5316 738 5373 gmata
781 5310 831 5358 et
887 5302 1168 5368 doctrinae,
1199 5316 1321 5371 qua:
1366 5315 1463 5371 per
1510 5301 1682 5372 legem
1732 5310 1786 5356 et
1836 5299 2129 5370 prophetas

557 5405 683 5451 ante
710 5396 1003 5451 adventum
1040 5392 1228 5464 sponsi
1260 5407 1476 5447 sumere
1509 5406 1712 5463 sponsa
1752 5400 2127 5447 consueverat.

664 5571 710 5602 "
740 5568 929 5624 Matth.
962 5584 1016 5631 v,
1039 5566 1092 5621 8.
1199 5566 1245 5599 ”
1273 5565 1427 5620 Rom.
1463 5583 1517 5630 ι,
1555 5567 1641 5622 10.

1749 5567 1796 5599 ’δ
1815 5565 1973 5622 Joan.
2008 5583 2128 5630 xm,
2168 5565 2260 5619 24.

2234 4547 2605 4627 testimonium
2639 4560 2872 4619 reddidit
2916 4558 3322 4617 architrielinus
3359 4551 3503 4625 quod
3550 4550 3619 4606 sit
3649 4547 3805 4603 valde

2232 4663 2470 4723 bonum,
2501 4665 2557 4713 et
2601 4669 2669 4711 eo
2710 4654 2840 4708 vino
2884 4649 3030 4721 quod
3074 4660 3372 4717 expensum
3414 4642 3591 4698 fuerat
3634 4638 3805 4694 multo

2236 4749 2617 4825 praestantius,
2649 4760 2774 4802 cum
2806 4743 2976 4798 dicit:
3005 4740 3189 4797 Omnis
3214 4739 3366 4793 homo
3405 4736 3572 4809 primo
3612 4731 3805 4786 bonum

2237 4822 2416 4899 trinum
2445 4839 2614 4910 ponit,
2648 4844 2698 4890 et
2729 4849 2849 4887 cum
2877 4830 3125 4886 inebriati
3153 4829 3371 4899 fuerint,
3402 4826 3460 4881 id
3484 4823 3624 4896 quod
3659 4822 3804 4875 dete-

2233 4935 2344 4988 rius
2369 4941 2483 4996 est;
2506 4939 2562 4984 tu
2585 4939 2758 4983 autem
2781 4924 2999 4980 servasti
3022 4922 3200 4977 vinum
3218 4919 3408 4973 bonum
3431 4932 3592 4986 usque
3613 4913 3802 4967 nunc’.

2233 5024 2339 5080 Sed
2371 5032 2423 5077 et
2451 5021 2799 5077 Salomonem
2830 5016 2925 5087 qui
2952 5029 3049 5086 pro
3083 5021 3303 5080 accepta
3326 5008 3421 5063 Dei
3453 5005 3718 5077 sapientia
3749 5005 3805 5063 in

2230 5113 2594 5171 admiratione
2624 5109 2727 5166 fuit
2756 5108 2959 5180 reginae
2993 5105 3169 5167 Sabe,
3195 5117 3319 5173 quae
3345 5108 3568 5156 venerat
3598 5105 3807 5151 tentare

2230 5219 2356 5262 eum
2388 5204 2443 5257 in
2478 5200 2872 5273 quaestionibus
2896 5217 2910 5254 :
2938 5198 2992 5252 in
3018 5197 3220 5268 quibus
3247 5209 3373 5249 eum
3402 5191 3591 5246 eadem
3616 5188 3804 5258 regina

2236 5304 2511 5352 scrutetur
2542 5301 2597 5348 et
2625 5290 2872 5356 miretur,
2906 5291 3032 5346 audi
3074 5288 3410 5358 Scripturam
3441 5282 3803 5338 referentem:

2239 5387 2308 5442 Et
2335 5387 2488 5452 vidit,
2518 5384 2713 5456 inquit,
2742 5384 2924 5455 regina
2955 5380 3097 5437 Saba
3121 5396 3326 5437 omnem
3358 5375 3675 5447 sapientiam
3705 5371 3806 5428 Sa-

3337 5556 3384 5588 "
3418 5553 3606 5609 Matth.
3654 5566 3708 5616 ν,
3745 5550 3804 5604 8.

2368 5564 2413 5599 ⁸⁵
2446 5561 2575 5618 ibid.
2617 5562 2707 5617 25.
2818 5560 2865 5593 ’⁸
2906 5557 3083 5615 Levit.
3127 5573 3224 5612 vn.

559 5640 606 5678 ⁸⁸
631 5618 1120 5693 nen’L'Iilm-‘o'lgg,
1149 5653 1200 5691 ν,
1274 5618 1296 5666 'i
1325 5618 1649 5701 Εέέιξίιξ
1729 5639 1749 5669 ³

2180 5618 2343 5692 μὶά.8.
2422 5628 2932 5705 ~Luc.n,46.t7.
3011 5627 3248 5683 “Matth.
3272 5642 3325 5694 ν,
3355 5624 3571 5695 21,22,
3604 5618 3801 5690 27,28.

561 5706 581 5736 ⁸
620 5706 812 5764 Matth.
843 5724 916 5771 χι,
950 5708 1034 5763 l9.
1109 5708 1128 5740 ⁷
1169 5706 1325 5763 Joan.
1364 5723 1425 5771 ll,
1470 5706 1554 5760 10.
