4236 6282
372 253 440 311 89
1722 249 1918 303 LIBER
1958 248 2230 305 PRlMUS.
3545 252 3615 307 9ο

371 364 616 433 (omanis,
641 373 689 418 et
717 363 927 417 domum
954 378 1111 434 quam
1144 361 1450 434 wdiﬁcavit,
1479 373 1796 433 apparatum
1822 380 1945 418 con-
1977 374 2018 424 Α
2051 363 2224 432 phctis
2252 381 2265 415 :
2294 378 2359 416 ex
2389 377 2498 431 quo
2531 362 2676 416 velut
2714 362 3078 432 praemeditata
3104 371 3221 418 erat
3247 379 3447 434 sponsa
3489 366 3628 421 [mtt-

371 456 494 510 virii
521 455 649 524 ejus,
681 460 731 507 et
758 454 930 507 sedem
962 467 1240 518 puerorum
1277 454 1391 522 ejus
1436 463 1484 507 et
1517 455 1756 506 ordinem
1791 454 1951 506 minio

371 554 599 598 slrorum
631 543 768 611 ejus,
806 548 855 595 et
887 551 1050 596 vestes
1073 542 1215 610 ejus,’
1248 552 1299 596 et
1343 543 1452 597 vini
1491 542 1694 611 fusores
1723 542 1859 611 ejus,
1900 551 1950 595 et

369 636 674 689 holocausta
705 632 844 701 ejus,
879 644 997 702 qua:
1026 632 1279 701 offerebat
1310 634 1368 686 in
1408 633 1563 686 domo
1599 631 1717 697 Dei,
1751 642 1801 687 et
1831 642 1949 686 stu-

368 726 576 793 pefacta
609 731 686 777 est
707 721 752 786 ⁸,
776 730 884 778 etc.
921 723 981 777 In
1012 722 1098 778 bis
1132 736 1261 794 ergo
1286 722 1506 778 adverte
1529 722 1803 792 quomodo
1837 724 1951 777 haec

367 832 486 885 quia:
519 815 669 868 venit
694 830 725 868 a
766 813 966 870 ﬁnibus
995 821 1155 869 terra
1185 815 1377 869 audire
1424 814 1747 883 sapientiam
1791 811 1949 867 Salo-

368 907 566 971 monis,
595 906 736 960 inter
772 913 963 961 caetera
1002 906 1236 961 miratur
1265 912 1318 961 et
1347 906 1501 962 cibos
1516 920 1525 927 λλ
1539 905 1774 961 convivii
1806 907 1947 975 ejus,

366 998 451 1052 vel
487 997 597 1052 vini
645 995 859 1052 fusores
904 996 1044 1066 ejus,
1090 1005 1146 1051 et
1186 1000 1350 1068 super
1394 997 1481 1052 bis
1527 997 1726 1051 dicitur
1757 997 1947 1051 obstu—

367 1086 572 1156 puisse.
601 1083 796 1140 Nescio
818 1093 999 1140 autem
1034 1086 1081 1142 si
1116 1086 1190 1141 ita
1218 1087 1457 1157 ineptam
1493 1096 1754 1157 putemus
1778 1086 1951 1142 fuisse

365 1174 629 1241 reginam,
655 1187 777 1242 quae
801 1173 872 1228 ob
901 1174 1004 1229 hoc
1028 1185 1253 1229 venerat
1283 1191 1314 1229 a
1350 1175 1549 1231 ﬁnibus
1580 1185 1739 1230 terra:
1764 1186 1820 1230 ut
1851 1191 1950 1229 au-

366 1265 515 1319 diret
545 1264 863 1335 sapientiam
900 1263 1236 1333 Salomonis,
1275 1276 1335 1320 ut
1363 1267 1590 1322 miretur
1635 1267 1785 1323 cibos
1823 1282 1947 1322 cor-

365 1356 606 1424 porales,
657 1364 710 1409 et
750 1355 936 1409 vinum
978 1355 1126 1411 istud
1176 1371 1503 1425 commune,
1552 1373 1617 1413 ac
1657 1359 1949 1428 pincernas

364 1446 479 1499 vini
509 1445 559 1498 in
598 1445 899 1499 ministerio
934 1447 1096 1516 regis.
1145 1445 1286 1513 Quid
1326 1449 1468 1502 enim
1504 1449 1556 1503 in
1593 1450 1676 1504 his
1704 1450 1943 1503 admira-

362 1537 513 1591 tione’
541 1536 762 1605 dignum
792 1538 992 1608 reginas
1023 1537 1291 1602 videatur,
1321 1557 1443 1611 qua:
1473 1541 1783 1597 communia
1812 1556 1949 1611 pene

363 1626 622 1682 omnibus
651 1636 780 1681 sunt
810 1628 1160 1685 hominibus?
1192 1629 1298 1686 Sed
1340 1633 1471 1687 mihi
1506 1633 1718 1688 videtur
1745 1632 1943 1687 mirata

2055 452 2185 506 tiam
2210 451 2391 505 cordis
2413 452 2683 520 accipere,
2708 467 2774 506 ac
2801 467 3118 521 pmparare,
3142 464 3203 509 ut
3229 470 3424 524 capere
3445 466 3630 525 pOSSet

2050 544 2212 597 etiam
2243 543 2388 597 illam
2412 559 2533 612 qua:
2555 542 2808 597 adfutura
2836 552 2953 598 erat
2971 559 3066 613 per
3085 545 3250 599 ubera
3271 547 3444 616 ipsius
3464 562 3629 617 spon-

2049 634 2117 699 si,
2172 634 2609 689 excellentiorem
2667 635 2881 689 cunctis
2943 635 3460 706 eminentioremque
3515 637 3627 709 (30)

2048 724 2377 788 doctrinam,
2407 724 2537 778 dicit
2565 743 2578 778 :
2613 724 2765 777 Bona
2796 733 2919 777 sunt
2954 723 3113 777 ubera
3143 734 3235 777 tua
3259 742 3412 794 super
3430 728 3624 783 vinum.

2120 814 2186 870 Et
2222 815 2346 869 vide
2396 815 2443 870 si
2496 816 2676 870 adhuc
2728 814 2917 869 formae
2962 815 3091 870 huic
3137 827 3324 883 aptare
3360 818 3629 885 possimus

2050 905 2198 960 illam
2248 903 2523 975 Evangelii
2563 904 2901 974 parabolam,
2950 921 3070 973 quas
3113 906 3283 960 dicit:
3329 907 3515 961 Simile
3554 920 3629 961 cst

2051 1013 2264 1068 regnum
2292 998 2542 1049 calorum
2582 996 2829 1049 thesauro
2879 996 3186 1049 abscondito
3219 998 3273 1050 in
3305 1014 3455 1067 agro,
3483 1015 3631 1068 quem

2052 1089 2144 1160 qui
2168 1088 2446 1149 invenerit,
2485 1086 2787 1151 abscondit,
2831 1097 2880 1140 et
2911 1103 3024 1156 pra:
3064 1088 3257 1157 gaudio
3302 1089 3417 1156 ejus
3465 1089 3629 1150 cadit,

2049 1192 2103 1245 et
2128 1180 2301 1235 vendit
2346 1180 2523 1233 omnia
2562 1196 2679 1250 qua:
2707 1179 2881 1243 habet,
2923 1188 2973 1233 et
3011 1181 3137 1233 entit
3166 1197 3350 1250 agrum
3381 1181 3532 1234 illum
3564 1182 3628 1237 ¹¹.

2052 1272 2149 1326 Est
2179 1287 2307 1341 ergo
2343 1271 2631 1326 thesaurus
2661 1271 2707 1325 is
2749 1285 2857 1324 non
2904 1271 2958 1324 in
3006 1271 3220 1325 deserto
3264 1272 3447 1340 aliquo
3486 1273 3628 1337 loco,

2050 1377 2226 1433 neque
2262 1363 2314 1416 in
2351 1360 2525 1428 silvis,
2570 1360 2662 1416 sed
2691 1360 2745 1412 in
2775 1375 2905 1429 agro
2950 1360 3321 1416 absconditus.
3355 1360 3418 1414 Et
3450 1362 3628 1431 possi-

2050 1453 2153 1507 bile
2185 1453 2371 1522 utiquc
2416 1461 2500 1507 est
2535 1467 2725 1522 agrum
2773 1451 2923 1505 illum
2970 1450 3172 1505 habere
3215 1452 3377 1505 etiam
3424 1453 3627 1517 vineas,

2049 1559 2170 1614 qua:
2200 1543 2425 1597 afferant
2450 1543 2658 1609 vinum,
2693 1542 2894 1596 habere
2933 1544 3094 1594 etiam
3139 1543 3453 1596 thesaurum
3507 1557 3631 1611 pro-

2050 1642 2171 1703 pter
2198 1649 2357 1703 quem
2388 1633 2666 1687 distractis
2699 1633 2955 1687 omnibus
2993 1632 3123 1686 emit
3166 1648 3355 1704 agrum
3401 1632 3551 1685 illum
3584 1633 3631 1685 is

360 1731 484 1771 esse
513 1717 665 1773 cibos
699 1718 961 1773 doctrina:
994 1718 1115 1788 ejus
1145 1727 1199 1774 et
1227 1720 1414 1775 vinum
1443 1723 1782 1792 degmatum,
1822 1737 1944 1791 quae
1976 1698 2017 1751 Β
2046 1698 2139 1791 qui
2175 1698 2456 1779 invenerat
2480 1724 2554 1777 ibi
2587 1724 2932 1779 thesaurum.
2961 1722 3143 1778 Potest
3168 1698 3297 1795 ergo
3329 1724 3509 1778 dicere
3540 1722 3629 1776 ille

360 1809 432 1863 ab
456 1824 522 1864 eo
557 1825 653 1879 per
685 1810 923 1865 divinam
965 1813 1284 1883 sapientiam
1325 1814 1781 1883 praedicabantur.
1830 1813 1943 1870 Hoc
2042 1814 2136 1883 qui
2171 1815 2302 1870 emit
2336 1830 2546 1885 agrum,
2575 1815 2703 1885 quia
2735 1816 2912 1871 bonus
2957 1824 3041 1870 est
3079 1816 3368 1869 thesaurus
3409 1814 3502 1884 qui
3545 1822 3629 1868 cs;

358 1910 481 1954 erat
506 1902 687 1956 viuum
718 1912 772 1957 et
806 1903 934 1958 illud
974 1905 1120 1974 quod
1158 1921 1255 1975 per
1287 1904 1572 1961 Jeremiam
1617 1906 1853 1961 refertur
1877 1907 1945 1961 de
2042 1904 2095 1956 in
2136 1919 2284 1971 agro.
2311 1903 2484 1972 magis
2515 1918 2677 1971 quam
2712 1904 2896 1957 vinum
2927 1903 3071 1972 quod
3094 1911 3179 1957 est
3209 1902 3262 1955 in
3286 1918 3370 1958 eo.
3397 1901 3473 1955 Ita
3498 1917 3627 1968 ergo

361 1988 494 2045 ﬁliis
540 1989 787 2046 Ionadab
823 1992 918 2047 ﬁlii
977 1994 1260 2062 Rechab’,
1312 1999 1407 2065 qui
1449 2012 1515 2051 eo
1555 2007 1796 2064 tempore
1838 2011 1945 2064 quo
2042 2005 2097 2047 et
2122 1995 2297 2048 bonus
2328 2004 2413 2048 est
2443 2010 2679 2063 sponsus
2714 2004 2877 2063 atque
2910 1995 3076 2047 ubera
3105 1994 3313 2062 sponsi,
3343 2009 3463 2060 qua:
3485 1995 3629 2046 velut

363 2086 589 2146 peccata
623 2081 804 2149 populi
836 2082 1198 2149 invaluerant,
1226 2091 1281 2137 et
1303 2098 1398 2152 pro
1423 2083 1805 2152 iniquitatibus
1838 2083 1948 2151 ple-
2048 2083 2339 2134 thesaurus
2364 2081 2716 2135 absconditus
2738 2091 2822 2134 est
2855 2082 2907 2133 in
2940 2082 3054 2150 lege
3089 2090 3143 2134 et
3170 2081 3467 2149 prophetis,
3524 2081 3632 2152 40

367 2166 456 2222 bis
485 2167 771 2236 captivitas
793 2169 1128 2236 imminebat,
1155 2171 1437 2226 convocati
1468 2178 1597 2225 sunt
1624 2179 1682 2224 ut
1708 2171 1950 2225 biberent
2048 2168 2224 2237 magis
2252 2185 2414 2238 quam
2464 2171 2650 2221 vinum
2699 2171 2840 2237 quod
2890 2178 2974 2223 est
3022 2171 3073 2223 in
3124 2171 3222 2230 eis,
3283 2170 3370 2223 illa
3419 2171 3625 2225 scilicet

363 2260 579 2327 vinum,
612 2270 667 2315 et
694 2262 975 2329 dixerunt,
1004 2264 1131 2332 quia
1160 2263 1512 2317 mandaverat
1536 2262 1614 2315 eis
1642 2272 1795 2331 pater
1817 2277 1951 2317 suus
2051 2260 2300 2313 doctrina
2335 2275 2457 2328 qua:
2489 2260 2664 2328 palam
2691 2272 2773 2314 est
2804 2269 2859 2313 et
2891 2261 3123 2314 laztilicat
3153 2261 3452 2314 audientes.
3480 2261 3627 2316 Bona

358 2350 610 2406 Jonadab
637 2367 706 2408 ne
737 2352 986 2407 biberent
1017 2353 1204 2407 vinum
1240 2353 1344 2422 ipsi
1378 2362 1430 2407 et
1458 2352 1553 2406 lilii
1579 2353 1664 2407 sui
1688 2353 1744 2405 in
1777 2368 1949 2407 saccu-
2045 2365 2176 2421 ergo
2206 2359 2333 2404 sunt
2357 2351 2521 2404 ubera
2549 2351 2754 2420 sponsi.
2788 2350 3050 2405 Thesauri
3084 2352 3230 2405 enim
3261 2362 3388 2406 sunt
3416 2353 3628 2421 sapien-

360 2443 496 2506 lurn,
542 2456 718 2512 neque
749 2442 944 2498 domos
989 2442 1347 2507 adiﬁcarent,
1397 2457 1574 2510 neque
1613 2441 1948 2495 seminarent
2046 2442 2133 2495 tiae
2161 2450 2215 2495 et
2243 2440 2485 2495 scientiae
2515 2442 2569 2493 in
2606 2455 2670 2495 eo
2698 2440 3039 2496 absconditi:
3073 2441 3166 2508 qui
3207 2457 3330 2494 cum
3364 2442 3532 2509 aperti
3577 2451 3632 2493 et

360 2548 547 2588 semen
577 2548 752 2603 neque
781 2533 1086 2603 plantarent
1117 2532 1328 2599 vineas,
1356 2531 1449 2585 sed
1490 2532 1544 2584 in
1581 2530 1945 2584 tabernaculis

363 2622 672 2676 habitarent
696 2622 952 2676 omnibus
980 2621 1175 2675 diebus
1197 2621 1321 2674 vitae
1348 2635 1479 2674 suae.
1512 2618 1578 2672 Et
1602 2618 1945 2687 amplectitur

360 2730 458 2768 eos
484 2714 624 2770 Deus
649 2727 716 2768 eo
735 2712 880 2782 quod
906 2710 1265 2767 custodierint
1290 2716 1612 2778 praeceptum
1642 2708 1810 2777 patris
1834 2707 1941 2772 sui,

360 2814 412 2858 et
450 2802 725 2858 noluerint
753 2801 940 2858 bibere
970 2801 1178 2855 vinum.
1214 2798 1321 2853 Pro
1354 2798 1592 2867 peccatis
1637 2799 1779 2851 enim
1818 2805 1946 2852 tunc

362 2897 571 2966 populi,
598 2904 654 2950 et
679 2893 1056 2966 iniquitatibus
1087 2907 1300 2958 eorum,
1330 2900 1449 2947 erat
1487 2893 1638 2946 vinea
1666 2906 1847 2945 eorum
1879 2904 1945 2944 ea:

2048 2530 2267 2584 revelati
2297 2528 2498 2583 l‘ueriut
2522 2530 2697 2584 oculis
2728 2545 2967 2600 sponsae,
3008 2530 3180 2584 multo
3222 2529 3628 2599 praestantiores

2042 2622 2091 2675 ei
2123 2621 2447 2675 videbuntur
2471 2635 2635 2689 quam
2679 2620 2779 2674 fuit
2809 2620 2963 2689 prius
3000 2620 3142 2676 istud
3179 2621 3365 2674 vinum
3409 2621 3542 2690 legis
3573 2632 3628 2676 et

2043 2712 2311 2767 doctrina:
2342 2710 2672 2781 prophetica:
2698 2710 2832 2781 (31).
2865 2710 2968 2765 Sed
2996 2718 3049 2764 et
3078 2710 3126 2765 si
3158 2710 3369 2766 tertiam
3402 2712 3623 2780 exposi-

2044 2803 2246 2857 tionem
2279 2800 2347 2855 de
2377 2801 2559 2854 anima
2592 2799 2828 2869 perfecta
2856 2807 2910 2854 et
2940 2798 3118 2855 Verbo
3160 2798 3252 2854 Dei
3294 2799 3496 2855 sentire
3527 2801 3627 2854 de-

2045 2892 2296 2956 beamus,
2317 2904 2611 2960 possumus
2632 2889 2832 2954 dicere,
2860 2891 2990 2960 quia
3016 2890 3142 2959 quis
3167 2890 3341 2944 donec
3363 2892 3623 2959 parvulus

358 2992 511 3044 uinea
551 2985 922 3050 Sodomorum,
942 2995 991 3039 et
1027 2983 1270 3054 palmites
1300 2998 1480 3036 eorum
1523 2997 1588 3035 ea:
1625 2979 1941 3045 Gomorrlta,
1968 3022 2013 3081 C
2045 2989 2150 3046 est,
2176 2989 2230 3035 et
2260 2979 2498 3034 nondum
2526 2980 2878 3049 semetipsum
2913 2994 2980 3033 ex
3014 2980 3225 3048 integro
3263 2979 3459 3033 obtulit
3491 2978 3622 3046 DN),

360 3097 458 3135 ura
486 3095 672 3135 eorum
699 3095 799 3133 uva
832 3076 992 3148 fellis,
1039 3084 1090 3131 et
1131 3079 1310 3130 botrus
1348 3072 1762 3137 amaritudinis;
1798 3086 1946 3126 rene-
1975 3069 2013 3081 ““
2045 3070 2182 3125 bibit
2211 3071 2399 3125 vinum
2431 3071 2576 3142 quod
2613 3069 2768 3125 aﬂ‘ert
2807 3085 2937 3140 ager
2968 3069 3077 3135 ille,
3128 3069 3222 3139 qui
3272 3071 3435 3125 habet
3484 3071 3623 3125 intra

361 3187 488 3222 nam
512 3168 758 3237 aspidum
783 3176 831 3221 et
855 3169 1007 3234 furor
1028 3165 1318 3218 draconum
1338 3174 1455 3219 erat
1472 3163 1651 3217 vinum
1673 3178 1854 3216 eorum
1874 3162 1922 3192 "

362 3258 591 3328 Propter
620 3258 725 3312 hoc
750 3272 880 3327 ergo
916 3255 1214 3309 laudabiles
1250 3255 1517 3308 trahentur
1546 3253 1640 3308 lilii
1679 3245 1946 3318 Jonadal};

360 3350 452 3418 qui
494 3348 600 3402 tale
631 3346 838 3412 viuum,
870 3353 1131 3400 venenata
1161 3343 1368 3400 scilicet
1394 3343 1650 3412 dogmata
1684 3350 1740 3397 et
1767 3342 1943 3397 aliena

362 3456 392 3493 a
422 3440 531 3495 ﬁde
576 3437 690 3502 Dei,
718 3437 904 3492 bibere
943 3444 998 3490 et
1040 3434 1313 3504 suscipere
1342 3442 1682 3490 recusarunt.
1716 3431 1944 3504 Propter

363 3529 468 3584 hoc
504 3543 635 3598 ergo
671 3508 922 3581 fortassis
960 3524 1228 3596 percussit
1270 3523 1413 3581 Deus
1448 3525 1633 3579 vineas
1664 3522 1945 3594 Egyptia-

365 3632 511 3683 rnm,
540 3618 684 3673 sicut
707 3618 761 3672 in
787 3615 998 3687 psalmo
1030 3615 1293 3685 scriptum
1323 3625 1408 3671 est
1433 3616 1499 3681 “,
1540 3630 1609 3670 ne
1652 3615 1758 3669 tale
1799 3613 1945 3670 face-

366 3717 489 3765 rent
511 3710 717 3765 vinum.
744 3708 910 3781 Igitur
938 3708 1051 3780 (29)
1076 3708 1121 3764 si
1153 3707 1516 3764 intelleximus
1547 3706 1659 3761 vini
1686 3706 1943 3763 differen-

365 3801 504 3869 tias,
558 3816 761 3871 easque
806 3816 908 3872 pro
960 3800 1274 3856 diversitate
1324 3799 1644 3870 ‘dogmatum
1687 3808 1942 3855 constare

362 3891 761 3962 perspeximus,
792 3889 937 3960 quod
972 3890 1050 3945 ait
1075 3890 1168 3947 hic
1196 3904 1436 3961 sponsa:
1464 3889 1607 3956 Quia
1641 3889 1777 3944 bona
1815 3898 1940 3943 sunt

367 3985 525 4040 ubera
552 3994 645 4040 tua
675 4002 831 4056 super
856 3987 1068 4050 vinum,
1105 4001 1270 4056 super
1292 3985 1503 4048 vinum,
1520 3985 1709 4054 utique
1740 3983 1945 4038 intelli—

367 4094 554 4147 gamus
583 4079 807 4146 bonum,
836 4094 946 4133 non
985 4078 1210 4132 malum.
1240 4077 1406 4131 Bonis
1446 4077 1619 4140 enim,
1650 4091 1763 4129 non
1793 4075 1947 4129 malis

368 4179 676 4241 comparata
702 4169 1046 4242 dogmatibus
1075 4167 1258 4239 sponsi
1285 4168 1535 4238 dogmata
1557 4165 1945 4235 praeferuntur.

2045 3177 2104 3217 se
2133 3163 2299 3218 etiam
2337 3165 2655 3218 thesaurum
2684 3162 3085 3227 absconditum,
3113 3168 3169 3216 et
3220 3160 3414 3217 bibens
3453 3161 3627 3216 laetiﬁ-

2040 3261 2196 3308 catur
2230 3268 2297 3308 ex
2344 3253 2494 3308 vino.
2540 3253 2676 3307 Cum
2727 3262 2906 3306 autem
2952 3251 3208 3306 obtulerit
3247 3260 3303 3305 et
3348 3251 3627 3306 devoverit

2040 3344 2396 3412 semetipsum
2429 3342 2560 3410 Deo,
2586 3357 2651 3397 ac
2680 3340 2973 3399 Nazaraeus
2996 3342 3162 3398 fuerit
3187 3341 3431 3409 eﬁ‘ectus,
3461 3352 3625 3412 atque

2042 3432 2312 3489 invenerit
2341 3434 2657 3489 thesaurum
2687 3435 3088 3502 absconditum,
3118 3442 3172 3489 et
3199 3434 3267 3489 ad
3300 3433 3418 3504 ipsa
3455 3434 3621 3488 ubera

2042 3525 2327 3596 fontesque
2367 3525 2678 3596 pervenerit
2715 3524 2878 3581 Verbi
2925 3525 3051 3593 Dei,
3082 3525 3265 3580 vinum
3298 3534 3352 3579 et
3391 3523 3619 3578 siceram

2033 3618 2148 3689 jam
2183 3632 2291 3671 non
2325 3617 2492 3682 bibet,
2521 3617 2710 3673 dicens
2737 3617 2805 3672 ad
2835 3616 3016 3687 ipsum
3046 3614 3142 3672 Dei
3171 3613 3409 3670 Verbum
3439 3613 3506 3668 de
3527 3612 3612 3668 bis

2038 3709 2331 3776 thesauris,
2350 3710 2516 3780 quiin
2546 3709 2664 3781 ipso
2691 3709 2933 3766 scientiae
2958 3718 3012 3764 et
3038 3707 3322 3780 sapientiae
3347 3705 3613 3762 reconditi

2040 3808 2209 3856 sunt:
2248 3799 2390 3864 Quia
2421 3798 2557 3854 bona
2587 3808 2710 3854 sunt
2740 3798 2902 3852 ubera
2934 3806 3026 3850 tua
3058 3810 3214 3865 super
3244 3795 3437 3847 uinum.
3484 3792 3623 3848 Sunt

2038 3900 2218 3945 autem
2250 3899 2523 3961 unguenta
2575 3890 2826 3960 quaedam
2877 3887 3084 3956 sponsi,
3111 3899 3345 3956 quorum
3377 3883 3622 3956 fragran-

2037 3984 2116 4038 tia
2146 3983 2409 4037 delectata
2443 3991 2528 4036 est
2572 3994 2797 4051 sponsa,
2843 3985 2898 4033 et
2937 3977 3107 4033 dicit:
3153 3975 3298 4032 Odor
3335 3987 3624 4047 unguento-

2042 4087 2161 4124 rum
2193 4079 2403 4122 tuorum
2429 4085 2583 4136 super
2614 4069 2790 4122 omnia
2827 4077 3092 4122 aromata.
3126 4067 3385 4120 Aromata
3415 4068 3621 4134 species

2047 4166 2178 4213 sunt
2208 4158 2631 4228 pigmentorum.
2666 4155 2877 4225 Sponsa
2908 4164 3087 4210 autem
3114 4155 3304 4210 habuit
3331 4155 3618 4224 quemdam

370 4260 576 4316 Bonum
611 4262 754 4316 enim
786 4261 968 4316 vinum
996 4268 1309 4332 gustaverat
1337 4257 1489 4328 prius
1516 4257 1569 4311 in
1601 4256 1718 4327 lege
1745 4264 1799 4310 et
1825 4269 1948 4325 pro-
1973 4269 2018 4324 ι)
2048 4264 2208 4304 usum
2233 4256 2287 4303 et
2316 4246 2563 4303 notitiam
2594 4255 2919 4314 aromatum,
2948 4247 3052 4304 hoc
3084 4256 3187 4311 est,
3220 4248 3509 4304 verborum
3537 4249 3619 4305 le-

435 4393 461 4425 '
495 4392 561 4448 lll
588 4393 724 4464 Reg.
750 4409 806 4460 ιι,
840 4393 892 4461 4,
918 4394 971 4449 5.
1047 4396 1068 4428 ⁸
1093 4391 1203 4448 Jer.
1232 4406 1393 4460 xxxv,
1418 4391 1471 4446 5.

437 4576 550 4652 (29)
585 4575 665 4652 Ad
714 4577 860 4632 hunc
908 4570 1088 4652 loc_um
1136 4575 1405 4652 pertinere
1451 4573 1707 4652 videntur
1756 4573 1943 4631 Graeca

371 4644 459 4702 ulla
509 4644 670 4717 verba
716 4662 840 4717 qua
887 4660 917 4717 a
980 4644 1245 4715 Procopio
1292 4644 1519 4717 Qrigeni
1570 4644 1888 4717 tribuuntur
1931 4663 1946 4699 :

370 4717 583 4770 Πολλῶν
623 4715 792 4787 δντών
849 4715 1009 4787 οζνων
1066 4717 1124 4769 ἐν
1167 4718 1245 4787 τῇᾉ
1291 4715 1481 4786 Γραφῇ
1514 4715 1849 4787 κρειττόνων
1877 4726 1950 4787 Δ’τέ

369 4788 463 4840 καὶ
509 4784 930 4858 χειρόνωνκ-νῦν
961 4788 1075 4849 τοῖς
1124 4784 1427 4858 κρέζττοριν
1457 4784 1526 4837 “oi
1564 4784 1665 4858 ’τοᾷ
1714 4784 1948 4855 νυμφίου

372 4854 570 4927 patriai.
596 4854 1001 4927 ’παρᾳῖίθεγται
1022 4872 1035 4886 ·
1085 4856 1144 4927 ob
1168 4854 1300 4926 γὰρ
1332 4854 1398 4927 Etv
1425 4858 1538 4918 τοῖς
1572 4854 1793 4927 χείροσι
1821 4871 1950 4927 suv-

369 4923 704 4997 ἐκρίθησαν(
822 4925 999 4978 τοίνυν
1037 4923 1248 4997 νυμφή,
1269 4923 1498 4987 ’πολλοῖς
1539 4923 1633 4977 xui
1664 4923 1952 4997 Vbiaedpot;

368 4993 958 5066 olivetqfsbcppavbeioa,
1009 4993 1119 5047 καῖ’
1143 4993 1341 5066 ἕχὸυσα
1382 4994 1738 5066 παρειπκευὴγ
1773 4993 1850 5058 εἰς
1876 4993 1939 5045 τὸ

368 5064 622 5143 δὲξᾳσθαι
641 5062 788 5143 fcit;
824 5065 1140 5135 κρείττονας
1174 5062 1382 5143 ’Ἐούτων
1408 5062 1515 5143 ,τόὖ
1555 5062 1788 5143 νυμφίου
1818 5080 1938 5143 pa-

371 5136 550 5204 ποὺς,
575 5133 733 5188 τοῦτό
772 5132 905 5204 (pust
924 5172 939 5196 ,
975 5132 1730 5204 προτιμῶσαᾲτούτουςῌοῖνου.
1753 5132 1847 5186 τοῦ
1880 5134 1940 5204 ἐν

371 5203 524 5285 νξμῳ
548 5222 607 5293 τε
644 5204 740 5284 κα).
765 5201 1119 5293 secessum!
1139 5201 1338 5293 Κορλτὸ
1518 5201 1627 5293 τιῖζν
1648 5201 1735 5293 Χμύ
1746 5218 1850 5293 ξων
1876 5201 1939 5284 ῥὲ

370 5271 451 5357 τῷ
484 5271 609 5345 οἱπερὶ
644 5272 736 5354 τρῦ
778 5271 1172 5326 οῖνόυταυτόν.
1209 5272 1350 5392 "Ope
1380 5271 1452 5325 δὲ’
1472 5271 1547 5334 ὡς
1579 5271 1672 5353 earl.
1712 5272 1808 5341 μὲν
1840 5273 1940 5354 τῇς

372 5342 1046 5464 ἶζῗέἔῗέὲκὲἓτέοὲἒὲἓξέἓ
1073 5340 1690 5464 ἶέμῖνοώᾟῖἐταῗπέηἶὲυῖ
1708 5357 1937 5464 rem:

372 5409 639 5494 tarpeiae.
667 5409 807 5465 άὺτὰ
836 5411 1045 5494 celleth
1079 5409 1154 5464 τᾶ
1193 5409 1477 5494 ἀρώμάτρι,
1515 5409 1937 5494 δηξιῦνιὲκζείνής

374 5478 434 5551 τῇ
479 5478 737 5551 ὖπερέχον
781 5481 876 5533 καὶ
921 5478 1537 5551 πνευμαᾳκὸνίταύτης
1570 5478 1636 5533 δὲ
1668 5479 1730 5531 τὸ
1769 5478 1934 5549 παχύ.

377 5550 517 5602 Cum
546 5548 710 5603 multa
740 5552 844 5602 sint
886 5551 1007 5604 vitta
1037 5548 1089 5602 in
1132 5548 1193 5601 Sr
1207 5551 1426 5619 riptura,
1460 5548 1936 5619 prwstantioraac

379 5619 669 5687 deteriora,
698 5635 833 5673 nunc
865 5618 1169 5678 melioribus
1200 5622 1377 5691 sponsi
1426 5620 1583 5674 ubera
1630 5632 1939 5687 comparan-

1554 4392 1596 4423 ιο
1627 4390 1782 4446 Deut.
1809 4406 1979 4458 xxxn,
2004 4391 2095 4459 32,
2118 4390 2207 4446 '55.
2285 4389 2327 4422 “
2357 4386 2502 4444 Psal.
2527 4405 2611 4457 ev,
2643 4390 2730 4445 35.
2810 4390 2852 4423 ¹¹
2893 4389 3079 4445 Matth.
3114 4408 3236 4458 χιιι,
3264 4391 3354 4448 44.

2057 4584 2163 4639 tur,
2192 4590 2296 4629 non
2324 4573 2462 4626 enim
2495 4588 2609 4626 cum
2638 4571 2980 4627 deterioribus
3010 4571 3143 4625 inita
3172 4570 3255 4625 illi
3293 4575 3617 4641 comparatio

2053 4647 2147 4700 sit.
2183 4645 2384 4714 Sponsa
2415 4643 2580 4711 igitur
2607 4643 2789 4696 multis
2829 4658 2893 4695 ac
2929 4643 3148 4714 diversis
3189 4643 3322 4695 vittis
3362 4656 3612 4710 rerrrnta,

2047 4710 2327 4784 animoque
2366 4710 2557 4784 parata
2588 4713 2656 4784 ad
2680 4712 3007 4784 meliorahis
3035 4710 3194 4766 ubera
3231 4713 3408 4784 sponsi
3442 4719 3607 4767 δαδεὶο

2045 4781 2256 4853 piendo,
2286 4782 2558 4854 hocdicit,
2592 4781 2760 4854 pluris
2789 4799 2849 4835 ea
2868 4783 3075 4854 faciens
3098 4785 3235 4847 vino,
3268 4783 3407 4854 quod
3433 4784 3485 4836 in
3508 4784 3603 4854 legi

2046 4850 2110 4907 ac
2164 4852 2425 4921 prophetis
2466 4860 2562 4906 est.
2622 4850 2691 4903 Et
2737 4850 2885 4916 quod
2920 4852 2983 4904 de
3033 4850 3308 4921 unguentis
3361 4850 3613 4921 loquitur,

2045 4920 2222 4977 eodem
2249 4920 2470 4992 spectat,
2492 4937 2564 4992 ac
2587 4922 2724 4992 quod
2755 4922 2888 4992 dixit
2923 4922 2985 4975 de
3014 4920 3150 4975 vino.
3197 4920 3325 4975 Vide
3355 4920 3527 4975 autem
3558 4933 3612 4976 ut

2048 5009 2165 5045 cum
2197 4993 2260 5045 de
2276 4989 2898 5059 'evangelica’disciplina
2935 5007 3103 5045 sermo
3136 5003 3235 5055 est,
3281 4992 3489 5044 adorent
3520 5009 3615 5060 ap-

2043 5063 2354 5131 pellaverit;
2388 5060 2476 5113 ubi
2509 5069 2685 5131 autem
2713 5061 2971 5131 delegali
3008 5061 3177 5126 cultu,
3215 5063 3329 5131 ipsa
3373 5073 3615 5115 aromata

2043 5129 2317 5210 posuerint
2343 5146 2443 5200 quo
2471 5130 2720 5210 nimirum
2758 5129 2905 5210 illius
2934 5130 3141 5210 quidem
3180 5130 3515 5210 eminentiam
3551 5147 3615 5184 ac

2043 5198 2482 5268 spiritualitatem
2515 5200 2835 5265 ostenderet;
2868 5198 3025 5264 huius
3053 5215 3171 5252 vero
3199 5198 3437 5268 proderet
3467 5214 3614 5254 crus-

2042 5273 2087 5326 si
2094 5273 2236 5323 licm.

2112 5340 2223 5409 (30)
2263 5339 2785 5410 Eminentiat‘entque.
2819 5337 2911 5393 Sic
2939 5353 3096 5401 mss.,
3131 5336 3270 5390 male
3299 5349 3426 5389 vero
3451 5336 3610 5403 θύη..

2042 5425 2252 5463 cernens
2280 5426 2337 5462 εο
2345 5425 2483 5461 rum.
3600 5448 3607 5457 ι

2115 5480 2229 5543 (3i)
2272 5478 2427 5550 Mss.,
2459 5477 2712 5550 doctrimr
2750 5479 3082 5550 prophetiae,
3109 5473 3264 5529 Libb.
3307 5473 3477 5541 etlili.,
3510 5480 3603 5536 do.

2044 5550 2214 5602 ctrina
2244 5549 2564 5618 prophetica.
