4236 6282
583 321 649 378 9i
1647 323 1966 380 ORIGENIS
2005 323 2072 376 IN
2110 321 2464 381 CANTICUM
2503 323 2773 382 CANTlC.
2841 380 2844 382 ν
3752 328 3818 384 9‘3

586 440 670 508 gis
706 448 758 493 et
806 436 1214 510 prophetaium,
1246 441 1446 510 quibus
1483 450 1610 496 ante
1647 442 1937 496 adventum
1969 437 2154 510 sponsi
2182 439 2226 496 A
2253 447 2362 494 tam
2409 439 2628 508 dicitur,
2675 450 2895 513 propter
2939 412 3239 500 Ecl-lesiam
3276 457 3395 499 stne
3429 438 3619 509 dubio,
3659 459 3821 514 quam

587 530 932 584 mediocriter
965 533 1108 595 licet,
1141 532 1332 586 instrui
1361 541 1540 587 tamen
1572 533 1874 599 videbatur,
1908 542 1962 588 et
1995 549 2152 587 exer-

585 619 698 673 ceri
738 620 804 672 ad
841 621 1042 674 cultum
1087 619 1214 683 Dei,
1263 630 1449 690 utpote
1497 624 1719 692 parvula
1762 623 1938 677 adhuc
1969 631 2023 676 et
2052 621 2154 676 sub

584 709 928 762 curatoribus
958 717 1013 762 et
1053 711 1331 764 actoribus
1365 727 1529 782 agens
1563 723 1617 768 et
1656 713 1960 784 paedagogis
1982 713 2044 780 ¹³,
2069 713 2153 767 lea:

581 798 728 850 enim
773 797 1087 866 pwdagogua
1142 811 1317 852 noster
1361 801 1460 868 fuit
1498 800 1567 854 ad
1618 800 1885 856 Christum
1921 801 1983 852 “.
2031 799 2154 856 [iam

580 898 761 942 autem
795 888 978 942 omnia
1032 897 1276 943 aromata
1327 889 1571 955 fuerant,
1617 890 1670 946 in
1715 891 1912 960 quibus
1958 891 2152 944 nutriri

582 979 695 1032 visa
713 986 795 1032 est
813 987 866 1032 et
889 993 1091 1048 sponso
1107 995 1207 1034 suo
1224 981 1534 1049 praeparari.
1556 979 1659 1034 Sed
1693 981 1784 1034 ubi
1813 980 1958 1035 venit
1981 980 2152 1049 pleni-

578 1069 709 1122 tudo
745 1077 1049 1138 temporum
1081 1078 1134 1124 et
1163 1070 1396 1126 adolevit
1425 1080 1588 1140 atque
1617 1069 1960 1140 Uuigenitum
1988 1085 2149 1126 suum

578 1159 734 1214 Pater
765 1160 970 1230 Spiritu
1017 1170 1207 1216 sancto
1244 1169 1465 1216 unctum
1503 1161 1653 1216 misit
1703 1161 1757 1214 in
1811 1160 1957 1215 hunc
1990 1176 2149 1215 mun-

573 1249 729 1309 dum,
761 1250 983 1304 odorata
1029 1265 1228 1319 sponsa
1274 1250 1442 1304 divini
1479 1251 1738 1321 unguenti
1777 1249 2147 1320 fragrantiam,

575 1341 928 1412 scntiensque
956 1343 1101 1411 quod
1137 1341 1226 1396 illa
1260 1343 1444 1396 omnia
1489 1351 1736 1398 aromata
1767 1342 1967 1412 quibus
1998 1343 2148 1412 prius

577 1449 676 1488 usa
709 1435 993 1488 videbatur
1024 1434 1187 1505 longe
1225 1433 1486 1489 inferiora
1519 1435 1630 1491 sint
1673 1435 1742 1489 ad
1787 1435 2148 1503 comparatio-

575 1539 698 1577 nem
733 1524 1021 1578 suavitatis
1049 1523 1172 1577 novi
1207 1524 1368 1594 hujus
1392 1532 1445 1579 et
1465 1525 1702 1579 caelestis
1728 1524 2009 1593 unguenti,
2036 1523 2143 1577 ait:

578 1612 726 1666 Odor
758 1626 1141 1682 unguentorum
1173 1627 1380 1668 tuorum
1408 1630 1564 1684 super
1591 1615 1769 1667 omnia
1794 1623 2054 1667 aromata.
2081 1613 2147 1666 Et

576 1705 838 1772 quoniam
868 1704 1120 1759 Christus
1149 1705 1288 1758 idem
1320 1719 1578 1775 sponsus,
1609 1712 1770 1774 atque
1797 1705 1936 1758 idem
1967 1704 2145 1774 ponti-

578 1763 667 1853 fex
701 1798 940 1852 dicitur:
979 1797 1218 1866 pontifex
1257 1763 1475 1868 quidem
1509 1763 1808 1854 secundum
1855 1763 2142 1867 hoc.un
2175 1763 2215 1818 Β

578 1889 846 1942 mediator
873 1898 957 1944 est
996 1887 1090 1942 Dei
1125 1897 1181 1942 et
1228 1888 1508 1942 hominum
1537 1887 1822 1957 omnisque
1861 1896 2142 1951 creaturae,

570 1989 670 2042 pro
699 1989 807 2042 qua
847 1981 902 2028 et
942 1973 1256 2043 propitiatio
1305 1974 1481 2030 factus
1515 1985 1600 2030 est
1633 1977 1981 2046 semetipsum
2015 1974 2146 2030 olfe-

570 2079 698 2118 rens
731 2063 962 2118 hostiam
1000 2079 1098 2133 pro
1133 2073 1357 2133 peccato
1390 2065 1608 2125 mundi;
1644 2081 1876 2135 sponsus
1902 2082 2030 2121 vero
2059 2081 2145 2119 se-

563 2153 805 2206 cundum
854 2157 958 2208 hoc
999 2154 1142 2223 quod
1190 2153 1447 2210 Ecclesia:
1479 2155 1727 2225 jungitur
1767 2171 1875 2210 non
1924 2157 2141 2212 habenti

561 2244 863 2304 maculam,
885 2252 981 2298 aut
1012 2259 1224 2314 rugam,
1261 2253 1353 2298 aut
1379 2244 1578 2311 aliquid
1607 2245 1830 2309 horum;
1861 2245 2142 2300 considera

563 2349 637 2388 ne
673 2334 812 2388 forte
835 2344 1170 2404 unguentum
1205 2335 1335 2388 illud
1368 2333 1674 2402 pontificale
1701 2335 1843 2402 quod
1876 2335 1928 2388 in
1958 2333 2142 2391 Exodo

562 2425 818 2494 componi
849 2423 1070 2490 iubetur
1088 2433 1205 2479 arte
1242 2425 1579 2494 pigmentarii
1606 2425 1670 2490 “,
1699 2425 1856 2479 istius
1882 2427 2140 2493 unguenti

566 2516 714 2586 quod
762 2532 908 2572 nunc
958 2517 1182 2571 odorata
1226 2530 1423 2585 Sponsa
1457 2517 1708 2580 miratur,
1755 2525 1936 2571 teneat
1980 2519 2143 2571 ratio-

567 2624 712 2674 nem,
745 2615 798 2661 et
827 2607 1016 2662 videns
1058 2607 1207 2677 quod
1250 2607 1341 2660 illa
1389 2606 1604 2674 quidem
1653 2617 1896 2662 aromata
1944 2609 2142 2677 quibus

564 2698 926 2768 compositum
958 2705 1294 2766 unguentum
1336 2697 1640 2763 videbatur,
1677 2714 1786 2768 quo
1816 2697 1998 2752 Aaron
2041 2716 2143 2754 un-

562 2798 686 2843 ctus
717 2798 821 2853 est,
853 2788 1114 2856 quoniam
1142 2795 1300 2841 erant
1339 2796 1551 2842 terrena
1591 2797 1645 2843 et
1685 2788 1923 2844 materia
1949 2804 2142 2860 corpo-

571 2880 728 2947 ralis,
765 2880 870 2934 hoc
900 2887 1080 2934 autem
1112 2887 1468 2948 unguentum,
1494 2895 1602 2949 quo
1642 2897 1789 2936 nunc
1814 2892 2034 2937 unctum
2060 2883 2145 2936 vi-

565 2971 647 3025 dit
673 2985 953 3039 sponsum,
983 2971 1263 3040 spirituale
1305 2981 1388 3027 est
1434 2980 1489 3026 et
1535 2973 1783 3039 caeleste,
1830 2973 2032 3029 idcirco
2060 2975 2145 3030 di-

2253 526 2592 595 purilicatam
2627 529 2845 585 lavacro
2870 545 3028 600 aquae
3055 531 3461 587 immaculatam
3513 531 3660 600 fecit,
3712 551 3821 588 non

2245 617 2541 673 habentem
2573 620 2863 686 maculam,
2892 632 2986 677 aut
3024 637 3238 692 rugam,
3270 632 3364 679 aut
3391 623 3596 691 aliquid
3633 624 3821 693 hujus-

2252 712 2420 767 modi.
2473 711 2580 768 Sed
2609 723 2664 770 et
2694 715 2940 772 calamus
2979 718 3297 782 assumitur,
3330 717 3458 788 quia
3491 718 3671 787 lingua
3703 721 3822 788 ejus

2250 805 2412 858 etiam
2456 815 2540 862 est
2569 809 2813 866 calamus
2857 809 3054 865 scribae
3094 809 3352 865 velociter
3385 811 3694 876 scribentis,
3722 813 3807 867 do-

2249 895 2440 951 ctrinae
2497 899 2726 967 gratiam
2794 899 3086 969 pigmentis
3147 899 3442 969 designans
3510 901 3816 960 suavitatis.

2254 986 2444 1057 Ἶρεως
2483 1003 2702 1060 quoque
2740 991 2950 1061 species
2982 990 3093 1061 (52)
3133 989 3420 1046 adhibetur
3462 991 3816 1056 calidissima,

2251 1083 2311 1128 ut
2337 1074 2529 1142 fertur,
2551 1087 2604 1133 et
2621 1080 3003 1136 ardentissima
3030 1098 3044 1134 :
3069 1081 3124 1135 in
3147 1094 3257 1150 qua
3276 1081 3366 1142 vel,
3385 1079 3620 1150 Spiritus
3643 1085 3814 1136 sancti

2249 1165 2450 1232 fervor,
2477 1169 2562 1222 vel
2585 1167 2756 1225 futuri
2785 1185 2882 1241 per
2908 1171 3085 1241 ignem
3116 1170 3311 1241 judicii
3349 1172 3656 1227 ostenditur
3699 1172 3814 1226 for-

2249 1271 2358 1311 ma.
2388 1256 2660 1316 Numerus
2691 1275 2818 1315 vero
2844 1263 3285 1332 quingentorum,
3328 1263 3414 1318 vel
3457 1264 3812 1318 ducentorum

2249 1347 2640 1417 quinquaginta
2691 1351 2969 1418 siclorum,
3013 1352 3100 1406 vel
3125 1352 3366 1421 quinque
3399 1367 3657 1408 sensuum
3701 1353 3810 1422 ('55)

2249 1437 2303 1491 in
2333 1453 2398 1492 eo
2444 1439 2763 1509 mysterium
2812 1449 2958 1494 tenet
3006 1441 3378 1510 centupliciter
3426 1441 3811 1510 perfectorum,

2249 1528 2331 1580 vel
2364 1528 2734 1584 remissionem
2766 1538 3108 1598 peccatorum
3139 1546 3235 1600 per
3262 1546 3388 1586 eum
3419 1529 3599 1584 datam
3641 1534 3810 1602 signi-

2247 1616 2374 1671 licat
2401 1618 2900 1688 quinquagenarius
2945 1620 3174 1676 venialis
3211 1620 3622 1690 quintupliciter
3663 1623 3816 1690 posi-

2252 1718 2356 1762 tus.
2391 1708 2494 1763 Sed
2521 1710 2634 1764 haec
2662 1712 2846 1765 omnia
2868 1711 2987 1766 oleo
3016 1727 3153 1783 puro
3180 1713 3526 1783 colliguntur,
3551 1728 3645 1782 per
3666 1715 3813 1783 quod

2245 1797 2569 1862 ostenditur,
2603 1799 2685 1853 vel
2721 1800 3111 1855 misericordiae
3134 1801 3305 1857 solius
3339 1802 3452 1872 (54)
3478 1817 3645 1857 causa
3677 1802 3816 1857 fuis-

2243 1902 2323 1952 se,
2352 1888 2494 1957 quod
2529 1888 2575 1944 is
2606 1889 2698 1957 qui
2747 1897 2866 1943 erat
2915 1890 2970 1944 in
3027 1889 3203 1944 forma
3249 1889 3345 1945 Dei
3399 1889 3629 1946 formam
3669 1893 3808 1946 servi

2243 1980 2560 2049 susceperit,
2610 1979 2693 2032 vel
2735 1994 2801 2034 ea
2847 1994 2968 2049 qua;
3005 1994 3072 2034 ex
3109 1980 3377 2035 materiali
3419 1981 3720 2036 substantia
3755 1983 3810 2036 in

2241 2070 2458 2124 Christo
2509 2068 2723 2124 fuerant
2767 2079 3078 2139 assumpta,
3119 2085 3214 2140 per
3252 2069 3512 2140 Spiritum
3561 2081 3807 2126 sanctum

2241 2159 2460 2214 redacta
2506 2158 2562 2212 in
2611 2173 2779 2213 unum
2824 2156 3014 2221 fuisse,
3056 2167 3218 2228 atque
3267 2157 3322 2212 in
3366 2175 3531 2214 unam
3575 2161 3808 2228 speciem

2241 2265 2362 2318 quae
2383 2259 2466 2304 est
2495 2263 2723 2318 persona
2745 2249 3061 2306 mediatoris
3082 2249 3290 2304 effecta.
3319 2247 3455 2304 Illud
3477 2265 3605 2320 ergo
3631 2251 3809 2304 oleum

2241 2337 2524 2391 materiale
2556 2335 2704 2391 nullo
2732 2351 2928 2408 genere
2959 2339 3138 2391 oleum
3177 2337 3378 2392 laetitia:
3418 2338 3678 2406 appellari
3717 2355 3810 2408 po-

2243 2422 2363 2476 tuit.
2390 2422 2538 2477 lstud
2565 2430 2746 2477 autem
2767 2423 2967 2486 oleum,
3011 2424 3064 2478 id
3112 2432 3194 2478 est
3227 2423 3461 2492 Spiritus
3503 2426 3675 2479 sancti
3700 2442 3808 2480 un-

2243 2521 2528 2583 guentttm,
2565 2527 2674 2580 quo
2698 2521 2895 2567 unctus
2946 2521 3030 2567 est
3057 2511 3332 2579 Christus,
3372 2521 3428 2567 et
3479 2513 3637 2582 cujus
3665 2530 3810 2570 nunc

2241 2606 2467 2658 odorem
2503 2605 2806 2673 percipiens
2855 2620 3053 2675 sponsa
3089 2605 3351 2661 admirata
3379 2616 3483 2674 est,
3510 2608 3686 2663 oleum
3714 2608 3809 2662 la:-

2241 2695 2397 2757 titiaa,
2441 2695 2567 2763 quia
2623 2693 2834 2752 fructus
2867 2695 3091 2765 spiritus
3119 2694 3222 2766 41
3253 2697 3508 2766 gaudium
3555 2707 3658 2763 est,
3694 2714 3809 2755 me-

2244 2787 2352 2842 rito
2386 2788 2728 2858 appellatur:
2787 2802 2896 2857 quo
2929 2787 3071 2842 Deus
3116 2789 3273 2844 unxit
3295 2805 3442 2855 eum,
3502 2791 3594 2860 qui
3622 2791 3808 2846 dilexit

2237 2878 2509 2948 justitiam
2565 2887 2619 2933 et
2665 2879 2792 2933 odio
2849 2878 3034 2932 habuit
3097 2879 3459 2948 iniquitatem.
3513 2881 3806 2952 Propterea

2244 2971 2392 3024 enim
2419 2971 2618 3025 dicitur
2647 2988 2660 3025 :
2709 2970 2868 3026 Unxit
2904 2986 3027 3026 eum
3068 2969 3323 3025 Dominus
3352 2972 3489 3027 Deus
3515 2989 3649 3029 suus
3695 2976 3807 3029 oleo

558 3072 652 3117 cat
691 3080 705 3116 :
747 3061 887 3127 Quia
935 3063 1067 3116 odor
1104 3072 1486 3134 unguentorum
1527 3075 1735 3118 tuarum
1765 3081 1919 3134 super
1963 3068 2140 3119 omnia
2167 3088 2209 3144 ο
2243 3061 2447 3117 laztitia:
2469 3078 2580 3132 pra:
2619 3063 2962 3132 participibus
3000 3064 3114 3119 suis
3172 3066 3235 3119 ³⁷.
3283 3063 3346 3118 Et
3398 3065 3517 3120 ideo
3542 3065 3676 3118 odor
3702 3081 3806 3118 un-

559 3164 834 3213 ,aromata.
862 3152 1156 3212 Videamus
1182 3172 1310 3226 ergo
1344 3157 1621 3227 quomodo
1661 3159 2021 3228 compositum
2068 3161 2138 3215 sit

558 3246 693 3307 illud
734 3255 1109 3317 unguentum:
1143 3246 1213 3301 Et
1247 3249 1453 3304 locutus
1495 3259 1570 3304 est
1614 3248 1887 3316 Dominus,
1934 3251 2134 3321 inqttit,

557 3339 632 3389 ad
656 3335 888 3405 Mosyem
917 3336 1093 3390 dicens
1119 3352 1140 3392 :
1169 3339 1358 3408 Accipe
1385 3340 1478 3393 tibi
1505 3341 1690 3410 ﬂorem
1712 3340 1938 3410 myrrha
1963 3340 2138 3396 electa

561 3429 870 3500 quingentos
916 3427 1107 3491 siclos,
1157 3439 1206 3484 et
1237 3433 1626 3486 cinnamomum
1687 3449 1844 3486 suave
1889 3439 2136 3486 ducentos

561 3516 948 3587 quinquaginta
998 3518 1175 3584 siclos,
1223 3529 1273 3574 et
1318 3520 1581 3574 calamum
1629 3539 1840 3576 suavem
1889 3524 2136 3578 ducentos

557 3608 949 3678 quinquaginta
977 3607 1156 3673 siclos,
1184 3620 1232 3664 et
1261 3614 1420 3667 casia:
1447 3613 1751 3684 quingentos
1777 3614 1932 3668 siclos
1955 3631 2138 3669 secun-

558 3698 693 3751 dum
724 3698 913 3753 siclum
945 3710 1211 3766 sanctum,
1244 3710 1294 3755 et
1327 3701 1498 3755 oleum
1523 3718 1588 3756 ex
1616 3703 1765 3758 olivis
1803 3703 1932 3766 Hin,
1966 3715 2016 3758 et
2047 3706 2128 3774 Ῑαο

558 3790 664 3843 cies
694 3789 830 3845 illud
871 3793 1042 3847 oleum
1083 3794 1388 3846 chrismatis
1434 3795 1608 3847 sancti
1657 3807 1976 3865 unguentum
2023 3805 2137 3850 arte

560 3883 899 3948 pigmentarii
929 3886 992 3940 ι’.
1039 3884 1166 3940 Haec
1213 3894 1393 3939 autem
1439 3883 1493 3937 in
1539 3884 1654 3954 lege
1685 3885 1902 3954 quidem
1949 3886 2137 3941 referri

561 3974 804 4030 audierat
837 3991 1059 4045 sponsa,
1097 3978 1190 4032 sed
1225 3977 1492 4031 rationem
1520 3991 1712 4030 eorum
1746 3979 2140 4047 veritatemque

560 4079 708 4119 nunc
739 4066 1010 4136 perspicit.
1048 4067 1180 4120 Vide
1212 4083 1340 4137 ergo
1365 4068 1507 4137 quod
1534 4068 1649 4123 ista:
1672 4077 1904 4138 quatuor
1929 4069 2138 4138 species

561 4157 820 4227 unguenti
889 4159 1081 4225 istius,
1144 4157 1373 4213 formam
1431 4160 1683 4215 tenebant
1747 4160 2138 4218 incarnationis

565 4248 720 4305 Verbi
758 4250 872 4316 Dei,
907 4253 1050 4323 quod
1093 4269 1158 4307 ex
1197 4265 1430 4322 quatuor
1470 4253 1750 4308 elementis
1789 4253 2138 4324 compagina-

557 4349 672 4398 tum
703 4357 902 4410 corpus
929 4345 1260 4410 assumpsit,
1308 4345 1360 4397 in
1391 4359 1501 4412 quo
1529 4358 1758 4411 corpore
1793 4345 2012 4415 myrrha
2046 4345 2134 4399 illa

2242 3163 2563 3222 guentorum
2600 3157 2720 3222 ejus
2745 3163 2830 3208 est
2858 3169 3018 3223 super
3069 3155 3251 3209 omnia
3309 3166 3573 3210 aromata.
3629 3155 3801 3210 Simili

2238 3256 2419 3300 autem
2452 3246 2794 3316 expositione
2836 3246 3062 3311 utimur,
3112 3246 3323 3301 etiamsi
3352 3247 3419 3300 ad
3445 3261 3806 3316 unamquam-

2237 3350 2344 3404 que
2371 3335 2609 3389 animam
2663 3334 2717 3388 in
2749 3348 2934 3388 amore
2958 3344 3011 3388 et
3051 3333 3320 3389 desiderio
3353 3333 3511 3389 Verbi
3543 3333 3635 3389 Dei
3664 3337 3808 3405 posi-

2237 3434 2348 3480 tam
2377 3425 2734 3482 transferatur
2765 3425 2855 3480 hic
2898 3409 3097 3488 sermo,
3140 3425 3228 3480 cui
3267 3423 3466 3481 fuerint
3494 3442 3682 3482 omnes
3710 3428 3809 3482 do-

2239 3518 2428 3573 ctrinae
2455 3533 2552 3587 per
2570 3517 2813 3572 ordinem
2835 3515 3095 3578 decursa,
3119 3515 3172 3569 in
3202 3515 3401 3585 quibus
3431 3525 3555 3570 ante
3576 3517 3808 3586 agnitio-

2237 3623 2360 3663 nem
2394 3606 2557 3662 Verbi
2615 3605 2710 3662 Dei
2758 3607 3053 3661 exercitata
3089 3606 3300 3661 videtur
3329 3613 3384 3660 et
3425 3607 3658 3672 erudita,
3694 3607 3808 3662 sive

2235 3713 2304 3753 ex
2360 3697 2658 3753 moralibus
2711 3695 3133 3760 descendentes,
3187 3695 3300 3750 sive
3349 3710 3415 3749 ex
3469 3698 3808 3753 naturalibus

2237 3787 2461 3843 scholis.
2486 3785 2654 3841 Erant
2682 3786 2825 3841 enim
2858 3785 2909 3840 ei
2935 3785 3120 3840 omnia
3153 3785 3256 3840 ista
3289 3795 3537 3840 aromata
3557 3787 3804 3854 quaedam

2240 3893 2339 3948 pro
2368 3893 2435 3933 eo
2463 3877 2610 3947 quod
2644 3877 2697 3931 in
2734 3876 2819 3931 his
2847 3876 3113 3931 institutio
3155 3876 3468 3944 probabilis,
3498 3885 3552 3932 et
3591 3894 3804 3932 morum

2238 3969 2583 4038 conquiritur
2605 3966 2932 4032 emendatio,
2975 3967 3118 4036 quod
3167 3966 3587 4037 deprehenditur
3615 3969 3668 4022 in
3721 3969 3807 4025 his

2238 4061 2455 4116 vanitas
2491 4059 2696 4126 saiculi,
2750 4067 2804 4114 et
2851 4057 3179 4113 caducarum
3239 4074 3420 4114 rerum
3476 4065 3806 4130 respuuntur

2240 4153 2377 4208 falsa
2403 4151 2688 4207 miracula.
2715 4149 2885 4205 Erant
2910 4164 3038 4220 ergo
3075 4150 3126 4204 ei
3160 4150 3274 4205 haec
3297 4150 3479 4205 omnia
3513 4153 3659 4206 velut
3684 4168 3807 4207 aro—

2241 4256 2385 4300 mata
2407 4253 2462 4300 et
2490 4245 2840 4299 odoramenta
2861 4244 3105 4311 quaedam
3153 4241 3348 4296 animae
3379 4242 3672 4311 pigmenta.
3701 4242 3805 4298 Sed

2239 4337 2330 4392 ubi
2383 4337 2450 4391 ad
2520 4335 2852 4406 agnitionem
2920 4332 3300 4402 mysteriorum
3372 4340 3427 4385 et
3499 4332 3802 4387 divinorum

559 4431 752 4484 mortis
785 4431 924 4499 ejus,
956 4447 1118 4499 quam
1148 4433 1259 4484 sive
1289 4441 1346 4484 ιιι
1376 4433 1617 4499 pontifex
1651 4447 1748 4501 pro
1779 4435 2000 4500 populo,
2026 4433 2139 4488 sive
2169 4431 2216 4488 D
2243 4428 2558 4496 dogmalllm
2590 4425 2870 4480 SCienliam
2904 4434 3120 4478 νειιῑιιιη
3145 4430 3247 4490 εει,
3277 4421 3366 4476 libi
3395 4423 3462 4477 ad
3491 4422 3686 4492 ianuas
3715 4439 3805 4478 sa-

559 4531 618 4574 ttt
663 4536 896 4592 sponsus
949 4537 1046 4591 pro
1101 4536 1304 4590 sponsa
1358 4523 1618 4590 suscepit,
1674 4531 1856 4578 servat
1910 4521 2131 4578 indicia.

555 4612 711 4678 Quod
745 4629 872 4668 vero
914 4629 1023 4668 non
1062 4611 1383 4680 simpliciter
1412 4614 1664 4683 myrrha,
1715 4613 1808 4669 sed
1857 4613 1959 4669 ﬂos
2004 4614 2133 4668 mir-

557 4704 690 4766 rhae,
711 4713 766 4758 et
784 4705 1019 4773 myrrhae
1041 4706 1224 4760 electae
1247 4705 1507 4774 scriptum
1528 4713 1628 4769 est,
1650 4720 1758 4760 tton
1781 4706 1954 4759 solum
1985 4720 2132 4759 mor-

555 4804 662 4851 tem
713 4794 863 4863 ejus,
906 4797 997 4849 sed
1045 4805 1098 4849 et
1146 4793 1566 4867 primogenitum
1611 4811 1736 4850 eum
1785 4794 2027 4850 futurum
2067 4811 2134 4851 ex

555 4886 790 4944 mortuis
826 4885 1123 4952 indicabat,
1167 4895 1332 4954 atque
1360 4901 1453 4940 eos
1480 4885 1574 4956 qui
1609 4886 1962 4954 complantati
1997 4885 2131 4940 fuis-

550 4985 675 5031 sent
712 4975 1067 5031 similitudine
1100 4977 1294 5030 mortis
1319 4975 1460 5045 ejus,
1519 4990 1625 5030 non
1673 4976 1847 5030 solum
1889 4984 2130 5040 vocatos,

551 5068 648 5124 sed
701 5068 904 5124 electos
951 5067 1182 5124 futuros.
1218 5066 1600 5123 (linatnomum
1637 5083 1765 5124 vero
1810 5068 2132 5124 immacula—

2239 4517 2454 4588 pientia:
2482 4515 2674 4585 ipsius,
2703 4523 2758 4569 et
2804 4516 3084 4583 sapientia:
3113 4532 3221 4571 non
3273 4514 3435 4584 hujus
3468 4513 3678 4577 mundi,
3707 4529 3804 4568 ne-

2237 4624 2344 4680 que
2366 4608 2669 4679 principum
2697 4607 2861 4678 hujus
2881 4609 3067 4663 mundi
3093 4609 3188 4677 qui
3231 4609 3588 4670 destruuntur
3619 4619 3805 4659 acces-

2239 4715 2360 4757 sum
2388 4707 2493 4765 est,
2523 4699 2618 4754 sed
2643 4699 2710 4752 ad
2736 4699 2907 4769 ipsam
2963 4697 3057 4752 Dei
3111 4696 3452 4768 sapientiam,
3501 4712 3623 4766 qua:
3669 4696 3806 4750 inter

2239 4792 2506 4863 perfectos
2534 4791 2846 4856 disseritur,
2869 4799 2922 4845 et
2946 4790 3038 4844 ubi
3073 4789 3391 4859 mysterium
3422 4789 3567 4857 quod
3611 4787 3808 4858 priori-

2238 4889 2342 4941 bus
2371 4885 2810 4956 generationibus
2842 4897 2950 4938 non
2992 4880 3094 4935 fuit
3133 4893 3345 4945 notum,
3377 4880 3500 4935 filiis
3523 4880 3804 4934 hominum

2237 4980 2531 5035 revelatum
2557 4989 2671 5042 est;
2701 4977 2816 5044 ubi,
2836 4977 3080 5047 inquam,
3113 4977 3293 5030 anima
3321 4975 3388 5028 ad
3411 4972 3546 5027 tanti
3578 4972 3808 5042 agnitio-

2239 5087 2362 5127 nem
2399 5070 2645 5126 ascendit
2670 5069 2878 5132 arcani,
2936 5067 3128 5122 merito
3155 5066 3322 5122 dicit:
3357 5063 3502 5120 Odor
3522 5072 3808 5132 unguento-

621 5230 664 5261 "
701 5228 818 5283 Gal.
845 5244 919 5291 tv,
948 5227 1002 5281 2.
1080 5229 1124 5262 ”
1148 5228 1266 5284 Gal.
1327 5245 1408 5292 ιιι,
1436 5229 1528 5283 24.
1605 5230 1649 5262 ’⁸
1688 5229 1856 5286 Exod.
1904 5249 2033 5287 xxx.
2110 5237 2154 5267 ⁸⁸
2190 5234 2294 5288 Exo

1904 5249 2033 5287 xxx.
2110 5237 2154 5267 ⁸⁸
2190 5233 2360 5288 Exod.
2396 5249 2522 5295 xxx,
2550 5231 2641 5290 ‘22,
2671 5230 2764 5293 25,
2790 5228 2879 5293 24,
2914 5227 3008 5282 ‘25.
3086 5227 3126 5258 ⁸⁷
3149 5224 3293 5280 Psal.
3325 5240 3445 5290 va,
3482 5222 3531 5276 7.

623 5415 736 5484 (39.)
779 5415 872 5493 Sic
896 5415 1100 5493 habent
1129 5433 1291 5493 mss._;_
1319 5419 1443 5493 libri
1474 5436 1602 5476 vero
1633 5421 1761 5476 editi
1782 5441 1794 5476 :
1815 5421 1879 5476 In
1909 5423 1982 5475 eis
2005 5440 2128 5493 quo-

547 5501 650 5559 que
695 5487 889 5559 species
937 5487 1148 5559 adhibet
1188 5487 1565 5554 calidissimas,
1615 5504 1670 5546 ut
1719 5487 2026 5559 referantur
2059 5495 2128 5547 ad

552 5553 966 5626 ardentissima:
991 5557 1048 5608 in
1074 5573 1177 5626 qua
1211 5574 1264 5610 re
1299 5559 1375 5611 vel
1401 5553 1631 5626 Spiritus
1665 5553 1857 5625 sancti,
1891 5574 1994 5615 etc.

625 5623 737 5686 (55)
791 5624 877 5694 γει
906 5623 1132 5694 quinque
1167 5623 1449 5681 sensunm.v
1484 5630 1575 5683 Sic
1631 5623 1850 5684 habent
1872 5649 2042 5687 mss.:
2079 5633 2130 5685 in

556 5692 838 5761 impressis
865 5709 991 5748 vero
1027 5692 1155 5752 illud
1181 5698 1448 5752 omissum
1474 5710 1578 5762 est,
1610 5708 1663 5756 ct
1703 5703 1861 5763 paulo
1901 5712 2021 5761 post
2056 5702 2132 5755 le-

2235 5424 2398 5493 gitur,
2446 5432 2501 5474 ut
2551 5421 2908 5475 remissionem
2961 5428 3290 5493 peccatorum
3334 5429 3430 5493 per
3470 5426 3587 5491 eum
3624 5410 3808 5493 datam

2233 5479 2513 5560 signiﬁcet.
2550 5479 3044 5559 Qninquagenarius
3089 5487 3228 5538 enim
3259 5481 3510 5551 jubilwus
3535 5481 3585 5533 in
3617 5479 3696 5532 his
3730 5487 3806 5531 cst

2235 5561 2634 5632 quiutupltﬂiler
2660 5561 2912 5632 Ροδίίτιδςη
2971 5625 2979 5632 ,

2311 5620 2432 5696 (δυ’
2465 5631 2616 5695 Μδδ.,
2643 5620 2828 5693 solius,
2859 5625 2982 5680 libri
3009 5622 3164 5687 editi,
3190 5622 3264 5676 vel
3294 5620 3505 5674 solum.
